3948 6314
429 368 523 427 CM

921 363 1311 419 WALAFRIDI
1348 354 1595 417 STRAilI
1629 357 1832 415 FULD.
1876 352 2041 411 ΜΟΝ.
2082 352 2233 410 ΟΡΡ.
2278 350 2454 407 PARS
2495 351 2533 405 I.
2574 381 2644 391 ——
2682 350 3140 406 TIIEOLOGICA.

3588 347 3695 406 692

431 485 728 553 Scripturis
779 476 1078 542 attendere,
1130 476 1225 530 sed
1264 475 1440 544 potius
1481 458 1549 528 ad
1588 485 1804 527 sensum
1856 484 2005 526 erro-
2034 468 2086 530 Α
2110 472 2166 518 et
2196 472 2319 519 cum
2354 465 2469 519 loca
2500 463 2732 521 incendii
2756 463 3098 553 postmodum
3126 461 3322 516 Μονιυί
3348 451 3516 515 maris
3538 464 3692 520 undis

432 591 591 637 neum
621 575 720 628 has
742 569 880 624 male
908 566 1311 636 interpretando
1334 563 1631 619 transferre
1659 562 2002 616 studuerunt.

505 666 608 724 Sed
632 646 981 735 speculatores
1004 658 1168 729 facti,
1198 666 1303 712 etc.
1345 655 1769 725 Transtiguratio
1796 653 2006 709 Domini

433 768 490 815 et
525 754 743 814 claritas
782 750 900 819 ejus
954 749 1168 820 signum
1204 754 1325 802 erat
1368 743 1782 801 resurrectionis
1820 757 1932 797 suae
1955 750 2011 796 et

434 856 653 904 nostm.
689 843 794 898 Per
820 840 991 896 Etiam
1018 838 1109 908 qui
1141 852 1263 893 cum
1293 851 1359 891 eo
1388 836 1664 907 apparuit,
1695 833 2012 902 intelligitur

436 934 763 994 resurrectio
793 945 982 987 eorum
1009 929 1101 999 qui
1125 926 1341 983 fuerunt
1368 935 1492 981 ante
1518 926 1709 996 legem.
1742 925 1847 980 Per
1873 924 2013 996 Moy-

436 1043 552 1091 sen,
581 1039 767 1080 eorum
806 1022 896 1091 qui
938 1021 1037 1076 sub
1076 1018 1223 1089 lege;
1256 1031 1353 1089 per
1377 1016 1615 1081 Petrum,
1647 1024 1701 1071 et
1729 1014 2009 1081 Iacobum,

436 1124 489 1170 et
524 1113 807 1178 Joannem,
839 1125 1027 1166 eorum
1055 1109 1148 1179 qui
1177 1107 1277 1164 sub
1302 1108 1496 1180 gratia.
1532 1104 1643 1173 Vel,
1675 1122 1772 1177 per
1796 1094 2013 1177 Moysen

439 1188 711 1258 mortuum
741 1208 1100 1263 mortuorum,
1130 1212 1229 1268 per
1255 1197 1406 1252 vivos
1433 1196 1697 1253 vivorum.

508 1291 687 1347 Vens;
717 1291 805 1347 19.
839 1321 910 1332 --
950 1289 1017 1343 Et
1067 1290 1314 1345 habemus
1358 1288 1665 1357 ﬁrmiorem.
1713 1287 1864 1355 Quod
1903 1286 2015 1342 dixi

440 1384 615 1443 vobis.
663 1384 769 1437 non
796 1390 881 1438 est
912 1380 1249 1444 fabulosum,
1283 1380 1378 1435 sed
1405 1387 1631 1444 certum,
1675 1387 1730 1433 et
1758 1393 1862 1433 non
1894 1387 2015 1433 tan-

445 1485 555 1529 tum
583 1475 668 1529 his
701 1473 872 1544 signis
907 1472 1271 1537 declaratum,
1307 1470 1400 1526 sed
1430 1470 1593 1527 etiam
1631 1469 1698 1524 ad
1725 1468 2016 1524 conﬁrma-

397 1639 400 1642 .
443 1566 648 1620 tionem
684 1574 885 1620 nostra:
919 1563 1317 1637 pmdicationis
1350 1563 1613 1619 habemus
1646 1562 2019 1633 propheticum

447 1672 750 1713 sermonem
770 1656 941 1712 David
971 1671 986 1710 :
1020 1654 1277 1710 Dominus
1307 1655 1438 1711 dixit
1461 1654 1530 1709 ad
1556 1671 1656 1719 me,
1681 1651 1855 1708 Filius
1876 1670 2019 1708 meus

445 1765 497 1803 es
527 1758 583 1802 tu
610 1744 780 1819 (Psal.
809 1745 894 1820 ιι),
922 1755 1050 1811 etc.,
1076 1746 1366 1803 ﬁrmiorem
1391 1746 1532 1805 inter
1550 1745 1684 1800 alios
1706 1744 2016 1816 prophetas,

447 1838 572 1909 quia
598 1838 797 1894 clarius
827 1837 945 1892 aliis
966 1837 1032 1893 de
1069 1836 1283 1893 Christo
1309 1836 1667 1907 prophetarit.

517 1928 614 1984 Cui
648 1928 948 1998 benefacitis
987 1927 1328 1985 attendentes.
1357 1926 1570 1998 (ΒευΑ.)
1609 1925 1679 1982 Ut
1702 1925 1876 1980 lucem
1896 1939 2023 2001 pos-

448 2021 567 2077 sitis
599 2020 800 2075 habere
835 2018 1100 2083 scientiae,
1128 2026 1256 2082 etc.,
1286 2033 1448 2088 usque
1473 2017 1541 2070 ad
1570 2017 1637 2072 ad
1662 2014 2023 2091 comparatio-

449 2128 571 2168 nem
604 2110 797 2165 futura:
823 2110 949 2163 vita:
974 2092 1192 2164 lucerna
1221 2107 1540 2178 indigemus.

521 2200 685 2255 Vens.
722 2200 813 2254 20.
852 2229 923 2240 ——
954 2197 1069 2255 Hoc
1098 2214 1326 2269 primum
1363 2190 1725 2266 intelligentes.
1754 2192 2027 2248 Attendite

450 2292 763 2363 prophetico
811 2289 1068 2355 sermoni,
1112 2304 1237 2343 nam
1289 2304 1319 2343 a
1362 2289 1472 2343 Deo
1497 2294 1598 2343 est.
1652 2285 1803 2354 Quod
1851 2294 2029 2355 potest

428 2385 666 2457 ’probari
717 2399 815 2456 per
858 2383 981 2448 hoc,
1023 2382 1165 2452 quod
1205 2380 1488 2451 prophetia
1530 2394 1637 2434 non
1690 2386 1773 2434 est
1831 2377 2027 2432 talibus

450 2479 631 2534 verbis
668 2487 723 2531 et
766 2476 856 2531 tali
898 2476 1054 2531 modo
1094 2473 1379 2529 locutionis
1413 2473 1637 2544 scripta,
1676 2470 1822 2542 quali
1862 2480 2025 2524 utun—

453 2580 541 2624 tur
592 2568 840 2624 homines
898 2567 953 2621 in
1003 2566 1272 2621 locutione
1307 2580 1421 2628 sua,
1472 2572 1528 2620 et
1561 2563 1704 2634 quali
1741 2562 2027 2619 saeculares

451 2661 733 2730 scripturae
773 2667 896 2713 sunt
921 2657 1231 2728 compositae
1274 2664 1331 2712 et
1368 2657 1752 2726 interpretatm.
1788 2653 1855 2711 Et
1902 2667 2028 2707 vere

451 2769 556 2808 nou
602 2760 684 2807 est
724 2751 924 2807 locutio
957 2752 1346 2821 prophetarum
1376 2748 1667 2805 secundum
1717 2760 1904 2809 suam,
1943 2744 2029 2799 vel

449 2843 780 2897 audientium
822 2841 1174 2906 voluntatem,
1216 2839 1311 2894 sed
1364 2837 1657 2893 secundum
1694 2835 2024 2893 voluntatem

454 2934 689 3006 Spirittis
730 2932 902 2986 sancti
932 2925 1023 3000 qui
1064 2930 1380 2999 loquebatur
1407 2929 1458 2983 in
1493 2927 1614 2981 illis.

520 3026 682 3080 Vens.
706 3024 769 3078 21
781 3054 870 3077 .—-—
884 3023 1008 3077 Non
1023 3023 1157 3077 enim
1171 3021 1433 3075 voluntate
1445 3018 1695 3072 humana.
1712 3016 1925 3087 (Dente)
1942 3014 2027 3070 Si-

449 3128 541 3174 cut
581 3117 633 3171 in
668 3123 931 3185 potestate
964 3114 1349 3186 prophetarum
1394 3127 1500 3166 non
1534 3117 1653 3164 erat
1693 3124 1907 3177 semper
1932 3108 2028 3162 ha-

2109 555 2405 609 eontexerit
2429 594 2443 619 ,
2469 568 2685 608 servare
2709 553 2887 607 adhuc
2919 552 3088 606 voluit
3122 552 3566 622 circumpositam
3611 570 3696 608 re-

2109 645 2321 717 gionem
2342 646 2533 715 priscae
2552 644 2785 713 speciem
2808 659 3002 713 poenre.
3032 643 3341 699 Nascuntur
3362 643 3509 697 enim
3537 659 3695 713 poma

2109 736 2492 806 pulcherrima,
2517 750 2635 804 quae
2657 743 2711 788 et
2730 735 2920 789 edendi
2950 735 3299 805 cupiditatem
3324 735 3700 804 spectantibus

2111 835 2388 897 generem.
2448 825 2505 881 Si
2555 841 2790 901 carpas,
2838 824 3098 881 fatiscunt
3155 834 3211 883 et
3256 826 3603 881 resolvuntur
3648 827 3702 885 iu

2113 920 2369 986 cinerem,
2414 919 2728 989 fumumque
2768 919 3010 974 excitant
3053 918 3207 988 quasi
3234 919 3411 974 adhuc
3448 920 3701 977 ardeant.

2113 1011 2180 1067 In
2220 1014 2462 1067 cinerem.
2502 1011 2646 1083 Ignis
2673 1011 2765 1082 qui
2800 1010 3110 1067 Sodomitas
3145 1008 3313 1066 semel
3350 1010 3584 1081 punivit,
3630 1012 3703 1066 sic

2115 1104 2336 1176 gniﬁcat
2376 1105 2517 1175 quod
2560 1103 2712 1174 impii
2759 1102 2878 1158 sine
2932 1101 3038 1157 ﬁne
3086 1112 3211 1157 sunt
3259 1102 3499 1170 passuri.
3550 1100 3705 1168 Quod

2116 1205 2260 1252 terra
2305 1194 2711 1268 fumigabunda,
2750 1194 2892 1265 quod
2930 1193 3141 1248 fructus
3170 1192 3520 1262 pulcherrimi
3559 1193 3693 1247 eine

2120 1303 2233 1343 rem
2281 1288 2428 1341 intus
2475 1287 2679 1341 habent
2717 1293 2774 1341 et
2803 1285 3056 1350 fetorem,
3102 1285 3278 1339 innuit
3320 1283 3448 1353 quia
3488 1283 3705 1337 dilectio

2118 1377 2473 1443 carnalis,etsi
2496 1376 2674 1431 stultis
2693 1376 2929 1443 arridet,
2960 1375 3033 1430 nil
3058 1384 3233 1430 tamen
3264 1375 3316 1428 in
3335 1373 3707 1433 invisibilibus

2119 1470 2223 1525 nisi
2254 1469 2559 1524 incendium
2588 1468 2690 1523 sibi
2729 1476 3029 1532 reservant,
3061 1466 3142 1520 vel
3176 1475 3234 1520 ut
3258 1465 3439 1527 fumus
3463 1472 3705 1520 tormen,

2119 1569 2299 1616 torum
2324 1560 2404 1614 eis
2435 1559 2487 1613 in
2512 1557 2708 1614 saecula
2739 1556 3058 1620 seculorum
3089 1555 3365 1611 ascendat.

2191 1652 2357 1708 Vens.
2397 1651 2449 1709 7.
2480 1681 2550 1691 —
2591 1648 2723 1704 Loth
2766 1664 3085 1720 Oppressum.
3132 1647 3348 1719 (Βεω.)
3377 1646 3708 1703 Cruciabant

2119 1743 2323 1814 justum
2356 1739 2539 1808 iniqua
2569 1739 2939 1810 proximorum
2968 1738 3110 1792 facta
3139 1746 3193 1794 et
3227 1739 3369 1794 dicta
3389 1779 3402 1792 .
3433 1754 3559 1801 qum
3593 1753 3705 1792 cer-

2046 1824 2096 1884 Β
2123 1846 2273 1895 nens,
2309 1831 2582 1901 corrigere
2613 1842 2741 1883 non
2788 1829 3019 1893 valebat,
3073 1828 3187 1898 ipse
3236 1837 3420 1883 autem
3452 1829 3508 1882 in
3554 1829 3708 1882 bonis

2124 1924 2336 1979 actibus
2364 1938 2423 1979 se
2457 1922 2792 1981 reservabat.
2820 1920 2928 1978 Nec
2958 1921 3123 1988 visis,
3150 1919 3234 1975 vel
3263 1921 3463 1975 auditis
3494 1920 3710 1991 ﬂagitiis

2125 2028 2184 2070 se
2228 2013 2496 2070 fuscabat.
2548 2011 2756 2066 Dicitur
2792 2013 2917 2066 item
2948 2012 3092 2074 visu,
3137 2011 3223 2066 vel
3260 2011 3447 2065 auditu
3495 2012 3707 2081 justus;

2125 2106 2252 2183 quia
2294 2106 2425 2161 nihil
2461 2106 2514 2160 in
2558 2104 2650 2159 illo
2691 2103 2965 2168 videbant,
3011 2104 3145 2158 nihil
3174 2103 3241 2158 de
3277 2118 3342 2161 eo
3392 2105 3707 2169 audiebant,

2124 2198 2400 2268 nisioquod
2427 2198 2731 2268 pertinebat
2758 2197 2824 2255 ad
2849 2195 3142 2266 justitiam.

2200 2290 2361 2346 Vens.
2391 2291 2444 2347 9.
2474 2322 2544 2331 -
2572 2289 2810 2361 Iniqaos.
2861 2288 3071 2345 Pseudo
3099 2299 3153 2345 et
3190 2280 3401 2346 eorum
3425 2304 3706 2359 sequaces,

2126 2395 2181 2443 et
2210 2388 2330 2442 ideo
2353 2386 2519 2442 nolite
2544 2401 2637 2441 eos
2664 2385 2837 2455 sequi.

2199 2478 2266 2535 In
2294 2478 2651 2548 diemjudicii.
2688 2476 2901 2550 (Βεολ.)
2927 2478 2991 2532 Et
3021 2485 3147 2533 ante
3173 2477 3312 2532 diem
3330 2477 3525 2548 judicii
3551 2477 3705 2532 soluti

2127 2585 2352 2641 corpore
2367 2584 2555 2640 poenas
2572 2570 2803 2634 luunt,et
2820 2570 2872 2624 in
2888 2570 3091 2639 judicio
3106 2570 3352 2640 graviora
3367 2577 3707 2639 exspectant,

2128 2662 2342 2733 quando
2368 2677 2597 2732 corpore
2625 2669 2679 2715 et
2710 2661 2888 2715 anima
2912 2661 3314 2717 cruciabuntur.

2201 2754 2362 2808 Vens.
2402 2754 2486 2807 11.
2525 2783 2595 2791 -
2631 2749 2729 2805 Ubi
2762 2752 2955 2823 angeli.
2994 2751 3069 2806 Ibi
3098 2752 3487 2807 cruciabuntur
3516 2750 3702 2819 iniqui,

2128 2847 2217 2903 ubi
2248 2847 2421 2919 angeli
2446 2846 2594 2910 mali,
2619 2846 2709 2915 qui
2734 2846 2883 2915 prius
2906 2853 3093 2899 contra
3119 2844 3283 2898 Deum
3307 2843 3702 2912 superbierant,

2127 2946 2182 2992 et
2212 2939 2334 2994 inde
2368 2938 2538 3008 puniti
2566 2945 2726 3001 sunt,
2748 2935 2861 3005 jam
2892 2951 2998 2991 non
3022 2944 3259 3007 portant,
3286 2938 3379 2991 sed
3408 2937 3593 3004 potius
3617 2936 3705 2989 ah-

2124 3030 2320 3101 jiciunt
2357 3027 2622 3098 judicium
2674 3027 3015 3098 superbiendi
3062 3036 3247 3082 contra
3294 3027 3465 3082 Deum
3514 3044 3530 3079 :
3568 3025 3705 3094 quod

2130 3129 2213 3175 est
2251 3120 2584 3176 exsecrabile
2616 3120 2874 3174 adversus
2911 3118 3138 3189 seipsos,
3180 3118 3305 3187 quia
3336 3132 3435 3186 pro
3469 3118 3563 3172 illo
3591 3132 3702 3188 gra-

448 3212 576 3265 bere
614 3210 896 3279 spiritum,
939 3222 1152 3280 semper
1188 3207 1366 3261 futura
1413 3204 1706 3275 praedicere
1751 3220 1762 3256 τ
1807 3203 1880 3257 ita
1919 3217 2024 3256 ηοη
2056 3180 2103 3243 C‘
2131 3213 2272 3267 vitcr
2310 3213 2624 3282 puniuntur,
2672 3219 2729 3266 et
2777 3210 2949 3265 territi
2992 3180 3365 3280 magnitudine
3400 3223 3701 3279 pinnarum,

447 3312 566 3358 erat
606 3303 894 3374 potestatis
929 3316 1116 3356 eorum
1149 3309 1205 3354 ut
1237 3312 1568 3369 quaecunque
1597 3296 1816 3360 vellent,
1861 3295 2021 3350 doce-

369 3444 386 3463 ,
451 3402 599 3457 rent,
633 3393 726 3448 sed
751 3406 815 3447 ea
845 3392 958 3447 sola
985 3391 1235 3447 dicebant
1274 3404 1392 3458 quae
1414 3403 1445 3441 a
1477 3386 1667 3457 Spiritu
1703 3386 2020 3441 didicerant.

449 3485 575 3559 Haec
596 3486 714 3540 ideo
740 3486 1016 3549 dicuntur.
1046 3499 1114 3539 ne
1140 3483 1263 3556 quis
1285 3481 1351 3536 ad
1374 3481 1585 3537 libitum
1606 3496 1762 3536 suum
1786 3480 2024 3549 Scriptu-

453 3591 538 3632 ras
567 3584 822 3646 exponat.

1075 3683 1298 3739 CAPUT
1338 3683 1401 3737 II.

523 3836 687 3893 Vens.
731 3838 784 3893 1.
812 3868 895 3907 .—-
933 3836 1305 3891 Perditionem.
1331 3836 1522 3891 Merito
1543 3838 1900 3907 perditionem
1923 3839 2023 3894 sibi

453 3929 729 3994 inducunt,
766 3929 859 3999 qui
904 3928 1317 3997 Redemptorem
1356 3944 1512 3982 suum
1542 3936 1758 3998 negant,
1797 3930 1881 3985 vel
1917 3947 2021 3987 non

454 4020 666 4091 qualem
697 4021 896 4075 veritas
918 4020 1172 4085 ostendit,
1198 4020 1291 4075 sed
1316 4021 1526 4090 qualem
1550 4022 1647 4078 sibi
1675 4023 1773 4093 ipsi
1797 4022 2020 4095 ﬁngunt,

397 4168 403 4173 .
450 4114 762 4184 pradicant.
787 4114 852 4169 Et
874 4122 1157 4185 propterea
1178 4113 1340 4170 alieni
1362 4130 1392 4168 a
1420 4114 1892 4191 [ledemptoremil
1912 4132 2026 4172 cer-

451 4205 556 4260 tius
591 4219 751 4274 quam
779 4203 989 4258 faveam
1019 4212 1352 4274 exspectant.

518 4293 683 4349 Vnus.
723 4295 867 4349 2.-
901 4293 992 4349 Via
1035 4296 1265 4349 veritatis
1307 4295 1766 4366 blasphemabitur.
1810 4298 2020 4368 (ΒεῡΑ.)

448 4387 551 4442 Per
582 4385 862 4440 lnereticos
897 4401 1001 4439 non
1035 4385 1206 4439 solmn
1239 4385 1291 4439 in
1326 4386 1405 4440 eis
1429 4402 1563 4456 quos
1585 4403 1694 4442 sua:
1719 4388 1906 4443 haeresi
1934 4403 2020 4444 se-

449 4478 639 4531 ductos
661 4477 913 4541 associat,
944 4477 1036 4531 sed
1066 4477 1117 4530 in
1141 4476 1221 4531 eis
1244 4492 1457 4546 quoque
1480 4493 1615 4547 quos
1640 4494 1736 4548 per
1762 4479 2017 4549 impuris-

448 4567 583 4622 sima
619 4567 759 4622 facta
795 4583 890 4622 sua
925 4576 978 4622 et
1007 4567 1272 4623 sacriﬁcia
1306 4567 1386 4622 vel
1412 4570 1662 4640 mysteria
1690 4572 2017 4627 exsecranda

447 4674 567 4728 qme
605 4657 838 4723 faciunt,
892 4659 944 4713 in
990 4659 1172 4713 odium
1220 4659 1507 4714 Christiani
1558 4661 1784 4715 nominis
1834 4665 2018 4718 conci—

450 4759 595 4813 tant,
653 4749 1087 4804 existimantibus
1141 4751 1406 4820 imperitis
1447 4765 1635 4806 omnes
1689 4751 2021 4809 Christianos

451 4838 753 4908 hujusmodi
775 4840 989 4910 ﬂagitiis
1012 4841 1368 4912 mancipatos,
1394 4843 1480 4897 via
1506 4841 1748 4897 veritatis
1771 4842 2020 4912 blasphe-

451 4947 536 4985 tua
545 4931 587 4985 ri
616 4932 770 4988 solet.
1054 5003 1058 5007 1

521 5020 684 5076 Vens.
724 5022 779 5077 ι1.
817 5053 886 5063 -
916 5022 975 5079 Si
1010 5027 1146 5101 enim
1190 5025 1329 5081 Deus
1373 5025 1593 5097 angelis.
1642 5025 1764 5098 (In.)
1793 5026 1851 5082 Si
1881 5028 2019 5084 Deus

451 5121 726 5183 apostatas
760 5116 979 5191 angelos
1001 5118 1228 5172 traditos
1258 5118 1433 5188 poenis
1455 5116 1673 5184 inferni,
1700 5128 1831 5183 etc.,
1859 5136 2018 5192 usque

446 5203 519 5259 ad
541 5204 595 5259 in
629 5205 807 5275 abyssi
842 5202 1102 5276 profunda
1130 5217 1254 5263 sunt
1285 5209 1443 5278 rapti.

523 5306 685 5361 Vens.
732 5306 786 5363 5.
822 5338 892 5347 —
923 5305 998 5361 0r
1014 5309 1184 5379 ginali
1209 5310 1420 5365 mundo.
1463 5310 1586 5383 (Ιο.)
1615 5311 1758 5366 Idem
1789 5314 2019 5369 mundus

450 5405 533 5453 est
580 5407 697 5464 post
725 5399 981 5454 diluvium
1013 5400 1103 5470 qui
1145 5409 1200 5455 et
1246 5410 1393 5468 ante,
1428 5412 1557 5470 etc.,
1598 5420 1760 5473 usque
1794 5405 1863 5457 ad
1885 5402 2017 5472 justi

446 5492 670 5567 gloriam
703 5490 769 5546 vii
792 5507 823 5546 e
850 5492 1087 5563 perpetis
1108 5493 1389 5562 accipient.

517 5584 679 5641 VEns.
712 5585 763 5640 6.
791 5616 861 5626 —
889 5584 954 5638 Et
987 5585 1237 5639 civitates.
1270 5585 1361 5641 llic
1385 5587 1629 5641 civitates
1656 5587 1940 5656 dupliciter
1965 5588 2016 5641 in

453 5674 632 5744 ignem
661 5686 783 5732 sunt
832 5677 1084 5738 redactae,
1131 5676 1255 5745 quia
1284 5686 1336 5731 ct
1369 5678 1543 5747 primo
1570 5694 1660 5732 eas
1690 5696 1786 5748 per
1828 5679 2017 5734 incen-

450 5771 601 5823 dium
648 5786 769 5825 cmn
810 5768 1178 5838 adjacentibus
1227 5769 1383 5824 terris
1423 5770 1475 5824 iu
1513 5770 1749 5829 cinerem
1793 5772 2012 5842 re.'cgit,

2120 3304 2231 3374 jam
2256 3303 2324 3358 ab
2358 3303 2447 3358 illo
2471 3304 2677 3374 judicio
2704 3302 3110 3373 praesumptioni
3144 3303 3411 3358 desistunt
3441 3320 3453 3356 ε
3487 3303 3584 3357 sed
3619 3302 3703 3355 isti

2125 3394 2294 3464 iniqui
2344 3395 2582 3449 nondum
2616 3395 2901 3449 desistunt.
2955 3394 3050 3450 Vel
3091 3394 3480 3463 torquebuntur
3513 3392 3611 3457 ibi,
3654 3394 3703 3453 id

2123 3494 2207 3540 est
2233 3487 2371 3555 apud
2401 3487 2568 3541 Deum
2603 3506 2615 3542 :
2650 3487 2738 3541 ubi
2770 3487 2943 3559 angeli
2968 3503 3073 3541 non
3104 3487 3252 3552 boni,
3278 3502 3382 3541 non
3415 3487 3700 3551 susuneut,

2122 3577 2218 3631 sed
2245 3576 2518 3631 vindicant
2545 3577 2587 3633 si
2619 3578 2745 3647 quid
2772 3572 3106 3634 exsecrabile
3128 3587 3316 3633 contra
3345 3578 3464 3634 illos
3484 3580 3700 3633 dicitur.

2195 3667 2359 3723 Vens.
2390 3669 2475 3723 15.
2517 3700 2574 3709 -
2604 3670 2890 3725 Mercedem
2934 3672 3228 3741 injustitite.
3273 3671 3490 3742 (Βεω.)
3539 3672 3595 3725 Id
3622 3682 3702 3726 est

2122 3772 2336 3826 poenam
2382 3774 2480 3830 pro
2512 3759 2670 3814 malis
2694 3762 2972 3830 operibus,
3003 3773 3058 3816 et
3090 3762 3323 3815 maxime
3358 3761 3432 3815 illi
3463 3763 3555 3831 qui
3584 3777 3702 3819 eum

2122 3851 2454 3918 corruptioni
2506 3851 2686 3906 carnis
2729 3853 2993 3919 serviant,
3051 3860 3104 3908 et
3156 3853 3369 3907 vesanis
3421 3861 3702 3908 teneantur

2121 3943 2425 4007 erroribus,
2475 3944 2942 3999 conversationem
2991 3942 3259 4011 justorum
3300 3942 3698 4013 blasphemant,

2122 4042 2176 4089 et
2204 4035 2282 4089 eis
2306 4034 2397 4103 qui
2422 4049 2614 4088 sanum
2645 4035 2883 4103 sapiunt,
2915 4035 3201 4089 detrahere
3226 4049 3329 4087 non
3359 4044 3595 4088 cessant.

2193 4124 2355 4180 Vens.
2397 4124 2482 4177 17.
2514 4154 2584 4165 -—
2615 4123 2688 4178 Hi
2715 4135 2854 4178 sunt.
2886 4122 3002 4179 Non
3033 4134 3161 4178 sunt
3196 4120 3442 4177 imitandi
3475 4124 3699 4193 pseudo-

2122 4214 2373 4284 apostoli,
2403 4216 2528 4285 quia
2573 4215 2698 4270 licet
2726 4216 3009 4271 videantur
3037 4214 3219 4280 utiles,
3250 4214 3386 4269 nihil
3435 4223 3615 4270 tamen
3645 4216 3695 4269 in

2121 4309 2200 4361 cis
2230 4315 2310 4360 est
2344 4307 2449 4360 nisi
2479 4307 2689 4361 vanitas
2717 4316 2772 4360 et
2800 4306 3156 4362 imnmndttia.

2196 4398 2357 4452 Vens.
2391 4397 2475 4452 18.
2507 4428 2575 4437 -
2604 4396 2861 4467 Superba.
2904 4396 3147 4468 Superbe
3191 4396 3435 4452 dicentes
3483 4411 3543 4451 se
3583 4412 3698 4451 esse

2115 4487 2323 4557 justos,
2365 4487 2613 4557 quamvis
2652 4488 2723 4543 sit
2752 4503 2949 4543 vanum
2968 4529 2982 4552 ,
3011 4488 3306 4543 carnaliter
3334 4488 3699 4543 desiderantes

2127 4586 2182 4633 et
2226 4577 2498 4634 luxuriose
2549 4580 2790 4634 viventes
2830 4579 3106 4650 pelliciunt
3153 4596 3246 4635 eos
3291 4580 3381 4649 qui
3427 4579 3697 4649 paululum

2129 4671 2437 4743 refugerint
2457 4688 2485 4726 a
2522 4673 2785 4742 peccatis;
2830 4672 2920 4741 qui
2955 4688 3077 4727 cum
3102 4672 3305 4728 similes
3334 4673 3414 4727 eis
3439 4682 3588 4738 sunt,
3618 4682 3694 4724 ta-

2130 4780 2250 4818 men
2302 4764 2639 4834 aliquatenus
2687 4764 2959 4820 declinant
3006 4781 3196 4821 eorum
3242 4766 3591 4827 societatem,
3644 4774 3695 4818 et

2127 4871 2156 4909 a
2184 4856 2423 4924 peccatis
2469 4856 2806 4926 aliquatenus
2847 4858 3137 4913 abstinent.
3177 4857 3245 4911 In
3269 4858 3541 4912 desideriis
3579 4874 3691 4911 car-

2128 4948 2230 5011 nis,
2257 4954 2360 5013 etc.
2388 4946 2699 5002 Immundus
2728 4956 2809 5003 est
2833 4948 3007 5003 omnis
3030 4948 3120 5017 qui
3149 4948 3351 5003 exaltat
3382 4964 3480 5003 cor
3520 4965 3692 5011 suum,

2129 5045 2187 5092 ut
2210 5038 2300 5106 qui
2334 5037 2605 5107 paululum
2645 5039 2940 5109 refugertnt
2970 5054 3000 5092 a
3029 5040 3291 5108 peccatis,
3319 5039 3386 5093 ad
3414 5055 3575 5093 suum
3611 5054 3692 5092 re-

2128 5138 2413 5184 vertantur
2448 5143 2688 5185 errorem
2729 5141 2784 5184 et
2812 5130 3059 5187 studeant
3093 5130 3145 5184 in
3175 5129 3408 5185 luxuria.

2201 5204 2360 5275 Vens.
2405 5219 2497 5274 90.
2518 5251 2586 5259 —
2608 5219 2668 5275 Si
2689 5222 2848 5281 enim.
2881 5231 3011 5285 etc.,
3048 5220 3338 5295 cognitione
3363 5219 3575 5272 Domini
3604 5234 3691 5271 no.

2125 5311 2221 5365 stri
2252 5321 2298 5363 et
2328 5308 2617 5363 Saluatoris
2639 5309 2765 5364 Iesu
2787 5309 2999 5371 Christi.
3030 5320 3134 5365 etc.
3167 5310 3224 5365 Si
3252 5309 3517 5379 fugientes
3545 5310 3687 5362 enin-

2124 5400 2492 5469 quinatiouem
2540 5408 2596 5456 et
2639 5416 2832 5456 ammte
2877 5410 2932 5455 et
2973 5402 3214 5471 corporis
3259 5416 3419 5470 quam
3468 5400 3689 5455 mumlus

2126 5490 2395 5555 immittit;
2452 5506 2642 5544 rursus
2677 5490 2933 5560 implicati
2985 5491 3146 5562 (sicut
3186 5496 3311 5546 ante
3344 5488 3686 5561 baptismum)

2126 5595 2449 5658 superantur
2479 5587 2547 5642 ab
2574 5586 2680 5640 illis
2722 5586 3269 5655 coinquinationibus,
3303 5592 3527 5654 apparet
3551 5578 3684 5651 quod

2122 5680 2263 5734 facta
2314 5687 2437 5732 sunt
2480 5678 2785 5748 posteriora
2839 5692 3021 5730 eorum
3074 5674 3342 5730 deteriora
3390 5672 3678 5744 prioribus:

2123 5772 2244 5843 quia
2276 5771 2453 5840 magis
2485 5768 2757 5824 oll‘cndunt
2794 5769 2959 5822 Deum
2988 5782 3149 5835 quam
3189 5774 3312 5823 ante
3343 5763 3677 5840 baptismum.
