3948 6314
228 388 324 449 695

1175 381 1436 439 CLOSSA
1477 381 1873 439 ΟιιυιΝΑιιιΑ.
1914 414 1982 424 -
2022 383 2240 440 El'lST.
2284 385 2299 440 Ι
2336 382 2527 441 JOAN.

3380 379 3483 437 θυι

222 512 282 565 rt
323 498 548 568 majores
593 508 783 566 pcenas
817 495 1111 564 patientur,
1158 496 1285 566 quia
1331 496 1617 551 mendaces
1665 504 1791 551 sunt
1819 501 1870 560 Α
1967 499 2128 554 Vsus.
2164 498 2216 553 9.
2244 529 2311 538 —
2336 499 2457 553 Non
2489 498 2664 552 tardat
2706 495 2980 552 Dominus.
3030 494 3096 555 Et
3131 496 3258 566 quia
3300 496 3480 551 omnia

226 590 603 665 prandssiones
626 588 784 642 factae
816 588 869 642 in
903 588 1194 658 baptismo.

302 682 458 737 Vsus.
487 676 904 748 22.-——Contigit
930 679 1069 732 enim
1094 678 1221 732 illis.
1247 670 1463 749 (Burial)
1484 679 1540 733 ln
1569 677 1801 733 Prover-

232 774 330 831 biis
364 786 484 825 cum
526 768 864 838 expositione
908 768 1146 838 positum
1192 778 1308 833 est,
1358 776 1488 833 etc.,
1536 784 1697 838 usque
1731 768 1801 822 ad

231 874 349 921 ante
376 860 467 914 Dei
498 859 685 914 oculos
717 858 967 913 sordidas
995 859 1141 928 ipsas
1167 860 1328 914 etiam
1357 859 1624 931 lacrymas
1652 859 1798 915 facit.

832 991 1061 1048 CAPUT
1099 991 1182 1047 Ill.

295 1130 453 1184 Vsus.
498 1131 550 1184 1.
580 1160 651 1170 --
680 1129 835 1186 Hanc
872 1148 988 1186 ecce
1029 1133 1189 1187 vobis.
1244 1133 1410 1201 Quasi
1459 1133 1644 1189 dicat:
1683 1133 1803 1189 Jam

220 1221 380 1278 aliam
404 1220 705 1291 Epistolam
750 1223 942 1292 scripsi
984 1225 1051 1278 ad
1094 1224 1433 1294 repellendos
1476 1228 1710 1295 pseudo;
1751 1236 1805 1282 et

224 1323 282 1368 ut
320 1327 501 1367 meam
539 1330 788 1384 magnam
833 1315 1249 1371 sollicitudinem
1297 1318 1450 1373 vobis
1499 1319 1802 1384 ostendam,

222 1418 346 1456 ecce
366 1416 477 1472 pro
508 1403 698 1459 eadem
734 1418 896 1463 causa
924 1404 1063 1461 hanc
1098 1406 1263 1461 etiam
1294 1407 1586 1463 secundam
1623 1409 1805 1465 scribo

220 1492 538 1562 Epistulam.

294 1582 455 1637 Vsus.
493 1583 551 1638 2.
581 1613 649 1623 —
680 1580 746 1638 Ut
775 1600 1046 1639 memores.
1093 1585 1150 1642 ld
1184 1594 1267 1642 est
1302 1595 1361 1641 ut
1385 1601 1484 1658 per
1530 1587 1649 1643 illas
1678 1588 1807 1658 Epi-

221 1673 385 1730 stolas
423 1672 547 1743 sitis
585 1689 854 1730 memores
883 1691 1073 1731 eorum
1104 1678 1390 1734 verborum
1418 1693 1539 1748 quae
1561 1693 1663 1750 ego
1693 1679 1807 1749 ipse

219 1779 456 1834 przesens
505 1765 733 1835 praedixi
794 1764 969 1822 vobis.
1030 1765 1340 1836 Verborum,
1391 1768 1512 1824 dico
1560 1778 1806 1841 accepto-

1904 593 2087 658 videt,
2134 593 2359 663 potestis
2399 593 2622 649 credere
2669 594 2813 664 quod
2855 592 3111 655 Dominus
3152 608 3259 647 non
3306 592 3483 648 tardat
3542 588 3549 595 ’

1906 682 2185 751 promissis
2232 681 2539 751 implendis,
2578 683 2705 752 quia
2739 683 2974 738 nondum
3002 691 3087 738 est
3123 691 3333 754 tempus
3373 698 3483 752 quo

1905 773 2173 844 implenda
2211 773 2471 831 implebit.
2521 772 2627 829 Sed
2670 773 2791 829 ideo
2830 771 3033 838 dill‘ert,
3077 782 3136 829 ut
3182 772 3479 829 electorum

1905 880 2193 927 summam,
2228 880 2390 935 quam
2432 864 2693 933 praevidit,
2726 866 2875 934 prius
2911 863 3223 933 adimpleat,
3251 863 3394 918 unde
3425 864 3478 916 in

1902 954 2219 1027 Apocalypsi
2248 972 2260 1009 :
2290 953 2358 1007 Et
2394 954 2593 1007 dictum
2623 964 2696 1008 est
2728 954 2856 1020 illis,
2885 964 2940 1008 ut
2977 954 3350 1023 requiescerent
3386 952 3484 1008 ad—

1904 1046 2005 1100 huc
2031 1044 2290 1100 modicum
2319 1053 2543 1113 tempus,
2573 1044 2736 1098 donec
2762 1044 3120 1114 compleantur
3140 1044 3371 1098 conservi
3399 1060 3485 1098 eo-

1907 1154 2024 1192 rum
2052 1137 2233 1208 (Apoc.
2264 1136 2362 1206 vr).

1979 1227 2142 1284 Vens.
2176 1229 2263 1283 l0.
2286 1259 2357 1268 ——
2377 1225 2505 1283 Caeli
2535 1244 2747 1299 magno.
2791 1226 2935 1291 Caeli,
2983 1227 3036 1282 id
3065 1236 3148 1283 est
3173 1228 3386 1293 sancti;
3431 1228 3477 1281 si

1905 1319 2037 1388 quid
2066 1333 2194 1390 ergo
2235 1319 2287 1373 in
2317 1319 2399 1374 eis
2425 1319 2763 1390 purgandum
2795 1329 2908 1385 est,
2940 1334 3037 1388 per
3066 1319 3244 1389 ignem
3277 1333 3477 1389 purga-

1907 1411 2073 1466 bitur.

1980 1501 2278 1556 Elementa.
2304 1501 2518 1574 (Βευιι.)
2542 1503 2805 1569 Quatuor,
2831 1501 3029 1572 quibus
3049 1501 3283 1558 mundus
3313 1501 3489 1557 consi-

1907 1594 2021 1659 stit,
2053 1602 2184 1660 etc.,
2213 1612 2372 1665 usque
2405 1596 2474 1650 ad
2501 1604 2557 1651 et
2581 1612 2678 1667 per
2702 1595 2996 1665 temporale
3024 1593 3347 1666 supplicium
3379 1594 3487 1651 sol-

1909 1696 2105 1751 ventur
2132 1689 2186 1741 in
2213 1687 2422 1743 melius.

1982 1779 2144 1834 Vsus.
2198 1778 2285 1832 l3.
2321 1809 2388 1818 —
2436 1777 2613 1833 Novas
2653 1794 2772 1834 vero
2813 1776 2986 1832 caelos.
3037 1774 3187 1849 (ιο.)
3228 1775 3345 1832 Non
3393 1776 3491 1839 ait,

218 1867 357 1916 rem.
396 1871 428 1908 α
459 1855 657 1908 sanctis
693 1856 955 1925 prophetis
981 1873 1101 1926 quae
1128 1859 1452 1914 auctoritate
1495 1870 1806 1916 sanctorum
1837 1860 1884 1921 B
1911 1868 2065 1934 alios,
2098 1868 2193 1924 sed
2221 1878 2435 1925 veteres
2462 1877 2518 1924 et
2545 1869 2799 1939 antiquos
2840 1869 2895 1922 in
2924 1867 3114 1921 melius
3154 1874 3493 1921 commutan-

214 1943 606 2013 prophetarum
634 1946 1045 2013 conﬁrmantur,
1075 1957 1132 2004 et
1160 1949 1278 2005 sitis
1305 1966 1573 2007 memores
1600 1968 1806 2021 praece—

210 2043 435 2105 ptorum
486 2043 801 2091 sanctorum
850 2040 1245 2110 apostolorum:
1284 2057 1353 2096 ne
1388 2051 1657 2114 praacepta
1688 2059 1808 2113 quae

216 2126 393 2179 sancti
422 2126 657 2197 apostoli
687 2126 949 2183 dederunt
978 2129 1152 2197 vobis,
1179 2131 1465 2188 dimittatis
1494 2149 1591 2203 pro
1617 2135 1808 2204 prtedi-

210 2220 435 2276 .catione
470 2219 685 2277 illorum
719 2222 942 2292 pseudo,
975 2232 1032 2277 et
1056 2238 1174 2292 qua:
1195 2236 1456 2295 prtecepla
1484 2234 1611 2281 sunt
1640 2220 1806 2283 eiiam

216 2310 431 2373 Doniini
477 2322 525 2366 et
554 2311 842 2369 Saluatoris
883 2316 1010 2385 quia
1056 2316 1169 2386 ipse
1200 2317 1479 2381 Dominus,
1530 2319 1622 2388 qui
1664 2321 1812 2374 venit

214 2405 429 2469 salvere
462 2423 581 2477 nos,
613 2409 727 2464 hate
756 2419 1024 2480 prmcepta
1067 2410 1302 2473 instituit
1333 2421 1389 2467 et
1423 2428 1644 2468 servare
1672 2430 1810 2485 prte-

213 2497 384 2568 cepit.

289 2580 465 2643 Veiis.
499 2590 552 2644 5.
582 2621 654 2630 —
680 2589 845 2644 Latet.
881 2584 1094 2663 (BI-10A.)
1123 2591 1250 2646 ldeo
1277 2591 1467 2648 dicunt
1495 2594 1676 2654 onmia
1713 2609 1808 2649 eo-

212 2679 339 2743 dem
371 2680 535 2736 modo
563 2695 934 2751 perseverare,
963 2691 1092 2747 etc.,
1128 2698 1290 2753 usque
1314 2681 1383 2743 ad
1417 2681 1469 2735 in
1502 2682 1643 2738 diem
1666 2681 1809 2752 judi-

206 2768 282 2824 cii
316 2780 373 2823 et
405 2767 726 2839 perditionis
765 2770 1052 2840 impiorum
1081 2771 1383 2825 hominum.

289 2861 462 2915 Vens.
501 2863 553 2918 8.
587 2893 656 2902 —
684 2861 855 2916 Unum
898 2880 1016 2917 vero
1060 2863 1175 2917 hoc.
1219 2862 1458 2925 Probata
1502 2864 1643 2933 quod
1666 2864 1809 2935 judi-

211 2949 363 3005 cium
404 2964 533 3004 vcre
567 2951 688 3015 erit,
729 2953 966 3017 ostendit
1004 2967 1168 3021 quam
1206 2951 1393 3007 ellicax
1430 2952 1677 3015 futurum
1716 2954 1805 3009 sit.

212 3043 275 3097 Si
311 3044 521 3117 dicitur
555 3044 707 3101 vobis
748 3060 781 3098 a
812 3045 1015 3116 pseudo
1053 3063 1066 3099 :
1103 3046 1256 3118 Quod
1286 3046 1449 3101 vultis
1480 3047 1704 3115 potestis
1726 3045 1808 3103 Ia-

210 3150 376 3198 cere,
408 3136 536 3203 quia
569 3144 776 3191 tantum
813 3146 1025 3208 tempus
1057 3148 1227 3193 restat
1266 3154 1437 3207 usque
1462 3140 1530 3193 ad
1555 3140 1694 3194 diem
1721 3139 1809 3210 ju-

1913 1960 2042 2023 dos,
2075 1968 2214 2025 etc.,
2249 1975 2411 2029 usque
2434 1958 2501 2014 ad
2542 1958 2800 2014 habemus
2840 1970 2897 2013 et
2921 1956 2976 2011 in
3011 1956 3286 2027 prOphetis
3318 1972 3332 2009 :
3377 1954 3494 2009 Lux
3546 1970 3566 1982 ·

1914 2048 2142 2103 lacerate
2176 2066 2278 2104 non
2307 2049 2495 2104 lucebit
2537 2051 2607 2105 ibi
2636 2048 2862 2121 amplius
2894 2047 3029 2119 (Isa.
3057 2048 3204 2117 va).

1986 2142 2149 2198 Vsus.
2182 2142 2270 2196 14.
2296 2172 2367 2182 —-
2393 2142 2631 2213 Satagite
2667 2139 2994 2196 immaculati
3031 2149 3077 2194 et
3106 2137 3368 2193 inviolati.
3401 2136 3494 2192 Hae

1915 2244 2043 2289 sunt
2074 2233 2268 2305 vigilite
2299 2234 2365 2288 de
2392 2234 2587 2303 quibus
2623 2232 2822 2287 dicitur
2856 2229 3047 2285 :Beati
3083 2230 3218 2284 servi
3252 2228 3331 2283 illi
3366 2245 3495 2299 quos

1914 2339 2032 2376 cum
2074 2324 2269 2377 venerit
2316 2321 2613 2387 Dominus,
2660 2322 2910 2376 invenerit
2954 2318 3251 2391 vigilantes.
3299 2318 3497 2390 Vigilat

1913 2411 2005 2480 qui
2037 2428 2094 2467 se
2132 2428 2163 2465 a
2194 2412 2447 2467 sordibus
2493 2412 2786 2466 immunem
2833 2409 3088 2475 custodit,
3114 2408 3205 2478 qui
3233 2417 3494 2478 quantum

1915 2503 1968 2557 in
1998 2517 2056 2557 se
2082 2509 2186 2565 est,
2209 2517 2331 2556 cum
2355 2501 2608 2556 omnibus
2629 2499 2936 2555 hominibus
2962 2512 3154 2568 pacem
3189 2498 3373 2563 habet,
3401 2499 3493 2567 qui

1913 2607 2103 2647 omnes
2135 2592 2420 2648 illecebras
2454 2590 2636 2646 carnis
2664 2589 2888 2660 spiritus
2925 2588 3170 2660 regimini
3200 2588 3404 2654 subdit,
3439 2589 3493 2643 in

1914 2682 2092 2753 scipso
2121 2696 2255 2755 pace
2288 2679 2599 2736 felicissima
2628 2688 2803 2735 utens.

1988 2774 2149 2829 Vsus.
2182 2773 2270 2827 15.
2313 2803 2382 2813 ——
2404 2770 2597 2826 Frater
2624 2780 2817 2826 noster.
2868 2769 3084 2844 (BEDA.)
3133 2769 3359 2826 Paulum
3390 2769 3496 2824 illis

1914 2867 2197 2937 scripsisse
2225 2866 2378 2931 dicit,
2418 2865 2473 2920 in
2514 2880 2623 2935 quo
2660 2864 2918 2931 ostendit,
2962 2875 3094 2933 etc.,
3135 2881 3295 2936 usque
3334 2862 3403 2918 ad
3441 2871 3496 2917 et
3556 2884 3559 2887 ·

1915 2974 2013 3029 per
2046 2959 2144 3013 has
2172 2972 2230 3013 se
2259 2957 2326 3012 ad
2351 2956 2654 3027 profectum
2678 2957 2934 3012 excitent.

1986 3051 2146 3106 Vsus.
2184 3050 2269 3104 16.
2293 3079 2363 3090 ——
2389 3047 2651 3121 Di/ﬂcilia.
2695 3049 2752 3103 ln
2794 3048 3047 3119 Epistolis
3067 3047 3220 3103 Pauli
3247 3061 3368 3117 quae
3402 3045 3496 3101 de-

1915 3147 2205 3209 pravantur
2233 3138 2301 3192 ab
2330 3138 2630 3203 haereticis,
2662 3148 2791 3205 etc.,
2819 3157 2978 3210 usque
3003 3139 3073 3193 ad
3094 3138 3314 3210 quidam
3344 3137 3496 3192 luxu-

210 3228 371 3293 dicii,
409 3233 555 3299 quod
598 3246 667 3284 ex
711 3231 1104 3302 longinquitate
1152 3232 1412 3303 temporis
1449 3230 1619 3300 judex
1669 3233 1808 3287 scire
1838 3223 1884 3285 C
1919 3232 2011 3284 ria:
2037 3229 2191 3284 frena
2220 3229 2490 3295 laxantes,
2523 3239 2578 3284 et
2608 3230 2710 3283 alia
2743 3231 2935 3296 multa,
2972 3240 3079 3285 etc.

210 3322 395 3377 multa
445 3338 551 3377 non
581 3324 806 3392 poterit;
854 3339 962 3379 non
1002 3324 1237 3379 credatis
1263 3324 1359 3389 eis,
1392 3324 1518 3393 quia
1549 3323 1808 3393 quidquid

211 3423 405 3491 potest
457 3415 571 3469 ﬁeri
614 3416 759 3471 mille
804 3417 981 3480 annis,
1016 3416 1089 3470 ita
1120 3416 1284 3477 videt,
1316 3416 1456 3471 sicut
1500 3415 1627 3469 illud
1664 3416 1807 3484 quod

210 3510 274 3562 lit
316 3523 433 3563 una
463 3508 568 3563 die.
615 3508 673 3562 Si
703 3509 891 3562 dicunt
926 3525 939 3560 :
982 3507 1124 3562 Mille
1154 3508 1330 3571 annis,
1359 3506 1670 3577 paenitendo
1700 3524 1806 3562 non

206 3598 592 3667 assequemini
621 3599 833 3655 veniam
864 3597 1213 3662 delictorum;
1253 3613 1358 3651 non
1385 3597 1656 3652 credatis:
1684 3599 1809 3667 quia

207 3703 363 3747 unus
394 3688 516 3742 dies
544 3704 681 3743 vera:
709 3688 1037 3757 paenitentiae
1060 3695 1273 3747 tantum
1302 3685 1442 3740 valet
1468 3686 1534 3740 ad
1562 3687 1806 3753 salutem,

202 3791 491 3850 quantum
525 3782 670 3838 mille
699 3782 849 3847 anni,
890 3782 1029 3849 sicut
1052 3780 1273 3847 latroni.

285 3876 450 3933 Sicut
492 3877 630 3930 mille
656 3879 796 3932 anni.
838 3876 1049 3948 (Βευλ.)
1076 3874 1135 3929 ln
1171 3874 1444 3945 agnitione
1481 3874 1677 3929 divina
1710 3874 1815 3928 vir-

204 3972 374 4038 tutis,
403 3978 544 4037 etc.,
589 3987 751 4041 usque
790 3968 859 4022 ad
900 3970 1040 4023 unde
1072 3977 1126 4023 et
1150 3976 1298 4022 recte
1320 3965 1660 4037 subjungitur
1693 3984 1705 4020 :

1986 3320 2298 3390 Depravant.
2327 3320 2537 3391 (Βεωι.)
2569 3319 2755 3376 Nullus
2784 3321 2998 3377 Veteris
3031 3321 3113 3376 vel
3143 3318 3275 3401 Nov}
3304 3314 3496 3374 Testa;

1917 3413 2085 3469 menti
2111 3412 2245 3468 liber
2272 3421 2355 3468 est
2385 3412 2439 3466 in
2461 3428 2567 3484 quo
2590 3412 2829 3468 haeretici
2857 3412 3057 3483 aliquid
3084 3427 3191 3468 non
3210 3419 3498 3482 perverte-

1917 3505 2045 3568 rint,
2059 3503 2143 3557 vel
2169 3503 2450 3569 demendo,
2465 3503 2548 3559 vel
2576 3503 2843 3567 addendo,
2864 3504 2943 3560 vel
2971 3503 3247 3559 mutando.
3264 3501 3497 3569 Unicum

1917 3595 2212 3650 remedium
2252 3594 2503 3661 indoctis,
2534 3595 2723 3649 humili
2758 3595 3055 3651 stabilitate
3103 3595 3267 3661 verba
3311 3593 3497 3648 docto-

1917 3703 2036 3744 rum
2072 3687 2314 3741 auditum
2358 3687 2620 3756 praebere,
2657 3703 2818 3757 quam
2859 3688 3207 3755 stabilitatem
3230 3685 3362 3757 quia
3392 3684 3500 3739 luc-

1914 3780 2071 3837 retici
2114 3795 2220 3834 non
2247 3780 2479 3847 habent,
2510 3789 2669 3835 ventu
2699 3779 2964 3851 superbia:
2991 3780 3148 3850 quasi
3172 3777 3329 3864 palea
3358 3776 3496 3837 levis

1918 3872 1984 3929 de
2030 3872 2270 3939 Ecclesia
2340 3871 2634 3939 tolluntur,
2698 3871 2767 3927 ad
2812 3888 2963 3929 suam
3012 3873 3253 3943 ipsorum
3314 3870 3496 3942 perdi-

1916 3964 2138 4020 tionem.

1193 4232 1695 4310 EPISTULA
1775 4230 1803 4306 I
1884 4231 1979 4313 B.
2056 4184 2521 4312 JOANNlS.

775 4491 1285 4551 ARGUMENTUM.

282 4614 594 4688 Rationem
635 4627 809 4693 verbi,
848 4636 902 4682 et
928 4628 1074 4698 quod
1103 4629 1246 4683 Deus
1284 4628 1399 4698 ipse
1440 4628 1510 4683 sit
1554 4629 1847 4693 charitas,.I

202 4723 567 4789 manifestat,
611 4729 668 4776 et
701 4736 1022 4776 susurrones
1059 4720 1290 4776 fratrum
1329 4737 1430 4778 nec
1456 4721 1623 4778 Deum
1654 4724 1813 4788 scire,

200 4832 319 4874 .nec
362 4815 491 4886 pios
524 4811 640 4867 fieri
674 4826 829 4881 posse
869 4825 1106 4880 eousque
1135 4811 1410 4877 dissertat,
1438 4822 1497 4866 ut
1525 4827 1644 4866 esse
1671 4827 1818 4866 com.

212 4910 432 4979 probet
466 4903 782 4967 homicidas,
820 4917 885 4957 eo
915 4903 1058 4972 quod
1091 4903 1272 4958 odium
1317 4903 1388 4958 sit
1426 4901 1815 4959 interfectiouis

208 5012 471 5057 DCCﬂSIO.

750 5099 978 5159 CAPUT
1015 5099 1306 5159 PRIMUM.

288 5236 474 5291 Vens.
532 5236 578 5290 l.
606 5234 851 5303 -Qnod
899 5236 1000 5306 fuit
1051 5236 1115 5290 ab
1160 5236 1329 5289 initio.
1372 5235 1432 5290 in
1473 5245 1686 5300 natura,
1719 5248 1813 5290 seu

206 5343 358 5383 vero
404 5342 528 5381 esse
568 5328 830 5393 Deitatis,
877 5329 1015 5399 quod
1063 5330 1380 5392 audivimus,
1428 5344 1523 5399 per
1562 5310 1816 5400 legem‘et

206 5416 550 5487 prOphetas,
580 5417 719 5484 quod
763 5418 1004 5485 vidimus,
1044 5417 1372 5473 sensibiliter
1409 5419 1682 5473 hominem
1721 5433 1813 5471 ve-

211 5508 498 5570 nientem,
526 5507 665 5577 quod
687 5509 1060 5577 perspeximus,
1093 5508 1437 5562 Divinitatem
1471 5509 1816 5562 advertentes
1841 5564 1845 5569 .

212 5598 278 5657 in
314 5600 564 5664 homine,
597 5609 645 5654 et
670 5616 856 5653 manus
892 5609 1355 5663 eontrectavernnt,
1382 5599 1446 5653 de
1482 5597 1643 5652 Verbo
1668 5598 1813 5653 uiue:

210 5709 337 5747 non
393 5690 616 5747 fortuitu
665 5693 1066 5748 consentientes
1111 5692 1158 5746 ei
1200 5692 1292 5762 qui
1341 5691 1393 5745 in
1441 5706 1603 5745 carne
1648 5689 1812 5752 visus,

214 5784 326 5839 sed
371 5799 494 5839 cum
535 5783 699 5839 multa
740 5784 1161 5840 contrectatione
1192 5783 1500 5853 Scripturas
1527 5780 1815 5851 perhiben-

1841 4499 1892 4557 D
1918 4504 2001 4551 tes
2026 4495 2392 4551 testimonium
2440 4493 2507 4548 de
2552 4494 2668 4563 ipso
2696 4491 2894 4553 Verbo.
2928 4490 3081 4558 Quod
3128 4488 3259 4543 vidit
3302 4488 3495 4557 aliquis

1921 4589 2171 4643 nuntiare
2203 4594 2380 4657 potest
2405 4585 2543 4651 aliis,
2575 4584 2714 4655 quod
2738 4581 2977 4654 perfecte
3012 4578 3354 4648 conspexerit
3392 4578 3492 4633 ali—

1920 4680 2155 4748 quando,
2189 4692 2293 4731 non
2323 4685 2497 4747 potest
2532 4675 2806 4746 explicare
2836 4673 3033 4729 verbis.

1992 4766 2151 4821 Vnus.
2197 4766 2344 4819 2.-
2382 4764 2619 4819 Vidimus
2666 4772 2722 4820 et
2767 4771 2933 4819 testes
2983 4774 3189 4817 sumus.
3252 4761 3499 4823 Vidimus

1915 4873 1969 4916 et
2012 4859 2299 4915 incredulis
2344 4858 2727 4913 annuntiantes
2774 4864 3041 4925 martyres
3071 4851 3244 4908 effecti
3285 4868 3492 4925 sumus,

1916 4950 2305 5004 Annuntiamus
2336 4949 2495 5003 vobis.
2546 4946 2637 4999 Sic
2666 4960 2761 5015 per
2787 4959 2881 4998 eos
2908 4943 3210 4998 audivimus
3241 4959 3359 5013 nos,
3398 4914 3495 4997 scil

1918 5057 2021 5096 non
2066 5039 2320 5103 vidimus,
2362 5052 2466 5092 non
2510 5036 2688 5090 minus
2737 5044 2915 5089 tamen
2960 5032 3144 5089 felices
3185 5048 3346 5103 quam
3395 5031 3493 5096 illi,

1916 5131 2042 5200 quia
2069 5130 2328 5200 scriptum
2356 5136 2473 5182 est:
2498 5124 2647 5180 Beati
2676 5127 2764 5197 qui
2792 5142 2893 5180 non
2922 5125 3159 5181 viderunt
3189 5133 3236 5182 et
3266 5124 3497 5188 credrae-.-

1918 5233 2035 5277 runt
2068 5221 2219 5295 (Luc.
2246 5221 2416 5294 xxrv).

1988 5319 2150 5376 Vsus.
2192 5321 2430 5375 5.—Et
2475 5321 2587 5375 lure
2629 5328 2703 5374 est
2743 5318 3094 5373 annuntiatio.
3142 5315 3320 5384 Quare
3361 5312 3496 5369 Ver-

1917 5412 2045 5466 bum
2093 5426 2220 5466 caro
2252 5410 2497 5465 factum?
2541 5410 2667 5479 quid
2703 5408 2827 5464 novi
2873 5407 3053 5464 attulit
3098 5404 3339 5473 mundo?
3384 5402 3494 5473 βαι*

1918 5505 2063 5559 venit
2090 5504 2237 5574 pati?
2272 5501 2389 5558 Non
2416 5501 2616 5557 frustra
2654 5503 2775 5568 fuit,
2798 5502 2919 5556 vide
2938 5501 3067 5572 quid
3088 5498 3256 5555 voluit
3278 5498 3493 5560 docere,

1916 5595 2039 5665 quia
2083 5593 2221 5648 Deus
2263 5594 2355 5648 lux
2396 5605 2490 5648 est.
2543 5594 2653 5648 Hac
2698 5593 2965 5648 sententia
3010 5591 3203 5647 divinze
3241 5589 3498 5659 puritatis

1919 5685 2292 5739 excellentiam
2322 5690 2610 5750 monstrat,
2640 5699 2799 5752 quam
2830 5681 3028 5737 imitari
3053 5679 3322 5751 iubemur.
3354 5678 3493 5733 llinc

1922 5776 2197 5832 Manicltmi
2239 5776 2585 5832 confutantur
2618 5775 2707 5845 qui
2754 5773 2843 5829 Dci
2888 5780 3133 5826 naturam
3184 5785 3214 5823 a
3254 5768 3495 5840 principe
