3948 6314
963 387 1360 446 WALAFRlDl
1399 386 1649 446 STRABI
1682 384 1889 442 FULD.
1928 384 2098 442 MON.
2137 386 2289 443 οῐῬ.
2330 384 2509 442 PARS
2544 384 2583 441 l.
2619 416 2690 427 --
2727 386 3185 445 TUEOLOCICA.

460 507 811 566 tenebrarum
840 505 1028 564 dicunt
1052 506 1194 563 bello
1220 506 1417 562 vietam
1446 514 1503 561 et
1526 505 1792 562 vitiatam.
1826 504 2044 559 Annun-
2070 506 2117 565 Λ
2146 503 2346 560 Eadem
2378 512 2461 560 est
2491 520 2686 559 novum
2737 506 3070 570 mandatum,
3100 506 3228 578 quia
3258 502 3501 561 tenebris
3542 502 3729 576 ejectis

459 603 676 668 tiomus,
700 610 809 659 etc.
829 601 1203 673 Applicuimus
1226 617 1323 658 nos
1343 619 1360 656 :
1383 602 1449 656 ad
1467 600 1641 656 lucem
1663 599 1755 655 lux
1778 599 1935 655 nobis
1959 599 2038 654 ir-

458 694 716 751 radiavit.
748 692 1008 750 Tenebm
1039 708 1280 760 eramus,
1310 694 1470 749 modo
1504 707 1600 763 per
1628 690 1800 746 lucem
1831 690 1922 745 lux
1949 705 2042 745 su-

456 800 600 852 mus,
643 793 700 842 et
737 785 873 841 alios
914 784 1301 850 illuminamus,
1341 785 1469 841 dum
1502 791 1722 854 peccata
1758 781 1953 838 dimitti
1986 789 2044 839 et

457 878 713 934 tenebras
737 876 935 948 expelli
960 876 1294 933 nuntiamus.

528 966 694 1023 Vens.
729 967 780 1023 6.
806 966 959 1023 —Si
998 968 1306 1023 dixerimus.
1339 966 1612 1023 Hactenus
1644 964 2041 1032 commendatio

452 1058 725 1129 epistolas;
752 1058 843 1115 hic
871 1059 1111 1115 ostendit
1138 1057 1371 1129 qualiter
1394 1058 1635 1113 Charitas
1668 1056 1737 1112 sit
1764 1053 2032 1109 habenda.

452 1147 524 1203 Et
554 1150 608 1205 in
631 1149 875 1213 tenebris,
904 1158 1012 1205 etc.
1050 1148 1412 1206 Persistentes
1449 1148 1501 1201 in
1534 1147 1788 1218 peccatis,
1820 1156 1875 1201 et
1902 1143 2037 1199 alios

452 1240 816 1298 obscurantes
867 1254 975 1295 non
1024 1249 1407 1312 computantur
1472 1239 1525 1294 in
1576 1237 1835 1293 membris
1882 1235 2031 1306 ejus;

438 1333 597 1389 unde
621 1349 635 1387 :
660 1331 795 1400 Quae
819 1334 1090 1387 conventio
1119 1331 1316 1387 Christi
1341 1331 1411 1387 ad
1429 1329 1641 1386 Belial?
1666 1346 1786 1401 qua:
1813 1328 2037 1385 societas

450 1424 585 1479 lucis
611 1425 683 1481 ad
710 1423 989 1479 tenebras?
1018 1423 1102 1497 (II
1132 1423 1254 1478 Cor.
1285 1421 1386 1492 vr.)

522 1516 692 1570 Vsus.
743 1513 970 1570 7.—Si
1011 1524 1184 1569 autem
1224 1514 1281 1569 in
1326 1513 1459 1568 luce.
1511 1510 1710 1567 Sumus
1751 1511 1957 1576 mundi,
1988 1510 2035 1566 si

450 1608 795 1664 ambulamus
831 1607 885 1663 in
921 1607 1058 1666 lucc.
1089 1608 1184 1662 sed
1216 1614 1394 1662 tamen
1426 1620 1533 1660 non
1558 1604 1819 1660 debemus
1843 1612 2034 1673 putare

450 1713 587 1760 nos.
639 1697 876 1767 quandiu
927 1696 1201 1760 vivimus,
1245 1695 1466 1751 omnino
1508 1710 1666 1765 posse
1713 1708 1745 1749 a
1795 1693 2033 1763 peccatis

447 1789 717 1845 mandari.
757 1787 907 1845 Sicut
937 1797 985 1842 et
1012 1790 1141 1859 ipse,
1172 1796 1276 1842 etc.
1315 1787 1456 1843 Deus
1500 1787 1554 1841 in
1585 1786 1704 1841 luce
1736 1800 1858 1841 esse
1900 1785 2031 1841 dici-

2140 595 2465 651 desiderium
2492 611 2647 651 nova:
2679 596 2813 652 lueis
2842 596 3099 652 inlunlit.
3712 630 3717 635 ο

2211 688 2375 744 Vsus.
2403 688 2458 744 8.
2478 719 2547 730 —
2590 688 2753 756 ρυοά·
2772 706 2949 744 rerum
2979 700 3076 745 est.
3105 690 3415 747 Secundum
3441 689 3593 761 quod
3610 703 3729 761 pro-

2138 782 2287 838 misit
2322 797 2419 853 per
2444 782 2877 838 observationem
2906 783 3283 838 mandatorum
3321 783 3419 839 Dei
3460 783 3529 837 ad
3562 783 3731 853 ipsius

2138 875 2500 947 cognitionem
2553 882 2609 929 et
2654 873 2997 930 dilectionem
3042 875 3335 946 perveniri.
3370 872 3443 928 Et
3480 874 3540 929 in
3590 877 3726 946 ipso.

2138 965 2357 1022 Christo
2380 964 2677 1035 impletum,
2702 965 2830 1035 quia
2848 966 3092 1030 obedivit
3106 965 3253 1021 Patri
3277 980 3453 1036 usque
3480 964 3552 1019 ad
3589 978 3732 1020 mor-

2141 1066 2246 1114 tem
2275 1076 2287 1112 :
2316 1065 2371 1113 et
2409 1056 2529 1111 ideo
2574 1055 2908 1127 gloriﬁcatus
2950 1066 3054 1112 est.
3098 1056 3168 1111 Et
3195 1058 3250 1111 in
3284 1058 3447 1112 vobis.
3480 1056 3729 1124 Quorum

2137 1149 2357 1220 quidam
2397 1146 2509 1217 jam
2554 1161 2658 1217 per
2686 1146 2794 1203 hoc
2841 1162 2964 1203 cum
3004 1147 3118 1202 Deo
3161 1146 3484 1218 gloriantur.
3515 1154 3579 1201 et
3600 1162 3730 1203 vere

2136 1248 2216 1296 est
2259 1252 2455 1294 novum
2486 1237 2610 1308 quia
2648 1237 2871 1292 tenebras
2916 1237 3029 1307 jam
3065 1238 3406 1292 transierunt.
3456 1236 3730 1292 Tenebat

2136 1331 2205 1386 ad
2226 1337 2463 1384 veterem
2506 1327 2782 1384 hominem
2820 1329 3115 1399 pertinent,
3142 1328 3233 1383 lux
3261 1344 3392 1386 vero
3426 1329 3499 1385 ad
3523 1344 3732 1385 novum

2136 1420 2432 1477 hominem.

2225 1508 2390 1566 Vens.
2414 1509 2651 1577 9.—Qui
2671 1509 2821 1577 dicit,
2846 1518 2949 1567 etc.
2973 1510 3468 1582 Detcrminatquod
3495 1510 3731 1566 manda-

2134 1612 2248 1659 tum
2285 1601 2555 1671 accipiat,
2597 1600 2651 1656 id
2678 1609 2762 1657 est
2796 1600 3150 1667 charitatem,
3174 1610 3231 1657 et
3271 1602 3512 1672 qualiter
3544 1601 3726 1656 chari-

2134 1704 2219 1751 tas
2245 1694 2362 1765 ipsa
2387 1693 2633 1750 habenda
2660 1692 2751 1758 sit,
2782 1692 2989 1749 scilicet
3014 1693 3231 1749 dilectio
3256 1692 3353 1748 Dei
3379 1702 3438 1749 et
3464 1694 3727 1764 proximi.

2208 1786 2367 1842 Vsus.
2392 1783 2476 1848 l0,
2509 1784 2596 1839 ll.
2618 1814 2691 1827 --
2722 1784 2826 1851 Qui
2853 1784 3024 1855 diligit
3054 1784 3275 1854 fratrem
3326 1801 3509 1849 suum,
3556 1795 3647 1840 est
3673 1786 3731 1838 in

446 1891 558 1944 tur,
588 1881 716 1952 quia
765 1895 977 1935 summa
1026 1880 1241 1934 bonitas
1275 1879 1365 1934 ubi
1411 1878 1675 1950 proiicere
1716 1876 1894 1932 valeat
1922 1892 2029 1932 non
2060 1859 2105 1920 Β
2133 1876 2336 1933 lumine
2369 1874 2609 1931 scientia:
2645 1880 2699 1930 et
2742 1874 3109 1944 operationis;
3159 1873 3251 1929 sed
3289 1874 3381 1944 qui
3409 1874 3522 1927 odit
3565 1884 3645 1927 est
3673 1873 3727 1926 in

378 1996 381 1999 π
448 1972 676 2035 invenit,
715 1971 880 2026 homo
922 1971 976 2026 in
1010 1969 1131 2025 luce
1161 1969 1425 2036 ambulat,
1456 1967 1583 2039 quia
1613 1968 1878 2023 virtutum
1903 1982 2031 2040 ope-

448 2062 599 2118 ribus
625 2062 692 2116 ad
722 2062 944 2117 meliora
972 2061 1203 2131 proﬁcit.

516 2153 681 2209 Vens.
724 2153 780 2208 8.
802 2181 863 2192 —
893 2150 952 2207 Si
978 2154 1283 2215 dixerimus,
1306 2165 1412 2211 etc.
1458 2150 1537 2206 Illi
1581 2151 1749 2206 etiam
1794 2165 1898 2205 non
1926 2149 2029 2206 ba-

445 2242 577 2298 lient
604 2243 923 2298 charitatem
956 2244 1047 2314 qui
1088 2244 1163 2299 de
1193 2244 1401 2299 meritis
1445 2227 1821 2312 superbientes
1856 2256 1916 2295 se
1944 2241 2029 2296 di-

445 2343 576 2387 cunt
606 2347 728 2387 esse
757 2334 1008 2388 mundos.
1071 2332 1359 2387 Habemus.
1408 2332 1526 2387 Non
1575 2332 1676 2397 ait,
1716 2332 2029 2387 habuimus:

443 2438 513 2478 ne
545 2421 682 2477 forte
709 2423 776 2479 de
803 2424 1096 2494 praeteritis
1123 2424 1326 2479 dictum
1355 2425 1649 2480 videretur.

520 2512 679 2567 Vens.
704 2513 759 2567 9.
781 2543 852 2552 —
866 2511 1113 2567 Remittat
1132 2514 1277 2568 nobis
1304 2522 1537 2583 peccata.
1558 2513 1635 2568 Ea
1660 2528 1779 2584 qum
1800 2512 1854 2569 in
1873 2513 2029 2570 nobis

441 2614 571 2660 sunt
610 2605 887 2674 graviora,
934 2613 1093 2661 vocat
1126 2613 1385 2677 peccata,
1432 2613 1488 2679 at
1532 2605 1766 2672 minora,
1797 2604 2031 2677 appellat

443 2696 810 2766 iniquitatem.

520 2789 678 2842 Vens.
725 2787 812 2842 ll).
837 2815 909 2828 -ι
929 2785 1252 2842 chdacem.
1288 2786 1447 2843 Solus
1474 2786 1612 2842 Deus
1644 2802 1707 2843 cr
1743 2801 1802 2842 se
1830 2800 2025 2842 verax:

443 2877 610 2932 homo
647 2891 713 2931 ex
745 2877 860 2931 Deo
881 2891 1071 2941 verax,
1102 2891 1169 2931 ex
1198 2891 1257 2933 se
1283 2877 1538 2932 mendax.
1586 2875 1921 2947 lmpossibile
1946 2883 2031 2931 cst

442 2966 739 3039 quemlibet
763 2975 1018 3023 sanctum
1037 2967 1329 3038 aliquando
1358 2983 1464 3023 non
1487 2967 1682 3023 cadere
1712 2966 1764 3021 in
1790 2966 2030 3023 minimis

441 3058 702 3130 peccatis.
749 3057 859 3115 Nec
882 3056 1015 3128 justi
1044 3074 1165 3115 esse
1192 3058 1486 3126 desistunt,
1517 3060 1644 3131 quia
1673 3058 1824 3115 ocius
1851 3060 2030 3132 opitu-

442 3150 589 3206 laute
616 3145 728 3205 Deo
758 3158 1065 3222 resurgunt.

1066 3285 1295 3343 CAPUT
1342 3285 1404 3342 ιι.

514 3426 676 3480 Vens.
712 3425 762 3480 l.
787 3454 859 3465 -—
885 3421 1068 3480 Filioli
1094 3427 1216 3491 mei,
1243 3425 1355 3480 lure
1382 3426 1573 3490 scribo,
1597 3435 1703 3481 etc.
1730 3424 1813 3481 Ne
1832 3424 2029 3481 malam

445 3516 795 3572 securitatem
826 3515 1117 3571 assumatis
1142 3556 1158 3579 ,
1205 3516 1487 3572 audientes
1513 3533 1610 3572 vos
1644 3533 1674 3572 a
1722 3517 1830 3574 Deo
1874 3533 2031 3573 mun-

445 3609 586 3672 dari,
621 3607 714 3662 sed
742 3607 933 3662 utilem
967 3607 1214 3661 timorem
1246 3608 1510 3665 habeatis.
1547 3610 1608 3664 Si
1648 3612 1765 3681 quis
1790 3626 2032 3681 peccare-

443 3702 532 3755 rit.
568 3700 627 3754 Si
655 3715 720 3753 ex
752 3698 987 3753 humana
1029 3697 1319 3769 fragilitate
1342 3714 1447 3754 non
1480 3702 1705 3772 potestis
1743 3702 1924 3755 omnia
1950 3701 2029 3757 vi-

445 3791 519 3843 tia
548 3804 767 3854 cavere,
806 3788 932 3844 date
958 3803 1180 3859 operam
1219 3798 1279 3844 ut
1322 3788 1514 3846 saltem
1562 3790 1764 3860 majora
1794 3801 1849 3848 et
1874 3807 2032 3864 aper-

444 3883 585 3939 tiora
612 3881 872 3947 caveatis,
897 3890 959 3937 ut
986 3897 1098 3935 non
1124 3881 1496 3953 apprehendat
1534 3899 1628 3938 vos
1671 3884 1898 3939 tcutatio
1924 3884 2027 3939 nisi

446 3979 704 4034 humana.
746 3975 900 4044 Quod
955 3975 1000 4031 si
1054 3976 1176 4046 quis
1220 3976 1387 4031 etiam
1433 3983 1557 4047 post
1608 3977 2029 4032 admonitionem

446 4085 622 4127 meam
660 4068 945 4134 ceciderit,
975 4084 1083 4125 non
1118 4068 1387 4138 desperet.
1419 4068 1762 4124 Advocatum.
1795 4068 1910 4125 Non
1949 4076 2034 4125 est

444 4162 740 4217 advocatus
775 4160 877 4215 nisi
919 4175 1044 4215 cum
1073 4160 1409 4216 vocantibus.
1452 4159 1779 4231 Displiccant
1811 4170 2030 4231 peccata

444 4252 580 4318 tibi,
626 4251 798 4307 clama
834 4268 847 4304 :
888 4259 945 4305 et
993 4250 1109 4321 ipse
1151 4250 1302 4304 audit
1332 4258 1389 4305 et
1423 4248 1636 4309 liberat.
1678 4250 1909 4306 Justum.
1938 4249 2033 4306 Ju-

445 4352 563 4398 stus
588 4343 882 4398 advocatus
903 4339 1136 4411 injnstas
1161 4355 1359 4396 causas
1398 4355 1503 4395 non
1544 4340 1791 4412 suscipit,
1822 4342 1911 4413 qui
1954 4351 2034 4397 ta-

448 4450 573 4490 men
604 4433 784 4504 justus
816 4446 914 4486 nos
940 4431 1191 4487 defendet
1219 4431 1272 4486 in
1298 4430 1527 4502 judicio,
1568 4431 1614 4487 si
1645 4448 1741 4488 nos
1767 4448 1909 4488 nunc
1947 4448 2034 4489 ac-

449 4539 704 4582 cusamus
747 4524 1002 4596 injustos.

519 4613 686 4670 Vens.
710 4613 765 4669 3.
784 4613 933 4669 -Ει
958 4615 1011 4668 in
1035 4613 1133 4667 hoc
1151 4614 1367 4667 scimus.
1393 4610 1548 4670 Scire
1571 4613 1656 4670 vel
1679 4628 2028 4685 cognoscere,

448 4723 555 4762 non
595 4721 811 4777 semper
858 4713 1081 4778 propter
1115 4704 1364 4761 notitiam
1411 4705 1639 4773 dicitur,
1689 4707 1783 4762 sed
1812 4714 2034 4779 propter

447 4801 880 4874 experimentum
926 4807 983 4854 et
1033 4800 1286 4855 unionem
1330 4799 1554 4856 alterius
1598 4800 1696 4855 rei.
1744 4799 2035 4871 Cognosci-

444 4908 572 4963 ,ηε
598 4892 767 4948 Deum
795 4890 1013 4962 quando
1032 4889 1256 4946 ttnimur
1298 4890 1368 4947 ei.
1412 4889 1513 4957 Qui
1546 4890 1626 4946 sic
1653 4891 1849 4957 noscit,
1882 4907 2035 4946 man—

451 4987 575 5041 data
598 4984 716 5056 ejus
736 4991 936 5039 servat.
982 4980 1041 5038 Si
1066 4983 1318 5038 mandata
1344 4983 1458 5054 ejus
1483 4983 1835 5039 observamus.
1865 4982 2035 5039 Debe-

453 5093 576 5135 mus
622 5075 968 5151 fragilitatem
1013 5086 1256 5134 nostram
1306 5077 1626 5141 attendere,
1680 5077 1939 5132 debemus
1977 5076 2033 5133 in

452 5168 694 5242 peccatis
723 5170 1043 5225 advocatum
1070 5183 1336 5241 qurererc,
1377 5167 1522 5238 quod
1552 5177 1612 5224 ut
1660 5167 2033 5245 impetremus,

452 5264 521 5318 de
550 5260 916 5321 custodiendis
964 5260 1236 5317 mandatis
1283 5258 1627 5326 laboremus,
1673 5273 1770 5331 per
1797 5274 1917 5333 qua:
1967 5261 2036 5316 ad

455 5353 816 5427 cognitionem
848 5353 1017 5425 ipsius
1049 5353 1285 5409 venitur.

525 5446 693 5504 Vsus.
716 5445 768 5501 ι.
803 5476 875 5487 -
904 5443 1008 5512 Qui
1032 5443 1160 5499 dicit
1189 5459 1244 5499 se
1276 5459 1445 5510 nosse,
1488 5450 1594 5500 etc.
1631 5442 1749 5499 Non
1793 5451 1879 5501 est
1919 5460 2036 5501 ma-

454 5554 620 5610 gnum
652 5552 817 5594 unum
844 5535 1013 5593 Deum
1047 5548 1241 5601 nosse,
1282 5548 1404 5589 cum
1426 5541 1481 5590 et
1509 5535 1781 5591 daemones
1813 5536 2038 5609 credant

452 5641 511 5688 et
538 5630 976 5688 contremiscant.
1650 5620 1655 5623 ’

528 5723 693 5778 Vsus.
729 5721 783 5776 7.
809 5752 875 5762 —
902 5719 1024 5775 Non
1060 5717 1367 5775 utandatum
1399 5734 1608 5773 novum.
1635 5718 1834 5774 Eadem
1861 5717 2041 5775 chari-

460 5823 545 5876 με
576 5814 885 5872 mandatqu
914 5820 1067 5870 vetus
1090 5820 1194 5878 est,
1218 5811 1340 5885 quia
1374 5811 1445 5869 ab
1471 5811 1624 5869 initio
1643 5813 2040 5869 commendata.

2132 1968 2354 2024 tenebris
2385 1965 2722 2037 ignorantiae,
2764 1974 2820 2022 et
2856 1980 2956 2038 per
2994 1964 3164 2034 ipsam
3210 1964 3581 2033 ignorantiam
3612 1979 3731 2017 am-

2130 2060 2279 2116 bulat
2305 2059 2373 2115 de
2400 2060 2543 2114 vitio.
2561 2059 2613 2114 in
2652 2059 2860 2122 vitium,
2892 2067 2943 2113 et
2996 2059 3192 2122 nescit,
3224 2057 3278 2112 id
3320 2068 3408 2112 est
3446 2073 3557 2111 non
3603 2071 3730 2126 pro—

2130 2151 2297 2217 videt,
2327 2168 2431 2223 quo
2467 2159 2585 2217 eat;
2617 2160 2665 2204 et
2694 2150 2760 2205 ad
2792 2165 2953 2220 quam
3000 2164 3221 2220 pmnam
3253 2148 3606 2219 recipiendus
3632 2150 3721 2206 sit.

2131 2239 2248 2307 Vel,
2280 2242 2441 2296 nescit
2494 2255 2599 2312 quo
2631 2249 2735 2304 cat,
2779 2239 2834 2295 id
2877 2248 2963 2295 est
3010 2239 3224 2308 ignorat
3270 2239 3413 2293 viam
3461 2254 3569 2310 qua
3597 2255 3724 2294 cono

2129 2330 2457 2386 vertatur-ad
2481 2330 2694 2395 melius,
2720 2339 2775 2385 et
2800 2330 2903 2385 hoc
2931 2344 3037 2384 non
3066 2330 3208 2395 ideo,
3233 2330 3390 2399 quasi
3416 2330 3505 2385 via
3534 2342 3722 2401 aperta

2129 2441 2237 2481 non
2277 2424 2369 2489 sit,
2412 2424 2505 2479 sed
2537 2424 2659 2495 quia
2690 2422 2915 2477 tencbra:
2944 2422 3332 2477 obca'caverunt
3375 2423 3560 2477 oculos
3584 2425 3717 2494 ejus.

2130 2516 2220 2586 qui
2252 2530 2282 2569 a
2313 2514 2513 2570 lumine
2535 2514 2732 2570 Christi
2759 2511 3281 2593 recedenspeccatis
3306 2522 3362 2570 et
3386 2515 3602 2571 carnali
3631 2531 3723 2570 vo-

2129 2607 2334 2678 luptate
2361 2609 2432 2662 ita
2457 2606 2802 2678 pncpeditur,
2829 2615 2889 2662 ut
2915 2606 3131 2662 etiamsi
3156 2606 3356 2662 bonum
3389 2607 3593 2675 videat,
3615 2624 3723 2664 non

2130 2710 2311 2758 tamen
2340 2709 2684 2771 εκεοᾳυίιιυτ.

2186 2794 2350 2851 Vens.
2370 2794 2456 2849 12.
2471 2825 2539 2834 —-
2554 2791 2734 2849 Scriba
2759 2795 2920 2861 vobis,
2938 2803 3044 2851 etc.
3061 2794 3331 2866 Prceponit
3352 2810 3578 2850 causam
3601 2808 3723 2866 qua

2129 2894 2315 2959 posset
2345 2900 2439 2942 eos
2466 2885 2781 2941 abstrahere
2810 2886 2879 2940 ab
2924 2899 3109 2940 amore
3136 2885 3338 2947 mundi,
3366 2884 3497 2955 quia
3537 2884 3721 2954 bapti-

2131 2980 2271 3034 zatis
2332 2978 2385 3033 in
2445 2976 2663 3032 nomine
2717 2975 2917 3033 Christi
2970 2985 3025 3031 et
3081 2976 3461 3031 invocantibus
3521 2989 3721 3031 nomen

2132 3068 2374 3133 Christi,
2413 3066 2759 3122 dimittuntur
2799 3076 3022 3137 peccata
3049 3108 3063 3132 ,
3117 3082 3246 3138 ergo
3293 3066 3514 3122 Christo
3548 3067 3726 3135 magis

2133 3159 2516 3214 adhtereudum
2544 3166 2627 3214 est
2649 3173 2810 3228 quam
2852 3160 3071 3213 mundo.
3107 3155 3310 3212 Filioli.
3348 3156 3565 3219 Patres,
3587 3158 3723 3211 ado-

2055 3220 2101 3284 C
2134 3250 2428 3312 lesccutes,
2448 3248 2694 3319 juvenes.
2728 3248 2852 3303 Ideo
2878 3248 2972 3302 lilii
3007 3248 3169 3318 :quia
3201 3248 3557 3303 remittuntur
3589 3264 3721 3318 pec-

2131 3350 2274 3396 cata.
2306 3340 2431 3396 ldeo
2461 3349 2665 3412 patres,
2690 3340 2814 3410 quia
2842 3339 3173 3409 cognovistis
3196 3340 3440 3410 antiqua.
3477 3339 3604 3395 Ideo
3637 3338 3731 3408 ju~

2130 3446 2319 3497 veues,
2353 3433 2477 3502 quia
2511 3432 2698 3496 fortes,
2735 3430 2861 3502 quia
2892 3429 3121 3486 vicistis.

2203 3523 2368 3581 Vens.
2418 3524 2595 3578 {3.—
2633 3521 3017 3578 Adolescentcs.
3062 3522 3457 3581 Adolescentia:
3506 3535 3728 3600 tempus
3830 3588 3847 3613 .

2130 3626 2353 3689 propter
2383 3615 2648 3669 incentiva
2675 3613 2856 3669 carnis
2886 3614 3176 3678 lubricum;
3225 3616 3320 3671 sed
3354 3628 3582 3687 propter
3630 3635 3727 3674 ro-

2132 3707 2236 3761 bur
2278 3705 2455 3760 :etatis
2505 3703 2682 3758 habile
2726 3703 3031 3768 certamini,
3060 3712 3116 3757 et
3144 3704 3199 3759 hi
3246 3713 3583 3761 tentamenta
3621 3724 3726 3763 vo-

2132 3796 2398 3868 luptatum
2425 3795 2573 3851 verbi
2602 3794 2697 3849 Dei
2728 3810 2916 3851 amore
2936 3794 3204 3861 vicerunt,
3235 3804 3291 3851 et
3312 3794 3733 3867 persecutiones

2132 3895 2589 3958 contempserunt.

2207 3977 2372 4033 Vsus.
2396 3977 2483 4033 Η.
2511 4008 2579 4018 ο-
2605 3976 2671 4031 Et
2696 3977 2911 4033 vicistis.
2941 3976 3320 4034 Trahebantur
3359 3988 3488 4035 tunc
3516 3989 3729 4053 tempo-

2132 4069 2281 4142 poris
2307 4067 2533 4138 juvenes
2566 4070 2955 4124 consuetudine
3000 4069 3069 4124 ad
3117 4069 3365 4142 lupanar,
3397 4071 3494 4127 sed
3523 4073 3619 4129 isti
3650 4074 3725 4131 vi-

2137 4164 2313 4219 riliter
2338 4162 2641 4217 resistendo
2669 4162 2974 4217 vincebant.

2211 4251 2373 4307 \‘Ens.
2420 4251 2505 4307 lii.
2535 4283 2607 4295 --
2656 4252 2835 4307 Nolite
2889 4252 3107 4323 diligere
3161 4254 3437 4309 mundum.
3491 4254 3727 4314 Utimini

2136 4344 2338 4400 mundo
2370 4343 2440 4398 ad
2482 4342 2883 4408 necessitatem,
2914 4344 3008 4398 sed
3032 4358 3139 4398 non
3185 4343 3392 4415 diligite
3426 4346 3495 4400 ad
3539 4361 3728 4418 super-

2137 4435 2420 4491 ﬂuitatem.
2447 4434 2513 4488 Et
2540 4434 2721 4497 carnis
2748 4450 2935 4495 curam
2963 4450 3031 4492 ne
3063 4435 3302 4491 feceritis
3324 4437 3377 4490 in
3406 4436 3725 4494 desideriis.

2144 4524 2324 4581 Nolite
2367 4524 2583 4595 diligere
2611 4525 2884 4580 mundum.
2930 4525 3107 4587 Unum
3155 4542 3253 4581 cor
3299 4527 3437 4584 duos
3488 4530 3596 4585 sibi
3631 4532 3730 4585 ad-

2138 4619 2410 4675 versarios
2445 4631 2662 4673 amores
2711 4632 2816 4672 non
2869 4619 3031 4687 capit.
3065 4616 3314 4673 Radicati
3344 4618 3399 4673 in
3430 4618 3725 4687 charitatc,

2134 4728 2297 4784 super
2333 4711 2473 4767 hanc
2501 4708 2737 4764 radicem
2768 4708 2903 4765 nihil
2935 4708 3215 4764 tedilicetis
3235 4749 3252 4776 ,
3281 4709 3387 4767 nisi
3428 4712 3575 4781 quod
3606 4729 3727 4768 con-

2135 4804 2283 4863 venit
2319 4802 2607 4867 charitati,
2656 4801 2785 4872 quia
2832 4816 2939 4857 non
2990 4800 3217 4871 potestis
3238 4800 3454 4858 duobus
3489 4803 3727 4859 dominis

2138 4898 2366 4956 servire.
2399 4895 2555 4951 Sicut
2598 4893 2817 4950 dilectio
2861 4894 2953 4949 Dei
2996 4893 3118 4950 fons
3161 4894 3407 4951 omnium
3436 4896 3726 4959 virtutum.

2138 4992 2213 5048 ita
2244 4988 2463 5045 dilectio
2505 4986 2691 5041 mundi
2718 4985 2956 5041 omnium
2994 4984 3271 5040 vitiorum.

2208 5080 2374 5136 Vens.
2404 5080 2489 5134 lli.
2524 5108 2596 5118 -
2621 5076 2787 5131 Omne
2825 5076 2966 5147 quod
2989 5086 3065 5130 est
3092 5076 3147 5130 in
3174 5075 3393 5131 mundo.
3429 5074 3650 5149 (Βεω.)
3671 5076 3728 5130 ω

2138 5182 2257 5228 cst:
2290 5170 2494 5228 Omnes
2519 5167 2806 5222 dilec'ores
2834 5166 3045 5232 mundi,
3076 5166 3208 5221 nihil
3238 5165 3443 5222 habent
3479 5168 3586 5223 nisi
3619 5169 3729 5223 hrcc

2140 5263 2261 5325 tria,
2291 5260 2511 5331 quibus,
2532 5267 2663 5324 etc.,
2688 5273 2848 5327 usque
2873 5257 2949 5311 ad‘
2968 5254 3142 5312 noluit
3162 5255 3351 5312 extolli
3373 5272 3541 5328 super
3563 5274 3728 5330 regna

2139 5354 2346 5412 mundi.

2214 5447 2378 5503 Vens.
2416 5444 2502 5500 l7.
2550 5476 2619 5486 —
2652 5442 2756 5512 Qui
2799 5452 2973 5500 autem
3028 5443 3157 5515 facit
3212 5443 3572 5511 voluntatem,
3621 5452 3726 5499 etc.

2143 5536 2259 5594 lluc
2293 5538 2458 5595 etiam
2489 5537 2650 5593 modo
2682 5546 2856 5608 potest
2885 5538 3073 5593 haberi
3112 5537 3374 5605 charitas,
3405 5538 3452 5593 si
3478 5537 3728 5596 nimirum

2145 5629 2294 5685 nullo
2322 5629 2578 5686 instinctu
2627 5629 2710 5685 lue
2740 5626 3003 5685 eticoi'um
3036 5629 3229 5701 dejectt
3272 5631 3407 5686 estis
3451 5642 3483 5685 a
3527 5626 3633 5685 ﬁde
3671 5639 3730 5683 et

2150 5722 2364 5777 cmtcris
2392 5736 2510 5792 qutc
2536 5730 2662 5777 sunt
2706 5720 2821 5776 Dei.
2869 5720 2935 5775 Et
2974 5728 3036 5775 ut
3073 5735 3193 5774 eam
3230 5721 3482 5787 teneatis,
3519 5733 3730 5795 penna-

2152 5826 2317 5870 ncant
2348 5814 2399 5871 in
2430 5814 2583 5871 vobis
2610 5829 2729 5886 qua:
2758 5813 2983 5870 audistis
3022 5812 3089 5868 ab
3126 5813 3300 5870 initio.
