3948 6314
199 443 296 502 697

1140 431 1411 492 GLOSSA
1449 423 1850 492 onmNAmA.
1890 416 1962 472 —‘-
1995 429 2213 489 sptsr.
2252 413 2496 491 item.
2592 448 2595 451 η

3347 432 3463 492 698

260 553 417 609 Vens.
448 546 535 605 18.
560 572 633 587 -
654 541 863 611 Fitioli,
890 543 1173 601 novissima
1224 546 1355 601 hora
1398 554 1495 601 est.
1536 544 1605 601 Et
1639 555 1767 616 pro-
1791 558 1844 621 Α
1869 541 2010 599 Ecce
2032 540 2122 599 hic
2147 542 2423 610 Christus,
2450 559 2578 601 ecce
2597 544 2724 610 iliic,
2745 558 2814 602 ne
2841 536 3205 615 credideritis,
3228 536 3461 606 sedhoe‘
3528 578 3537 589 -

196 649 370 709 pterea
422 635 628 693 debetis
677 635 1004 707 persistere,
1047 636 1175 708 quia
1233 635 1386 692 multi
1439 643 1568 692 sunt
1607 634 1764 691 Anti-

194 733 372 794 christi
403 729 492 802 qui
519 744 617 785 vos
644 727 832 785 volunt
852 729 1133 786 seducere.
1188 726 1339 785 Sicut
1369 729 1596 784 audistis
1636 730 1762 801 quia

194 825 532 882 Amickristus
558 822 717 877 venit.
748 821 883 879 Cum
927 830 1135 894 quanto
1161 823 1309 878 enim
1338 823 1540 894 impetu
1568 832 1623 879 et
1654 829 1765 878 ter-

197 930 311 972 rore
352 913 578 969 audistis
616 921 906 969 venturum
957 914 1349 970 Antichristum
1374 955 1390 981 ,
1441 930 1565 971 cum
1612 922 1762 970 tanta

184 1006 434 1063 lviolentia
463 1013 519 1061 et
546 1005 637 1062 isti
662 1006 908 1061 veniunt.
952 1006 1010 1062 in
1056 1006 1340 1063 undecima
1381 1007 1514 1063 hora
1549 1022 1761 1072 sumus,

193 1096 328 1152 venit
354 1094 616 1152 Salvator.
649 1096 704 1151 in
735 1111 923 1163 carne,
950 1104 1006 1151 et
1036 1106 1292 1154 secutura
1320 1106 1406 1153 est
1441 1098 1610 1170 pestis
1652 1099 1764 1153 An-

195 1189 436 1253 tichristi,
482 1190 575 1260 qui
617 1191 889 1260 praeconia
930 1190 1119 1246 salutis
1177 1191 1497 1262 impugnet,
1547 1191 1637 1262 qui
1682 1190 1763 1246 vi-

193 1295 338 1337 neam
379 1294 544 1351 quam
591 1280 840 1337 Christus
881 1281 1082 1338 excolit
1139 1283 1423 1353 exstirpet,
1481 1291 1535 1339 et
1604 1282 1763 1354 hujus

191 1370 503 1441 nequissimi
548 1372 745 1443 capitis
792 1371 906 1441 jam
954 1372 1124 1428 multa
1178 1373 1422 1429 membra
1481 1374 1759 1445 prtemissa

190 1469 326 1526 ςιιηι,
348 1476 378 1515 a
408 1461 606 1532 quibus
630 1464 931 1519 cavendum
953 1471 1059 1528 est,
1083 1464 1207 1535 quia
1223 1463 1337 1533 jam
1366 1448 1607 1521 imminet
1637 1465 1762 1521 finis

189 1553 391 1620 saeculi;
446 1553 535 1609 vel
581 1555 863 1609 novissima
918 1556 1050 1609 hora
1076 1595 1092 1619 ,
1139 1555 1192 1610 id
1223 1564 1308 1611 est
1349 1555 1544 1612 similis
1581 1556 1763 1612 novis-

188 1646 348 1709 simae,
378 1643 574 1706 similis
599 1653 683 1700 est
726 1645 842 1700 lucc
883 1646 1191 1717 persecutio
1222 1646 1299 1700 illi
1343 1646 1555 1701 futurae.
1601 1646 1761 1701 Nunc

185 1737 482 1793 Antichristi
522 1737 695 1793 multi.
726 1738 1042 1793 Antichristi
1087 1747 1214 1794 sunt
1246 1754 1437 1795 omnes
1480 1740 1757 1806 lueretici,

183 1842 362 1882 omnes
405 1827 505 1898 qui
529 1826 688 1883 (idem
718 1842 881 1897 quam
913 1827 1239 1883 confitentur
1266 1828 1450 1884 verbis
1472 1827 1759 1885 destruunt

1864 635 2007 706 quod
2038 635 2107 690 ab
2134 636 2395 706 apostolis
2421 638 2670 704 audistis,
2713 645 2912 694 tenete.
2938 638 3005 701 Et
3032 657 3125 699 nos
3148 648 3204 697 in
3228 640 3373 698 Filio
3396 651 3466 699 st-

1865 725 2047 782 Patre.
2079 726 2157 782 ita
2209 729 2363 785 eritis
2401 732 2645 785 membra
2681 730 2862 793 Patris
2907 740 2962 787 et
2994 733 3136 800 Filii,
3166 743 3287 791 uta
3332 746 3475 793 me-'

1863 818 2037 873 moria
2074 825 2130 873 et
2166 820 2505 889 protectione
2532 820 2710 885 Patris
2733 831 2788 879 et
2817 823 2936 887 Filii
2958 840 3064 879 non
3087 825 3374 894 excidatis,
3394 835 3471 884 et‘

1862 907 1969 964 hoc
2002 908 2212 965 debetis
2234 919 2507 981 appetere,
2540 922 2600 967 ut
2624 913 2745 968 sitis
2770 914 2823 969 in
2868 913 3034 971 Patre
3055 928 3111 971 et
3135 914 3292 985 Filio,
3319 918 3469 989 quia'

1864 1001 1990 1058 inde
2025 1003 2332 1060 mercedem
2374 1005 2800 1079 consequemini.
3298 998 3312 1018 ⁸

1934 1092 2098 1151 Vens.
2128 1094 2219 1150 25.
2239 1124 2311 1135 —
2337 1093 2469 1150 Haec
2509 1080 2585 1150 est
2622 1097 2973 1171 repromissio.
3024 1097 3287 1159 Memoria
3316 1114 3447 1172 pro-
3472 1130 3475 1133 -

1863 1186 2044 1243 missa:
2088 1187 2355 1243 mercedis
2395 1196 2834 1258 perseverantem
2868 1196 2920 1248 te
2962 1187 3131 1252 faciat
3169 1190 3229 1246 in
3260 1206 3443 1263 opere.

1936 1276 2099 1333 Vens.
2128 1277 2217 1333 27.
2242 1308 2316 1319 —
2340 1277 2443 1335 Sed
2469 1278 2603 1333 sicut
2632 1280 2807 1339 unctio
2832 1280 2967 1350 ejus.
2996 1281 3053 1335 id
3098 1290 3183 1343 est
3213 1281 3473 1353 Spiritus-

1862 1381 2105 1440 sanctus,
2127 1373 2281 1445 cujus
2317 1383 2714 1431 sacramentum
2740 1381 2824 1429 est
2853 1375 2905 1430 in
2936 1376 3189 1431 unctione
3212 1366 3444 1440 visibill:
3494 1389 3497 1391 ’

1862 1464 1948 1520 vel
1986 1465 2302 1537 intelligitur
2341 1466 2524 1521 unctio
2569 1466 2854 1522 charitatis
2877 1482 2997 1531 quae
3045 1464 3364 1521 diﬂ‘unditur
3391 1467 3481 1540 in»

1862 1554 2117 1611 cordibus
2156 1555 2358 1611 nostris
2402 1571 2501 1630 per
2553 1554 2813 1625 Spiritum
2848 1565 3116 1624 sanctum,
3149 1557 3242 1629 qui
3290 1558 3450 1613 datus

1861 1655 1952 1701 est-
1973 1646 2159 1713 nobis;
2190 1662 2310 1719 qua:
2335 1648 2399 1702 ad
2423 1649 2759 1705 observanda
2790 1648 2885 1704 Dei
2913 1649 3165 1705 mandata
3185 1663 3283 1706 cor
3302 1649 3449 1719 quod
3474 1653 3479 1657 ’

1867 1738 2054 1809 implet
2083 1738 2401 1795 inﬂammat.

1936 1829 2100 1886 Vens.
2133 1830 2223 1887 28.
2248 1861 2318 1871 —
2340 1832 2409 1886 Et
2438 1832 2781 1903 nunc,filioli_
2802 1874 2817 1895 ,
2849 1842 3071 1895 manete.
3102 1832 3308 1893 Creora
3348 1834 3451 1890 ite-

182 1918 379 1974 sctibtr:
409 1934 426 1985 ;
455 1933 651 1975 omnes
693 1918 911 1975 Christo
938 1920 1215 1987 contrarii,
1266 1921 1358 1991 qui
1405 1931 1633 1979 venturo
1660 1939 1759 1981 suo
1789 1914 1833 1975 Β
1862 1920 2074 1977 ratione
2107 1920 2364 1990 inculcat,
2391 1933 2452 1979 ut
2485 1925 2679 1979 mcnti’r
2693 1940 2755 1980 us
2781 1926 2983 1981 arctius
3007 1925 3211 1997 infigat.
3239 1924 3450 1981 Maneto

181 2009 334 2080 capiti
362 2010 731 2067 testimonium
764 2012 1014 2079 reddunt,
1042 2012 1170 2084 quia
1209 2013 1528 2085 mysterium
1559 2014 1757 2087 iniqui-

182 2104 300 2157 tatis
324 2102 436 2174 jam
472 2112 736 2173 operatur
767 2104 820 2158 in
850 2104 975 2159 illis.

243 2192 406 2250 Vsus.
445 2196 538 2252 19.
577 2227 649 2238 —-
676 2196 763 2252 Ea:
790 2197 937 2253 nobis
972 2198 1297 2270 prodierunt,
1329 2207 1436 2256 etc.
1466 2199 1619 2257 Licet
1647 2200 1758 2257 sint

176 2288 326 2345 multi
361 2288 710 2355 Antichristi,
736 2306 846 2347 non
884 2300 1066 2348 tamen
1098 2309 1194 2348 vos
1235 2301 1438 2348 terreat
1482 2293 1537 2348 si
1575 2294 1642 2349 ad
1666 2292 1755 2368 ju-

176 2381 438 2438 daismum
460 2381 553 2438 vei
575 2384 948 2453 paganismum
973 2385 1268 2450 redierunt,
1286 2400 1392 2440 non
1411 2385 1532 2441 ideo
1556 2388 1756 2458 putetis

176 2473 468 2531 Ecclesium
495 2490 565 2532 ex
590 2476 694 2531 hoc
718 2476 828 2546 pati
860 2476 1075 2547 aliquod
1105 2478 1360 2532 damnum
1386 2494 1401 2544 ;
1445 2479 1570 2549 quia
1593 2479 1639 2534 si
1686 2494 1751 2534 ex

174 2568 326 2624 nobis
350 2568 626 2633 exierunt,
655 2576 835 2623 tamen
864 2584 970 2623 non
1001 2576 1157 2624 erant
1185 2584 1251 2624 ex
1280 2568 1435 2624 nobis
1462 2568 1752 2625 veraciter.

172 2659 287 2717 Non
315 2662 625 2734 potuissent
653 2661 834 2731 egredi
876 2661 978 2716 nisi
1018 2670 1197 2717 essent
1230 2661 1448 2717 Christo
1472 2662 1750 2718 contrarii.

171 2753 271 2820 Qui
299 2770 407 2809 non
456 2762 542 2811 est
573 2753 793 2810 Christo
844 2754 1170 2819 contrarius,
1202 2753 1254 2809 in
1298 2769 1525 2831 corpore
1551 2754 1752 2811 Christi

170 2853 372 2899 manet.
416 2844 510 2900 Sic
552 2836 679 2901 sunt
726 2843 836 2901 iicti
885 2846 938 2900 in
972 2844 1210 2901 Ecciesia
1254 2847 1524 2917 quomodo
1565 2847 1754 2909 humo:

167 2950 256 2991 res
293 2936 424 2992 mali
476 2936 529 2991 in
560 2952 817 3008 corpore;
854 2937 1068 3008 quando
1106 2944 1449 3002 evomuntur,
1483 2937 1754 2993 relevatur

165 3040 396 3096 corpus;
440 3026 518 3081 sic
573 3027 791 3097 quando
826 3035 1025 3082 exeunt
1061 3026 1211 3093 mali,
1252 3027 1525 3084 relevatur
1560 3028 1751 3087 Eccle-

162 3117 267 3172 sia.
298 3114 407 3171 εδει
461 3126 517 3170 ut
549 3115 836 3187 manifesti.
887 3116 1038 3171 Multi
1087 3117 1179 3186 qui
1224 3133 1332 3172 non
1380 3125 1506 3172 sunt
1548 3133 1613 3174 ex
1649 3133 1754 3173 no-

163 3206 252 3263 bis
305 3207 587 3278 aecipiunt
633 3207 915 3263 nobiscum
982 3216 1323 3264 sacramenta
1378 3208 1612 3274 Christi,
1659 3210 1753 3263 sed

1856 2017 1914 2071 in
1943 2032 2022 2071 eo.
2050 2017 2117 2071 Et
2139 2018 2182 2072 si
2212 2018 2341 2088 quid
2364 2018 2491 2074 boni
2518 2020 2750 2085 habetis,
2780 2019 2852 2073 illi
2881 2027 3052 2075 totum
3079 2027 3135 2075 et
3163 2034 3269 2075 non
3296 2019 3450 2075 vobis

1856 2108 2148 2180 imputate;
2186 2110 2325 2165 mala
2348 2111 2502 2166 vobis
2527 2119 2581 2166 et
2599 2109 2815 2165 diabolo
2845 2112 3126 2183 imputate.
3422 2108 3429 2121 ³

1926 2200 2091 2257 Vens.
2120 2200 2211 2261 29.
2239 2232 2306 2242 --
2335 2200 2543 2268 Omnis,
2564 2210 2669 2258 etc.
2703 2202 2918 2275 (θεολ.)
2960 2202 3177 2258 Justitia
3201 2200 3446 2273 perfecta

1853 2294 1945 2350 vix
1984 2304 2068 2350 est
2098 2295 2160 2349 in
2181 2293 2404 2365 angelis,
2457 2306 2588 2359 etc.,
2637 2311 2802 2366 usque
2833 2294 2902 2349 ad
2932 2295 3149 2364 quando
3197 2309 3306 2350 non
3341 2294 3449 2350 erit

1854 2385 1997 2443 lucta
2022 2401 2146 2443 cum
2168 2400 2355 2453 carne,
2386 2385 2479 2442 sed
2510 2387 2815 2458 triumphus
2842 2384 2909 2441 de
2938 2388 3111 2448 hoste.

1925 2479 2012 2535 Ea:
2031 2481 2162 2551 ipso.
2191 2478 2310 2534 iam
2334 2479 2378 2534 si
2403 2478 2520 2534 nati
2536 2494 2722 2535 sumus
2747 2493 2814 2534 ex
2832 2477 3285 2551 justo,justitiam
3308 2474 3446 2550 justi

1854 2568 2038 2628 Patris
2072 2571 2223 2641 sequi
2256 2578 2487 2641 oportet.

2463 2698 2689 2760 CAPUT
2730 2702 2816 2759 lIl.

1922 2840 2089 2898 Vsus.
2124 2839 2172 2894 1.
2200 2868 2271 2879 -
2298 2835 2502 2903 Videte,
2524 2846 2633 2893 etc.
2664 2836 2944 2892 Advertite
2966 2837 3253 2908 diligenter
3276 2851 3446 2908 quan-

1852 2934 1925 2987 tis
1952 2941 2006 2987 et
2029 2930 2281 3001 qualibus
2303 2928 2459 2983 donis
2481 2928 2782 2985 ostenderit
2811 2928 3107 3008 Deuserga
3133 2944 3232 2984 nos
3260 2937 3447 3006 pater-

1850 3036 1976 3076 nam
2016 3019 2356 3075 charitatem.
2398 3017 2556 3074 Dedit
2588 3018 2731 3073 enim
2771 3027 2831 3074 ttt
2875 3019 2926 3074 in
2965 3018 3069 3075 hoc
3109 3020 3306 3079 saeculo
3357 3032 3454 3076 πο*

1853 3111 2000 3167 mine
2034 3118 2091 3165 et
2128 3118 2251 3165 actu
2280 3110 2689 3164 nominaremur
2717 3109 2811 3164 ﬁlii
2840 3108 2955 3176 Dei,
2988 3118 3043 3166 et
3069 3112 3122 3166 in
3149 3110 3335 3167 futuro
3363 3113 3444 3167 si-

1854 3218 2000 3269 mus,
2024 3202 2352 3273 possidendo
2383 3201 2783 3256 hazrcditariam
2819 3202 3234 3267 beatitudinem.
3267 3204 3441 3259 Dedit.

164 3311 252 3358 ten
284 3300 395 3354 atio
425 3273 621 3370 probat
646 3299 769 3370 quia
806 3315 910 3355 non
943 3308 1070 3356 sunt
1098 3314 1166 3355 ex
1194 3300 1369 3355 nobis.
1401 3299 1627 3368 Quando
1651 3300 1754 3356 illis
1780 3273 1825 3336 (ἶ
1855 3294 1939 3350 Ad
1973 3295 2078 3349 hoc
2110 3294 2255 3349 Deus
2282 3292 2429 3349 dedit
2452 3294 2775 3349 charitatem
2803 3302 2863 3349 ut
2894 3310 3018 3350 eum
3071 3312 3256 3355 amare
3285 3312 3451 3353 nove-

168 3393 405 3449 tematio
432 3393 663 3457 venerit,
691 3392 848 3465 quasi
877 3393 1165 3449 occasione
1188 3394 1333 3448 venti
1374 3393 1557 3448 volant
1586 3393 1754 3459 foras,

167 3486 295 3556 quia
326 3500 502 3559 grana
535 3501 640 3541 non
679 3494 854 3541 erant.
904 3485 1102 3542 Omnes
1149 3495 1278 3541 tunc
1319 3485 1596 3547 volabunt,
1630 3499 1755 3541 cum

168 3594 295 3634 area
328 3578 609 3648 Dominica
637 3578 864 3655 cmperit
891 3578 1145 3634 ventilari
1167 3578 1220 3633 in
1263 3578 1349 3634 die
1369 3578 1582 3650 judicii.
1608 3578 1755 3645 ideo,

169 3669 520 3739 permittente
572 3669 704 3735 Deo,
752 3669 973 3741 quidam
1020 3677 1147 3725 ante
1183 3668 1427 3724 uitimam
1466 3668 1759 3729 dissensio-

169 3778 291 3818 nem
334 3770 537 3826 exeunt
572 3766 638 3818 de
669 3762 932 3829 Ecclesia,
963 3763 1313 3823 ostendentes
1347 3778 1406 3819 se
1453 3778 1560 3818 non
1590 3763 1757 3819 fuisse

170 3856 234 3911 de
262 3869 497 3927 corpore
522 3853 745 3920 Christi,
775 3864 834 3910 ut
861 3868 958 3926 per
1002 3856 1106 3910 hoc
1135 3855 1425 3917 manifeste
1464 3855 1755 3924 clarescat,

169 3946 424 4020 quoniam
453 3961 561 4001 non
591 3952 718 4000 sunt
742 3959 933 4001 omnes
957 3960 1023 4001 ex
1066 3944 1222 4002 nobis
1248 3945 1339 4016 qui
1368 3947 1649 4002 nobiseum
1676 3946 1759 4002 in-

171 4041 253 4089 tra
284 4036 450 4108 positi
473 4045 816 4092 sacramenta
847 4035 1047 4093 Christi
1090 4037 1385 4108 recipiunt,
1411 4045 1465 4093 et
1502 4038 1622 4095 ideo
1650 4055 1759 4095 non

171 4126 326 4184 debet
346 4142 455 4186 .vos
494 4142 724 4201 gravare
748 4142 936 4184 eorum
975 4130 1264 4201 separatio.
1502 4116 1507 4121 ’

238 4220 405 4278 Vsus.
437 4222 531 4277 20.
552 4252 624 4266 —-
656 4219 765 4277 Sed
794 4239 881 4278 eos
926 4223 1223 4279 unctionem
1252 4224 1475 4287 habetis.
1526 4224 1659 4282 Cum
1694 4223 1760 4287 de

170 4311 443 4370 haereticis
488 4311 828 4384 loqueretur,
878 4321 1100 4384 repente
1143 4313 1211 4369 ad
1262 4330 1390 4371 suos
1442 4329 1757 4379 conversus,

172 4404 301 4460 dicit
337 4419 436 4462 eos
488 4404 690 4460 habere
726 4404 1035 4460 unctionem
1065 4421 1096 4460 a
1148 4403 1380 4472 Sancto,
1408 4414 1469 4460 ut
1511 4415 1762 4461 econtra-

174 4496 255 4551 rio
289 4494 551 4553 ostendat
602 4495 746 4567 quod
783 4496 1021 4551 haaretici
1083 4504 1138 4552 et
1188 4512 1378 4552 omnes
1417 4496 1759 4563 Antichristi,

1857 3386 2029 3441 rimus
2051 3392 2106 3441 et
2128 3384 2420 3456 possimus,
2442 3398 2549 3439 non
2577 3390 2756 3439 tamen
2780 3392 2839 3438 ut
2865 3385 3141 3441 dominum
3165 3388 3329 3452 servi,
3356 3387 3450 3443 sed

1854 3484 1916 3532 ut
1952 3485 2164 3547 patrem
2195 3474 2311 3530 (iiii.
2342 3473 2498 3531 Unde
2525 3474 2723 3530 dicitur
2755 3491 2768 3529 :
2801 3473 3065 3547 Quotquot
3100 3487 3273 3532 autem
3313 3494 3453 3533 rece-

1853 3575 2043 3637 perunt
2091 3580 2267 3633 eum,
2295 3562 2438 3620 dedit
2494 3564 2569 3619 eis
2621 3571 2926 3635 potestatem
2980 3563 3121 3636 ﬁlias
3170 3565 3271 3621 Dei
3332 3566 3454 3637 ﬁeri

1858 3657 2042 3732 (Joan.
2073 3657 2139 3733 ι).

1925 3752 2093 3810 Vsus.
2119 3751 2174 3807 2.
2198 3783 2271 3793 —
2291 3749 2424 3807 Filii
2456 3750 2554 3808 Dei
2590 3768 2794 3808 sumus.
2826 3751 2991 3821 Quasi
3018 3752 3166 3808 dicat
3190 3771 3203 3807 :
3236 3748 3371 3809 Esse
3395 3762 3451 3808 et

1857 3846 1961 3902 dici
1990 3844 2129 3900 filios
2159 3843 2275 3911 Dei,
2305 3859 2425 3914 qua:
2446 3844 2682 3916 dignitas
2710 3844 2829 3899 est?
2864 3844 3154 3915 respondet
3182 3862 3195 3899 :
3229 3843 3448 3898 Charis-

1856 3938 2011 4003 simi,
2057 3951 2196 3990 nunc
2233 3934 2336 4006 ﬁlii
2369 3934 2469 3989 Dei
2496 3951 2699 3989 sumus.
2733 3933 2889 3989 Nunc
2914 3951 3014 4012 per
3045 3935 3303 3990 miracula
3331 3949 3452 4005 qure

1858 4028 2091 4085 facimus
2136 4037 2191 4084 et
2226 4040 2329 4099 per
2355 4021 2649 4098 puritatem
2687 4027 2810 4081 vita:
2838 4036 3060 4097 apparet
3090 4028 3230 4096 quod
3264 4043 3450 4082 sumus

1859 4121 1953 4177 filii
1985 4121 2105 4187 Dei,
2138 4119 2232 4176 sed
2259 4119 2519 4190 quidquid
2543 4127 2629 4174 est
2654 4120 2709 4173 in
2731 4119 3010 4189 przesenti,
3043 4136 3234 4191 parum
3265 4126 3348 4174 est
3377 4120 3447 4175 ad

1859 4222 2167 4294 respectum
2206 4211 2394 4269 futuri.
2426 4210 2637 4268 Similes
2676 4212 2724 4266 ei
2754 4211 2967 4265 erimus.
3002 4211 3136 4268 Cum
3171 4213 3314 4266 enim
3350 4213 3452 4267 im-

1859 4307 2138 4365 mutabilis
2163 4315 2485 4375 asternasque
2512 4304 2823 4361 Divinitatis
2852 4304 3304 4376 contemplatione
3329 4320 3457 4376 per-

1860 4401 2124 4467 fruentur,
2166 4416 2266 4455 nos
2312 4414 2528 4471 quoque
2573 4398 2904 4454 immortales
2955 4406 3010 4454 et
3039 4399 3231 4454 :etcrni
3266 4398 3320 4453 in
3362 4398 3453 4454 ilio

1859 4496 2107 4552 erimus:
2147 4508 2252 4549 non
2293 4491 2507 4563 quidem
2544 4492 2685 4548 idem
2712 4492 2857 4562 quod
2895 4492 3047 4564 ipse,
3082 4493 3176 4548 sed
3217 4493 3452 4559 similes,

174 4590 280 4643 sint
298 4591 489 4659 gratia:
510 4588 806 4661 spiritualis
828 4605 1049 4649 munere
1073 4588 1288 4661 privati,
1327 4604 1427 4645 nec
1456 4590 1769 4660 pertineant.
1789 4626 1837 4686 υ
1863 4587 1989 4655 quia
2019 4594 2264 4643 creatura
2302 4594 2359 4677 et
2392 4585 2460 4641 ad
2494 4585 2902 4641 similitudinem
2936 4585 3050 4660 ejus
3080 4586 3201 4640 facti
3243 4602 3450 4642 sumus.

173 4681 240 4736 ad
280 4697 405 4737 eum
457 4682 553 4752 qui
606 4679 844 4736 Sanctus
890 4689 1117 4736 vocatur
1154 4697 1185 4735 a
1227 4682 1527 4754 prophetis.
1576 4678 1759 4736 Nostis

175 4773 371 4828 omnia.
401 4772 589 4828 Nostis
615 4772 897 4827 veritatem
941 4770 1064 4826 ﬁdei
1100 4781 1155 4827 et
1183 4772 1340 4839 vitat,
1372 4772 1513 4826 docti
1543 4784 1640 4847 per
1664 4786 1765 4826 uno‘

174 4862 409 4918 ctionem
442 4861 701 4934 Spiritus,
732 4875 836 4917 nec
882 4876 1017 4939 opus
1064 4861 1274 4917 habetis
1309 4860 1513 4929 doceri,
1555 4860 1659 4917 nisi
1702 4868 1764 4916 ut

174 4954 485 5025 persistatis
518 4954 569 5008 in
597 4967 663 5008 eo
696 4954 838 5029 quod
866 4952 1130 5022 cmpistls.

246 5047 412 5103 Vsus.
429 5046 492 5100 2i
507 5084 522 5099 .
546 5075 612 5084 —
628 5041 696 5097 Et
721 5044 967 5116 quoniam
990 5060 1141 5096 omne
1160 5042 1511 5097 mendacium.
1546 5040 1760 5115 (Bt-mit.)
1782 5062 1785 5063 '

177 5137 404 5196 Dixerat
424 5148 588 5194 omne
610 5135 951 5192 mendacium
985 5150 1091 5189 non
1114 5149 1235 5190 esse
1268 5149 1333 5189 ex
1360 5134 1595 5189 veritate
1611 5143 1760 5201 ,etc.,

177 5247 339 5304 usque
374 5231 448 5287 ad
485 5229 728 5286 omnium
754 5228 846 5299 qui
869 5226 1071 5284 Christi
1099 5225 1368 5282 mandatis
1388 5227 1765 5296 obtemperare

172 5330 556 5398 contemnunt.

257 5417 418 5474 Vens.
449 5416 541 5472 22.
569 5444 646 5461 -—
675 5413 777 5470 Hic
802 5424 876 5469 est
903 5411 1288 5479 Antichristus,
1330 5420 1448 5469 etc:
1477 5411 1618 5468 Ecce
1667 5412 1763 5468 ad-

132 5529 137 5533 ‘
174 5510 369 5570 moniti
400 5524 591 5566 sumus
608 5507 877 5580 quomodo
915 5521 1308 5579 cognoscamus
1336 5504 1752 5573 Antichristum,

177 5601 409 5669 scilicet,
442 5601 736 5674 quicunque
781 5608 932 5670 negat
982 5595 1247 5675 Christum
1270 5636 1286 5664 ,
1317 5605 1424 5654 etc.
1475 5596 1580 5665 Qui
1608 5607 1758 5669 negat

180 5690 420 5746 Patrem.
460 5690 685 5745 Frustra
713 5688 1001 5746 confitetur
1025 5686 1194 5744 Deum
1222 5684 1439 5744 Patrem
1465 5688 1555 5760 qui
1598 5692 1760 5756 negat

177 5782 400 5848 Filium,
433 5781 522 5852 qui
560 5797 628 5838 ex
655 5780 766 5836 Deo
792 5781 1051 5851 procedit.
1664 5780 1667 5787 ‘

251 5878 416 5935 Vna.
448 5877 537 5933 2i.
564 5908 633 5917 -—-
665 5874 818 5943 Quod
843 5878 1085 5947 audistis,
1138 5886 1238 5937 etc.
1274 5876 1330 5935 Si
1362 5864 1483 5952 quis
1523 5876 1717 5935 dixerit
1745 5895 1754 5929 :

1870 4678 2131 4747 Quoniam
2161 4668 2466 4733 ridebimus.
2511 4675 2819 4732 Secundum
2862 4679 3006 4748 quod
3050 4675 3286 4733 Verbum
3327 4693 3455 4733 caro

1869 4769 2068 4823 factum
2107 4776 2211 4826 est.
2236 4767 2489 4822 viderunt
2513 4765 2661 4831 ntali,
2691 4774 2747 4822 et
2777 4767 2829 4822 in
2853 4766 3063 4837 judicio
3085 4775 3212 4822 sunt
3241 4768 3409 4822 visuri
3439 4787 3451 4823 :

1868 4858 1962 4914 sed
1985 4858 2255 4929 quomodo
2276 4857 2511 4914 Verbum
2542 4857 2594 4913 in
2620 4858 2886 4935 principio
2906 4867 3025 4919 erat
3051 4859 3192 4929 apud
3214 4858 3453 4924 Patrem,

1766 4976 1774 4987 -
1867 4950 2128 5007 videbunt
2156 4948 2255 5006 soii
2277 4949 2439 5021 justi:
2466 4950 2682 5005 tolletur
2710 4949 2907 5022 impius
2932 4966 3002 5006 ne
3026 4951 3205 5007 videat
3228 4944 3475 5024 gioriatli‘

1870 5040 2102 5187 Deitas.
2147 5132 2297 5188 3.-
2319 5119 2629 5199 sanctiﬁcat
2668 5144 2741 5185 se.
2776 5128 2989 5203 ωεω.)
3025 5130 3144 5188 Νοη
3185 5130 3361 5188 aufert
3387 5132 3454 5188 li-

1865 5224 2056 5280 herum
2083 5223 2391 5288 arbitrium,
2422 5223 2548 5278 dum
2578 5220 2732 5290 dicit,
2767 5233 2900 5292 ete.,
2928 5241 3093 5297 usque
3121 5220 3192 5280 ad
3214 5225 3457 5283 dicentes

1870 5315 1979 5371 Deo
2021 5332 2036 5370 :
2079 5315 2310 5386 Adjutor
2332 5329 2478 5370 meus
2506 5329 2559 5370 es
2595 5323 2676 5383 tu,
2705 5331 2769 5370 ne
2794 5314 3128 5391 derelinquas
3166 5335 3247 5373 me
3279 5315 3454 5403 (Psai.

1864 5407 2100 5557 “iiiis.
2141 5490 2203 5556 4.
2231 5531 2304 5542 —
2342 5484 2413 5555 Et
2458 5509 2763 5569 peccatum,
2802 5507 2910 5559 etc.
2952 5498 3077 5576 (1η.)
3109 5490 3275 5570 Quod
3291 5501 3454 5557 L‘a’tin

1858 5593 2130 5667 appellant
2163 5592 2358 5664 legem,
2395 5591 2593 5659 Gnaei,
2618 5600 2749 5660 etc.,
2773 5596 2934 5666 usque
2955 5592 3027 5648 ad
3046 5590 3150 5663 qui'
3173 5584 3439 5649 innocen-

1859 5687 1990 5744 tiam
2021 5684 2285 5742 naturalis
2316 5683 2451 5757 legis
2475 5693 2849 5775 corrumpunt,
2874 5676 3445 5781 pgmvaricationisrei

1862 5785 2009 5835 sunt.
2274 5780 2279 5785 ’
2936 5780 2941 5791 ⁵
3254 5782 3263 5789 ⁴
3332 5792 3339 5799 ·

1941 5872 2103 5929 Vens.
2143 5870 2194 5928 5.
2225 5902 2295 5913 -ι
2322 5866 2389 5928 Et
2413 5868 2688 5929 scitis.'Ne
2720 5883 2818 5926 nos
2854 5865 2967 5941 (qui
3000 5866 3238 5942 p‘ccca‘tis
3272 5862 3331 5927 ei
3358 5862 3457 5928 ini“-
