3948 6314
1266 740 1288 781 ε
1316 731 1538 800 erimus,
1575 743 1668 796 sed
1698 744 1862 801 etiam
1897 750 1964 804 ab
1995 752 2096 807 ini-

1095 823 1110 862 :
1152 815 1276 882 quia
1319 820 1440 878 ideo
1478 844 1753 900 apparuit,
1788 848 1843 891 ut
1881 853 2095 910 peccata

1143 903 1273 962 itatc
1301 928 1461 970 nemo
1490 934 1548 975 se
1576 937 1816 984 excuset.

1083 965 1098 969 _
1354 965 1455 970 Α---
1490 965 1547 975 η,
1577 965 1816 984 ωπον..

593 965 750 1025 Vens.
785 974 836 1029 6.
865 1009 937 1021 —
962 984 1067 1051 Qui
1096 994 1276 1062 peccat
1307 1019 1409 1059 non
1455 1010 1578 1065 vidit
1603 1031 1739 1070 eum.
1770 1020 1835 1083 Et
1857 1025 1948 1092 qui
1980 1042 2093 1081 ma-

593 1064 602 1092 I‘
645 1060 695 1092 in
736 1080 795 1092 ΛΑ
857 1088 917 1092 --

1098 1060 1106 1062 ή
1460 1060 1572 1065 ην--
1604 1060 1739 1070 -..η-ι
1770 1060 1835 1083 ιμ’
1857 1060 1948 1092 qua
1980 1060 2089 1081 ula'

514 1064 605 1189 ιίξθί
643 1060 706 1189 in!
733 1080 817 1135 θοι
855 1088 961 1131 non
995 1096 1202 1149 peccat.
1241 1092 1305 1149 Et
1341 1098 1393 1152 in
1431 1102 1534 1159 hoc
1566 1124 1713 1165 nemo
1744 1130 1830 1169 vos
1855 1120 2089 1189 seducat,

514 1162 527 1189 ι
554 1163 686 1189 mnn.
710 1171 743 1189 η
778 1165 919 1189 mnus
979 1172 1061 1189 ---ι
1105 1174 1116 1186 ·
1215 1181 1226 1189 -
1258 1185 1268 1189 -

1856 1165 2089 1189 --.-η-...,

851 1165 935 1230 od,
979 1172 1063 1226 vel
1094 1174 1303 1245 justitia
1344 1190 1414 1247 sit
1451 1208 1519 1249 ex
1560 1197 1797 1272 homine,
1831 1208 1914 1262 vel
1948 1213 2091 1280 quod

1098 1242 1107 1245 ν
1358 1242 1409 1247 η,
1456 1242 1519 1249 --
1560 1242 1797 1272 ..νυ-ηιμ,
1839 1242 1914 1262 ιιι
1948 1242 2091 1280 quuu

514 1251 636 1294 cum
662 1242 897 1315 "peccato
932 1267 1105 1329 possit
1145 1271 1338 1344 aliquis
1377 1281 1427 1336 in
1468 1286 1578 1344 Deo
1610 1307 1847 1361 manere,
1878 1300 2001 1368 quia
2037 1312 2093 1358 et

514 1336 686 1368 ηιηηῖο
723 1340 915 1368 :.....:.e_
1060 1359 1093 1368 -ι

1234 1336 1251 1344 -
1469 1336 1575 1344 τάν-ι
1610 1336 1847 1361 "nu-""1
1878 1336 2001 1368 Ὶυια
2037 1336 2090 1358 σε

512 1336 687 1392 omnis
715 1340 925 1411 justitia
959 1370 1025 1410 ex
1058 1359 1189 1431 Deo,
1212 1376 1266 1427 et
1293 1386 1452 1431 omne
1478 1393 1759 1449 peccatum
1785 1402 1849 1445 ex
1877 1392 2090 1451 diabolo

511 1432 615 1479 est.

585 1519 755 1649 'Vens.
781 1530 831 1585 7.
853 1567 931 1640 :-
958 1540 1063 1606 Qui
1090 1548 1217 1617 facit
1245 1555 1532 1625 justitiam.
1558 1567 1611 1623 Id
1646 1579 1728 1627 est
1754 1588 1767 1627 :
1790 1578 1894 1649 qui
1929 1580 2090 1638 habet

1245 1617 1263 1625 v
1466 1617 1531 1620 νγ-
1558 1617 1611 1623 --.
1648 1617 1728 1627 v-v
1754 1617 1767 1627 -
1803 1617 1816 1630 1
1841 1617 1894 1638 v.9-
1929 1617 2085 1638 Ιιαυῠι

509 1617 691 1741 act'um
731 1617 958 1688 iustitiae
1003 1644 1057 1690 et
1106 1640 1479 1721 intentionem,
1518 1657 1698 1726 justus
1731 1617 1947 1735 quidem
1984 1684 2085 1741 est,

510 1716 568 1741 ςρ
645 1724 749 1741 “nn
789 1732 851 1741 nn-
890 1736 939 1741 -λ
1122 1732 1135 1741 “
1195 1736 1205 1741 ’

1380 1704 1479 1721 ----,
1518 1704 1698 1726 ,νη-,υ
1732 1704 1946 1735 qun-cm
1984 1704 2085 1741 cat,

509 1704 607 1758 sed
644 1724 750 1766 non
786 1732 851 1772 ex
885 1736 944 1778 se
982 1743 996 1779 :
1041 1732 1135 1786 sed
1162 1736 1302 1794 sicut
1329 1743 1418 1800 ille
1448 1758 1559 1815 est,
1590 1754 1659 1809 ab
1687 1759 1874 1815 eadem
1908 1765 2088 1822 radice

506 1803 769 1863 procedit.
802 1808 1016 1874 Justilia
1046 1823 1099 1878 in
1130 1826 1218 1883 illo

1244 1886 1258 1901 ,
1309 1886 1636 1911 ---ν-,...-.....,
1669 1886 1719 1904 ιιι
1754 1886 1860 1909 ιδιυ
1891 1886 2082 1912 oculu-

505 1886 678 2016 illarie,
720 1898 775 1955 in
828 1904 919 1961 illo
936 1920 1302 1991 ,naturaliter,
1346 1930 1398 1985 in
1442 1934 1545 1991 isto
1582 1954 1681 2008 per
1720 1945 2082 2016 adoptionem.

1290 1979 1301 1991 ,
1346 1979 1398 1985 ---
1442 1979 1543 1991 .-.ν
1582 1979 1670 2008 γνι
1720 1979 1950 2016 αυυμιιυι

505 1979 622 2102 lio‘c
639 1987 812 2057 ipsum
843 2003 986 2067 quod
1018 2011 1307 2081 quijustus
1330 2032 1412 2076 est
1433 2026 1500 2080 ab
1527 2028 1617 2084 illo
1640 2033 1820 2102 justus
1847 2052 1950 2093 est.

1035 2074 1051 2078 _
1125 2074 1143 2081 _
1374 2074 1408 2076 η
1434 2074 1496 2080 _-,
1527 2074 1616 2084 -..υ
1640 2074 1820 2102 ,απυδ
1847 2074 1950 2093 μοι.

578 2074 742 2177 Vens.
782 2086 834 2140 8.
865 2122 936 2131 ——
977 2095 1063 2151 Ex
1099 2104 1307 2164 diabolo
1340 2125 1436 2167 est.
1490 2118 1705 2195 (Βεω.)
1748 2126 1860 2183 Non
1905 2134 2087 2189 carnis

1376 2165 1383 2167 ἡ
1424 2165 1435 2167 -
1492 2165 1703 2195 ὶ..ταωνι-ι]
1748 2165 1860 2183 ιιυιι
1905 2165 2081 2189 ιαιιιιδ

502 2165 768 2238 originem
817 2180 1089 2256 ducendo,
1132 2197 1271 2256 sicut
1318 2205 1645 2271 Manichqu
1688 2220 1891 2290 voluit,
1940 2235 2081 2293 etc.,

504 2272 666 2293 osanna
696 2266 763 2293 λλ
796 2281 942 2293 --Αιυν
1045 2290 1053 2293 -
1091 2284 1142 2293 ¹““”
1201 2289 1210 2293 ⁸

1540 2266 1641 2271 ~~~—
1701 2266 1891 2290 -ν--ηι
1941 2266 2045 2282 νιν·
2066 2270 2081 2293 ν

504 2272 666 2328 usque
692 2266 763 2319 ad
795 2281 951 2330 natus
978 2290 1060 2337 est
1085 2284 1331 2348 Christus
1354 2298 1538 2369 homo,
1572 2316 1631 2362 ut
1660 2310 1834 2369 solvat
1859 2328 2083 2385 peccata

505 2350 779 2385 Iun-ﬁn...“
1002 2372 1015 2385 -
1228 2384 1233 2385 ν

501 2350 801 2427 hominum,
837 2375 892 2420 ut
922 2372 1146 2432 reducat
1170 2384 1237 2437 ad
1264 2387 1449 2447 vitam.

577 2443 735 2503 Vens.
768 2452 818 2506 9.
853 2486 919 2497 —
948 2458 1228 2525 Peccatum
1257 2492 1361 2532 non
1386 2481 1534 2550 facit.
1559 2486 1674 2544 Non
1702 2492 1769 2548 de
1790 2500 1937 2553 omni
1960 2516 2084 2571 pec-

577 2542 622 2571 in
647 2540 775 2571 ,Ιῖιιζο
806 2563 817 2571 .
859 2547 915 2571 σε
956 2569 966 2571 4
1014 2555 1026 2567 ο
1123 2560 1154 2571 ..
1257 2567 1268 2571 -

1386 2540 1396 2550 .
1616 2540 1674 2544 γ--
1705 2540 1767 2548 ..ν
1792 2540 1937 2553 VII-III
1960 2540 2084 2571 νυν-

499 2542 623 2613 cato
647 2540 778 2597 dicit
805 2563 817 2598 :
850 2547 915 2603 Si
941 2555 1076 2610 enim
1098 2560 1387 2626 dixerimus
1418 2577 1541 2645 quia
1565 2594 1837 2650 peccatum
1860 2607 1963 2646 non
1986 2598 2084 2648 Ita-

1429 2627 1441 2645 ,
1493 2627 1537 2630 ν.-
1565 2627 1837 2650 Γνννιννιαυι
1860 2627 1963 2646 HV"
1986 2627 2084 2648 uu'

497 2627 693 2698 bemus,
734 2653 827 2693 nos
853 2641 991 2711 ipsos
1019 2652 1340 2726 seducimus,
1376 2667 1472 2719 sed
1505 2669 1571 2724 de
1599 2673 1890 2734 violatione
1911 2683 2084 2739 chari—

498 2723 643 2789 tatis,
671 2742 831 2797 quam
861 2738 952 2807 qui
984 2755 1167 2801 semen
1209 2750 1324 2819 Dei,
1371 2756 1424 2810 id
1462 2769 1549 2815 est
1579 2767 1802 2824 verbum
1842 2774 1934 2829 Dei
1974 2792 2081 2848 quo

498 2827 718 2848 ..ιηιηιηη
751 2834 825 2848 Α-.
907 2830 919 2848 ρ
1100 2839 1114 2848 .
1173 2840 1186 2848 .

1852 2827 1861 2828 ,
1896 2827 1931 2829 ν
1978 2827 2075 2848 Ἰη

497 2827 720 2875 renatus
747 2834 858 2890 es"
904 2830 958 2883 i"
1001 2849 1060 2890 se
1097 2839 1294 2907 habet.
1355 2855 1699 2912 committere
1736 2878 1843 2919 non
1880 2877 2075 2936 potest,

497 2905 758 2936 numq...“
798 2933 811 2936 -
994 2923 1006 2935 .
1075 2928 1085 2936 .
1295 2933 1333 2936 _,

1280 2905 1287 2907 Ξ
1490 2905 1696 2912 an"---
1737 2905 1843 2919 ..νιι
1880 2905 2075 2936 γυισδιι.

496 2905 761 2972 Quoniam
790 2933 961 2975 semen
987 2923 1150 2994 ipsius
1176 2943 1270 2987 est.
1294 2933 1466 2995 Verus
1480 2942 1831 3008 FiliusPatris
1858 2971 1963 3010 non
1987 2976 2080 3028 po-

498 3004 597 3028 In...
641 3001 807 3028 ιω.---
865 3010 895 3028 ιο
1171 3020 1188 3028 ·
1319 3026 1342 3028 -

498 3004 600 3054 test
639 3001 810 3075 legem
842 3010 1133 3082 dimittere.
1167 3020 1276 3077 Lex
1315 3026 1492 3087 Patris
1521 3046 1603 3091 est
1633 3055 1646 3091 :
1689 3040 1903 3114 Diligite
1943 3001 2078 3105 ἱειῖί-

493 3103 609 3145 cem
619 3131 633 3153 ι

2120 478 2169 537 Α
2198 477 2351 545 ponit
2377 476 2442 531 de
2473 477 2756 534 charitatis
2781 484 3132 555 perfectione,
3157 495 3541 572 sub‘etemplo
3573 512 3786 577 passio.

2199 567 2285 622 nis
2324 568 2634 638 Dominicae.
2682 570 2832 628 Hanc
2870 574 3063 634 Petrus
3110 594 3364 643 monetur
3400 592 3625 666 habere,
3663 617 3786 659 cum

2198 660 2428 717 Domino
2456 663 2810 735 interroganti
2840 669 3188 737 proﬁteretur
3215 693 3275 734 se
3302 695 3508 749 amare,
3538 690 3625 743 cui

2196 760 2287 811 ιω·
2319 774 2331 808 :
2363 754 2494 811 Cum
2532 769 2706 813 autem
2749 761 3008 831 senueiis,
3048 774 3289 828 extendes
3330 794 3519 836 manus
3568 793 3716 853 tuas,
3742 801 3788 843 et

2196 842 2334 906 alius
2359 855 2408 900 te
2434 848 2624 916 cinget,
2650 859 2697 902 et
2724 850 2878 905 ducet
2905 870 3007 923 quo
3037 867 3093 911 tu
3119 876 3224 916 non
3254 865 3327 920 vis
3349 868 3531 937 (lacn.
3560 874 3709 949 ut).
3734 877 3785 933 In

2195 935 2391 1004 quibus
2411 938 2608 1002 verbis,
2638 947 2696 993 ut
2724 942 2962 997 animam
2992 962 3093 1016 pro
3115 953 3305 1009 ovibus
3339 971 3591 1027 poneret,
3621 966 3787 1024 doce-

2195 1023 2372 1078 batur.
2418 1025 2676 1096 Majorem
2712 1031 2849 1084 enim
2892 1036 3202 1094 clraritatem
3244 1023 3393 1102 nemo
3431 1051 3589 1107 habet
3628 1073 3786 1126 quam

2194 1125 2251 1169 ut
2272 1119 2503 1174 animum
2523 1138 2674 1177 suam
2698 1136 2857 1194 ponat
2875 1130 2991 1198 quis
3012 1148 3108 1201 pro
3132 1139 3317 1195 amicis
3344 1145 3456 1199 suis
3479 1146 3653 1217 (Ibid.
3678 1156 3785 1228 xv).

2263 1207 2365 1228 IT“-
2386 1226 2398 1228 μ
2467 1214 2481 1228 Ι
2495 1214 2545 1228 --
2682 1215 2716 1228 Α
2767 1219 2778 1228 ³
2815 1220 2826 1228 ⁸
2886 1221 2896 1228 ⁵
3013 1226 3021 1228 ”

2263 1207 2427 1267 Vens.
2460 1214 2546 1268 i7;
2575 1246 2648 1255 —
2674 1215 2778 1282 Qui
2805 1220 3065 1290 habuerit,
3097 1236 3205 1284 etc.
3233 1230 3290 1287 Si
3320 1236 3407 1291 vel
3432 1207 3501 1295 ex.
3529 1207 3787 1316 temporis

2191 1306 2616 1373 opportunitate,
2648 1310 2732 1364 vel
2760 1326 2827 1365 ex
2858 1314 3095 1372 humana
3130 1320 3451 1385 inﬁrmitate
3478 1348 3593 1388 non
3624 1306 3787 1394 donti-

2190 1396 2329 1466 gerit
2350 1400 2561 1457 animas
2582 1419 2801 1472 ponere.
2828 1408 3088 1469 debemus
3116 1417 3305 1475 saltem
3331 1440 3420 1480 res
3447 1440 3679 1488 nostras
3698 1452 3785 1506 pro

2192 1488 2449 1548 fratribus
2476 1494 2770 1564 deponere,
2802 1508 2857 1554 et
2882 1503 2984 1559 hoc
3011 1517 3096 1561 est
3122 1513 3523 1574 nutrimentum
3550 1488 3784 1581 charita-

2190 1582 2280 1637 tis.
2323 1584 2424 1652 Qui
2464 1587 2654 1644 didicit
2691 1607 2807 1646 rem
2851 1609 3005 1650 suam
3048 1598 3203 1667 dare,
3231 1609 3564 1682 quandoque
3594 1622 3784 1685 poterit

2190 1672 2428 1742 seipsum
2457 1676 2751 1748 deponere.

2268 1766 2427 1821 Vens.
2461 1770 2549 1825 18.
2578 1801 2651 1812 —-
2676 1770 2880 1841 Filioli,
2907 1793 3012 1833 non
3038 1780 3346 1855 diligamus,
3373 1800 3483 1849 etc.
3510 1796 3659 1864 Quia
3685 1818 3782 1859 non

2863 1834 2876 1841 -
3077 1834 3085 1836 ε
3115 1834 3346 1855 -ι-ινν”’”·’ν
3374 1834 3483 1849 ν-ν·
3512 1834 3659 1864 ιζ’-⁸³⁸
3687 1834 3780 1859 ¹³υ¹η

1244 1834 1636 1911 principaliter,
1669 1849 1719 1904 in
1754 1852 1860 1909 ἱειο
1891 1871 2085 1912 seum-
2114 1843 2164 1904 B
2194 1863 2274 1922 est
2297 1856 2533 1925 perfecta
2565 1863 2802 1921 charitas
2842 1866 2895 1921 in
2937 1869 3058 1937 illo;
3092 1876 3182 1943 qui
3222 1892 3331 1932 non
3367 1885 3525 1951 ponit
3548 1891 3780 1949 animam

2186 1957 2286 2011 pro
2307 1945 2590 2016 fratribus,
2616 1953 2699 2007 vel
2718 1956 2809 2023 qui
2840 1957 3030 2015 saltem
3059 1978 3165 2020 non
3193 1968 3285 2023 dat
3304 1945 3628 2041 pecuniam.

2187 2046 2247 2090 ut
2280 2038 2575 2105 perfectam
2609 2044 2926 2103 charitatem
2952 2038 3387 2129 habeatisJilioli
3414 2067 3671 2137 ejusdem
3698 2038 3781 2144 p2—

2188 2127 2306 2191 tris.
2354 2129 2477 2184 Non
2520 2133 2802 2203 diligamus
2840 2140 3011 2206 verba,
3053 2127 3465 2224 nequevlingua:
3512 2159 3575 2215 In
3624 2127 3779 2222 νειῖἱιο

2186 2229 2319 2284 pura
2354 2217 2575 2287 locutio,
2616 2238 2721 2279 non
2764 2242 2896 2295 opus
2928 2246 2944 2297 ;
2979 2232 3033 2285 in
3070 2233 3250 2307 lingua
3288 2245 3577 2317 multiplex
3612 2260 3780 2312 oratu:

2185 2303 2524 2377 intelligitur,
2562 2312 2704 2368 sicut
2735 2317 2953 2384 quidam
2986 2338 3128 2393 saepe
3150 2303 3403 2399 repetitis
3432 2303 3777 2402 sermonibus

2186 2396 2436 2454 allectum
2474 2418 2626 2457 suum
2654 2404 2841 2462 volunt
2867 2418 3267 2474 commendare.
3297 2422 3406 2478 Sed
3438 2444 3620 2496 opere.
3650 2434 3774 2502 Qui:

2183 2489 2395 2545 etiamsi
2430 2491 2666 2549 fallimur
2688 2497 2742 2551 in
2768 2499 3054 2559 dilectione
3078 2522 3144 2561 ex
3170 2509 3405 2569 humana
3431 2489 3772 2593 inﬁrmitate,

2183 2595 2290 2635 non
2323 2581 2561 2639 fallimur
2587 2586 2639 2640 in
2668 2591 2941 2658 mercede,
2966 2596 3090 2664 quia
3119 2598 3257 2656 Deus
3286 2604 3466 2674 major
3490 2622 3582 2669 est
3615 2622 3773 2675 corde

2181 2680 2390 2737 nostro,
2420 2684 2474 2730 et
2507 2676 2658 2731 novit
2683 2694 2792 2749 quo
2816 2682 2931 2739 zelo
2960 2685 3090 2741 ﬁant
3118 2692 3318 2747 omnia.
3350 2695 3416 2749 Et
3452 2702 3697 2761 veritate.
3723 2709 3772 2764 Si

2182 2764 2412 2834 simplici
2442 2767 2738 2826 intentione
2759 2772 3017 2833 beneﬁcia
3040 2791 3383 2854 praestemus,
3408 2807 3519 2847 non
3547 2811 3774 2870 propter

2175 2852 2516 2923 jactantiam,
2556 2859 2639 2915 vel
2677 2872 2900 2932 propter
2937 2867 3156 2940 aliquod
3194 2852 3497 2947 temporale
3523 2852 3772 2948 domino-

2179 2942 2328 3008 dum,
2358 2947 2452 3003 sed
2482 2961 2727 3020 respectu
2754 2954 2921 3013 solius
2947 2957 3062 3015 Dei.

2251 3037 2412 3095 Vens.
2456 3043 2541 3098 19.
2570 3075 2639 3083 -
2660 3045 2729 3100 1η
2756 3048 2855 3103 Ιιοε
2878 3058 3257 3126 cognoscimus,
3282 3074 3389 3120 etc.
3412 3068 3470 3123 In
3500 3071 3610 3128 hoc
3634 3080 3772 3146 quod

2180 3132 2463 3187 veritatem
2489 3135 2780 3208 diligimus,
2809 3143 3010 3201 scimus
3036 3150 3269 3217 quodex
3293 3159 3529 3218 veritate
3551 3181 3765 3233 sumus.

2362 3185 2463 3187 -___
2496 3185 2780 3208 ..---σ------ν,
2809 3185 3010 3201 uva-Ilua
3036 3185 3181 3217 ιίυυιι
3203 3185 3269 3208 ελ
3299 3185 3529 3218 ιυι-ιωιε
3551 3185 3765 3233 δυιιιυε,

566 3185 724 3245 νεκεα
774 3195 858 3249 12·
898 3229 970 3240 -
1010 3201 1273 3267 Quoniam
1308 3230 1464 3284 opera
1498 3221 1614 3289 ejus
1643 3226 1873 3296 maligna
1898 3244 2067 3288 erant.
2100 3196 2146 3269 Ω
2179 3221 2231 3276 id
2258 3231 2341 3278 est
2370 3225 2571 3282 scimus
2599 3245 2697 3285 nos
2724 3246 2788 3285 cx
2820 3234 2927 3289 Deo
2952 3236 3076 3307 (qui
3113 3251 3197 3296 est
3224 3248 3461 3321 veritas)
3501 3254 3653 3313 hanc
3683 3276 3769 3315 ve-

566 3277 594 3321 Ιί
632 3290 711 3321 ρει
756 3284 949 3321 inuidia
1005 3309 1109 3321 ηρ...
1144 3310 1216 3321 --ι
1246 3302 1271 3321 ιι
1332 3317 1341 3321 -
1749 3316 1770 3321 Α

1339 3275 1349 3284 _
1518 3275 1538 3289 ,
1594 3275 1605 3277 -
1664 3275 1871 3296 πψτη,
1898 3275 2067 3288 -.......

494 3275 595 3331 Ubi
632 3290 715 3336 est
754 3284 976 3357 invidia,
1005 3309 1110 3350 non
1138 3302 1517 3367 estol‘raternus
1546 3326 1716 3369 amor.
1737 3316 1911 3387 Opera
1939 3323 2070 3383 Cain

1676 3368 1683 3369 ,
1747 3368 1911 3387 ,νη
1945 3368 2070 3383 νυ...

488 3368 629 3423 mala
658 3390 767 3430 non
791 3378 943 3448 dicit,
971 3386 1065 3440 nis‘
1101 3389 1355 3449 invidiam
1378 3408 1434 3453 et
1457 3402 1639 3458 odium
1668 3406 1868 3465 fratris.
1896 3413 2071 3484 Opera

498 3462 617 3484 ΔΙ.-1
662 3465 675 3484 3
752 3480 761 3484 -
1010 3478 1043 3484 “
1087 3482 1094 3484 “

1904 3462 2071 3484 ηπ-.-

487 3462 619 3517 Abel
655 3465 800 3534 justa
846 3490 953 3531 non
992 3478 1144 3548 dicit,
1188 3486 1291 3542 nisi
1324 3491 1669 3552 charitatem.
1705 3499 1840 3557 llinc
1866 3505 2073 3562 discer-

486 3566 689 3613 nuntur
728 3563 994 3623 homines.
1026 3571 1195 3630 Nemo
1224 3584 1470 3638 attendat
1497 3585 1730 3658 linguas,
1770 3596 1863 3649 sed
1904 3596 2064 3653 facta.

485 3647 593 3702 Cor
636 3651 681 3706 si
727 3670 835 3711 non
882 3659 1189 3721 benefaciat
1226 3670 1325 3740 pro
1359 3671 1624 3733 fratribus
1664 3682 1796 3747 suis,
1833 3690 2069 3744 ostendit

484 3738 614 3807 quid
658 3741 711 3796 in
758 3759 818 3799 se
859 3747 1074 3807 habeat.
1120 3738 1252 3817 Cain
1294 3770 1442 3818 recte
1486 3765 1776 3836 oﬁ‘erebat,
1814 3787 2064 3835 creatura

483 3828 753 3901 Creatori,
800 3841 893 3895 sed
936 3858 1042 3900 non
1083 3848 1219 3903 bene
1253 3853 1542 3925 dividebat,
1574 3865 1789 3931 quando
1812 3870 2066 3928 credebat

480 3922 696 3995 placere
722 3945 944 3993 munera
971 3952 1089 4006 quae
1109 3941 1367 4002 oﬁ'erebat
1392 3965 1515 4006 cum
1544 3922 1670 4013 odio
1693 3956 1898 4017 fratris.
1927 3962 2063 4025 Abel

480 4030 603 4070 cum
634 4019 918 4079 dilectione
941 4028 1154 4097 obtulit,
1178 4045 1232 4090 ct
1259 4037 1480 4108 placuit.

468 4383 640 4452 cium,
664 4389 789 4458 quia
821 4394 889 4447 ad
927 4405 1125 4454 sortem
1165 4383 1748 4481 justorum'pertineat.
1793 4383 1971 4477 Manet
2004 4426 2057 4480 in

470 4487 653 4533 morte.
684 4481 805 4536 Vita
836 4488 1017 4545 carnis
1049 4493 1253 4562 anima,
1288 4499 1393 4555 vita
1434 4505 1628 4562 animae
1659 4511 1827 4577 Deus;
1859 4529 2051 4585 corpo-

1240 4558 1249 4562 τ
1660 4558 1827 4577 ---η
1860 4558 2024 4585 νων,

470 4568 545 4623 ris
583 4586 731 4627 mors
760 4577 1012 4635 amittere
1060 4585 1308 4653 spiritum
1341 4609 1354 4657 ;
1390 4596 1581 4652 anima:
1624 4617 1772 4657 mors
1803 4608 2053 4665 amittere
2081 4558 2138 4629 Β

463 4656 655 4713 Deum.
702 4661 803 4730 Qui
849 4682 979 4738 ergo
1026 4686 1125 4741 per
1173 4656 1354 4749 odium
1400 4682 1588 4745 fratris
1624 4692 1821 4749 amittit
1849 4695 2048 4766 Deum,

460 4750 665 4805 amittit
687 4755 872 4812 vitam.

536 4835 698 4896 Vens.
732 4844 816 4899 15.
849 4878 919 4888 -—
943 4850 1046 4917 Qui
1084 4857 1193 4910 adit
1229 4860 1472 4928 fratrem.
1502 4867 1603 4936 Qui
1640 4888 1705 4928 ex
1737 4876 1863 4932 odio
1900 4879 2045 4939 inse-

454 4927 647 4994 quitur
687 4932 910 4992 fratrem
941 4958 1194 5011 provocat
1231 4927 1299 5006 ad
1339 4955 1476 5013 iram
1512 4970 1566 5016 et
1604 4964 1953 5037 discordiam,
1992 4984 2046 5029 et

461 5019 543 5074 sic
578 5034 839 5093 quantum
877 5033 943 5087 ad
992 5052 1050 5093 se
1089 5043 1289 5101 occidit
1326 5063 1450 5104 eum
1491 5052 1546 5107 in
1584 5056 1784 5114 anima.
1832 5061 1889 5117 Si
1926 5066 2048 5134 quis

453 5126 777 5178 contemnat
815 5128 996 5187 odium
1039 5134 1245 5205 fratris,
1280 5157 1386 5198 non
1432 5155 1743 5207 contemnet
1786 5154 1842 5209 in
1881 5158 2046 5215 corde

454 5221 559 5267 suo
589 5210 972 5277 homicidium?
997 5225 1113 5281 Non
1141 5245 1321 5289 movet
1350 5251 1544 5295 manus
1570 5242 1638 5297 ad
1664 5245 2040 5315 occidendum,

450 5312 517 5359 tet
554 5302 820 5364 homicida
847 5313 957 5383 jam
991 5324 1203 5374 tenetur
1236 5341 1248 5377 ε
1285 5327 1415 5380 vivit
1456 5330 1561 5396 ille,
1587 5341 1641 5386 et
1686 5334 1786 5390 iste
1822 5337 2041 5396 interfe-

450 5401 577 5452 ctor
596 5395 889 5464 judicatur.
924 5405 1046 5461 Non
1075 5410 1227 5466 habet
1269 5415 1423 5470 vitam
1457 5432 1726 5479 (sternam.
1761 5426 1816 5481 ln
1851 5444 2040 5499 perpe-

453 5499 629 5556 tuum,
657 5508 778 5549 cum
804 5496 933 5552 Cain
965 5501 1312 5560 damnabitur
1338 5512 1427 5579 qui
1461 5512 1561 5570 hoc
1584 5534 1779 5585 genere
1814 5522 2039 5579 homici-

450 5580 530 5634 dii
574 5592 803 5649 tenetur,
842 5599 899 5644 ut
927 5594 1202 5652 discordet
1230 5616 1258 5653 a
1297 5601 1572 5661 fratribus.

533 5672 691 5730 Vens.
725 5678 809 5731 16.
844 5683 1008 5739 --'!u
1039 5688 1139 5741 hoc
1163 5695 1539 5763 cognoscimus,
1590 5711 1691 5755 etc.
1734 5704 2041 5773 Prmposilis

453 5762 644 5823 multis
667 5769 976 5831 rationibus
999 5779 1064 5834 de
1097 5781 1342 5841 habenda
1366 5787 1648 5860 charitatc,
1678 5795 1889 5851 tandem
1917 5814 2042 5870 sup-

2176 3330 2291 3370 ram
2319 3317 2665 3377 dilectionem
2693 3323 2911 3392 habere,
2944 3336 2998 3384 ct
3023 3346 3087 3385 ex
3118 3335 3219 3391 hac
3245 3338 3536 3400 dilectione
3560 3351 3769 3407 scimus

2171 3422 2271 3462 nos
2304 3423 2424 3465 esse
2462 3411 2881 3485 in-conspectu,
2919 3420 2972 3475 id
3006 3434 3092 3479 est
3120 3434 3420 3496 promereri
3469 3437 3594 3507 ejus
3636 3458 3765 3498 con-

2171 3509 2436 3567 spectum,
2468 3510 2523 3557 et
2559 3502 2612 3556 in
2654 3504 2755 3560 hac
2797 3508 2961 3564 etiam
3010 3515 3301 3574 suademus
3344 3526 3511 3579 corda
3550 3542 3770 3597 nostra.

2170 3588 2240 3643 ad
2272 3590 2492 3645 meliora
2522 3608 2684 3662 opera
2725 3601 3102 3670 excogitanda.
3137 3605 3204 3659 Et
3233 3609 3289 3663 in
3316 3626 3633 3685 conspectu,
3667 3634 3769 3678 etc.

2167 3677 2225 3734 ω
2253 3691 2357 3747 εει,
2388 3683 2521 3739 tales
2542 3687 2895 3754 cogitationes
2923 3696 3083 3748 corda
3112 3707 3296 3754 nostra
3321 3702 3529 3761 habere
3564 3714 3770 3770 suade-

2168 3786 2318 3838 mus,
2357 3789 2476 3843 (ποτε
2511 3776 2705 3832 divinis
2750 3781 2858 3836 sint
2897 3784 3073 3854 dignae
3119 3795 3524 3862 conspectibus.
3561 3799 3773 3860 Omnes

2150 3854 2311 3937 ..θυῖηῖ
2342 3865 2433 3934 qui
2470 3866 2672 3936 aliquid
2713 3869 2893 3926 facere
2920 3874 3233 3946 disponunt,
3252 3854 3334 3938 ad
3368 3885 3513 3942 idem
3554 3854 3769 3951 factum

2166 3954 2534 4012 meditandum
2565 3960 2727 4015 corda
2759 3979 2854 4017 sua
2900 3981 2957 4021 se
2993 3981 3313 4029 convertere
3353 3981 3616 4037 suadent.
3666 3984 3769 4043 Sed

2161 4047 2255 4116 qui
2284 4048 2422 4103 mala
2450 4051 2671 4121 cogitat,
2702 4055 2745 4107 si
2770 4069 2973 4125 posset,
3006 4061 3115 4117 Deo
3134 4066 3438 4125 occultaret
3462 4089 3478 4126 :
3504 4076 3601 4143 qui
3640 4094 3771 4136 vero

2162 4139 2333 4205 bona,
2376 4142 2428 4194 hi
2471 4142 2724 4200 facillime
2756 4151 3013 4206 cordibus
3052 4156 3313 4225 suadent,
3354 4170 3413 4215 ut
3439 4139 3767 4237 conspectui

2161 4231 2255 4288 Dei
2295 4236 2541 4303 pateﬁeri
2578 4239 2903 4305 desiderent.
2937 4250 3081 4315 quod
3120 4258 3203 4304 est
3242 4252 3504 4312 indicium
3550 4271 3769 4334 lingua:

2159 4326 2524 4395 perfectionis,
2569 4345 2693 4395 cum
2738 4347 2832 4390 sua
2876 4340 3121 4407 operatio
3154 4341 3236 4396 vel
3278 4344 3554 4414 cogitatus
3587 4366 3622 4404 ει
3658 4355 3769 4409 Deo

2159 4420 2358 4490 gaudet
2386 4421 2580 4477 videri.

2232 4508 2396 4565 Vens.
2447 4511 2535 4566 9.0.
2577 4545 2646 4554 —
2692 4513 2955 4582 Quoniam
2994 4523 3041 4573 si
3082 4524 3489 4591 reprehenderit.
3545 4530 3615 4586 Et
3662 4533 3763 4590 hoc

2161 4618 2415 4674 magnum
2444 4615 2526 4660 est
2555 4608 2696 4676 quod
2720 4624 2826 4679 per
2853 4610 3195 4669 dilectionem
3227 4617 3298 4671 ita
3332 4623 3569 4679 mundas
3599 4628 3761 4685 habe-

2138 4714 2278 4761 ,mus
2304 4700 2679 4769 cogitationes,
2708 4706 2851 4769 quod
2881 4706 2988 4760 Deo
3019 4723 3111 4763 eas
3140 4711 3394 4769 volumus
3416 4723 3714 4778 ostendere
3744 4742 3759 4779 :

2134 4789 2281 4863 ’quia
2310 4792 2523 4846 etiamsi
2552 4797 2884 4850 conscientia
2910 4811 3193 4856 accusaret
3214 4818 3313 4857 nos
3344 4805 3493 4862 intus
3516 4821 3569 4864 et
3599 4816 3759 4871 vellet

2155 4879 2321 4933 latere
2361 4880 2551 4948 Deum,
2579 4884 2703 4952 quia
2735 4902 2840 4940 non
2878 4888 3017 4943 bono
3059 4892 3240 4947 animo
3279 4894 3421 4949 bona
3460 4910 3651 4957 nostra
3683 4906 3763 4960 fa-

2151 4990 2417 5040 ceremus,
2452 4984 2627 5032 tamen
2667 4978 2777 5034 Deo
2819 4980 3093 5038 occultare
3137 5001 3242 5039 non
3284 5002 3594 5055 possemus,
3628 4996 3759 5063 quia

2156 5063 2326 5132 major
2355 5075 2438 5120 est
2469 5068 2630 5122 corde
2661 5079 2870 5135 nostro,
2900 5081 2953 5126 et
2996 5074 3146 5127 novit
3183 5076 3369 5129 omnia
3402 5096 3414 5131 :
3450 5081 3598 5136 valet
3627 5100 3761 5155 ergo

2153 5155 2368 5211 dilectio
2408 5174 2529 5227 quae
2567 5174 2665 5219 nos
2710 5165 3048 5220 commendat
3098 5166 3172 5221 illi
3220 5184 3384 5240 quem
3429 5171 3606 5232 latere
3646 5194 3758 5231 non

2150 5264 2453 5317 possumus.

2223 5339 2386 5395 Vens.
2419 5343 2510 5397 99..
2540 5375 2606 5384 —
2638 5344 2708 5400 Et
2741 5349 2994 5420 quidquid
3027 5352 3348 5421 petierimus.
3388 5355 3585 5428 Magna
3618 5376 3753 5428 pro-

2136 5436 2336 5513 umissio
2365 5446 2420 5493 et
2445 5438 2822 5498 desiderabilis
2854 5444 3120 5502 ﬁdelibus.
3157 5446 3262 5519 Sed
3284 5450 3329 5501 si
3353 5450 3471 5520 quis
3497 5460 3586 5505 est
3613 5454 3756 5508 adeo

2149 5544 2453 5598 perversus,
2487 5539 2547 5585 ut
2587 5534 2901 5591 caelestibus
2940 5539 3223 5607 promissis
3266 5556 3373 5595 non
3416 5543 3749 5610 delectetur,

2150 5620 2342 5675 saltem
2377 5622 2561 5675 timeat
2595 5627 2737 5693 quod
2776 5630 3083 5684 econtrario
3121 5631 3385 5701 sapientia
3428 5636 3751 5693 terribiliter

2150 5711 2400 5764 intonat:
2449 5710 2553 5776 Qui
2585 5714 2768 5768 avertit
2806 5734 2987 5772 aurem
3019 5736 3169 5773 suam
3212 5731 3265 5773 ut
3301 5738 3403 5775 non
3444 5725 3625 5779 audiat
3668 5726 3747 5780 le-

2150 5819 2283 5875 qem,
2319 5804 2487 5859 oratio
2520 5805 2633 5871 eius
2658 5808 2751 5865 erit
2777 5811 3109 5867 exsecrabilis
3142 5812 3323 5883 (Pror.
3354 5815 3575 5891 xxvm).
