3948 6314
185 303 270 357 701
1149 321 1418 383 CLDSSA
1457 325 1744 384 0RDINAll

1890 364 1960 376 —
1989 319 2214 397 ’Ertsr.
2255 344 2274 398 ι
2312 345 2499 403 tom.

250 419 405 477 Vsus.
432 421 522 477 23.

186 513 344 584 gulari
375 529 600 572 numero
629 524 912 598 praeponit,
941 533 999 581 et
1025 527 1130 586 duo
1158 532 1450 604 subjungit,
1475 538 1600 606 quia
1633 540 1747 598 haec

187 611 448 674 nequeunt
469 613 728 680 separari.

777 747 1003 806 CAPUT
1040 753 1128 808 IV.

253 875 410 935 Vens.
447 881 496 936 l.
529 913 598 922 —
626 883 890 950 Quoniam
913 893 1082 948 multi.
1117 893 1266 950 Multi
1295 897 1555 966 haeretici,
1591 903 1745 959 multi

186 969 504 1026 schismatici
528 973 854 1032 conﬁtentur
890 978 1071 1036 Jesum
1100 984 1152 1038 in
1177 1001 1341 1042 carne
1385 991 1616 1056 venisse,
1648 993 1744 1048 sed

186 1060 333 1116 factis
375 1072 595 1130 negant,
628 1081 732 1122 non
785 1069 1029 1128 habendo
1078 1076 1417 1140 charitatem.
1467 1084 1745 1144 Charitate

187 1149 409 1206 Verbum
437 1167 566 1209 caro
593 1154 792 1213 factum
821 1171 933 1228 est;
963 1166 1053 1234 qui
1081 1183 1184 1222 non
1213 1169 1376 1229 habet
1401 1172 1740 1243 charitatem,

184 1252 333 1313 negat
357 1259 482 1299 eum
511 1249 724 1305 venisse
750 1250 800 1308 in
824 1269 1007 1321 carne,
1037 1267 1092 1311 et
1117 1259 1203 1314 hic
1229 1263 1566 1320 convincitur
1587 1267 1744 1336 spiri-

185 1342 288 1392 tum
315 1348 381 1388 ex
417 1334 526 1391 Deo
553 1354 658 1392 non
687 1340 902 1398 habere.
941 1345 1174 1416 Spiritus
1215 1351 1309 1406 Dei
1339 1370 1445 1409 non
1471 1334 1745 1414 sono—lin-

89 1446 98 1456 -
180 1429 304 1494 guai,
335 1425 433 1480 sed
469 1417 704 1487 amando
739 1441 795 1488 et
822 1434 1066 1494 faciendo
1111 1442 1242 1497 dicit
1264 1443 1446 1502 Jcsum
1482 1447 1535 1502 in
1578 1465 1744 1506 carne

179 1515 398 1570 venisse.
433 1515 592 1573 Jesus
622 1522 769 1576 venit
803 1532 861 1578 ut
901 1525 1135 1598 colligat,
1180 1531 1466 1592 hzereticus
1496 1538 1740 1612 spargit:

180 1607 262 1662 hic
279 1623 379 1663 non
415 1610 580 1666 habet
612 1615 857 1684 spiritum
892 1621 1004 1680 Dei.

240 1698 400 1795 γης.
435 1699 771 1795 ἵξ--ἶοηιηξδ
791 1711 1026 1780 spiritus,
1059 1725 1160 1772 etc.
1191 1719 1338 1774 Multi
1364 1719 1624 1789 haeretici,
1649 1726 1738 1795 qui

176 1790 428 1846 unitatem
450 1793 706 1852 Ecclesia:
727 1813 977 1870 separare
1003 1821 1169 1875 pravo
1190 1811 1436 1882 dogmate
1463 1790 1736 1882 volebant,
1753 1813 1813 1872 -B

174 1882 309 1941 hunc
335 1885 662 1941 versiculum
713 1905 779 1945 ex
808 1889 1031 1962 cpistola
1080 1893 1346 1970 raserunt,
1376 1920 1443 1960 ne
1479 1922 1572 1976 per
1617 1921 1738 1962 eum

173 1974 368 2029 erroris
393 1977 864 2038 convincerentur.
888 1984 1072 2043 Solvit.
1107 1991 1206 2058 Qui
1231 1993 1397 2048 Deum
1431 1974 1499 2052 ab
1527 1999 1741 2056 homine

173 2063 470 2158 distinguit,
518 2070 609 2139 qui
647 2074 886 2130 membra
941 2094 971 2130 a
1025 2080 1134 2136 Deo
1180 2083 1387 2152 dividit,
1437 2090 1528 2158 qui
1578 2093 1736 2147 verba

172 2153 262 2212 Dei
290 2156 431 2212 male
473 2159 876 2232 interpretatur,
903 2171 992 2248 qui
1019 2187 1049 2225 a
1077 2172 1187 2230 Deo
1223 2177 1362 2232 male
1389 2153 1617 2236 vivendo
1652 2197 1738 2236 re-

171 2249 328 2315 cedit,
354 2251 450 2306 hic
471 2253 629 2310 solvit
653 2256 854 2316 losum.

237 2339 402 2434 Vnus.
435 2343 488 2399 5.
509 2377 579 2385 —
601 2345 712 2420 Ipsi
733 2353 797 2405 de
827 2355 1038 2410 mundo.
1066 2357 1128 2411 lli
1151 2360 1373 2429 spiritus
1399 2363 1490 2434 qui
1527 2374 1652 2420 sunt
1675 2365 1742 2422 de

169 2431 368 2489 mundo
403 2450 511 2489 non
545 2447 672 2492 sunt
709 2441 984 2512 diligendi,
1012 2463 1118 2500 non
1145 2459 1272 2504 sunt
1305 2431 1580 2512 audiendi.
1606 2455 1740 2527 Quia

170 2526 266 2579 etsi
289 2525 492 2584 Christi
521 2547 713 2589 nomen
755 2536 1024 2606 invocant,
1057 2553 1110 2597 et
1142 2545 1295 2615 signo
1326 2546 1525 2604 Christi
1559 2525 1740 2608 seno-

171 2625 306 2684 tant,
343 2631 521 2677 tamen
565 2635 690 2680 sunt
733 2629 799 2684 de
831 2630 1041 2688 illorum
1088 2652 1313 2693 numero
1345 2640 1434 2710 qui
1471 2643 1742 2698 imnnlana

166 2713 412 2782 cupiunt,
441 2717 532 2785 qui
567 2719 820 2806 .cmleslia
866 2723 1132 2794 ignorant.
1176 2727 1304 2783 Ideo
1347 2731 1411 2783 de
1445 2733 1639 2786 mundo
1666 2735 1744 2787 lo-

162 2815 416 2872 quuntur.
482 2808 710 2868 Ratione
772 2816 1056 2873 mundana:
1120 2821 1398 2891 sapientia:
1451 2807 1744 2895 probantes

163 2893 333 2952 Deum
363 2914 468 2954 non
515 2918 671 2972 posse
701 2907 962 2965 suscitare
990 2911 1260 2968 hominem
1301 2925 1594 2982 mortuum,
1639 2903 1740 2972 hoc

161 2987 366 3047 minem
415 2993 700 3052 mortalem
741 2997 797 3052 in
850 3001 1001 3058 caelis
1046 3003 1246 3060 habere
1288 3011 1644 3076 mansionem,
1688 3020 1745 3070 et

157 3080 265 3136 alia
301 3082 632 3151 hujusmodi.
657 3133 670 3140 -

234 3173 409 3227 Vens.
457 3175 507 3228 7.
537 3207 608 3217 —
628 3176 957 3250 Churissimi,
984 3187 1265 3258 diligamus
1303 3207 1416 3246 nos.
1459 3193 1746 3249 Commen-
1773 3169 1816 3230 C

159 3267 672 3356 davitcharitatem
697 3277 881 3336 multis
910 3281 1104 3348 modis,
1129 3283 1241 3353 jam
1271 3286 1338 3340 ad
1369 3285 1484 3352 ejus
1505 3287 1744 3358 singula-

161 3375 274 3423 rem
323 3351 544 3420 laudem
585 3371 794 3424 accedit
821 3371 874 3425 in
909 3389 1015 3442 quo
1051 3390 1172 3430 eum
1219 3378 1450 3435 maxime
1489 3382 1748 3438 debemus

161 3453 376 3519 audire,
405 3455 610 3510 scilicet
633 3474 645 3511 :
677 3457 780 3522 Qui
799 3459 994 3532 diligit,
1016 3480 1080 3518 ea.“
1101 3463 1208 3519 Deo
1234 3476 1388 3520 natus
1414 3477 1488 3522 est
1508 3480 1556 3523 et
1579 3469 1745 3524 Deum

164 3546 327 3608 nouit,
363 3547 490 3616 quia
523 3546 664 3603 Deus
703 3551 932 3606 Charitas
963 3563 1057 3608 est.
1107 3555 1364 3610 Dixerat:
1394 3556 1640 3614 Charitas
1681 3576 1746 3614 ea:

163 3632 273 3695 Deo
299 3645 413 3699 est;
444 3637 532 3692 hic
555 3639 923 3710 superaddidit
950 3661 962 3696 :
991 3643 1128 3698 Deus
1159 3647 1388 3700 citat-itas
1407 3659 1502 3702 est.

231 3727 401 3782 Vens.
433 3728 485 3784 8.
523 3761 593 3769 —
622 3730 883 3801 Quoniam
931 3734 1072 3790 Deus
1112 3736 1366 3796 Charitas.
1407 3739 1521 3796 Non
1563 3741 1744 3802 differt

161 3817 402 3873 Charitas
445 3819 497 3874 in
539 3821 667 3885 Deo,
699 3838 819 3876 cum
844 3823 1024 3894 justus
1074 3836 1128 3883 et
1151 3825 1360 3894 justitia
1399 3830 1632 3894 dicatur,
1685 3841 1743 3887 ut

161 3907 391 3979 diligens
417 3919 478 3966 et
517 3910 732 3966 dilectio
760 3913 886 3984 quia
931 3929 1037 3969 non
1075 3919 1556 3976 transnominative
1587 3938 1616 3976 a
1657 3924 1744 3993 ju-

161 4001 308 4057 stitia
336 4003 734 4074 diciturjustus
759 4009 843 4062 vel
879 4010 1106 4082 diligens
1129 4011 1438 4078 dilectione,
1482 4017 1636 4090 quasi
1656 4017 1744 4088 ju-

157 4095 364 4152 stitiam
404 4099 496 4154 vel
519 4099 862 4156 dilectionem
911 4119 941 4158 a
981 4120 1040 4159 se
1060 4105 1369 4161 distinctam
1403 4109 1622 4176 habeat,
1649 4111 1741 4182 sed

155 4187 280 4256 quia
303 4198 393 4244 est
413 4190 627 4261 justitia
655 4202 709 4248 et
731 4193 946 4250 dilectio
973 4212 1089 4252 sua.

225 4277 394 4345 Vens.
420 4282 479 4337 9.
501 4313 569 4322 —
591 4282 658 4338 In
696 4285 794 4340 hoc
823 4290 1084 4358 apparuit.
1113 4291 1397 4347 Probando
1429 4293 1571 4362 quod
1598 4294 1742 4351 Deus

155 4369 402 4428 charitas
427 4383 518 4429 est
547 4383 602 4429 et
639 4377 782 4444 quod
810 4394 906 4433 nos
941 4381 1130 4452 diligit,
1163 4383 1334 4437 voluit
1361 4383 1617 4445 inducere
1645 4402 1742 4443 nos

157 4479 254 4521 suo
277 4467 560 4538 exemplo,
599 4479 659 4524 ut
686 4469 914 4527 invicem
951 4473 1296 4544 diligeremus
1323 4488 1376 4532 et
1403 4479 1469 4533 ad
1493 4481 1740 4535 notitiam

152 4555 272 4624 ejus
295 4561 635 4615 veniremus.
669 4561 821 4617 Sicut
854 4563 990 4618 Deus
1024 4581 1127 4620 non
1163 4569 1494 4638 exspectavit
1531 4578 1591 4624 ut
1617 4586 1738 4625 eum

155 4648 534 4720 diligeremus,
564 4653 644 4707 sie
671 4668 768 4707 nos
795 4670 898 4708 non
925 4668 1304 4728 exspectemus
1330 4669 1386 4714 ut
1419 4660 1509 4714 alii
1535 4678 1634 4717 nos
1661 4663 1744 4718 di-

157 4737 342 4811 ligant,
381 4743 486 4798 sed
525 4745 730 4816 priores
768 4746 1070 4814 diligamus.
1117 4749 1344 4805 Dilectio
1390 4750 1570 4808 Patris
1617 4769 1744 4822 pro-

155 4830 274 4890 bata
320 4845 434 4903 est,
483 4838 608 4907 quia
651 4838 797 4894 misit
846 4839 1324 4898 Filiunndilectio
1363 4843 1485 4898 Filii
1541 4844 1592 4898 in
1639 4845 1742 4900 hoc

153 4931 445 4998 apparuit,
507 4931 651 5000 quod
699 4945 798 5001 pro
851 4931 1003 4991 nobis
1055 4948 1192 5006 quos
1243 4935 1543 5006 praedilexit
1597 4951 1740 4992 mor-

156 5029 277 5078 tuus
304 5033 412 5079 est.

227 5115 393 5172 Vens.
427 5117 516 5172 10.
555 5148 626 5158 --
655 5119 780 5174 Νοη
807 5122 960 5191 quasi
983 5137 1094 5176 nos.
1121 5122 1235 5176 Non
1259 5125 1409 5194 prius
1429 5125 1736 5192 dileximus,

155 5214 212 5259 ut
239 5209 396 5277 quasi
435 5209 630 5264 merito
657 5219 854 5266 nostra:
883 5212 1187 5267 dilectionis
1221 5215 1333 5284 ipse
1353 5215 1597 5286 diligeret
1619 5233 1736 5280 nos,

155 5299 250 5355 sed
279 5300 396 5370 ipse
427 5301 576 5372 prior
612 5301 798 5359 dilexit
838 5319 958 5371 nos,
1004 5311 1064 5358 ut
1093 5315 1366 5374 praeeunte
1407 5309 1578 5377 gratia
1625 5309 1742 5378 ejus

155 5407 254 5452 nos
279 5410 409 5450 eum
438 5395 749 5466 diligamus.

226 5483 396 5542 Vens.
425 5487 516 5540 11.
542 5518 611 5528 —
634 5487 702 5541 Et
747 5505 840 5544 nos
877 5491 1120 5547 debemus
1151 5491 1460 5549 alterutrum
1500 5491 1732 5566 diligere.

105 5641 108 5645 _
153 5577 353 5650 Dilige,
386 5588 446 5634 et
474 5580 613 5649 quod
655 5581 738 5636 vis
762 5581 863 5638 fac.
893 5583 1018 5638 Sive
1041 5592 1240 5648 taceas,
1271 5583 1556 5641 dilectione
1581 5595 1696 5640 tace
1723 5605 1734 5639 τ

153 5669 272 5725 sive
310 5672 541 5736 clames,
591 5673 879 5730 dilectione
917 5675 1106 5730 clama.
1150 5677 1224 5731 De
1277 5678 1376 5732 hac
1415 5679 1594 5735 radice
1634 5695 1737 5734 non

149 5770 336 5836 potest
355 5761 468 5818 nisi
495 5762 694 5822 bonum
717 5765 884 5824 exire.

1770 4520 1822 4580 υ

3313 357 3412 418 702

547 453 618 465 --
640 424 708 481 Et
730 429 826 482 hoc
846 441 924 535 est
944 436 1274 549 ηιηζδάαιιιηῖἶ
1305 440 1610 498 Mandatum
1639 448 1746 501 sin-
1775 453 1823 512 Α
1923 455 2084 512 Vens.
2139 461 2225 514 η.
2251 493 2320 502 --
2345 463 2510 519 Deum
2547 483 2695 520 nemo
2741 468 2865 522 vidit
2909 486 3160 542 unquam.
3199 473 3412 549 (Βεω.)

1846 547 1998 604 Sicut
2022 551 2276 610 videntur
2304 556 2404 610 ista
2445 559 2672 612 visibilia
2703 563 2945 628 corporis
2981 565 3228 621 sensibus
3263 547 3414 636 nota,

1843 641 1922 697 sic
1949 657 2054 696 non
2083 643 2297 702 videtur
2321 647 2482 710 Deus,
2517 657 2646 714 etc.,
2671 669 2832 722 usque
2861 655 2931 706 ad
2955 670 3080 708 unm
3117 657 3293 714 adhuc
3313 671 3415 732 pe-

1843 735 2182 803 rcgrinamur
2211 737 2536 809 incorpore,
2579 742 2864 814 diligamus
2893 740 3143 813 invicem,
3175 757 3283 805 etc.

1916 825 2078 880 Vens.
2125 827 2208 882 i5.
2238 859 2309 869 —-
2332 829 2398 882 In
2435 832 2532 886 hoc
2580 837 2958 903 cognoscimus.
2993 838 3144 894 Unde
3187 841 3421 898 sciemus

1844 915 1887 969 si
1920 915 2215 972 habeamus
2238 920 2483 988 spiritum
2520 921 2646 976 Dei?
2676 923 2949 997 Interroga
2981 927 3187 984 viscera
3213 938 3302 984 tua
3332 945 3347 984 :
3372 931 3418 987 si

1843 1005 1952 1062 sint
1982 1006 2133 1076 plena
2187 1009 2472 1076 charitate,
2510 1011 2677 1066 habes
2708 1015 2955 1083 spiritum
2997 1017 3109 1072 Dei.
3157 1016 3420 1084 Quoniam

1842 1094 1898 1147 in
1925 1110 1984 1148 eo
2014 1111 2302 1152 manemus.
2334 1099 2478 1154 Deus
2511 1100 2563 1156 in
2608 1101 2761 1157 nobis
2799 1113 2999 1163 manet.
3032 1115 3088 1161 et
3118 1123 3218 1162 nos
3246 1109 3300 1162 in
3330 1123 3417 1174 eo,

1844 1185 2073 1256 ideoque
2117 1204 2278 1246 nemo
2305 1190 2371 1246 de
2399 1192 2572 1248 salute
2615 1193 2888 1264 desperet,
2937 1198 3060 1263 quia
3093 1200 3195 1253 etsi
3245 1199 3420 1255 morbi

1841 1279 2108 1335 scelerum
2149 1297 2247 1336 nos
2292 1283 2623 1354 deprimunt,
2673 1286 3013 1354 omnipotens
3054 1299 3137 1342 est
3179 1289 3421 1344 medicus

1843 1368 1933 1440 qui
1963 1369 2149 1424 salvet.
2197 1370 2539 1427 Gaudeamus
2579 1374 2632 1428 in
2674 1390 2768 1443 spe
2795 1384 2851 1428 ut
2875 1376 3154 1432 veniamus
3191 1379 3258 1432 ad
3281 1394 3414 1433 rem.

1916 1463 2078 1518 Vsus.
2121 1462 2388 1518 lli—Et
2411 1481 2504 1519 nos
2546 1466 2897 1536 cognovimus.
2947 1467 3056 1523 Nos
3088 1469 3323 1525 vidimus
3366 1467 3423 1526 et

1843 1563 2107 1609 testamur
2134 1557 2276 1626 quod
2313 1556 2454 1612 Deus
2477 1559 2622 1613 misit
2651 1558 2842 1614 Filium
2881 1576 3056 1625 suum,
3089 1570 3144 1616 et
3170 1563 3423 1633 cognovi—

1845 1661 1964 1701 mus
1994 1661 2097 1714 qua
2147 1663 2309 1702 causa
2339 1649 2441 1702 hoc
2481 1649 2646 1704 fecit:
2693 1666 2798 1704 non
2829 1652 2953 1721 quia
3001 1652 3281 1724 indigeret.
3313 1670 3421 1714 non

1843 1737 1968 1806 quia
2016 1738 2218 1808 aliquid
2249 1739 2493 1800 deberet,
2526 1741 2618 1794 sed
2653 1741 2762 1799 sola
2807 1743 3094 1812 charitate.
3142 1747 3276 1798 Cum
3321 1745 3421 1800 ha-

1843 1829 1994 1882 beret
2023 1811 2238 1884 unicum
2265 1829 2435 1884 noluit
2462 1831 2610 1886 illum
2647 1846 2766 1886 esse
2797 1849 2979 1897 unum,
3019 1811 3113 1889 sed
3139 1843 3196 1888 ut
3228 1833 3422 1918 fratres

1847 1919 2092 1985 haberet,
2127 1928 2184 1975 et
2226 1923 2501 1992 adoptavit
2537 1924 2610 1978 illi
2641 1939 2735 1980 cos
2779 1926 2866 1996 qui
2907 1941 3028 1981 cum
3057 1926 3147 1982 illo
3185 1927 3452 2011 posside;

1848 2019 1968 2064 rent
1996 2027 2014 2062 \
2029 2011 2157 2071 itam
2194 2022 2475 2068 mternam.

1920 2101 2081 2158 γενεῦ.
2123 2103 2208 2158 l8.
2237 2133 2310 2146 -—
2340 2102 2518 2158 Timor
2543 2122 2646 2158 non
2673 2115 2745 2160 est
2780 2106 2833 2161 in
2869 2107 3140 2160 charitatc.
3169 2107 3226 2162 ln
3249 2121 3313 2162 ea
3339 2107 3426 2182 nia

1847 2192 2042 2248 mirum
2070 2194 2337 2249 charitate
2363 2210 2482 2264 qme
2516 2195 2582 2249 ad
2607 2197 2964 2252 imitationem
2993 2197 3188 2252 divinre
3217 2197 3428 2254 bonita-

1845 2285 1917 2341 tis
1937 2285 2099 2340 etiam
2128 2286 2361 2341 inimicis
2399 2287 2686 2350 benefacit,
2719 2305 2825 2343 non
2855 2299 2940 2344 est
2973 2292 3152 2344 timor.

2475 2379 2701 2437 CAPUT
2739 2381 2802 2440 Υ.

1921 2469 2082 2524 Vens.
2116 2470 2164 2523 l.
2197 2500 2269 2510 —
2295 2469 2479 2524 Omnis
2514 2472 2603 2541 qui
2637 2472 2819 2525 credit.
2859 2471 3065 2538 Credit,
3095 2473 3186 2542 qui
3217 2475 3295 2528 sic
3341 2473 3424 2527 vi-

1847 2563 1926 2616 vit
1957 2563 2226 2632 qnomodo
2267 2563 2514 2618 Christus
2539 2565 2811 2632 prmeepit,
2847 2565 3004 2618 aliter
3058 2573 3114 2620 et
3159 2568 3428 2621 (temones

1848 2657 2092 2708 credunt.
2125 2653 2301 2724 Opera
2329 2663 2506 2710 autem
2551 2666 2746 2726 praeter
2779 2655 2959 2720 ﬁdem,
2993 2655 3077 2711 vel
3118 2657 3282 2722 nulla,
3317 2655 3422 2724 vel,
3483 2699 3492 2708 .

1846 2745 2057 2800 etiamsi
2091 2746 2226 2800 bona
2257 2747 2554 2810 videantur,
2587 2756 2713 2802 sunt
2738 2747 2938 2812 inania,
2972 2749 3097 2816 quia
3131 2756 3254 2802 sunt
3285 2755 3424 2818 prai-

1851 2847 1930 2892 ter
1956 2838 2118 2902 viam,
2149 2855 2270 2909 quae
2311 2838 2560 2894 Christus
2589 2848 2688 2894 est.
2737 2841 2870 2902 Vere
2900 2841 2988 2910 qui
3025 2841 3198 2912 diligit
3237 2841 3428 2907 Deum,

1847 2930 2020 3000 diligit
2055 2930 2298 2987 fratrem.
2339 2930 2472 2984 Nam
2509 2931 2598 3001 qui
2627 2931 2799 3002 diligit
2828 2932 2996 2986 Deum
3021 2932 3258 2998 Patrem,
3309 2933 3429 2988 diliv

1847 3023 1928 3092 git
1961 3023 2124 3076 Deum
2157 3022 2374 3086 Filitun,
2416 3038 2446 3076 a
2499 3022 2658 3078 Patre
2707 3023 2969 3092 genitum,
3019 3032 3074 3078 et
3121 3024 3210 3092 qui
3256 3023 3430 3094 diligit

1849 3111 2016 3169 Deum
2047 3111 2264 3177 Filium,
2295 3112 2468 3184 diligit
2494 3114 2657 3167 etiam
2688 3113 2781 3168 Dei
2821 3113 2983 3178 ﬁlios,
3007 3113 3248 3168 membra
3287 3113 3429 3170 illius

1850 3202 2062 3271 capitis.

1923 3291 2084 3347 Vens.
2113 3291 2166 3346 5.
2197 3323 2265 3330 —
2294 3291 2489 3346 Gravia
2523 3309 2626 3348 non
2650 3301 2788 3346 sunt.
2822 3291 3034 3364 (BEDA.)
3063 3291 3178 3348 Non
3212 3295 3429 3355 trahunt

1849 3385 2125 3450 deorsum,
2168 3393 2228 3438 ut
2268 3385 2524 3438 talentum
2580 3385 2808 3454 plumbi,
2857 3395 2990 3450 etc.,
3046 3403 3206 3458 usque
3245 3387 3314 3440 ad
3359 3379 3430 3443 ne

1849 3477 1968 3546 quis
2007 3491 2102 3530 sua
2130 3475 2326 3529 virtute
2363 3475 2598 3557 conﬁdat
2633 3491 2692 3530 se
2711 3491 2871 3548 posse
2894 3475 3112 3532 vincere
3142 3476 3428 3546 mundum,

1848 3568 2027 3623 subdit
2048 3567 2112 3621 de
2137 3565 2238 3620 ﬁde
2269 3581 2282 3619 :

1919 3658 2080 3712 Vsus.
2107 3656 2252 3711 L—
2279 3655 2346 3710 Et
2383 3655 2493 3710 haec
2523 3665 2598 3710 est
2629 3658 2866 3724 victoria,
2895 3667 3003 3714 etc.
3033 3659 3127 3716 Illa
3170 3659 3428 3717 nimirum

1843 3737 2000 3812 ﬁdes,
2031 3763 2150 3816 qua:
2184 3761 2282 3818 per
2314 3745 2659 3806 dilectionem
2683 3758 2962 3818 operatur,
2987 3765 3108 3820 qua:
3151 3749 3250 3806 Dei
3275 3753 3428 3808 auxi-

1846 3838 1976 3894 lium
2014 3837 2234 3910 flagitat.

1915 3929 2080 3985 Vens.
2108 3929 2160 3984 5.
2191 3959 2262 3971 -
2292 3927 2422 3994 Quis
2453 3939 2526 3984 est
2557 3932 2772 3984 autent?
2796 3939 2902 3987 etc.
2937 3931 3271 3986 Determinat
3305 3949 3426 4002 quae

1847 4020 1979 4076 ﬁdes
2015 4021 2202 4086 vincit,
2239 4021 2446 4076 scilicet
2495 4020 2628 4075 ﬁdes
2667 4019 2890 4074 Christi.
2921 4019 3129 4086 Quasi:
3164 4020 3298 4074 Vere
3329 4037 3426 4089 per

1845 4111 2004 4168 ﬁdem
2041 4103 2208 4166 vincit
2234 4111 2513 4175 mundum,
2549 4109 2674 4185 quia
2706 4123 2803 4179 per
2840 4108 2984 4163 aliud
3031 4123 3134 4162 non
3167 4108 3420 4165 vincitur.

1850 4203 2006 4258 Fides
2031 4215 2229 4260 nostra.
2259 4203 2398 4258 Ecce
2435 4218 2555 4277 quin
2585 4202 2716 4255 ﬁdes
2733 4201 2921 4267 vincit,
2964 4215 3082 4269 quae
3119 4199 3292 4256 credit
3328 4199 3423 4256 ve;-

1844 4311 1964 4350 rum
1993 4296 2264 4350 hominem
2297 4301 2355 4349 et
2383 4309 2566 4350 verum
2599 4293 2790 4352 Deum,
3408 4369 3414 4378 Ι

1917 4388 2078 4443 Vens.
2108 4387 2161 4442 6.
2190 4417 2259 4426 ——
2288 4385 2391 4448 llic
2434 4395 2542 4450 est,
2581 4393 2684 4440 etc.
2721 4383 2856 4452 Quia
2898 4383 3013 4439 sola
3054 4381 3189 4438 ﬁdes
3215 4390 3270 4438 et
3295 4398 3424 4438 con.

1847 4479 2012 4535 fessio
2042 4479 2338 4534 divinitatis
2364 4494 2469 4532 non
2499 4477 2692 4534 sufﬁcit
2721 4476 2786 4530 ad
2829 4475 3057 4530 salutem
3099 4484 3154 4530 et
3183 4475 3252 4529 ad
3304 4476 3420 4528 viu-

1847 4573 2074 4628 cendum
2101 4571 2376 4636 mundum,
2402 4571 2550 4626 addit
2569 4581 2622 4625 et
2649 4569 2715 4624 de
2739 4567 3110 4622 humanitate:
3139 4576 3424 4638 propterea

1847 4667 2112 4736 expressit
2140 4666 2476 4736 sanguinem.

1917 4756 2164 4828 Spiritus.
2216 4757 2272 4811 ltl
2315 4765 2425 4822 est,
2455 4757 2690 4810 humana
2729 4757 2907 4811 anima
2937 4770 3099 4826 quam
3141 4754 3322 4810 emisit
3369 4755 3421 4810 in

1843 4847 2134 4918 passione;
2177 4861 2312 4918 aqua
2347 4857 2396 4900 et
2418 4849 2652 4918 sanguis,
2687 4863 2806 4916 qua:
2840 4845 3110 4900 fluxerunt
3137 4846 3202 4900 de
3234 4846 3418 4901 latere.

1846 4940 1957 4996 lloc
1990 4941 2101 4995 ﬁeri
2136 4956 2239 4995 non
2271 4948 2484 5010 posset,
2529 4940 2572 4994 si
2605 4954 2787 4992 veram
2825 4937 3004 4993 carnis
3033 4943 3280 4990 naturam
3312 4952 3417 4992 non

1847 5033 2086 5088 haberet.
2116 5031 2221 5086 Sed
2253 5043 2309 5086 et
2331 5040 2460 5084 ante
2485 5031 2814 5100 passionem,
2831 5030 2996 5084 sudor
3015 5028 3106 5097 qui
3133 5025 3309 5090 factus
3333 5037 3420 5081 est

1845 5125 1989 5183 sicut
2011 5134 2174 5195 gutta;-
2196 5125 2473 5194 sanguinis
2498 5123 2735 5178 ostendit
2772 5123 3056 5179 veritatem
3082 5121 3280 5176 carnis.
3307 5121 3419 5183 lloc

1845 5228 2024 5274 autem
2073 5219 2216 5288 quod
2258 5219 2326 5273 de
2371 5219 2538 5272 latere
2561 5217 2675 5286 jam
2706 5217 2902 5272 mortui
2943 5225 3131 5272 contra
3167 5223 3416 5273 naturam

1847 5326 1983 5381 aqua
2007 5311 2229 5382 sanguis
2252 5311 2515 5366 vivaciler
2541 5309 2714 5372 ﬁnxit,
2747 5308 3044 5364 testabatur
3063 5308 3204 5377 quod
3225 5321 3420 5375 corpus

1848 5404 2058 5458 Domini
2089 5413 2211 5473 post
2240 5412 2467 5458 mortem
2502 5403 2693 5458 melius
2713 5411 2865 5457 esset
2887 5402 3176 5464 victurum,
3199 5407 3252 5452 et
3275 5412 3418 5452 mors

1842 5493 1960 5562 ejus
1990 5494 2154 5547 vitam
2183 5494 2340 5548 nobis
2368 5494 2542 5548 daret.
2589 5493 2740 5560 Quod
2768 5507 2898 5548 vero
2926 5480 3091 5546 sudor
3126 5490 3263 5544 sicut
3289 5501 3416 5540 san,

1843 5585 1964 5655 guis
1995 5584 2046 5637 in
2077 5593 2274 5638 terram
2307 5583 2537 5649 fluebat,
2581 5585 2829 5654 signabat
2857 5582 3000 5654 quod
3033 5595 3131 5636 suo
3159 5577 3418 5648 sanguine

1846 5675 2139 5730 Ecclesium
2160 5684 2272 5728 toto
2293 5676 2424 5730 orbe
2448 5676 2670 5733 lavaret.
3239 5726 3246 5732 .

1919 5769 2078 5825 Vens.
2113 5771 2164 5825 7.
2199 5803 2256 5812 —-
2292 5771 2548 5838 Quoniam
2577 5782 2680 5832 tres
2725 5780 2862 5826 sunt.
2905 5769 3018 5831 Per-
3037 5767 3142 5822 hoc
3175 5769 3414 5841 uisitaret.
