3948 6314
522 323 625 385 705

1015 323 1410 381 WALAFRIDI
1446 318 1700 395 STRABI
1736 325 1944 385 FULD.
1984 325 2151 383 NON.
2191 327 2342 387 OPP.
2382 327 2564 385 PARS
2587 328 2639 386 .l.
2677 361 2746 372 --
2784 331 3248 393 THEOLOGICA.

3689 342 3792 399 τοι

516 436 662 507 quod
713 433 871 492 Jesus
919 444 1005 492 est
1042 438 1265 505 veritas,
1309 454 1471 496 verus
1508 438 1674 508 Deus,
1706 456 1868 509 verus
1914 442 2095 499 homo.
2127 447 2179 508 Α
2238 514 2241 515 ν
2274 442 2372 499 Est
2395 456 2664 517 peccatum
2689 448 2760 504 ad
2795 458 3031 506 mortem.
3069 451 3184 536 Hoc
3204 461 3488 525 peccatum
3518 470 3738 528 separat
3763 479 3793 519 s

521 528 588 582 Et
638 526 706 583 de
755 536 985 597 utroque
1036 528 1298 585 habemus
1347 538 1557 587 certmn
1610 532 2004 600 testimonium,
2035 534 2103 591 de

520 617 730 677 Deitate
786 616 1002 688 quidem
1043 632 1141 689 per
1170 618 1414 689 Patrem,
1460 633 1515 697 et
1557 621 1775 691 Filium,
1824 633 1880 681 et
1926 623 2100 697 Spiri-

520 720 631 764 tum
660 718 905 766 sanctum
942 729 956 765 :
996 712 1061 767 de
1088 713 1420 771 humanitate
1441 693 1541 787 p'er
1582 717 1842 787 animam,
1884 693 2102 790 aquam,

517 807 569 853 et
626 800 966 871 sanguinem.
1015 800 1178 857 Pater
1243 803 1390 859 dedit
1443 805 1812 863 testimonium
1877 806 2103 867 Deitatis

521 892 738 960 quando
790 891 928 948 dixit
974 911 989 947 :
1030 892 1134 949 Hic
1179 905 1254 950 est
1295 894 1465 952 Filius
1513 914 1658 954 meus
1699 898 1939 956 dilectus.
1985 900 2104 974 lpse

518 982 687 1039 Filius
712 981 880 1049 dedit,
908 984 1124 1053 quando
1160 985 1215 1040 in
1253 996 1437 1042 monte
1467 987 1883 1059 transﬁguratus
1907 997 2023 1058 est,
2049 998 2106 1048 et

517 1073 815 1141 potentiam
858 1074 1167 1132 Diviuitatis
1210 1084 1269 1131 etv
1298 1091 1448 1147 spem
1491 1087 1710 1134 aeterna:
1751 1079 2103 1137 beatitudinis

516 1164 778 1219 ostendit.
811 1164 1047 1237 Spiritus
1074 1176 1296 1224 sanctus
1341 1168 1511 1235 dedit,
1550 1169 1779 1251 quando!
1805 1186 1971 1242 super
2005 1170 2103 1228 ba-

517 1254 782 1325 ptizatum
818 1256 872 1311 in
899 1257 1080 1330 specie
1119 1257 1381 1316 columba:
1418 1260 1715 1331 requievit,
1754 1261 1840 1318 vel
1884 1265 2103 1339 quando

519 1348 589 1402 ad
636 1348 976 1407 vocationem
1022 1350 1256 1414 nominis
1297 1351 1499 1415 Christi
1543 1353 1709 1413 corda
1761 1354 2101 1413 credentium

519 1438 781 1511 implevit.
900 1438 903 1441 ’

590 1527 757 1587 VERE.
789 1530 874 1587 ‘10.
901 1562 973 1581 -.-
1000 1530 1107 1600 Qui
1140 1535 1302 1590 credit
1327 1536 1383 1591 in
1411 1534 1613 1594 Filium
1637 1536 1822 1597 DeiJS
1852 1538 2102 1613 intelligit

519 1618 739 1677 Patrem
769 1637 1018 1684 veracem
1045 1623 1100 1679 in
1132 1626 1439 1682 testimonio
1462 1625 1604 1683 Filii.
1635 1626 1736 1696 Qui
1764 1645 1870 1685 non
1894 1631 2099 1697 credit,

519 1710 652 1768 dicit
697 1712 914 1774 Patrem
957 1731 1077 1778 esse
1120 1717 1424 1775 mentitum.
1465 1718 1688 1781 Frustra
1725 1721 1889 1793 igitur
1913 1722 2100 1778 dicunt

515 1799 686 1860 Judaei
720 1820 781 1861 se
824 1806 1047 1865 credere
1087 1807 1139 1863 in
1175 1796 1426 1876 Patrem,
1471 1812 1708 1884 quandiu
1748 1823 2099 1874 emite-linunt
2126 1822 2174 1884 Β

515 1892 812 1951 Christum.
848 1895 915 1957 In
949 1894 1168 1960 Filium.
1206 1898 1342 1968 Quia
1371 1900 1536 1965 Pater
1562 1911 1793 1968 testatur
1819 1904 1886 1961 de
1924 1905 2096 1974 Filio,

513 1987 803 2043 credamus
832 1988 883 2042 in
918 1988 1136 2045 Filium.
1181 1989 1316 2057 Quia
1351 1992 1443 2063 qui
1474 1993 1545 2048 ita
1585 1996 1761 2053 credit
1793 1996 1847 2051 in
1879 1995 2096 2065 Filium,

515 2087 577 2132 ut
605 2079 741 2138 bene
769 2081 1215 2164 optandotendat
1240 2084 1293 2138 in
1328 2084 1504 2156 ipsum
1532 2086 1696 2169 habet
1728 2087 2097 2144 testimonium

517 2167 612 2227 Dei
649 2170 703 2226 in
732 2188 813 2239 se,
844 2161 1212 2244 quasi'dicat:
1255 2177 1330 2232 De
1367 2194 1432 2234 eo
1470 2164 1633 2236 etiam
1666 2188 1898 2237 testatur
1922 2183 2094 2254 Deus,
2134 2196 2141 2202 ‘

516 2260 661 2331 quod
691 2262 804 2332 ipse
833 2264 913 2318 sic
956 2264 1189 2321 credens
1217 2268 1323 2323 erit
1360 2269 1415 2324 in
1445 2286 1672 2333 numero
1699 2272 1931 2332 ﬁliorum
1960 2275 2097 2344 Dei,

517 2350 637 2421 ipso
662 2350 799 2413 Filio
829 2353 939 2411 suis
967 2348 1041 2412 ita
1069 2354 1353 2427 pollicente
1377 2378 1391 2414 :
1432 2358 1493 2418 Si
1520 2364 1637 2433 quis
1675 2364 1804 2419 mihi
1831 2366 2100 2422 ministra-

512 2443 663 2509 verit,
685 2445 1053 2516 Itonoriﬁcabit
1094 2446 1243 2509 illaut
1271 2447 1436 2505 Pater
1461 2469 1608 2513 meus
1638 2452 1830 2521 (Joan.
1859 2470 1935 2512 xu
1955 2456 1994 2526 ).
2038 2457 2097 2514 Si

512 2546 644 2604 ergo
668 2533 836 2590 Deum
865 2544 1055 2598 testem
1088 2547 1193 2601 tua:
1217 2539 1341 2596 ﬁdei
1371 2542 1649 2609 habueris,
1683 2547 1811 2621 quid
1843 2555 1896 2603 te
1924 2548 2099 2606 homi-

514 2638 645 2677 num
675 2622 895 2687 infamia
917 2626 1000 2683 vel
1024 2631 1325 2703 persecutio
1353 2631 1540 2695 laedit?
1563 2632 1624 2692 Si
1644 2633 1788 2695 Deus
1808 2653 1903 2707 pro
1924 2639 2095 2707 nobis,

510 2715 628 2793 quis
658 2726 839 2771 contra
870 2720 1002 2774 nos?
1025 2719 1196 2792 (Rom.
1222 2723 1367 2795 vni.)

512 2870 515 2871 ν
585 2804 749 2871 Vsus.
781 2808 867 2869 Η.
890 2841 960 2850 -
984 2810 1051 2865 Et
1082 2812 1180 2874 hoc
1206 2823 1281 2867 est
1316 2816 1691 2883 testimonium.
1729 2817 1807 2873 Dc
1847 2819 1987 2876 Filio
2014 2829 2097 2876 te-

513 2903 690 2952 status
737 2906 853 2965 est,
885 2908 941 2959 et
965 2901 1130 2957 etiam
1160 2902 1226 2958 de
1259 2905 1418 2961 nobis
1447 2906 1570 2969 ﬁliis
1611 2908 1915 2979 adoptivis,
1955 2910 2097 2982 quod

508 2982 614 3060 per
639 2988 836 3046 Filium
880 3008 1036 3049 suum
1069 2994 1286 3052 unicum
1325 2999 1489 3056 etiam
1533 3000 1689 3056 nobis
1728 3001 1841 3072 jam
1886 3003 1940 3059 in
1966 3020 2095 3076 spe,

513 3080 837 3155 quandoque
861 3093 1041 3140 autem
1067 3086 1121 3141 in
1152 3104 1211 3143 re
1237 3089 1400 3144 vitam
1429 3099 1686 3148 :eternam
1718 3094 1891 3150 daret.

2208 536 2349 605 Deo,
2383 538 2523 595 sicut
2549 556 2698 598 mors
2718 553 2936 615 separat
2964 545 3203 605 animam
3231 563 3262 604 a
3291 564 3547 622 corpore.

2218 708 2231 720 ,
2275 649 2440 706 Vitas.
2464 652 2625 707 l7.—
2640 651 2825 710 Omnis
2844 657 3096 728 iniquitas
3112 669 3402 731 peccatum.
3428 662 3596 732 Quasi
3620 684 3635 721 :
3658 667 3795 727 Vere

2203 743 2469 834 orandum
2497 754 2582 802 est
2624 762 2724 818 pro
2750 751 3098 819 peccantibus
3133 768 3243 810 non
3281 756 3350 811 ad
3386 767 3649 827 mortem,
3672 765 3793 834 quia

2203 833 2388 891 multis
2409 837 2651 905 peccatis
2662 850 3215 912 occupanturomnes,
3229 853 3286 908 et
3303 861 3466 904 nemo
3479 861 3665 920 potest
3678 833 3794 911 esse

2203 926 2322 982 sine
2349 938 2595 998 peccato,
2615 932 2741 1003 quia
2763 935 2941 990 omnis
2968 936 3225 1009 iniquitas
3242 950 3326 996 est
3349 952 3666 1012 peccatum.
3694 947 3795 1004 Sed

2203 1033 2366 1090 supra
2391 1020 2498 1077 alia
2521 1032 2605 1079 est
2618 1035 2900 1095 peccatum
2914 1029 2982 1084 ad
3002 1039 3251 1099 mortem,
3266 1035 3410 1104 quod
3424 1051 3537 1094 non
3561 1038 3798 1095 humana

2203 1109 2501 1181 fragilitate
2546 1118 2928 1185 committitur,
2975 1129 3031 1175 et
3065 1121 3187 1178 ideo
3230 1125 3480 1183 oratione
3515 1140 3799 1186 rtstornn

2203 1216 2311 1257 non
2338 1213 2639 1276 purgatur:
2678 1210 2936 1280 quoniam
2962 1213 3056 1269 eui
3081 1213 3209 1270 talia
3233 1225 3421 1289 agunt,
3444 1232 3684 1291 regnum
3710 1222 3798 1279 Dei

2204 1307 2312 1348 non
2339 1305 2758 1367 consequentur.

2273 1404 2437 1463 Vsus.
2481 1408 2567 1463 18.
2601 1440 2674 1450 -
2700 1408 2884 1469 Omna
2909 1431 2998 1486 qut
3031 1426 3188 1473 natus
3214 1426 3322 1486 est,
3352 1427 3461 1485 etc.
3502 1422 3616 1490 Qui
3648 1431 3804 1478 natus

2203 1503 2290 1552 est
2317 1512 2383 1559 ex
2414 1496 2526 1553 Deo
2553 1514 2660 1554 non
2710 1511 2901 1571 peccat
2920 1504 2986 1559 ad
3016 1515 3244 1570 mortem
3270 1510 3404 1584 :(pli
3443 1527 3559 1575 non
3597 1521 3686 1568 est
3712 1529 3803 1569 ua-

2205 1595 2315 1654 tus,
2343 1598 2575 1660 peccat;
2604 1593 2701 1648 sed
2740 1608 2841 1650 nos
2873 1610 3062 1656 sumus
3083 1597 3151 1660 de
3179 1598 3286 1657 illis
3309 1602 3403 1672 qui
3432 1604 3550 1657 nati
3582 1616 3717 1659 sunt
3736 1620 3799 1659 es

2204 1679 2316 1735 Deo
2341 1697 2355 1735 :
2389 1681 2511 1736 ideo
2537 1698 2643 1738 non
2670 1684 3015 1754 peecabimus
3033 1728 3047 1754 ,
3075 1704 3180 1744 non
3209 1698 3501 1762 tangemur
3521 1692 3601 1747 ab
3626 1693 3797 1759 hoste,

2202 1772 2299 1828 sed
2343 1773 2528 1830 mundi
2578 1784 2851 1834 amatores
2893 1788 3022 1836 sunt
3067 1782 3293 1851 subjecti
3341 1784 3593 1857 maligno
3641 1787 3796 1844 hosti.

2204 1863 2328 1919 Non
2350 1875 2551 1937 peccat.
2580 1867 2749 1933 David
2776 1872 3015 1942 graviter
3032 1877 3296 1944 peccavit,
3318 1877 3415 1933 sed
3441 1879 3579 1947 quia
3601 1894 3673 1935 ex
3692 1878 3803 1937 Dea

2201 1963 2361 2020 natus
2387 1958 2455 2014 ad
2482 1960 2797 2017 societatem
2820 1961 3050 2019 ﬁliorum
3073 1964 3165 2020 Dei
3187 1967 3519 2036 pertinebat,
3544 1985 3662 2025 non
3678 1987 3797 2042 pec-

2199 2047 2346 2101 cavit
2372 2048 2439 2103 ad
2465 2058 2720 2127 mortem,
2743 2052 2839 2108 sed
2859 2054 3071 2109 veniam
3092 2056 3406 2126 paenitendo
3436 2060 3669 2115 meruit.
3690 2058 3793 2116 Sed

2197 2137 2461 2207 generatio
2484 2137 2582 2194 Dei
2601 2180 2617 2204 ,
2645 2150 2752 2197 etc.
2786 2141 2888 2210 Qui
2926 2142 2980 2198 in
3017 2146 3368 2216 generatione
3402 2147 3501 2202 Dei
3539 2163 3795 2219 ρει-δεῖεν

2198 2237 2343 2293 rant,
2369 2245 2595 2301 peccare
2616 2248 2722 2288 non
2748 2245 2989 2306 possunt,
3014 2252 3191 2309 neque
3210 2256 3241 2293 a
3264 2239 3510 2311 maligno
3529 2243 3791 2315 contingi.

2198 2317 2479 2385 Quomodo
2506 2321 2623 2377 dies
2662 2332 2721 2378 et
2746 2339 2854 2380 nox
2884 2326 3099 2383 misceri
3125 2338 3437 2398 nequeunt,
3477 2331 3564 2386 sic
3582 2329 3792 2399 justiti:

2197 2416 2254 2463 et
2303 2408 2564 2479 iniquitas
2600 2412 2866 2483 malignus
2891 2423 2950 2470 et
2976 2416 3254 2487 generatio
3282 2418 3400 2473 Dei.
3430 2418 3648 2491 Tangit
3671 2437 3792 2494 ergo

2196 2498 2407 2570 aliquos
2430 2501 2693 2576 malignus
2720 2504 2917 2562 laedens
2944 2516 3001 2565 et
3053 2506 3313 2586 afﬂigens,
3338 2512 3436 2569 sed
3460 2527 3577 2569 non
3593 2515 3667 2569 ad
3684 2530 3793 2569 ma-

2197 2593 2308 2650 lum
2337 2610 2548 2661 eorum,

2269 2710 2440 2773 Vsus.
2470 2712 2555 2769 l9.
2592 2743 2663 2762 -ν-
2698 2713 2767 2772 Et
2798 2716 3024 2776 mundus
3052 2725 3211 2773 totus.
3243 2716 3360 2773 Non
3391 2719 3575 2775 solum
3606 2722 3789 2778 mundi

2196 2813 2489 2869 amatores,
2520 2805 2612 2860 sed
2641 2805 2803 2861 etiam
2832 2821 3005 2878 nuper
3032 2809 3178 2875 nati,
3207 2811 3298 2882 qui
3333 2799 3442 2867 iion
3477 2811 3695 2869 habent
3718 2814 3793 2869 di-

2196 2898 2522 2957 scretionem
2555 2898 2682 2955 boni
2728 2910 2786 2957 et
2817 2903 2974 2969 mali,
3014 2915 3237 2975 propter
3259 2906 3494 2975 primam
3523 2908 3793 2976 prses-ari-

2196 2989 2463 3054 cationem
2485 2993 2756 3063 pertinent
2780 2994 2844 3051 ad
2868 3010 3091 3066 regnum
3118 2995 3337 3054 diaboli.
3357 2998 3466 3054 nisi
3494 3000 3681 3071 gratia
3700 2999 3791 3057 Dei

2196 3091 2461 3137 eruantur
2488 3098 2517 3137 a
2549 3084 2805 3140 tenebris.

499 3168 505 3175 ’
581 3168 651 3225 Et
699 3173 811 3228 Iure
847 3184 922 3230 est
966 3176 1089 3231 vita.
1130 3177 1365 3253 (ΒΕυΑ.)
1409 3180 1467 3237 In
1507 3182 1612 3239 fide
1658 3192 1713 3239 et
1759 3186 2097 3245 confessione
2122 3176 2169 3240 C
2270 3173 2438 3229 νείκεα
2474 3172 2747 3229 θοι-Εί
2772 3177 2986 3243 πίθηκε,
3014 3188 3120 3235 εἷε-
3152 3177 3322 3236 Nemo
3349 3183 3469 3237 Sine
3489 3181 3792 3241 δίῖίωω-

511 3265 770 3332 nominis,
794 3267 849 3329 in
879 3270 1227 3343 perceptione
1253 3267 1741 3345 sacramentorum,
1772 3285 1904 3347 etc.,
1935 3295 2097 3352 usque

510 3358 584 3412 ad
613 3360 704 3429 qui
739 3361 825 3417 dat
849 3363 962 3419 suis
987 3364 1149 3419 vitam
1179 3376 1459 3432 mternam.

585 3449 748 3508 Vsus.
784 3454 870 3508 Η.
898 3486 970 3495 -
998 3454 1067 3509 Et
1103 3456 1214 3512 Ιιαέ
1248 3469 1323 3513 est
1361 3460 1581 3530 ﬁducia.
1613 3461 1981 3536 Multipliciter
2004 3480 2097 3528 ea-

493 3537 632 3597 "dem
660 3559 779 3613 qua:
803 3560 963 3615 supra
989 3548 1316 3617 promiserat
1341 3551 1595 3618 inculcat,
1620 3562 1679 3608 ut
1705 3570 1802 3610 nos
1823 3554 1889 3609 ad
1934 3572 2096 3611 oran-

510 3632 642 3690 dum
688 3633 929 3691 vivacius
974 3638 1196 3701 excitet.
1251 3639 1555 3701 Secundum
1596 3642 1909 3721 uoluntatem
1956 3649 2091 3723 ejus.

436 3713 449 3723 ’
509 3718 625 3789 Qua
654 3722 766 3777 vult
790 3732 850 3779 ut
897 3726 1040 3796 quod
1069 3728 1196 3789 velit
1219 3724 1491 3813 rogemus,
1520 3716 1606 3788 vel
1636 3735 1822 3804 quales
1851 3713 2095 3813 nos‘esse

509 3813 782 3872 desiderat
821 3819 888 3874 ad
932 3821 1227 3890 rogandum
1276 3808 1579 3881 veniamus.
1612 3824 1669 3882 Si
1695 3808 1959 3885 volumus
1998 3845 2093 3893 no..-

506 3900 677 3961 stram
718 3908 956 3967 salutem
991 3917 1047 3965 et
1083 3913 1456 3989 proximorum
1496 3932 1606 3973 non
1648 3918 2022 3981 discordamus
2059 3936 2092 3977 a

506 3997 787 4063 voluntate
820 4000 933 4061 Dei.
961 4001 1018 4059 Si
1051 4002 1296 4069 voluntas
1325 4016 1509 4063 nostra
1540 4025 1636 4080 per
1664 4012 2026 4089 ignorantiam
2062 4028 2093 4069 a

506 4083 784 4144 voluntate
822 4090 914 4147 Dei
959 4095 1203 4175 recedit,
1256 4099 1396 4167 bona
1444 4100 1694 4158 voluntas
1728 4102 1821 4158 Dei
1850 4083 2093 4162 nostram

506 4176 733 4266 stultam
759 4182 1001 4265 corrigit,
1034 4194 1093 4240 ut
1123 4173 1366 4259 apostolo
1393 4191 1562 4247 Paulo
1587 4180 1832 4266 contigit.

576 4260 744 4323 Vsus.
777 4260 861 4325 f5.
904 4303 976 4314 --
1014 4273 1220 4331 Scimus
1248 4281 1496 4349 quoniam
1517 4274 1549 4352 ί
1576 4293 1681 4339 etc.
1713 4281 1848 4355 Quia
1893 4287 2094 4343 scimus

506 4357 652 4425 quod
678 4359 950 4425 habemus,
970 4362 1037 4420 ab
1059 4383 1124 4423 eo
1149 4367 1453 4441 petitiones.
1474 4366 1610 4444 quas
1647 4372 1920 4445 petimus,
1958 4376 2092 4436 nihil

506 4455 757 4518 petamus
783 4455 924 4537 quod
952 4457 1001 4512 ei
1034 4457 1105 4514 sit
1135 4460 1463 4547 adversum,
1509 4448 1645 4527 nihil
1684 4467 1786 4522 nisi
1817 4471 1960 4547 quod
1993 4488 2091 4528 nos

506 4538 708 4607 docuit,
739 4535 882 4614 qubd
912 4547 1069 4605 nobis
1099 4542 1403 4623 inspiravit,
1434 4564 1719 4625 petamus:
1748 4566 1802 4615 et
1909 4560 1964 4615 in
1992 4559 2092 4623 ali-
2119 4535 2168 4595 θ

505 4646 612 4700 quo
643 4649 909 4702 erramus,
934 4628 1115 4695 statim
1143 4645 1485 4717 corrigimur.

587 4723 752 4782 Vsus.
784 4728 870 4784 16.
893 4763 965 4772 -
993 4731 1097 4800 Qui
1132 4720 1226 4790 scit
1260 4737 1501 4808 fratrem.
1549 4722 1783 4815 (Betim)
1829 4738 2095 4815 Loquitur

507 4821 574 4877 dc
604 4820 932 4893 quotidianis
955 4837 1011 4880 et
1044 4826 1252 4882 levibus
1281 4830 1536 4899 peccatis,
1577 4828 1710 4902 etc.,
1740 4826 1902 4907 usque
1934 4835 2004 4891 ad
2037 4844 2094 4893 et

505 4915 574 4993 ad
604 4914 1069 4999 illorumicxamen
1098 4922 1302 4994 castiga
1331 4931 1403 4978 te.
1476 4992 1485 4999 1

518 5059 525 5099 ι
825 5065 835 5091 Ι
898 5066 905 5091 ι
946 5067 988 5091 ἸΙ
1068 5069 1092 5097 ιχ
1144 5071 1151 5094 Ι
1239 5071 1367 5103 1,...-
1406 5073 1461 5101 I!"

1036 5362 1561 5467 ARGUMENTUtt.
1622 5360 1631 5365 ’

577 5495 762 5567 Usque
786 5494 924 5553 adeo
949 5494 1017 5551 ad
1044 5504 1290 5552 sanctam
1320 5497 1578 5556 feminam
1605 5497 1817 5567 scribit,
1847 5506 1908 5554 ut
1926 5513 2093 5556 eam-

498 5587 627 5655 dem
658 5588 943 5647 dominam
962 5597 1073 5646 non
1111 5587 1323 5646 dubitet
1348 5590 1571 5649 rlitterts-
1597 5592 1898 5663 appellare,
1926 5592 2086 5667 ejus-

502 5684 735 5755 demque
766 5682 893 5738 ﬁliis
928 5681 1337 5753 testimonium,
1358 5683 1509 5755 quod
1533 5685 1921 5745 ambiant-its.
1940 5687 2085 5747 mri—

504 5784 639 5843 tate,
674 5775 938 5850 perhibet.

1887 5074 3686 5108 Μή*

1386 5280 1395 5288 _
1450 5178 1997 5295 EPISTOIJA_
2035 5182 2116 5265 11
2191 5180 2305 5302 13,
2354 5124 2825 5309 JOANNIS‘.
2908 5124 2969 5315 λ

2198 3261 2438 3341 gnitione
2471 3264 2540 3319 ad
2569 3260 2732 3321 vitam
2764 3274 3023 3324 aaternam
3046 3271 3362 3346 pervenire,
3394 3287 3560 3329 nemo
3593 3288 3793 3347 «igno-

2196 3366 2350 3411 scere
2383 3353 2499 3409 sine
2527 3355 2700 3427 gratia
2733 3354 2826 3412 Dei
2855 3366 3053 3430 potest,
3080 3359 3205 3432 quia
3228 3375 3388 3418 nemo
3411 3364 3568 3419 novit
3592 3364 3789 3425 Filius:

2195 3443 2298 3500 nisi
2323 3443 2504 3510 Pater,
2528 3454 2700 3516 neQue
2720 3446 2933 3503 Patrem
2963 3451 3085 3522 quis
3114 3452 3265 3508 novit
3291 3454 3394 3509 nisi
3415 3453 3594 3512 Filius
3619 3465 3682 3513 et
3706 3457 3789 3514 cui

2192 3532 2428 3592 voluerit
2454 3535 2624 3594 Filius
2652 3538 2894 3595 revelare
2920 3550 2974 3596 et
3000 3540 3217 3599 Patrem
3242 3552 3297 3600 et
3315 3543 3538 3601 Filium.
3563 3547 3792 3604 Utrum-

2195 3640 2301 3697 que
2330 3628 2472 3683 enim
2502 3627 2671 3686 Filius
2708 3631 2938 3698 revelat,
2990 3634 3081 3704 qui
3132 3649 3297 3691 carne
3335 3636 3571 3693 visibilis
3622 3653 3791 3710 appa-

2193 3732 2344 3784 rens,
2376 3719 2689 3799 Divinitatis
2718 3737 2914 3780 arcana
2938 3740 3033 3797 per
3061 3725 3411 3800 Evangelium
3450 3731 3675 3786 mundo
3702 3747 3792 3803 pa-

2190 3808 2402 3867 tefecit.
2532 3826 2533 3833 ‘
2618 3820 2621 3823 ‘
3022 3838 3025 3843 ν
3264 3836 3269 3843 ·
3442 3828 3449 3833 ‘

2265 3926 2430 3991 Vsus.
2458 3927 2550 3985 21.
2583 3960 2657 3971 ——
2687 3918 2892 3987 Filioli.
2924 3933 2991 3989 Et
3015 3933 3140 4005 quia
3171 3948 3360 3990 verum
3405 3935 3578 3992 Deum
3614 3948 3679 3994 et
3702 3954 3790 3994 ve-

2193 4034 2315 4075 rum
2346 4021 2620 4077 hominem
2647 4025 2993 4096 cognoscitis,
3022 4035 3078 4082 et
3103 4025 3268 4083 vitam
3303 4026 3569 4084 aeternam
3597 4045 3790 4101 exspe-

2195 4112 2389 4178 ctatis,
2433 4114 2702 4176 custodite
2731 4132 2827 4173 vos
2855 4133 2886 4173 a
2920 4117 3182 4174 doctrinis
3220 4116 3608 4175 luereticorum
3633 4163 3651 4188 ,
3703 4123 3791 4194 qi

2194 4204 2430 4274 speciem
2458 4206 2763 4264 sanctitatis
2789 4208 2890 4264 sibi
2911 4222 3217 4276 assumunt,
3238 4211 3331 4283 qui
3360 4212 3552 4282 pravis
3570 4214 3792 4286 dogma-

2196 4294 2342 4373 tibus
2386 4295 2613 4373 gloriam
2661 4297 3088 4373 incorruptibilis
3133 4301 3227 4358 Dei
3269 4303 3323 4357 in
3368 4303 3789 4371 similitudinem

2195 4368 2626 4465 corruptibilium
2657 4403 2838 4444 rerum
2870 4368 3102 4446 mutant.
3135 4390 3383 4447 Avaritia
3413 4395 3568 4448 enim
3598 4368 3691 4448 est
3715 4393 3790 4449 si-

2196 4460 2561 4534 mulacrorum
2585 4481 2849 4549 servitus;
2873 4484 2965 4554 qui
2994 4497 3125 4554 ergo
3153 4486 3414 4540 mundum
3436 4486 3555 4542 Deo
3579 4502 3791 4559 prepo-

2193 4556 2365 4639 nungt,
2399 4570 2695 4627 idololatrte
2741 4564 2889 4629 sunt.
2918 4568 3204 4631 Custodile.
3240 4576 3377 4633 Cum
3409 4556 3789 4635 testimonia

2195 4644 2550 4732 perfectionis
2581 4663 2634 4719 in
2682 4665 2868 4721 multis
2895 4662 3235 4738 perhibuerit
3260 4664 3365 4725 illis
3390 4711 3406 4736 ,
3441 4678 3669 4742 poterat
3705 4684 3789 4727 ta-

2195 4766 2318 4811 men
2346 4752 2523 4810 adhuc
2550 4752 2724 4810 timeri
2745 4796 2761 4822 ,
2801 4772 2868 4811 ne
2910 4748 3104 4827 aliquis
3128 4773 3301 4829 nuper
3325 4774 3629 4817 conversus
3660 4761 3789 4818 reli-

2195 4828 2352 4913 quias
2381 4844 2781 4914 superstitionis
2809 4836 2991 4903 mente
3017 4828 3296 4913 retineret,
3324 4849 3563 4922 ideoque
3590 4852 3795 4907 ab'ido-

2196 4930 2370 5013 lorum
2407 4923 2554 5012 cultu
2585 4924 3051 5007 fugiendumesse
3077 4936 3435 5009 demonstrat.

3702 5091 3789 5125 μ

3564 5314 3613 5324 ..μ
3642 5314 3725 5323 τι...

2688 5390 2935 5467 ’σΑΡυτ
2978 5410 3262 5470 meum.

2228 5500 2429 5561 ‘AVns.
2463 5501 2605 5560 l.-—-
2630 5501 2753 5558 Non
2784 5519 2897 5574 ego.
2931 5501 3247 5574 Scripturus
3272 5515 3465 5562 contra
3491 5507 3788 5565 hereticos

2190 5595 2285 5668 qui
2317 5612 2349 5652 a
2372 5595 2599 5653 veritate
2623 5595 2990 5663 excidendum.
3012 5597 3151 5658 dicit
3170 5598 3421 5657 omnium
3463 5600 3559 5671 qui
3588 5603 3787 5657 verita.

2192 5694 2302 5746 tem
2344 5697 2653 5755 noveram,
2676 5704 2840 5749 unam
2856 5689 3701 5773 φθεδαωιθςιίηηρφτίηρςεῃρε
3727 5704 3789 5748 ut

2184 5780 2542 5843 similitudine
2577 5780 2972 5845 catholicorum
2993 5781 3065 5845 ah
3080 5832 3083 5835 .
3100 5782 3486 5852 haereticorum
3509 5784 3790 5857 eam
