3948 6314
174 406 272 466 705

1187 402 1453 465 GLOSSA
1487 403 1880 464 oneratum.
1917 382 2242 464 a—srrsr.
2279 397 2429 466 tuo;
2470 430 2473 431 ί

3322 417 3442 477 τοοι

174 524 436 584 societate.
478 522 682 580 Omnes
722 522 873 580 enim
921 514 1104 581 fldeles
1129 523 1187 580 in
1217 518 1322 581 una
1356 522 1583 582 veritate
1608 537 1740 580 con-
1768 526 1818 587 Α
1846 522 2027 579 diVlna
2053 524 2302 581 doctrina
2321 567 2337 593 ,
2366 534 2428 582 ut
2453 534 2607 584 extra
2635 537 2840 586 rectam
2870 529 3031 588 ﬁdem
3067 537 3432 595 conversatio-
3466 580 3469 581 ν

173 616 431 682 sentiunt,
473 614 713 671 haeretici
756 614 812 671 in
856 614 1135 673 erroribus
1178 630 1239 674 se
1282 616 1513 673 invicem
1561 616 1742 688 impos
1843 631 2077 685 nemque
2106 616 2479 674 mandatorum
2504 618 2598 675 Dei
2622 620 2713 687 sit,
2741 631 3090 693 separntsea
3116 625 3315 683 Deone
3333 628 3430 687 ha-

170 716 344 782 gnam.

235 798 391 855 Vens.
420 798 475 853 4.
502 828 571 840 -
592 798 816 855 Gavisus
842 816 959 855 sum
983 800 1151 856 valde.
1184 800 1350 869 Quasi
1377 801 1550 857 dicat:
1584 800 1740 869 Quod

170 889 375 955 tenetis,
400 897 598 945 tenete.
633 887 776 945 Nihil
797 889 940 945 aliud
960 890 1029 946 ab
1053 891 1324 947 haereticis
1345 891 1588 962 recipite,
1612 890 1738 961 quia

166 982 217 1037 in
245 982 324 1037 his
352 996 472 1051 qua:
502 982 714 1037 habetis
746 981 985 1053 gaudeo;
1031 982 1166 1038 nihil
1210 982 1357 1038 aliud
1397 984 1466 1037 ad
1507 983 1738 1039 salutem

167 1073 313 1129 vobis
339 1074 628 1143 superaddi
655 1084 869 1145 expeto.
910 1073 1045 1131 Cum
1071 1090 1204 1146 ergo
1237 1076 1499 1147 gaudeam
1537 1076 1605 1130 de
1647 1090 1737 1131 ve-

165 1173 270 1221 stro
295 1164 437 1220 bono
463 1164 766 1236 principio,
815 1180 883 1221 ne
918 1181 1007 1220 me
1047 1166 1260 1221 faciatis
1303 1166 1485 1222 dolere
1521 1165 1737 1222 delectu

165 1268 352 1323 vestro,
376 1257 503 1328 quia
534 1268 591 1314 ut
615 1258 876 1314 sollicitus
898 1268 1098 1322 custos,
1124 1259 1303 1313 omnia
1326 1274 1447 1329 qua:
1472 1260 1619 1315 circa
1640 1275 1736 1316 vos

164 1349 289 1405 fiunt
337 1364 625 1421 cognosco.
658 1349 995 1405 Ambulantes
1038 1351 1089 1404 in
1129 1350 1357 1405 reritate.
1408 1350 1622 1406 Positns
1653 1360 1737 1407 est

161 1440 320 1495 Adam
339 1438 397 1495 in
425 1441 697 1510 paradiso,
729 1449 788 1496 nt
816 1450 1135 1511 operaretur
1168 1450 1223 1496 et
1252 1441 1551 1496 custodiret
1580 1441 1729 1496 illud.

161 1531 434 1602 Operatio,
470 1532 695 1591 eﬂ‘ectus
741 1534 1181 1604 provectionem:
1230 1533 1509 1597 custodia,
1554 1530 1734 1603 perfe-

159 1628 340 1684 ctionis
367 1628 543 1699 ipsius
570 1638 771 1685 statum
801 1637 963 1700 atque
990 1630 1351 1686 constantiam
1382 1630 1646 1701 designat.

222 1719 382 1775 Vens.
416 1720 472 1778 8.
493 1753 565 1763 —
602 1714 781 1777 Videte
811 1740 931 1788 eos,
976 1732 1082 1779 etc.
1111 1713 1236 1779 Istis
1265 1719 1458 1778 talibus
1498 1738 1566 1778 ne
1604 1733 1734 1777 eon-

156 1813 414 1877 sentiatis,
446 1815 539 1869 sed
574 1815 752 1885 potius
782 1816 1043 1871 attendite
1073 1815 1308 1885 qualiter
1337 1815 1456 1869 sitis
1489 1813 1730 1884 perfecte

1840 704 1967 762 bea't
1991 703 2175 762 Deum.
2226 706 2332 763 Per
2369 710 2634 769 actualem
2673 720 2729 767 et
2754 714 3227 786 contemplativam
3258 719 3429 779 vitam

1841 794 1902 853 ll't
1926 786 2152 868 alicujus
2177 799 2319 854 Deus
2344 799 2393 855 ci
2426 800 2822 859 manifestando
2846 804 2935 874 qui
2957 813 3043 862 est
3063 805 3289 864 Creator
3317 826 3431 867 om-

1838 887 2008 942 nium.
2039 886 2144 953 Qui
2168 900 2455 958 permanet.
2483 890 2667 947 Manet
2708 892 2763 947 in
2798 897 3109 967 evangelica
3147 899 3388 956 doctrina
3409 943 3427 968 ,

1839 980 1932 1050 qui
1961 980 2255 1037 secundum
2282 997 2402 1039 eam
2430 984 2571 1056 sapit
2594 992 2649 1040 et
2673 984 2816 1056 agit;
2843 999 3062 1060 separat
3085 1005 3144 1047 se
3168 992 3237 1048 ab
3264 992 3357 1050 illa
3380 994 3429 1052 is

1837 1070 1928 1139 qui
1965 1070 2125 1126 aliter
2149 1072 2286 1143 sapit
2312 1080 2369 1129 et
2387 1074 2519 1148 agit.

1909 1164 2073 1221 Vens.
2102 1165 2263 1221 l0.—
2278 1161 2390 1222 Nec
2409 1168 2512 1222 Ave
2542 1169 2590 1223 ei
2610 1168 2867 1227 dixeritis.
2884 1171 3021 1240 Quia
3042 1175 3254 1247 signum
3275 1176 3425 1233 vidc-

1837 1266 1928 1311 tur
1960 1271 2261 1313 consensus
2283 1258 2508 1324 erroris,
2535 1259 2638 1315 hoc
2659 1263 2807 1317 enim
2832 1263 3060 1321 dicimus
3084 1268 3275 1324 amicis
3295 1286 3426 1343 quo-

1836 1364 1957 1405 rum
1988 1364 2153 1420 opera
2184 1350 2340 1406 nobis
2372 1352 2609 1421 placent,
2637 1360 2692 1408 et
2716 1369 2812 1410 vos
2839 1354 2886 1411 si
2911 1354 3052 1412 forte
3081 1357 3288 1429 decepti
3312 1375 3419 1415 non

1834 1440 2053 1505 essetis,
2073 1439 2167 1494 alii
2197 1450 2377 1495 tamen
2408 1457 2503 1512 per
2539 1443 2700 1498 talem
2731 1453 2967 1500 vestram
2997 1445 3418 1505 familiaritatem

1834 1538 2058 1603 possent
2091 1532 2290 1601 decipi,
2320 1534 2413 1603 qui
2445 1533 2731 1590 crederent
2753 1535 2874 1592 illos
2898 1536 3116 1608 placere
3143 1523 3296 1594 vobis
3316 1579 3333 1607 ,
3365 1551 3423 1598 et

1833 1624 1913 1680 sic
1943 1624 2228 1680 crederent
2262 1625 2385 1681 illis.

1906 1710 2073 1771 Vens.
2104 1714 2191 1769 12.
2219 1746 2290 1755 -
2316 1713 2480 1772 Plura
2506 1718 2725 1774 habens.
2754 1716 3040 1793 lntelligite
3071 1720 3212 1779 hanc
3235 1723 3422 1780 admo-

1836 1804 2095 1860 nitionem
2125 1797 2279 1861 Vobis
2306 1796 2423 1861 fore
2454 1799 2742 1877 perutilem
2762 1851 2778 1877 ,
2808 1811 2932 1882 quia
2959 1812 3025 1866 ad
3055 1813 3421 1872 confirmatio-

157 1903 335 1959 instrut
354 1905 392 1959 ti
419 1905 487 1959 ad
513 1884 671 1960 fidem
711 1914 766 1961 et
794 1884 1174 1962 constantiam.
1214 1904 1318 1961 Sed
1349 1915 1404 1959 ut
1439 1904 1725 1960 mercedem
1759 1884 1804 1943 Β
1825 1915 1955 1955 nem
1990 1884 2153 1967 illius,
2184 1902 2397 1957 decrevi
2438 1903 2601 1957 etiam
2628 1903 2814 1960 venire
2849 1905 2918 1961 ad
2954 1921 3069 1972 vos,
3107 1922 3206 1962 nec
3235 1915 3416 1965 tamen

153 1994 346 2065 plenam
393 1998 702 2066 accipiatis,
748 1998 800 2054 id
829 2008 911 2054 est
962 2015 1150 2054 verum
1191 2000 1358 2053 Deum
1402 1996 1555 2068 plena
1601 2012 1726 2052 cum

147 2085 477 2154 iucunditate
506 2088 758 2159 capiatis,
794 2090 1188 2160 perseverando
1211 2089 1265 2144 in
1300 2089 1548 2145 doctrina
1577 2089 1728 2145 vobis

153 2177 359 2246 tradita,
391 2186 451 2234 et
478 2195 586 2235 non
616 2182 1002 2237 consentiendo
1028 2197 1218 2237 eorum
1245 2182 1440 2238 errori.

216 2267 375 2326 Vens.
396 2273 466 2328 ‘9.
488 2303 560 2314 —-
578 2272 776 2328 Et'na‘n
803 2285 1089 2345 permanet.
1117 2273 1183 2329 Si
1213 2275 1335 2345 quis
1365 2282 1583 2345 separat
1611 2290 1671 2330 se
1695 2284 1727 2329 a

1829 2002 1897 2047 ex
1921 2002 2034 2049 toto
2062 1993 2278 2049 interim
2307 1994 2457 2064 potui
2478 1994 2657 2051 silere.

1901 2088 2065 2145 Vens.
2090 2089 2176 2146 l5.
2193 2119 2254 2131 --
2275 2088 2525 2145 Salutant
2550 2099 2620 2146 te.
2650 2080 2804 2146 Sicut
2828 2091 3151 2147 adversariis
3172 2091 3418 2161 veritatis

1830 2182 2079 2253 prohibet
2103 2180 2284 2236 dicere
2316 2198 2331 2235 :
2359 2180 2495 2248 Ave,
2519 2181 2595 2236 ita
2615 2189 2834 2237 econtra
2865 2182 3068 2238 electos
3093 2195 3159 2235 ex
3184 2197 3416 2251 persona

1830 2271 2126 2329 electorum
2149 2272 2367 2327 salutat.

1071 2497 1583 2578 EPISTOLA
1661 2498 1785 2576 ΙΙΙ
1863 2498 1948 2574 Β.
2027 2495 2496 2577 JOANNIS.

1572 2652 1981 2671 *—

686 2706 1198 2785 antemarum

212 2820 406 2878 Gaium
454 2821 674 2894 pietatis
712 2838 877 2879 causa
922 2806 1159 2885 extollit,
1205 2829 1368 2891 atque
1411 2828 1469 2875 ut
1511 2820 1562 2876 in
1604 2819 1720 2890 ipsa

145 2912 342 2983 pietate
377 2924 592 2971 maneat
634 2916 953 2971 exhortatur
993 2932 1007 2968 :
1056 2914 1382 2984 Diotrephen
1420 2911 1719 2983 impietatis

142 3015 195 3060 et
220 3006 491 3077 superbiae
520 3021 683 3060 causa
707 3004 976 3076 objurgat.
1010 3005 1284 3060 Demetrio
1309 3013 1485 3059 autem
1521 3003 1723 3059 bonum

142 3096 514 3154 testimonium
538 3098 786 3169 perhibet
807 3114 926 3152 cum
952 3096 1209 3151 fratribus
1238 3095 1524 3150 universis.

651 3189 887 3246 CAPUT
926 3188 1187 3247 UNlCUM

200 3271 379 3340 Vens.
405 3273 461 3338 2.
481 3314 558 3329 -
579 3276 656 3339 De
681 3279 919 3340 omnibus
941 3284 1254 3348 orationem,
1270 3290 1375 3337 etc.
1406 3280 1559 3336 Sicut
1581 3293 1725 3335 nunc

139 3375 371 3432 intentio
403 3383 550 3431 recta
579 3375 816 3430 abundat
851 3374 987 3440 tibi,
1019 3385 1073 3429 et
1099 3380 1412 3445 perseverat
1458 3372 1600 3428 bona
1628 3387 1724 3426 vo-

142 3465 318 3521 luntas
343 3463 608 3536 largiendi
638 3464 1001 3535 indigentibus
1021 3506 1036 3529 ,
1067 3474 1123 3520 et
1151 3461 1378 3519 facultas
1414 3470 1607 3532 opum;
1650 3462 1723 3516 ita

141 3561 353 3629 semper
385 3555 673 3612 virtutibus
694 3556 936 3627 plenam,
970 3555 1197 3612 Domino
1218 3554 1534 3625 adjuvant'e,
1561 3551 1725 3608 v’itam

143 3652 335 3706 ducere
352 3649 562 3722 .possis.

201 3730 377 3799 'Vtzns.
421 3741 478 3797 4.
520 3772 591 3783 -
616 3739 878 3813 Majorem
916 3740 1125 3796 horum.
1169 3739 1295 3795 Ideo
1333 3740 1549 3811 gavisus
1579 3746 1720 3803 sum,

145 3836 261 3905 quia
292 3837 488 3891 horum
521 3833 750 3889 fratrum
774 3833 1100 3888 venientium
1123 3847 1229 3887 non
1260 3830 1433 3887 habeo
1464 3828 1725 3899 majorem

140 3927 363 3998 gratiam
385 3967 401 3993 ,
446 3924 501 3981 id
526 3933 611 3981 est
637 3942 652 3979 :
680 3924 894 3996 quando
933 3923 1134 3979 fratres
1168 3923 1393 3978 veniunt
1423 3923 1490 3977 ad
1519 3936 1636 3985 me,
1669 3921 1724 3976 in

140 4020 283 4076 nullo
325 4020 470 4077 facto
511 4019 593 4076 vel
629 4012 795 4075 verbo
829 4035 1018 4075 eorum
1065 4018 1239 4091 magis
1299 4017 1506 4089 gaudeo
1561 4030 1723 4085 quam

145 4116 350 4184 quando
383 4104 714 4170 annunt‘iant
739 4102 880 4169 ﬁlios
913 4128 1063 4168 meos
1092 4112 1251 4183 (quos
1276 4108 1615 4183 prtedicando
1641 4108 1727 4164 vel

147 4207 467 4278 baptizando
501 4206 696 4280 genui)
743 4206 1029 4262 veritatem
1074 4201 1238 4261 recta:
1280 4203 1405 4260 ﬁdei
1452 4211 1509 4258 et
1534 4214 1729 4272 opera-

146 4288 302 4356 tionis
324 4302 644 4357 observare.
1405 4296 1415 4309 '

211 4382 374 4447 Vens.
403 4389 463 4446 5.
501 4420 573 4431 —-
610 4385 929 4445 Cltarissime
954 4430 968 4452 ,
1004 4385 1263 4458 ﬁdeliter,
1309 4395 1415 4442 etc.
1453 4377 1585 4441 Ideo
1618 4390 1727 4440 non

146 4480 302 4540 debes
334 4472 573 4539 deficere
596 4482 663 4537 ab
684 4468 1053 4550 hospitalitate
1074 4487 1130 4534 et
1155 4475 1530 4549 eleemosynis.
1560 4473 1728 4542 Quid-

146 4573 268 4643 quid
308 4574 458 4630 cnim
496 4572 743 4643 operaris
777 4572 831 4627 in
870 4569 1063 4625 fratres
1096 4568 1343 4634 ﬁdeliter,
1375 4567 1428 4623 id
1465 4574 1549 4622 est
1588 4565 1731 4621 sicut

146 4662 330 4730 ﬁdelis,
364 4665 418 4722 id
450 4672 533 4720 cst
558 4663 699 4720 sicut
743 4655 1128 4719 decet'ﬁdclem
1150 4660 1303 4725 facis,
1331 4676 1436 4716 non
1461 4673 1561 4730 pro
1589 4667 1727 4712 vana

147 4755 331 4824 gloria,
355 4756 457 4813 sed
485 4754 643 4811 [idem
673 4764 819 4811 tuam
851 4753 1105 4825 Operibus
1131 4751 1388 4808 ostendis.

214 4847 374 4904 Vens.
395 4849 537 4903 7.-
557 4845 667 4904 Pro
689 4848 895 4903 nomine
920 4847 1058 4901 enim
1077 4846 1190 4916 ejus
1205 4884 1220 4911 ,
1242 4851 1350 4898 etc.
1375 4840 1538 4910 Quasi
1558 4838 1728 4895 :Vere

148 4948 269 4994 sunt
296 4938 622 5006 honorandi,
638 4955 745 4994 non
771 4938 916 4995 enim
938 4953 1037 5008 pro
1065 4936 1177 4993 suis
1203 4930 1498 4991 sceleribus
1516 4929 1727 5002 expulsi

149 5039 269 5087 sunt
295 5048 325 5086 a
362 5031 544 5103 patria
568 5071 584 5098 ,
616 5032 710 5088 sed
743 5038 935 5102 Sponte
965 5018 1191 5101 profecti
1225 5035 1351 5082 sunt
1377 5040 1476 5097 pro
1506 5023 1727 5080 nomine

150 5119 346 5179 Christi
372 5122 699 5195 ampliando,
731 5131 786 5177 et
806 5137 906 5192 pro
933 5123 1148 5177 nomine
1171 5117 1288 5188 ejus
1313 5118 1589 5190 patiendo.

218 5213 379 5271 Vens.
408 5217 462 5272 9.
490 5245 562 5255 —
581 5214 917 5285 Scripsissem
952 5213 1206 5284 forsitan,
1232 5221 1338 5268 etc.
1370 5210 1727 5267 Perseverare

1752 4788 1805 4849 D

1831 2724 1997 2781 debes
2024 2724 2078 2780 in
2110 2723 2492 2796 eleemosyna,
2540 2722 2666 2797 quia
2704 2714 2992 2784 utilitatem
3034 2735 3240 2786 tantam
3266 2727 3320 2784 in
3348 2745 3414 2787 ea

1830 2816 2096 2890 intelligo,
2131 2819 2274 2889 quod
2301 2834 2411 2874 non
2439 2817 2612 2874 solum
2644 2818 2763 2885 tibi,
2787 2820 2883 2876 sed
2911 2820 3073 2879 etiam
3109 2821 3206 2877 toti
3233 2820 3418 2879 Eccle-

1827 2909 1921 2966 siae
1946 2910 2283 2981 scripsissem
2309 2908 2377 2964 de
2405 2911 2872 2966 commendatione
2903 2910 3258 2983 eleemosyme
3275 2952 3290 2980 ,
3321 2911 3418 2987 sed

1831 3003 1933 3059 hac
1960 3004 2284 3059 necessitate
2326 3002 2530 3070 dimisi,
2577 3003 2705 3074 quia
2753 3003 3074 3075 Diotrephes
3112 3020 3219 3061 non
3258 3015 3417 3061 curat

1829 3104 2076 3152 nostram
2106 3097 2511 3154 auctoritatem.
2540 3095 2863 3168 Diotrephes
2886 3097 3251 3153 hreresiarcha
3275 3098 3417 3156 illius

1833 3188 2090 3257 temporis
2119 3203 2257 3242 nova
2301 3187 2542 3242 docendo
2574 3188 2937 3259 principatum
2966 3187 3068 3243 sibi
3099 3190 3416 3257 usurpabat.

1826 3276 2154 3348 Diotrephes
2176 3278 2565 3346 interpretatur
2588 3278 2815 3348 speciose
2839 3278 3090 3345 insulsus,
3118 3279 3234 3335 sive
3260 3280 3419 3334 decor

1828 3369 2119 3437 insaniens,
2150 3379 2209 3425 ut
2242 3370 2524 3440 perﬁdiam
2557 3371 2738 3427 cordis
2773 3372 2934 3428 etiam
2969 3373 3185 3429 nomine
3216 3374 3414 3445 signet.

1828 3458 2101 3517 Ecclesitc.
2127 3463 2203 3519 llli
2224 3463 2501 3530 Ecclesiae,
2520 3479 2637 3536 qua-
2660 3462 2906 3533 forsitan,
2937 3462 2988 3519 id
3013 3472 3097 3519 est
3115 3462 3416 3520 dubitativa

1827 3562 1911 3609 cst
1938 3552 2176 3609 Ecclesia
2200 3594 2216 3618 ,
2258 3564 2313 3609 et
2356 3562 2416 3609 ut
2455 3570 2553 3625 per
2591 3552 3024 3609 observationem
3061 3554 3417 3629 eleemosynte

1826 3654 2131 3702 mereretur
2158 3645 2396 3716 perfecta
2426 3646 2543 3701 fieri
2570 3645 2831 3713 Ecclesia,
2857 3646 3215 3719 scripsissem.

1900 3737 2064 3792 Vens.
2091 3738 2176 3811 l0.
2205 3767 2277 3777 —
2303 3736 2669 3792 Commonebo.
2699 3736 2757 3792 ld
2780 3744 2881 3801 est,
2908 3736 2963 3791 in
2985 3737 3226 3792 omnium
3267 3737 3415 3793 noti-

1827 3816 1958 3882 tiam
1980 3819 2321 3882 manifestibs
2340 3827 2614 3899 arguendo
2634 3828 2960 3898 producam;
2979 3843 3207 3899 quorum
3229 3844 3416 3886 exem-

1825 3920 1945 3989 plar
1967 3936 2232 3992 nusquam
2266 3921 2459 3985 habet;
2497 3921 2590 3974 sed
2617 3920 2746 3990 facit
2771 3936 2870 3986 ea,
2900 3929 2956 3976 et
3000 3937 3136 3977 nova
3174 3921 3413 3989 invenit,

1826 4011 2080 4081 gari-iens,
2105 4002 2262 4065 falsis
2291 4010 2586 4065 rationibus
2608 4019 2763 4065 utens
2786 4011 2838 4065 in
2863 4028 2957 4066 nos
2981 4012 3341 4069 confutandos
3360 4023 3417 4070 et

1828 4101 1907 4156 sic
1927 4102 1997 4155 ad
2016 4116 2112 4156 vos
2131 4116 2162 4154 a
2192 4098 2294 4155 lide
2321 4100 2694 4155 retraltendos.
2715 4086 2868 4155 Sicut
2891 4100 3102 4171 linguas
3130 4102 3417 4161 detrahen-

1832 4193 1963 4251 tium
1985 4202 2173 4249 nostro
2201 4191 2332 4247 vitio
2355 4204 2461 4247 non
2487 4192 2746 4247 debemus
2772 4192 3033 4258 excitare,
3066 4207 3135 4248 ne
3165 4194 3265 4265 ipsi
3292 4210 3414 4265 per-

1827 4296 1988 4353 eant,
2038 4288 2112 4343 ita
2155 4294 2255 4357 per
2318 4298 2473 4341 suam
2532 4285 2791 4340 malitiam
2848 4286 3113 4343 excitatas
3157 4285 3418 4346 debemus

1827 4379 2203 4451 aequanimiter
2246 4377 2506 4443 tolerare,
2556 4386 2615 4432 ut
2660 4376 2914 4432 meritum
2970 4377 3129 4432 nobis
3169 4386 3413 4446 crescat,

1828 4472 2116 4546 aliquando
2143 4485 2513 4542 compescere,
2534 4485 2603 4526 ne
2622 4470 2747 4525 dum
2769 4470 2836 4525 de
2863 4468 3018 4525 nobis
3038 4470 3414 4539 disseminant,

1828 4582 2017 4625 eorum
2044 4564 2134 4636 qui
2165 4563 2353 4619 audire
2378 4563 2517 4619 bona
2543 4570 2814 4634 poterant,
2845 4562 3013 4619 corda
3040 4572 3409 4635 corrumpant.

1899 4659 2065 4715 Vens.
2113 4656 2203 4711 12.
2230 4654 2592 4710 —Demetrio
2641 4653 3013 4708 testimonium.
3060 4651 3215 4719 Quod
3261 4652 3414 4708 illum

1828 4749 1959 4806 velit
1979 4746 2180 4804 imitari
2206 4746 2428 4812 bonum,
2467 4744 2643 4815 aperit
2680 4750 2740 4797 ut
2773 4742 3015 4798 imitetur
3058 4742 3414 4811 Demetrium,

1836 4850 1897 4898 ut
1962 4839 2126 4895 simili
2181 4837 2341 4893 laude
2401 4836 2645 4893 omnium
2697 4834 2869 4909 possit
2921 4840 2978 4890 et
3042 4833 3160 4906 ipse
3220 4834 3417 4908 dignus

1835 4931 2091 4989 existere.

1907 5024 2069 5081 Vsus.
2103 5022 2285 5080 l4.—
2312 5020 2433 5078 Paa:
2477 5020 2590 5077 tibi.
2635 5016 2839 5075 Amicis
2879 5020 3109 5091 gratiam
3164 5021 3316 5092 pacis
3360 5030 3416 5094 et

1835 5114 2025 5172 salutis
2051 5114 2311 5181 mandat,
2335 5117 2397 5167 ut
2421 5110 2669 5167 Veritatis
2696 5109 2946 5167 inimicos
2973 5125 3006 5166 a
3042 5110 3217 5168 salute
3255 5127 3415 5169 mon-

1831 5211 1971 5263 Stret
1995 5212 2286 5264 extraneos
2320 5219 2459 5261 esse.

151 5326 3415 5357 Μ

282 5556 311 5578 Α

685 5640 1193 5702 ARGUMENTUM.

224 5736 389 5798 Iudas
415 5738 690 5812 apostolus
708 5737 908 5794 fratres
930 5738 998 5794 de
1022 5736 1431 5808 corruptoribus
1456 5734 1557 5791 viae
1583 5736 1728 5791 veri-

158 5832 283 5890 tatis
310 5831 383 5890 ita
412 5831 684 5896 informat.
715 5838 775 5887 ut
798 5830 1044 5888 illicitum
1069 5842 1190 5886 esse
1227 5827 1484 5886 dissertet
1517 5825 1585 5884 de
1624 5827 1726 5885 sub

992 5414 1500 5496 EPISTULA
1570 5410 2158 5493 CATHOLICA
2227 5404 2545 5489 JUDIE.

1836 5645 1967 5718 iugo
2004 5640 2173 5700 semel
2230 5649 2415 5699 erutos
2460 5638 2742 5711 sanitatis
2791 5638 2969 5698 denuo
3002 5645 3225 5708 operam
3257 5642 3414 5689 suam

1836 5739 2038 5799 ofﬁciis.
2051 5749 2253 5794 navare
2278 5734 2585 5793 senilibus.
2808 5750 2815 5754 ·
