3948 6314
484 386 588 443 707

543 493 548 500 ’
990 497 1216 555 CAPUT
1261 495 1534 555 UNICUM.

520 617 533 726 ἓ
565 633 727 691 Vens.
765 634 902 689 l.—
938 634 1232 689 Consolatis‘
1271 644 1317 688 et
1369 635 1578 690 vocalis.
1611 635 1808 696 Vocat,
1839 647 2060 687 conser-

486 719 596 803 vat,
631 725 803 796 diligit
828 724 986 791 ﬁlios,
1005 733 1061 778 et
1083 723 1325 779 membra
1343 725 1432 779 Dei
1463 719 1592 779 facit
1620 723 1778 779 Jesus
1806 723 2063 778 Dominus

487 827 692 872 llOSlCl'.

520 899 529 908 ’
570 913 732 967 Vens.
764 909 903 964 2.-
931 907 1292 964 Misericordia
1330 907 1486 964 vobis.
1521 908 1577 963 Si
1601 907 1744 963 Deus
1766 907 1932 979 cwpit
1959 905 2062 960 mi—

487 1003 657 1061 screri
685 1000 836 1056 vobis
864 985 1218 1055 condonanda
1249 998 1468 1062 delicta,
1504 997 1724 1067 impleat
1751 999 2062 1054 miscricor—

396 1157 402 1162 ,
488 1097 658 1157 diam.
699 1087 800 1164 per
840 1083 1014 1160 ampla
1057 1091 1198 1146 bona
1239 1090 1480 1145 ducendo
1523 1091 1588 1144 ad
1627 1098 1849 1144 aeterna.
1885 1089 1942 1144 Si
1983 1099 2067 1144 est

491 1185 866 1243 reconciliatus
921 1169 1185 1246 inimicis,
1237 1190 1494 1236 aeternam
1543 1196 1732 1251 pacem
1771 1181 1862 1235 det
1907 1181 2065 1236 factis

491 1278 699 1342 amicis,
731 1277 782 1330 in
809 1291 912 1345 qua
940 1274 993 1328 in
1023 1273 1168 1327 nullo
1191 1273 1259 1327 ab
1283 1287 1348 1326 eo
1371 1271 1724 1326 dissentiatis.

561 1369 722 1424 Vens.
748 1367 801 1422 ’5.
839 1397 911 1406 -
935 1361 1262 1419 Charissimi.
1285 1363 1395 1432 Ego
1416 1361 1508 1432 qui
1541 1370 1732 1416 vestrm
1758 1361 1915 1425 saluti
1943 1360 2064 1415 volo

489 1459 796 1530 providere,
827 1455 985 1509 habui
1018 1469 1218 1508 necesse
1238 1493 1252 1518 ,
1296 1460 1516 1522 propter
1549 1451 1751 1521 pseudo
1791 1451 1881 1520 qui
1911 1451 2064 1506 vobis

491 1566 550 1606 se
583 1549 863 1619 ingerunt,
899 1544 1155 1599 scribendi
1200 1543 1341 1597 nobis
1381 1541 1772 1596 admonitiones
1804 1541 1866 1594 de
1894 1551 2062 1594 vestra

511 1641 658 1696 alute
697 1636 988 1701 communi,
1033 1637 1085 1690 id
1130 1643 1212 1690 est
1266 1634 1332 1687 de
1376 1633 1479 1688 ﬁde
1519 1649 1639 1702 quae
1678 1641 1762 1688 est
1799 1642 1905 1688 tam
1944 1649 2061 1688 mea

491 1732 636 1788 salus
659 1745 818 1802 quam
849 1738 1028 1784 vestra
1055 1735 1111 1782 et
1137 1726 1374 1780 onmium
1412 1725 1668 1789 ﬁdelium,
1699 1725 1902 1779 scilicet
1932 1725 2062 1780 ﬁdes

489 1838 611 1891 qua:
639 1835 736 1890 per
766 1818 1104 1875 dilectionem
1130 1825 1402 1886 Operatur.
1434 1815 1546 1885 Ego
1573 1813 1692 1869 dico
1727 1813 1923 1884 faciens
1947 1831 2059 1869 om-

489 1922 606 1966 nem
652 1908 1054 1964 sollicitudinem
1099 1905 1355 1960 scribendi
1400 1897 1578 1968 vobis,
1630 1905 1682 1959 id
1741 1912 1823 1958 est
1879 1903 2056 1958 omnia

487 2015 609 2070 quae
633 1999 902 2070 pertinent
927 1997 996 2050 ad
1019 1995 1327 2050 sollicitum.
1369 1993 1478 2049 Oro
1505 2009 1602 2063 pro
1634 1993 1814 2058 vobis,
1847 1993 2059 2062 disputo

488 2101 676 2146 contra
707 2089 1016 2144 seductores
1045 2097 1272 2152 vestros,
1291 2094 1346 2142 et
1365 2094 1424 2140 ut
1445 2087 1596 2140 vobis
1619 2102 1703 2140 me
1731 2086 1914 2140 sciatis
1938 2098 2060 2156 pro-

487 2181 692 2242 videre,
709 2180 886 2234 scribo
908 2179 1059 2233 vobis
1083 2178 1149 2233 de
1173 2179 1274 2232 illis
1293 2194 1306 2230 :
1325 2177 1527 2248 Detege
1549 2177 1812 2246 nequitias
1835 2192 2054 2232 eorum:

487 2275 715 2330 ostendo
743 2273 895 2328 vobis
922 2271 1152 2342 qualiter
1183 2272 1342 2326 ﬁdem
1370 2279 1425 2324 et
1452 2270 1788 2326 dilectionem
1817 2269 2059 2326 debeatis

489 2369 674 2420 tenere
701 2381 716 2420 :
746 2371 800 2418 et
829 2379 949 2417 eum
981 2363 1082 2417 sim
1113 2363 1186 2416 ita
1215 2359 1476 2416 sollicitus
1501 2375 1600 2431 pro
1619 2360 1794 2427 vobis,
1818 2360 2062 2415 admoni-

485 2457 690 2512 tionem
713 2468 884 2509 meam
909 2453 1150 2522 recipere
1177 2452 1404 2508 debetis.

556 2544 721 2601 Vens.
747 2545 888 2598 4.-
914 2542 1148 2597 Gratiam
1181 2541 1568 2611 transferentes.
1597 2541 1860 2596 Duritiam
1895 2549 1950 2596 et
1981 2542 2061 2597 di-

485 2636 816 2692 strictionem
854 2635 1026 2704 legis:
1059 2649 1176 2703 quae
1201 2633 1326 2688 dicit
1349 2631 1560 2686 oculum
1589 2648 1686 2702 pro
1711 2633 1897 2698 oculo,
1931 2632 2060 2688 den-

486 2737 594 2783 tem
643 2741 741 2796 pro
785 2724 978 2788 dente,
1021 2730 1280 2792 temperat
1320 2721 1490 2792 gratia
1527 2721 1836 2790 Evangelii,
1868 2723 1920 2775 in
1953 2737 2060 2792 quo

485 2825 784 2886 purgantur
829 2812 1030 2868 scelera
1079 2812 1366 2867 commissa
1417 2826 1514 2880 per
1562 2813 1966 2880 paenitentiam,
2007 2821 2061 2867 et

485 2907 839 2976 eleemosynae
877 2902 1103 2957 fructus.
1154 2901 1260 2956 Sed
1287 2901 1426 2955 hanc
1460 2901 1684 2970 gratiam
1731 2901 2062 2956 transferunt

486 2991 636 3066 impii
667 2995 718 3048 in
747 2993 1016 3048 luxuriam
1042 2989 1132 3062 qui
1161 3005 1304 3044 nunc
1333 2999 1482 3044 tanto
1515 2989 1762 3046 licentius
1795 3002 2024 3060 peccant
2043 3032 2058 3057 ,

487 3097 691 3159 quanto
727 3087 903 3142 minus
930 3085 1112 3140 vident
1138 3097 1198 3139 se
1227 3083 1520 3152 asperitate
1545 3083 1680 3156 legis
1713 3085 1778 3140 de
1810 3083 2062 3139 facinori-

484 3182 588 3237 bus
607 3178 926 3235 examinari.

555 3292 720 3349 Vens.
747 3292 800 3346 5.
838 3321 910 3331 -
938 3289 1153 3344 Omnia.
1186 3288 1398 3344 Arcana
1441 3286 1598 3353 ﬁdei,
1627 3293 1683 3342 et
1714 3301 1820 3342 non
1851 3287 2062 3344 habetis

485 3402 643 3458 opus,
671 3383 906 3440 recentia
939 3381 1096 3453 quasi
1133 3381 1399 3436 sanctiora
1431 3371 1470 3434 'a
1500 3381 1652 3434 novis
1677 3381 1865 3434 audire
1889 3379 2061 3450 magi-

485 3479 633 3542 stris,
659 3477 711 3533 id
739 3485 824 3531 est
855 3493 866 3530 :
897 3471 1139 3530 Perfecto
1165 3473 1315 3528 scitis
1349 3472 1528 3528 omnia
1552 3486 1671 3541 qua:
1699 3469 1916 3526 scienda
1941 3476 2066 3524 sunt

485 3569 554 3624 de
583 3568 714 3632 ﬁde,
753 3575 806 3621 et
841 3567 960 3622 ideo
989 3581 1094 3620 non
1121 3572 1206 3621 est
1231 3580 1366 3634 opus
1394 3571 1454 3618 ut
1479 3563 1710 3617 audiatis
1738 3561 1876 3616 illos.
1922 3560 2061 3626 Quo-

486 3662 627 3715 niam
656 3649 832 3714 Jesus.
860 3657 1164 3714 Confutatis
1201 3655 1501 3722 hmretieis,
1533 3655 1724 3711 deinde
1761 3662 1820 3708 ut
1851 3658 2066 3706 revoct

485 3769 582 3809 eos
632 3753 724 3824 qui
772 3752 1115 3808 crediderant
1160 3750 1410 3820 malignis
1453 3758 1508 3804 et
1561 3748 1771 3818 impiis,
1828 3747 2064 3802 ostendit

487 3853 690 3914 quanta
721 3844 790 3898 sit
829 3843 1136 3913 magnitudo
1175 3841 1387 3896 Domini
1423 3856 1583 3911 quem
1619 3846 1851 3923 negant,
1887 3848 2064 3894 osten-

488 3936 620 3992 dens
667 3935 810 4006 quod
849 3935 966 4007 ipse
1005 3945 1092 3991 est
1131 3936 1223 4006 qui
1263 3933 1449 3990 eduxit
1489 3933 1948 4006 populum‘lsrael
1996 3944 2062 3988 ex

484 4023 742 4098 Egypto.

557 4135 722 4190 Vens.
769 4133 822 4188 6.
857 4161 930 4174 --
962 4133 1186 4204 Angelos
1212 4151 1352 4190 vero.
1391 4135 1457 4190 Et
1489 4149 1616 4193 vere
1643 4150 1752 4191 non
1786 4144 1910 4190 sunt
1939 4134 2063 4190 imi-

486 4223 633 4277 tandi
656 4223 746 4293 qui
770 4222 951 4278 Iesum
985 4240 1092 4278 non
1119 4239 1306 4280 verum
1335 4225 1500 4281 Deum
1521 4265 1536 4291 ,
1572 4227 1666 4280 sed
1697 4226 1972 4280 hominem
1997 4225 2063 4281 de

487 4323 714 4382 utroque
755 4329 885 4368 sexu
923 4314 1162 4385 genitum
1203 4316 1555 4372 mentiuntur.
1588 4317 1646 4371 Si
1673 4317 1817 4371 enim
1856 4316 2065 4387 angelis

485 4402 836 4472 peccantibus
859 4419 965 4458 non
991 4406 1267 4475 pepercit,
1291 4420 1391 4461 nec
1424 4406 1733 4462 hominibus
1753 4407 2064 4478 superbien-

489 4493 630 4548 tibus
652 4500 857 4564 parcet.
888 4490 1012 4546 Non
1044 4505 1373 4550 servaverunt
1403 4513 1555 4550 suum
1575 4498 1944 4567 principatum.
1973 4495 2065 4553 Sic

485 4583 764 4651 homines,
787 4583 877 4654 qui
907 4599 1013 4640 non
1043 4596 1260 4642 servant
1283 4587 1643 4657 principatum
1671 4602 1776 4657 quo
1808 4602 1904 4656 per
1931 4602 2058 4658 gra-
2083 4570 2136 4630 Ι)

485 4676 617 4730 tiam
642 4675 948 4745 adoptionis
977 4675 1072 4730 ﬁlii
1104 4678 1198 4732 Dei
1225 4687 1349 4733 sunt
1388 4678 1580 4735 elfecti.
1613 4677 1720 4734 Sed
1751 4678 2061 4750 relinquunt

486 4768 816 4825 domicilium
835 4810 850 4836 ,
877 4769 930 4824 id
959 4777 1044 4826 est
1070 4771 1326 4826 unitatem
1355 4771 1636 4836 Ecclesiae,
1663 4771 1715 4826 in
1747 4787 1854 4842 qua
1889 4771 2062 4827 renati

485 4868 632 4922 sunt,
665 4859 750 4914 vel
777 4861 934 4916 sedes
962 4863 1113 4932 regni
1143 4863 1379 4918 cmlcstis
1404 4879 1539 4934 quas
1567 4865 1840 4933 accepturi
1871 4874 2055 4930 erant,

485 4949 532 5004 si
562 4948 722 5004 ﬁdem
753 4959 1062 5018 servarent,
1089 4961 1144 5008 et
1169 4962 1294 5008 ante
1309 4953 1568 5023 judicium
1599 4955 1834 5024 graviter
1857 4963 1914 5010 et
1937 4971 2047 5026 gra.

486 5039 608 5094 vius
630 5039 684 5093 in
710 5039 1216 5112 universalijudicio
1238 5045 1534 5101 damnabit.
1568 5043 1804 5100 Vinculis
1831 5048 2056 5102 attrrnis.

486 5130 542 5185 Id
563 5138 648 5184 est
681 5131 930 5200 superbia
981 5144 1034 5188 et
1063 5136 1224 5191 corde
1255 5137 1631 5206 impaenitenti.
1661 5137 1757 5192 Vel
1792 5139 2060 5194 sententia

487 5220 667 5276 divina
699 5236 820 5292 qua:
847 5237 939 5277 eos
968 5223 1019 5278 in
1047 5237 1366 5296 perpetuum
1401 5227 1714 5282 coarctabit.
1743 5227 1840 5284 Vel
1875 5230 2063 5284 vineuo

486 5313 596 5368 lum
631 5321 714 5369 est
752 5315 1015 5386 cupiditas
1056 5318 1361 5373 inﬁmarum
1395 5336 1607 5387 rerum,
1645 5337 1750 5392 qua
1790 5322 1954 5376 vincti
1995 5321 2064 5376 ad

486 5407 766 5478 superiora
793 5410 990 5465 reverti
1018 5427 1120 5465 non
1152 5423 1393 5480 possunt.

559 5511 723 5567 Vens.
745 5513 801 5568 Ἱτ
817 5511 1045 5568 -—Sicut
1069 5513 1320 5570 Sodoma.
1343 5515 1574 5571 Dederat
1591 5518 1892 5588 exemplum
1913 5516 2064 5573 dam-

485 5603 722 5659 nationis
767 5619 954 5662 eorum
1007 5605 1100 5675 qui
1146 5607 1320 5662 solum
1380 5607 1772 5662 dominatorem
1822 5617 2059 5678 negant:

485 5703 910 5748 commemorato
937 5695 1153 5750 interitu
1187 5695 1418 5751 inlidelis
1441 5696 1622 5765 populi
1646 5697 1724 5752 vel
1749 5696 2062 5766 angelorum

483 5782 804 5854 erigentium
845 5801 902 5841 se
943 5797 1128 5842 contra
1176 5789 1374 5851 Deum,
1421 5788 1510 5842 dat
1551 5787 1711 5842 etiam
1760 5789 2060 5858 exeniplum

1022 379 1412 438 WALAFRIDI
1445 379 1695 461 STRABI
1733 379 1936 437 FULD.
1982 376 2144 434 MON.
2187 377 2337 434 OPP.
2380 378 2560 435 PARS
2599 380 2639 435 l.
2679 409 2750 420 ——
2789 379 3242 436 THEOLOGICA.

3639 387 3752 442 708

2088 497 2134 556 Λ
2162 508 2336 565 poena:
2383 495 2592 550 illorum
2639 496 2732 566 qui
2780 496 2990 551 Domini
3037 497 3266 567 gratiam
3311 497 3644 554 transferunt
3694 503 3749 556 in

2163 585 2428 641 luxuriam
2453 621 2468 652 ,
2503 599 2934 642 commemorans
2961 589 3266 643 incendium
3289 589 3674 646 Sodomorum.

2235 677 2398 731 Vens.
2429 679 2482 733 8.
2513 677 3015 733 —Dominationem
3057 690 3232 734 autem
3265 693 3539 750 spernunt.
3571 683 3627 738 In
3645 687 3751 740 mi-

2164 767 2383 826 neribns
2405 770 2663 838 peccatis,
2687 761 3022 839 maiestatem
3047 769 3518 841 blasphemantes:
3560 775 3616 828 in
3645 777 3750 830 cri-

2163 857 2484 923 minalibus,
2510 858 2740 914 nolendo
2777 860 3056 916 humiliter
3079 859 3325 916 conﬁteri
3360 873 3408 917 et
3438 865 3708 933 paenitere
3734 885 3750 920 :

2164 947 2371 1002 nullum
2393 950 2654 1005 habentes
2681 951 2948 1015 timorem,
2978 967 3079 1007 nec
3104 951 3263 1006 ﬁdem
3287 956 3504 1009 venturi
3523 954 3752 1022 judicis.

2237 1041 2400 1095 Vens.
2429 1041 2481 1096 9.
2507 1071 2574 1081 --
2600 1042 2728 1096 Cum
2753 1042 3000 1109 Michael,
3025 1052 3133 1098 etc.
3167 1043 3221 1098 ld
3248 1053 3333 1100 est
3363 1062 3487 1100 cum
3513 1046 3752 1114 Movses.

2163 1132 2254 1201 qui
2290 1139 2349 1186 ut
2385 1133 2526 1187 Deus
2561 1143 2682 1187 erat
2723 1134 3046 1189 constitutus
3084 1133 3386 1200 Pharaoni,
3418 1145 3477 1192 et
3503 1138 3602 1207 qui
3635 1149 3756 1192 erat

2162 1223 2418 1293 princeps
2451 1233 2508 1279 et
2547 1225 2800 1290 nuntius,
2855 1233 3114 1296 quantum
3155 1227 3221 1280 ad
3265 1227 3426 1294 alios,
3472 1228 3753 1300 disputans

2163 1329 2284 1368 cum
2314 1313 2616 1382 Pharaone,
2649 1315 3010 1382 altercaretur,
3041 1317 3094 1372 id
3130 1326 3216 1372 est
3259 1317 3410 1390 signa
3443 1319 3651 1375 faceret
3675 1321 3755 1375 al-

2164 1412 2315 1459 terna
2352 1415 2540 1461 contra
2572 1407 2723 1478 signa
2763 1423 3074 1480 magorum,
3121 1409 3185 1463 de
3214 1426 3427 1480 corpore
3456 1411 3667 1481 Moysi,
3703 1414 3754 1468 id

2163 1503 2246 1549 est
2299 1497 2496 1566 populo
2553 1496 2752 1564 Israel,
2799 1507 2859 1553 ut
2903 1499 3240 1569 permitteret
3279 1500 3398 1555 illos
3435 1503 3756 1559 sacriﬁcare

2163 1583 2273 1639 Deo
2303 1602 2429 1656 suo,
2473 1603 2574 1641 non
2613 1598 2690 1643 est
2735 1606 2896 1643 ausus
2937 1589 3134 1660 inferre
3168 1607 3373 1660 poenam
3414 1591 3755 1664 blasphemiae

2162 1674 2320 1744 hujus
2352 1678 2566 1743 saeculi,
2598 1679 2689 1733 sed
2727 1680 2902 1734 dixit:
2937 1678 3164 1751 Imperet
3203 1683 3298 1736 tibi
3338 1682 3622 1739 Dominus.
3657 1685 3752 1740 Vel

2161 1763 2319 1820 aliter
2349 1783 2362 1820 :
2390 1766 2522 1822 Cum
2547 1768 2806 1824 Dominus
2829 1769 2986 1826 Jcsus
3012 1770 3372 1828 altercaretur
3401 1789 3526 1828 cum
3556 1774 3752 1840 Pilato,

2091 1855 2136 1916 Β
2163 1853 2232 1908 de
2253 1870 2480 1925 corpore
2501 1857 2692 1929 Moysi,
2719 1859 2772 1914 id
2795 1869 2880 1916 est
2905 1863 2970 1916 de
3001 1863 3239 1918 Ecclesia
3264 1905 3280 1930 ,
3312 1866 3489 1921 n’oluit
3509 1867 3754 1937 aliquam

2161 1944 2547 2016 blasphemiam
2578 1949 2798 2018 inferre,
2836 1952 2930 2007 sed
2968 1963 3222 2024 tanquam
3256 1958 3374 2012 ovis
3412 1959 3484 2014 ad
3523 1960 3758 2016 occisio-

2161 2051 2283 2090 nem
2307 2037 2518 2093 ductus.

2233 2123 2396 2180 Vens.
2441 2127 2528 2182 ll.
2552 2157 2623 2168 -—
2665 2127 2750 2184 Vw
2772 2128 2876 2185 illis
2897 2172 2912 2198 ,
2942 2140 3046 2187 etc.
3070 2131 3204 2199 Quia
3236 2150 3334 2205 per
3361 2137 3548 2191 omnia
3587 2145 3755 2193 tuere-

2161 2213 2251 2270 tici
2284 2217 2563 2272 monstrati
2591 2227 2715 2272 sunt
2738 2235 2768 2272 a
2791 2221 2955 2276 verbo
2983 2223 3226 2279 veritatis
3253 2226 3542 2294 cecidisse,
3571 2237 3752 2283 osten-

2159 2306 2238 2362 dit
2259 2324 2352 2364 eos
2380 2308 2611 2365 diversis
2640 2311 2796 2366 malis
2821 2311 3108 2382 subjectos.

2232 2399 2512 2472 (Ben.\.)ln
2537 2403 2674 2457 viam
2706 2403 2836 2458 Cain
2863 2403 3082 2472 abeunt,
3105 2407 3196 2476 qui
3217 2418 3442 2478 propter
3470 2411 3748 2474 invidiam,

2157 2498 2284 2554 etc,
2321 2509 2481 2564 usque
2508 2495 2576 2548 ad
2601 2497 2881 2552 veritatem
2911 2514 3071 2568 quam
3105 2512 3373 2556 noverunt
3402 2504 3745 2576 impngnant.

2233 2580 2392 2637 Vens.
2427 2583 2512 2638 12.
2543 2616 2614 2624 -
2652 2586 2902 2641 Macula'.
2940 2587 3056 2643 Non
3088 2589 3260 2644 solum
3297 2591 3351 2645 in
3398 2597 3753 2649 comessatio-

2161 2672 2317 2728 nibus
2341 2683 2396 2728 et
2422 2676 2773 2733 ebrietatibus
2795 2679 3102 2736 carnalibus
3127 2670 3357 2751 pereunt
3383 2693 3438 2739 et
3471 2688 3751 2742 maculan—

2162 2771 2268 2828 tur,
2299 2765 2389 2819 sed
2413 2768 2572 2820 etiam
2603 2776 2730 2823 sunt
2761 2769 2983 2824 macula:
3024 2755 3264 2839 illorum,
3301 2782 3357 2828 et
3391 2776 3534 2831 alios
3566 2794 3750 2832 secum

2161 2854 2412 2923 perdunt,
2445 2856 2651 2910 Domini
2687 2860 2912 2929 gratiam
2944 2859 2997 2914 in
3035 2861 3299 2916 luxuriam
3332 2868 3750 2923 transferentes.

2169 2940 2364 2998 Nubes.
2392 2943 2681 3016 Comparat
2705 2963 2763 3002 se
2788 2951 3232 3018 praedicatoribus
3255 2953 3570 3024 pluentibus
3595 2959 3739 3028 justi.

2164 3033 2318 3099 tiam,
2343 3037 2753 3092 coruscantibus
2778 3055 2873 3110 per
2907 3041 3163 3098 miracula
3183 3085 3198 3108 ,
3224 3045 3317 3100 sed
3357 3046 3604 3103 haeretici
3629 3057 3754 3102 sunt

2164 3130 2336 3186 nubes
2379 3131 2732 3188 obscurantes
2779 3135 2981 3204 solem,
3028 3147 3287 3207 ponentes
3339 3140 3392 3194 in
3441 3142 3649 3199 oculum
3695 3159 3755 3197 os

2086 3217 2130 3278 C
2163 3237 2353 3286 suum,
2385 3238 2638 3292 perversa
2669 3228 2896 3295 superbe
2923 3227 3192 3295 docendo,
3227 3230 3343 3284 sine
3371 3247 3512 3302 aqua
3541 3234 3754 3302 sapien-

2165 3313 2270 3368 tim.
2302 3315 2524 3369 Arbores
2555 3327 2748 3370 autem.
2795 3317 2946 3388 lmpii
2977 3327 3031 3372 et
3059 3319 3498 3390 pseudoapostoli
3529 3339 3755 3394 compa-

2163 3419 2286 3460 rant
2324 3422 2382 3462 se
2412 3408 2696 3464 arboribus
2737 3409 2936 3464 bonum
2981 3408 3216 3465 fructum
3266 3413 3609 3479 ferentibus,
3664 3415 3755 3470 sed

2164 3506 2288 3553 sunt
2317 3500 2538 3554 arbores
2563 3501 2897 3556 autumnales
2923 3519 2936 3556 :
2976 3503 3126 3557 tarde
3157 3503 3303 3556 enim
3331 3501 3518 3557 ferunt
3545 3505 3755 3560 bonum

2163 3589 2395 3644 fructum
2423 3590 2563 3644 sicut
2605 3591 2768 3646 arbor
2810 3591 2862 3646 in
2903 3599 3162 3646 autumno
3197 3592 3463 3662 plantata,
3496 3594 3584 3648 vel
3628 3597 3755 3664 quia

2168 3687 2293 3734 tunc
2329 3680 2452 3736 folia
2481 3681 2678 3736 cadunt
2707 3690 2764 3738 et
2785 3682 3010 3750 fructus,
3045 3685 3132 3740 vel
3170 3687 3213 3740 si
3243 3688 3616 3755 supercrescit
3647 3687 3760 3741 fro.

2164 3783 2302 3838 etus,
2327 3772 2658 3829 adulterinus
2685 3783 2767 3829 est
2791 3783 2846 3828 et
2876 3775 3100 3832 inutilis.
3134 3775 3191 3832 Si
3215 3777 3342 3847 quid
3371 3778 3518 3833 enim
3547 3777 3766 3833 faciunt

2165 3865 2312 3935 impii
2341 3865 2481 3935 quod
2511 3867 2705 3921 bonum
2745 3867 3010 3935 videatur,
3044 3883 3150 3922 non
3191 3870 3328 3924 bona
3361 3869 3676 3924 intentione
3707 3871 3760 3925 ΞΔ

2165 3969 2352 4030 agunt,
2387 3943 2480 4014 sed
2517 3969 2575 4015 ut
2600 3961 2737 4015 bona
2770 3977 2889 4032 qua:
2919 3971 3044 4016 sunt
3072 3963 3124 4016 in
3155 3961 3275 4017 aliis
3303 3961 3637 4033 eistirpent.
3669 3963 3760 4017 Bis

2163 4061 2403 4106 morture.
2436 4051 2648 4122 (Βευλ.)
2685 4051 2862 4107 Semel
2897 4055 3127 4108 moritur
3179 4068 3297 4123 qua:
3334 4069 3438 4108 non
3473 4054 3614 4109 facit
3640 4053 3757 4109 fru-

2163 4153 2331 4208 ctum,
2363 4153 2494 4209 ete.,
2525 4161 2688 4215 usque
2710 4145 2780 4198 ad
2802 4144 2856 4198 in
2877 4131 2982 4214 qua
3015 4145 3185 4200 sancti
3215 4145 3469 4200 dicuntur
3495 4147 3758 4202 radicati.

2240 4231 2408 4291 Vens.
2431 4236 2516 4288 15.
2555 4265 2626 4276 -—
2669 4233 2878 4290 Sidera.
2930 4237 2984 4290 In
3011 4238 3113 4292 hoc
3149 4247 3422 4308 apostatas
3451 4238 3758 4307 signiﬁcat,

2164 4329 2288 4400 quia
2335 4329 2388 4383 in
2421 4328 2827 4384 similitudinem
2874 4329 3102 4392 diaboli,
3153 4329 3222 4385 de
3257 4331 3482 4386 sedibus
3522 4333 3752 4402 angelo-

2167 4437 2284 4476 rum
2313 4421 2646 4488 ceeiderunt,
2683 4421 2878 4491 quibus
2903 4431 3122 4492 propter
3150 4421 3476 4492 apostasiam
3511 4425 3758 4478 tenebrae

2166 4521 2533 4566 reservantur.
2570 4511 2782 4566 Sidera.
2813 4509 3015 4566 Lucem
3049 4509 3292 4566 veritatis
3333 4513 3670 4582 promittunt
3703 4516 3757 4568 in

2169 4605 2270 4660 hoc
2318 4603 2454 4658 mari
2501 4603 2778 4668 vitiorum,
2825 4602 2919 4658 sed
2974 4617 3250 4673 nunquam
3289 4601 3342 4656 in
3382 4595 3578 4659 eodem
3609 4616 3758 4660 statu

2168 4694 2394 4750 docendi
2432 4694 2518 4748 vel
2553 4694 2677 4748 vita:
2721 4692 3034 4764 perdurant,
3064 4700 3121 4747 et
3147 4691 3266 4747 aliis
3287 4706 3452 4747 causa
3482 4695 3760 4765 naufragii

2169 4794 2316 4852 sunt,
2348 4794 2403 4840 et
2424 4785 2554 4856 ipsis
2584 4800 2682 4855 pro
2725 4784 2966 4839 tenebris
3005 4797 3140 4854 quas
3166 4784 3218 4838 in
3251 4783 3495 4840 Ecclesia
3526 4785 3624 4840 Dei
3675 4788 3764 4839 in-

2170 4877 2454 4942 dueebant,
2496 4877 2728 4932 tenebras
2770 4874 2965 4930 inferni
3001 4883 3281 4945 parantur,
3323 4883 3380 4928 et
3415 4875 3510 4944 qui
3565 4889 3760 4945 pacem

2168 4970 2291 5024 ﬁdei
2338 4969 2608 5024 mundana
2657 4975 2975 5038 tempestate
3015 4967 3324 5032 turbabant,
3368 4967 3610 5036 procella
3645 4976 3765 5020 tor-

2169 5072 2468 5119 mentorum
2498 5061 2874 5132 pereellentur.

2239 5157 2402 5210 Vens.
2435 5155 2518 5208 M.
2551 5185 2620 5194 ——
2649 5152 3001 5226 Prophetavit.
3030 5152 3144 5208 Non
3171 5152 3372 5217 solum,
3404 5151 3603 5222 inquit,
3631 5163 3763 5203 mea

2170 5247 2490 5300 auctoritate
2545 5247 2716 5316 probo
2763 5245 2906 5315 quod
2965 5246 3219 5315 puniendi
3274 5255 3419 5306 sunt,
3460 5244 3558 5298 sed
3584 5243 3760 5296 etiam

2170 5337 2488 5392 auctoritate
2515 5337 2720 5401 Enoeh,
2750 5337 2890 5404 quod
2914 5337 3024 5407 jam
3051 5335 3177 5390 olim
3211 5334 3517 5406 pra-scripti
3544 5341 3672 5387 sunt
3703 5333 3760 5384 in

2173 5427 2552 5498 talejudicinm
2583 5427 2733 5496 impii
2768 5427 3032 5491 homines,
3059 5427 3151 5496 qui
3181 5425 3385 5480 nostris
3414 5423 3764 5494 temporibus

2167 5519 2598 5574 subintroierunt
2662 5519 2730 5573 ad
2800 5519 3215 5574 subvertendam
3274 5518 3442 5572 ﬁdem
3509 5517 3758 5587 piorum.

2167 5606 2367 5662 Enoclt.
2408 5609 2466 5663 ln
2491 5609 2657 5678 stirpe
2700 5607 2854 5675 Cain,
2898 5608 3104 5673 Enocb,
3143 5608 3234 5678 qui
3281 5607 3548 5662 dedicatio
3585 5607 3762 5658 inter-

2164 5709 2431 5772 pretatur,
2457 5702 2666 5771 primus
2696 5702 2966 5768 nascitur;
2995 5702 3046 5757 in
3073 5703 3364 5758 electorum
3396 5716 3530 5755 vero
3558 5711 3765 5768 proge-

2169 5793 2276 5860 nie,
2301 5793 2482 5851 Euoch
2513 5795 2772 5863 septimus
2799 5805 3150 5860 memoratur,
3187 5795 3278 5864 qui
3315 5794 3530 5864 rrproli
3561 5793 3608 5844 in
3645 5789 3760 5842 hac
