3948 6314
149 329 244 390 100

1100 320 1369 381 GLOSSA
1403 320 1798 378 OﬂDlNABIA.
1832 350 1898 360 —-
1935 319 2132 375 APOC.
2172 319 2475 376 JOANNIS;

3306 328 3409 385 7i0

160 448 277 509 vita,
317 453 440 512 qua:
488 445 615 495 ante
652 446 768 506 est,
806 440 1013 511 seipsos
1052 438 1371 495 :editicando
1423 408 1708 492 dedicanti
1743 441 1790 499 Α
1889 432 2049 491 Vens.
2088 433 2178 487 25.
2206 463 2277 472 -—
2317 434 2445 487 Illos
2477 450 2591 488 vero
2622 433 2837 489 salvete.
2869 436 2976 492 Eos
3007 438 3097 506 qui
3128 454 3235 495 non
3276 452 3405 496 sunt

161 535 301 593 electi
347 546 474 588 vero
509 531 885 587 tediticationis
923 546 1033 586 sum
1075 532 1468 585 dedicationem
1521 518 1573 583 in
1616 529 1722 584 ﬁne

161 625 425 698 temporis,
451 625 504 679 id
531 632 616 680 est
643 625 696 679 in
732 625 962 695 septimo
992 633 1327 694 exspectant.

220 718 349 771 Ecce
376 716 509 769 venit
540 714 816 769 Dominus.
852 714 1066 786 (Bene)
1097 714 1230 770 Vera
1261 714 1528 769 sententia
1577 714 1720 783 quod

161 809 398 865 Dominus
426 816 615 876 arguet
652 808 862 878 impios,
891 816 947 862 et
978 808 1046 863 de
1081 808 1356 876 operibus,
1399 816 1527 870 ete.,
1560 821 1722 876 usque

155 903 218 955 ad
240 901 357 954 licet
393 898 538 952 enim
569 896 733 953 etiam
772 898 838 953 de
875 898 1198 968 apocrypbis
1240 896 1607 951 testimonium
1636 909 1725 949 ve—

155 994 316 1049 ritatis
355 1007 588 1048 sumere.

217 1084 370 1140 Vens.
403 1082 489 1136 16.
532 1110 602 1122 -·
643 1081 713 1135 1ιὶ
759 1091 899 1137 sum.
947 1081 1003 1136 Si
1041 1080 1301 1135 fratribus
1334 1079 1536 1150 aliquid
1588 1077 1716 1133 boni

151 1177 381 1247 contigit,
410 1183 754 1229 murmurant
789 1184 844 1228 et
885 1182 1307 1243 conquerantur,
1337 1172 1489 1243 quasi
1516 1186 1611 1225 sua
1639 1169 1721 1224 fe-

148 1268 312 1322 licitas
335 1266 385 1319 in
420 1264 638 1319 illorum
680 1264 1035 1334 prosperitate
1067 1263 1359 1316 minuatur.
1387 1259 1553 1313 Avari
1575 1259 1717 1312 enim

148 1357 349 1427 (quibus
377 1355 516 1409 nihil
540 1354 755 1425 sullicit)
791 1354 952 1409 etiam
978 1355 1045 1408 ab
1069 1354 1188 1407 aliis
1218 1352 1476 1407 invident.

213 1445 367 1501 Vens.
406 1446 497 1501 I9.
530 1475 601 1485 -—
625 1443 877 1515 Spiritum
908 1461 1013 1497 non
1055 1442 1335 1496 habentes;
1368 1440 1504 1507 Quia
1550 1438 1721 1509 Spiri-

149 1546 252 1591 tum
280 1544 530 1591 sanctum
567 1535 698 1605 (quo
745 1543 1104 1605 congregatur
1144 1532 1386 1588 Ecclesia
1425 1530 1721 1600 spiritualis

142 1625 376 1698 edicitur)
404 1642 518 1681 non
549 1627 769 1691 habent,
800 1627 920 1681 ideo
951 1626 1232 1690 animales,
1251 1624 1428 1690 inscii,
1456 1639 1563 1678 non
1591 1638 1716 1694 pro-

140 1719 414 1783 videntes,
465 1719 586 1773 ideo
628 1716 894 1784 defluunt,
944 1718 1070 1788 quia
1125 1716 1408 1789 coagulum
1438 1714 1717 1769 charitatis

140 1823 236 1863 non
274 1808 497 1863 habent.

205 1898 364 1953 Vens.
400 1899 497 1955 20.
535 1929 607 1940 --
647 1897 1136 1969 Supertvdiﬁcantes
1187 1898 1550 1967 vosmetipsos,
1606 1902 1711 1949 etc.

138 1989 490 2046 :Editicantes
554 2005 651 2045 vos
713 1991 858 2059 ipsos
910 1991 962 2043 in
1017 1988 1171 2043 bonis
1239 1987 1493 2056 operibus
1553 1998 1713 2055 super

136 2083 547 2139 fundamentum
570 2082 713 2150 ﬁdei,
738 2093 797 2138 ut
826 2083 1032 2153 lapides
1057 2082 1160 2136 vivi
1184 2079 1458 2153 ponamini
1482 2078 1534 2132 in
1556 2079 1715 2133 domo

136 2174 243 2230 Dei.
268 2174 336 2229 In
364 2172 571 2247 Spiritu
614 2184 795 2229 sancto
835 2183 1064 2228 orantes.
1110 2172 1179 2227 Ut
1231 2173 1298 2227 de
1337 2169 1533 2225 vestris
1581 2169 1713 2224 viri-

133 2262 229 2320 bus
255 2281 362 2320 non
395 2265 739 2335 praesumatis
758 2303 773 2330 ,
814 2264 907 2319 sed
936 2262 1132 2317 divinae
1161 2261 1407 2316 tuitionis
1442 2260 1713 2330 adjutorio

134 2356 376 2425 speretis,
407 2370 516 2410 non
545 2368 642 2424 per
686 2370 783 2410 vos
827 2354 1022 2409 salvari
1061 2362 1338 2424 putantes,
1381 2353 1476 2407 sed
1520 2353 1716 2406 adven-

132 2453 241 2501 tum
273 2447 523 2517 Spiritus
566 2447 739 2504 Sancti
768 2447 820 2500 in
853 2462 947 2501 vos
970 2447 1135 2516 petite
1159 2485 1176 2511 ,
1202 2459 1311 2515 quo
1342 2442 1591 2513 inspirati
1624 2457 1714 2495 ar-

132 2536 339 2594 dentius
364 2539 541 2593 oretis
561 2544 631 2592 ne
658 2550 780 2593 cum
818 2538 903 2592 his
922 2537 1012 2607 qui
1043 2536 1304 2608 Spiritum
1348 2549 1456 2589 non
1492 2533 1713 2599 habent,

130 2626 198 2680 ab
219 2627 470 2684 Ecclesia
500 2626 879 2700 segregemini.

1827 524 2064 580 damnati
2116 525 2255 594 apud
2299 526 2488 589 Deum,
2536 526 2635 581 sed
2677 527 2838 581 etiam
2892 544 3065 601 prope
3114 532 3315 588 cadunt
3350 531 3408 591 iu

1830 617 2025 688 ignem,
2054 618 2249 673 docete
2269 626 2325 671 ut
2354 619 2561 687 seipsos
2591 619 2843 675 liberent;
3150 616 3155 619 ’

1897 708 1964 761 In
2010 709 2211 762 timore.
2245 708 2459 779 (BEDA.)
2492 710 2603 765 lIoc
2644 711 2713 766 ad
2747 714 2927 781 priora
2969 714 3057 770 illa
3087 718 3268 773 omnia
3310 720 3411 776 ad.

1817 797 2149 869 jungendum
2180 808 2280 853 est.
2320 798 2475 863 Nam,
2514 792 2626 855 etc.
2648 842 2663 866 ,
2704 820 2864 873 usque
2913 806 2982 859 ad
3013 822 3082 863 ne
3116 806 3257 865 forte
3286 810 3407 880 plus

1819 889 1969 959 justo
1998 888 2079 943 vel
2114 903 2335 943 severus
2365 888 2584 956 existat,
2615 892 2698 945 vel
2725 893 2862 961 pius.

1898 978 2143 1034 0dieutes
2173 997 2307 1034 eam.
2356 979 2472 1035 Non
2498 998 2698 1053 corpus
2743 996 2991 1043 nostrum
3025 990 3206 1047 odisse
3241 992 3406 1050 debe-

1824 1085 1964 1134 mus,
1989 1071 2085 1125 sed
2124 1072 2450 1127 maculatum
2477 1089 2597 1129 esse
2620 1115 2634 1139 ,
2683 1087 2741 1129 ut
2779 1078 3183 1137 immaculatum
3216 1084 3408 1140 redda-

1823 1180 1963 1229 mus,
2014 1174 2071 1219 ιιι
2113 1166 2178 1220 de
2218 1168 2420 1222 carnali
2457 1169 2739 1237 spirituale
2784 1169 3066 1228 eﬂiciatur.
3100 1175 3254 1242 Quod
3297 1193 3404 1233 non

1824 1256 1996 1311 nostri
2025 1256 2235 1311 arbitrii
2259 1267 2546 1328 potestate,
2575 1260 2666 1316 sed
2695 1261 2789 1316 Dei
2817 1264 2989 1331 gratia
3016 1265 3405 1332 perﬁciendum

1822 1358 1923 1407 εει.

1893 1443 2053 1500 Vens.
2086 1444 2176 1499 2i.
2198 1442 2349 1498 —-ln
2372 1443 2739 1500 exsultatione.
2764 1444 2909 1512 Quos
2939 1448 3193 1516 superius
3213 1464 3404 1505 mone.-

1821 1535 1914 1589 bat
1973 1536 2024 1590 in
2070 1537 2263 1591 timore
2301 1536 2410 1591 Deo
2448 1536 2653 1592 servire
2678 1578 2693 1603 ,
2743 1537 2875 1593 dicit
2913 1539 3322 1607 constituendos
3349 1543 3403 1596 in

1820 1627 2178 1683 exsultatione
2200 1668 2215 1692 ,
2247 1628 2372 1697 quia
2397 1637 2602 1697 quanto
2651 1630 2821 1699 magis
2861 1630 3053 1698 trepidi
3085 1631 3152 1685 de
3191 1614 3403 1687 actibus

1821 1717 1877 1771 in
1932 1719 2183 1787 praesenti
2234 1718 2526 1783 fuerimus,
2569 1726 2720 1772 tanto
2769 1719 3000 1789 amplius
3048 1719 3102 1774 in
3131 1720 3312 1775 futuro
3338 1721 3406 1776 de

1748 1824 1793 1883 Β
1822 1818 2074 1881 percepta
2103 1812 2351 1866 mercede
2379 1811 2701 1865 laetabimur.

1890 1900 2050 1953 Vens.
2107 1896 2198 1954 25.
2249 1931 2318 1940 --
2358 1898 2537 1953 Gloria
2564 1908 2610 1952 et
2648 1900 3059 1969 magniﬁcentia.
3094 1898 3150 1955 Si
3192 1899 3409 1954 habetis

1817 1989 2042 2060 gloriam
2074 2005 2222 2059 purae
2248 1990 2369 2044 fidei
2394 1998 2449 2044 et
2482 1990 2826 2045 conscientiae
2862 2001 2916 2044 et.
2948 1992 3403 2062 magnificentiam

1817 2080 1871 2137 in
1902 2082 2237 2152 operatione,
2279 2090 2334 2134 et
2374 2082 2659 2151 imperium
2698 2097 2861 2150 super
2889 2081 3283 2147 infirmitatem,
3316 2080 3403 2135 vel

1815 2185 1978 2241 super
2004 2172 2296 2235 dmmones,
2341 2178 2396 2224 et
2444 2178 2767 2239 potestatem
2808 2170 3097 2225 resistendi
3142 2170 3288 2224 vitiis
3321 2179 3409 2233 vel

1818 2260 2132 2326 tortoribus,
2190 2261 2319 2325 Deo,
2374 2276 2481 2315 non
2543 2272 2724 2317 autem
2768 2264 2922 2319 vobis
2975 2264 3262 2334 imputare,
3314 2265 3409 2334 qui

1818 2362 1944 2407 ante
1975 2362 2234 2421 tempora,
2268 2353 2321 2407 in
2368 2354 2645 2422 prmsenti,
2683 2363 2737 2410 et
2761 2364 2883 2425 post
2911 2356 3092 2418 omnia
3117 2363 3361 2425 tempora
3387 2395 3403 2422 ,

1818 2451 1901 2499 est
1925 2443 2192 2514 gloriosus
2241 2444 2293 2497 in
2339 2445 2599 2509 essentia,
2648 2446 2968 2516 magniﬁcus
3007 2447 3061 2500 in
3108 2447 3362 2516 operibus
3389 2488 3405 2511 ,

1819 2535 2093 2605 imperans
2117 2543 2224 2588 tam
2253 2533 2559 2591 volentibus
2591 2551 2752 2606 quam
2782 2536 3109 2601 nolentibus,
3140 2544 3194 2590 et
3214 2546 3408 2606 potens

1824 2626 1907 2681 cui
1936 2624 2070 2680 nihil
2106 2624 2327 2680 resistit.

1041 2887 1725 2975 APOCALYPSIS
1799 2888 1886 2962 B.
1962 2881 2429 2964 JOANNIS.

1537 3032 2011 3060 .___._.-——l—-i-*'

516 3142 542 3190 ι
561 3131 884 3191 ROLOGUS
935 3130 1339 3190 IIlEtIUNYMI.

186 3268 447 3327 Joannes
478 3268 754 3338 apostolus
790 3276 846 3323 et
900 3267 1250 3338 evangelista,
1297 3280 1329 3320 a
1369 3264 1586 3322 Christo
1618 3263 1721 3319 εἰει

112 3370 242 3416 ctus
282 3368 458 3429 atque
475 3359 712 3415 dilectus
732 3400 747 3425 ,
775 3359 829 3413 in
864 3366 1017 3413 tanto
1039 3373 1224 3413 amore
1245 3356 1551 3413 dilectionis
1584 3354 1719 3409 ube-

116 3456 239 3511 rior
298 3454 527 3510 habitus
575 3461 678 3519 est,
739 3460 799 3507 ιιι
840 3452 893 3507 in
934 3465 1089 3507 cmna
1151 3466 1315 3521 super
1364 3458 1555 3519 pectus
1602 3446 1722 3517 ejus

118 3545 500 3611 recumberet,
536 3553 592 3600 et
634 3544 702 3599 ad
732 3559 952 3599 crucem
980 3542 1182 3596 astanti
1208 3541 1310 3597 soli
1341 3550 1573 3595 matrem
1601 3553 1722 3608 pro-

118 3639 305 3709 priam
340 3636 800 3702 commendasset,
842 3645 902 3690 ut
929 3650 1089 3705 quem
1120 3637 1326 3691 nubere
1350 3634 1620 3689 volentem
1652 3632 1720 3687 ad

122 3729 447 3801 amplexum
495 3728 824 3800 virginitatis
859 3728 1147 3793 asciverat,
1196 3727 1297 3797 ipsi
1345 3726 1508 3780 etiam
1540 3734 1722 3779 custo—

123 3821 387 3878 diendam
456 3819 720 3891 virginem
790 3819 1119 3873 tradidisset.
1194 3817 1293 3873 Hic
1354 3818 1538 3887 itaque
1596 3833 1721 3872 cum

118 3921 351 3984 propter
384 3910 614 3965 verbum
655 3908 749 3963 Dei
782 3917 838 3963 et
871 3908 1239 3963 testimonium
1267 3907 1395 3962 Jesu
1433 3907 1637 3962 Christi
1666 3907 1721 3961 in

120 4004 393 4062 Pathmos
424 4003 657 4059 insulam
688 4001 979 4058 sortiretur
995 4002 1264 4068 exsilium,
1290 4001 1398 4056 illic
1425 4002 1495 4057 ab
1529 4000 1720 4056 eodem

121 4094 494 4169 Apocalypsis
540 4101 871 4165 prteostensa
917 4093 1286 4157 describitur,
1346 4100 1408 4146 ut
1469 4092 1609 4146 sicut
1665 4092 1722 4146 in

116 4189 401 4260 principio
432 4186 678 4250 canonis,
710 4186 763 4240 id
792 4193 877 4240 est
913 4185 1035 4239 libri
1074 4184 1369 4249 Geneseos,
1395 4182 1719 4260 incorrupti-

120 4279 231 4335 hile
258 4259 604 4351 principium
629 4283 983 4347 praenotatur,
1008 4277 1091 4330 ita
1103 4276 1269 4332 etiam
1298 4259 1722 4346 incorrupiibilis

123 4368 248 4425 finis
270 4376 383 4440 per
402 4367 674 4439 virginem
704 4365 757 4419 in
780 4364 1101 4437 Apocalypsi
1130 4367 1466 4433 redderetur,
1498 4366 1715 4420 dicens:

1749 3121 1793 3183 C
1825 3123 2001 3177 omnis
2044 3122 2270 3178 inferior
2313 3132 2418 3179 est.
2468 3121 2527 3178 In
2592 3122 2773 3179 verbis
2816 3122 3043 3195 singulis
3077 3123 3405 3194 multiplices

1822 3213 1990 3268 latent
2029 3214 2415 3286 intelligentiae.

2338 3305 2565 3362 CAPUT
2594 3304 2888 3360 PRIMUM.

1897 3397 2058 3453 Vens.
2094 3399 2145 3453 1.
2178 3416 2244 3439 -'—
2286 3397 2626 3468 Apocalypsis
2690 3396 2818 3451 Iesu
2860 3394 3077 3451 Christi.
3132 3396 3411 3469 Praeparat

1822 3491 2116 3558 auditores,
2146 3491 2428 3560 redditque
2466 3504 2560 3545 eos
2587 3488 2877 3545 benevolos
2898 3496 2953 3544 et
2980 3496 3239 3553 attentos,
3266 3490 3409 3545 sicut

1822 3595 1876 3639 et
1904 3583 1975 3637 ibi
2010 3602 2021 3635 :
2055 3583 2287 3636 Joannes
2327 3590 2518 3652 septem
2564 3580 2815 3635 Ecclesiis
2843 3597 2961 3651 quia
2990 3591 3110 3634 sunt
3156 3582 3212 3635 in
3258 3582 3407 3635 Asia.

1825 3674 1994 3740 Quam
2022 3674 2185 3728 dedit.
2218 3673 2527 3729 Secundum
2551 3673 2944 3728 humanitatem
2977 3672 3228 3729 Christus
3262 3675 3411 3729 accio

1822 3765 1902 3835 pit
1921 3780 2040 3820 eam
2066 3782 2094 3819 a
2121 3765 2279 3819 Patre
2311 3773 2367 3819 et
2397 3766 2574 3820 Verbo
2600 3764 2704 3820 sibi
2731 3765 3022 3836 conjuncto
3048 3766 3405 3836 hypostatice,

1823 3864 1879 3909 et
1907 3870 1936 3908 a
1977 3854 2180 3925 Spiritu
2204 3866 2408 3910 sancto.
2446 3856 2576 3922 Qua:
2604 3865 2802 3926 oportet
2828 3857 2967 3926 ﬁeri.
3015 3855 3179 3923 Quasi
3212 3857 3358 3914 dicat
3392 3878 3405 3913 :

1822 3946 2137 4003 luevitabile
2163 3957 2248 4003 est
2281 3948 2410 4018 quin
2451 3947 2599 4011 fiant,
2630 3958 2684 4002 et
2706 3948 2837 4002 utile
2859 3956 2941 4003 est
2970 3958 3028 4001 ut
3051 3948 3201 4003 fiant.
3231 3950 3407 4020 Opor-

1825 4045 1901 4092 tet
1927 4046 1983 4090 ut
2006 4038 2149 4091 servi
2190 4038 2464 4107 patiantur
2512 4036 2892 4091 tribulationes
2931 4037 3058 4091 cito.
3094 4036 3230 4091 Cito.
3271 4038 3410 4093 Dicit

1825 4133 1946 4197 cito,
1977 4140 2035 4185 ut
2063 4132 2271 4201 seipsos
2288 4141 2501 4200 parent,
2526 4146 2593 4185 ne
2619 4130 2689 4184 sit
2714 4142 2877 4199 grave
2901 4131 3034 4200 pati.
3070 4129 3191 4185 Cito
3219 4130 3409 4186 finien-
3458 4112 3471 4127 ’

1826 4221 1877 4275 di
1910 4229 2035 4275 sunt
2071 4221 2284 4276 labores
2311 4261 2325 4287 ,
2354 4229 2410 4275 et
2469 4220 2689 4290 praemia
2733 4220 2931 4275 danda.
2986 4219 3174 4276 Brevis
3221 4220 3407 4288 labor,

1825 4310 2079 4368 festinata
2110 4313 2299 4382 gloria.

1897 4404 2054 4459 Vens.
2087 4403 2141 4457 2.
2171 4435 2241 4445 -—-
2285 4402 2388 4469 Qui
2421 4404 2771 4458 testimonium
2794 4402 3075 4474 perhibuit.
3115 4403 3216 4472 Qui
3250 4413 3412 4461 testa-

122 4460 236 4567 ξ’ῖεο
264 4475 398 4516 sum
436 4457 695 4567 Alium?
717 4457 1206 4567 Ome?
1228 4456 1723 4567 ﬁtﬁnfwﬂifffi
1748 4469 1804 4533 D
1830 4508 1918 4554 tur
1959 4514 2078 4554 esse
2125 4513 2253 4554 vera
2290 4456 2468 4554 verba
2506 4498 2673 4567 ipsius
2710 4456 2913 4552 Christi
2956 4456 3160 4552 habitam
3177 4502 3311 4553 tam
3341 4500 3408 4554 de

122 4551 389 4618 Joannes,
414 4594 419 4601 .
443 4551 538 4621 qui
580 4551 758 4606 sciens
801 4550 1178 4619 supervenisse
1222 4549 1327 4605 sibi
1369 4549 1510 4604 diem
1541 4562 1724 4617 egres-

124 4646 302 4703 sionis
347 4645 424 4701 de
464 4658 711 4715 corpore,
738 4643 1050 4699 convocatis
1074 4643 1137 4698 in
1168 4642 1380 4713 Epheso
1419 4640 1721 4711 discipulis,

125 4738 421 4795 descendit
452 4737 507 4792 in
544 4736 817 4792 defossum
864 4736 1151 4806 sepulturae
1200 4749 1313 4790 suae
1356 4734 1555 4799 locum,
1602 4750 1728 4789 ora-

124 4829 398 4898 tioueque
439 4825 705 4897 completa
731 4865 747 4891 ,
798 4825 1032 4881 reddidit
1056 4825 1306 4896 spiritum
1337 4833 1446 4879 tam
1477 4839 1507 4879 a
1542 4824 1728 4881 dolore

125 4921 333 4978 mortis
362 4922 550 4977 factus
575 4927 887 4984 extraneus,
917 4934 1076 4989 quam
1116 4934 1144 4973 a
1172 4919 1513 4989 corruptione
1546 4917 1728 4974 carnis

92 5014 387 5070 .noscitur
424 5012 655 5067 alienus.
682 5009 848 5092 Cujus
887 5019 1064 5064 tamen
1097 5008 1389 5080 Scriptum
1421 5010 1726 5080 dispositio,

123 5109 211 5163 vel
244 5107 383 5163 libri
413 5105 706 5169 ordinatio,
736 5105 856 5159 ideo
886 5119 915 5157 a
939 5104 1093 5158 nobis
1123 5117 1223 5172 per
1259 5103 1469 5173 singula
1502 5119 1605 5158 non
1636 5118 1728 5156 exc

123 5197 386 5265 ponitur,
425 5202 489 5251 ut
529 5196 899 5252 nescientibus
936 5193 1243 5263 inquirendi
1273 5194 1598 5249 desiderium
1622 5192 1731 5247 col-

126 5285 352 5343 locetur
380 5294 445 5343 et
484 5285 852 5356 qumrentibus
891 5284 1090 5340 laboris
1135 5283 1366 5351 fructus,
1392 5292 1446 5339 et
1478 5283 1588 5339 Deo
1618 5299 1733 5339 ma-

126 5373 351 5444 gBterii
376 5376 628 5433 doctrina
657 5385 922 5433 servetur.

689 5531 1197 5589 ARGUMENTUM.

198 5652 831 5741 ApocalypSisuloanuis
874 5676 953 5722 tot
990 5667 1157 5723 habet
1217 5675 1558 5723 sacramenta
1606 5652 1738 5736 quot

122 5759 327 5814 verba.
386 5757 588 5815 Parum
640 5760 774 5825 dixi,
826 5769 879 5816 et
923 5776 1021 5831 pro
1069 5761 1262 5817 merito
1301 5761 1588 5817 voluminis
1620 5760 1738 5815 laus

1831 4588 2028 4655 Verbo,
2064 4589 2117 4644 id
2151 4596 2235 4644 est
2264 4587 2577 4651 Divinitate,
2609 4602 2775 4657 quam
2821 4587 2887 4641 de
2913 4587 3251 4643 humanitate
3279 4586 3405 4644 Jesu

1827 4680 2048 4736 Christi.
2110 4679 2277 4735 Verbo
2326 4680 2441 4735 Dei.
2490 4679 2659 4734 Filius
2706 4687 2933 4734 vocatur
2979 4677 3216 4735 Verbum
3258 4681 3353 4736 Dei
3392 4723 3406 4747 ,

1828 4772 1952 4840 quia
1990 4776 2089 4840 per
2117 4786 2241 4824 eum
2279 4769 2653 4825 manifestatus
2686 4778 2769 4824 est
2799 4769 2851 4823 in
2885 4770 3085 4825 mundo
3114 4770 3296 4827 Pater.
3344 4772 3409 4828 In

1830 4862 1909 4915 Itis
1938 4878 2054 4933 qua:
2087 4862 2232 4916 ridit.
2272 4860 2329 4915 In
2366 4861 2449 4915 his
2472 4875 2592 4931 qua:
2615 4859 2970 4931 corporaliter
3008 4860 3162 4927 vidit,
3189 4870 3248 4916 ut
3283 4879 3409 4933 pas-

1829 4968 1948 5008 sum
1970 4964 2024 5008 et
2054 4963 2346 5018 mortuum,
2380 4953 2495 5010 sola
2528 4961 2731 5019 mente,
2763 4961 2823 5007 ut
2866 4951 3033 5009 fuisse
3070 4970 3195 5010 cum
3245 4955 3406 5010 Patre

1829 5053 1953 5099 ante
1975 5045 2176 5100 omnia.

1904 5136 2067 5191 Vens.
2110 5136 2162 5189 '5.
2208 5166 2280 5177 -—
2326 5132 2542 5189 Beatus.
2583 5131 2837 5189 Christus
2888 5135 3035 5189 dedit
3087 5134 3202 5189 btec
3254 5134 3407 5202 mihi,

1831 5228 2022 5284 beatus
2058 5237 2236 5281 autem
2267 5227 2392 5296 quia
2424 5242 2510 5280 me
2541 5225 2831 5295 acceperit.
2864 5224 3057 5280 Beatus
3083 5267 3099 5292 ,
3129 5226 3253 5296 quia
3295 5226 3412 5282 ha‘c

1832 5318 2183 5391 Apocalypsis
2228 5327 2310 5373 est
2343 5316 2469 5373 Jesu
2502 5317 2728 5382 Christi,
2757 5326 2862 5373 etc.
2910 5318 3014 5384 Qui
3056 5318 3197 5388 legit.
3226 5317 3282 5372 Id
3305 5326 3408 5383 est,

1835 5421 2019 5469 narrat
2066 5413 2189 5468 aliis
2237 5426 2356 5482 quae
2406 5412 2609 5467 audivit
2653 5411 2824 5481 :quia
2867 5411 3049 5482 plures
3084 5409 3153 5465 ab
3188 5425 3296 5465 uno
3330 5409 3410 5463 let»

1837 5514 1995 5577 gente
2024 5511 2252 5576 possunt
2282 5503 2504 5568 audire;
2531 5501 2656 5567 vel,
2702 5502 2940 5567 audient,
2971 5509 3026 5557 et
3050 5501 3106 5555 in
3137 5500 3238 5555 hoc
3261 5504 3412 5552 notat

1838 5599 2115 5653 auditores
2141 5638 2154 5661 ,
2190 5596 2314 5666 quia
2345 5594 2549 5665 plures.
2595 5593 2673 5649 Illi
2721 5593 2820 5649 soli
2846 5588 2849 5595 Γ
2871 5592 3016 5648 beati
3049 5592 3139 5661 qui
3191 5588 3413 5643 audiunt

1838 5700 1899 5745 ut
1932 5698 2113 5746 mente
2140 5688 2473 5753 recondunt;
2503 5694 2559 5742 et
2585 5696 2765 5741 mente
2808 5684 3131 5748 recondunt,
3159 5688 3219 5735 ut
3251 5692 3413 5749 opere

1840 5782 2183 5847 compleant;
2240 5789 2292 5837 et
2342 5794 2502 5851 opere
2550 5779 2802 5849 implent,
2835 5787 2891 5831 ut
2934 5775 3101 5829 vitam
3134 5779 3415 5845 arternam
