3948 6314
503 302 605 360 τυ

1005 301 1393 359 WALAFRIDI
1430 291 1676 359 ετιιΑΒι
1715 295 1917 354 FULD.
1958 294 2072 352 ΜΟΞ

2185 292 2312 350 )ΡΡ.
2353 291 2534 350 PARS
2569 294 2610 350 ι.
2650 326 2720 338 -ο
2756 293 3213 350 THEOLOCICA.

3661 293 3769 351 7ίί

503 418 835 489 possideant.
867 415 1050 474 Servat
1077 433 1158 471 ea.
1183 413 1300 472 Non
1328 415 1473 470 enim
1499 415 1774 469 auditores
1801 412 1957 482 legis,
1985 409 2078 466 sed
2106 413 2157 474 Α
2183 407 2266 462 dis
2285 417 2342 462 et
2367 407 2734 464 lictilium.Vel
2753 408 2999 480 plunge-nt
3018 424 3095 475 se,
3119 409 3173 464 id
3195 416 3280 464 est
3297 406 3558 464 dolebant
3598 410 3768 480 respi-

506 509 740 565 factores
777 508 908 580 justi
933 517 1073 563 sunt.
1110 508 1306 563 Servat
1335 522 1423 573 ea,
1461 507 1553 577 qui
1590 507 1748 561 ﬁdem
1795 503 1995 559 Christi
2029 509 2087 558 et

503 603 760 659 Ecclesire
785 618 890 658 non
921 602 1106 667 violat,
1135 610 1189 656 et
1220 602 1375 656 timet
1403 601 1632 664 minata,
1661 607 1714 656 et
1741 597 1936 667 quaerit
1960 610 2086 666 pro-

505 694 691 750 missa.
720 694 860 749 Vere
887 692 1078 748 beatus
1107 702 1190 748 est
1217 693 1318 769 iste
1341 732 1356 758 ,
1399 692 1526 762 quia
1569 705 1671 746 nec
1721 690 1880 760 longa
1932 702 2085 742 mora

505 782 724 848 laboris,
755 792 810 838 et
837 784 1057 852 praemia
1083 782 1287 836 vicina.

498 933 502 938 ,
575 876 734 930 Vsus.
773 873 824 927 4.
873 903 942 913 ——-
985 871 1190 943 Septem
1248 872 1498 927 ecclesiis.
1546 871 1924 944 Principaliter
1979 871 2085 928 illis

505 967 695 1021 scribit
741 965 984 1020 ecclesiis
1012 964 1176 1030 Asite,
1219 966 1413 1034 quibus
1443 967 1698 1035 magister
1724 975 1848 1020 erat
1879 967 2084 1021 consti-

507 1065 673 1122 tutus,
697 1064 753 1109 et
776 1071 873 1125 per
889 1055 1066 1110 simile
1087 1056 1227 1110 aliis.
1243 1057 1390 1111 'Deus
1412 1057 1556 1110 dedit
1576 1056 1810 1119 Christo,
1839 1056 2085 1114 Christus

503 1145 728 1212 Joanni,
771 1143 1012 1200 “Joannes
1059 1155 1237 1201 autem
1289 1146 1535 1202 ecclesiis
1563 1189 1576 1212 ,
1615 1148 1695 1202 vel
1727 1163 1823 1218 per
1853 1161 2084 1219 septem,

507 1233 772 1287 universze
798 1233 1069 1287 Ecclesiae.
1098 1234 1232 1301 Quia
1256 1245 1446 1305 septem
1475 1236 1884 1291 universitatem
1913 1239 2085 1310 signi-

506 1325 693 1388 lieant,
741 1323 824 1378 vel
861 1325 988 1395 quia
1037 1325 1337 1394 scptiformi
1378 1325 1569 1395 spiritu
1622 1327 1974 1382 illustrantur.
2016 1327 2086 1383 In

506 1416 653 1468 Asia.
686 1415 813 1469 Asia
843 1423 929 1470 est
955 1416 1150 1481 elatio,
1178 1417 1416 1472 Ecclesia
1443 1433 1574 1489 ergo
1603 1436 1746 1475 nunc
1772 1430 1858 1475 est
1891 1421 1944 1475 in
1974 1420 2087 1476 ela—

507 1506 655 1560 tione
683 1507 961 1571 virtutum,
993 1507 1074 1562 vel
1108 1508 1235 1562 olim
1265 1508 1538 1563 vitiorum.
1567 1509 1691 1565 Asia
1720 1513 1822 1566 ista
1866 1527 1972 1567 non
2002 1519 2086 1567 est.

508 1616 701 1670 magna
730 1600 818 1655 illa
851 1603 1009 1658 tertia
1043 1617 1168 1672 pars
1205 1605 1424 1671 mundi,
1457 1606 1549 1660 sed
1577 1607 1824 1676 quazda‘m
1865 1608 2085 1676 provin-

505 1693 589 1746 cia
627 1692 723 1748 ubi
753 1701 908 1747 erant
935 1703 1142 1764 septem
1189 1695 1458 1760 civitates,
1509 1705 1565 1751 et
1593 1706 1810 1765 septem
1839 1695 2086 1752 ecclesia:

2186 500 2389 555 cientes
2413 516 2507 555 eos
2540 500 2630 571 qui
2687 498 2897 555 fundati
2943 509 3072 555 sunt
3122 515 3286 571 super
3313 517 3461 566 eum,
3503 500 3632 570 quia
3659 516 3764 556 non

2188 599 2394 644 tantum
2422 590 2682 645 dolebunt
2711 590 2776 645 de
2816 591 2936 662 ipso
2984 597 3277 658 tormento,
3307 607 3474 662 quam
3501 593 3650 662 quod
3684 608 3767 650 re-

2183 681 2454 752 pellentur
2477 697 2506 735 a
2541 681 2632 736 tali
2659 682 2956 737 consortio.

2255 772 2418 827 Vens.
2457 771 2511 826 8.
2546 802 2618 811 —
2655 771 2764 842 Ego
2802 789 2941 826 sum.
2997 771 3138 830 Vere
3186 773 3415 840 veniet,
3472 774 3604 845 quia
3657 776 3774 845 ipse

2183 864 2452 934 promittit
2489 879 2548 920 se
2595 873 2903 920 venturum.
2954 864 3051 919 Vel
3098 867 3378 936 prtemissa
3438 869 3776 925 salutatione

2185 954 2361 1009 reddit
2388 963 2653 1020 attentos,
2680 957 2833 1025 quasi
2873 956 3016 1011 dicat
3042 975 3054 1010 :
3084 955 3162 1011 Ne
3192 972 3221 1010 a
3251 973 3337 1012 me
3377 959 3484 1013 hoc
3519 958 3733 1013 dictum
3758 1000 3774 1023 ,

2184 1047 2280 1101 sed
2301 1047 2369 1102 ab
2392 1047 2506 1116 ipso
2533 1046 2750 1102 Christo
2769 1047 3029 1102 credatis.
3057 1046 3246 1118 Alplta,
3267 1049 3610 1118 principium.
3637 1049 3776 1103 Ante

2185 1148 2344 1208 quem
2365 1138 2560 1203 nullus,
2582 1138 2660 1193 vel
2682 1153 2712 1192 e
2733 1154 2841 1208 quo
2853 1139 3036 1193 omnia
3055 1149 3355 1208 coeperunt.
3381 1139 3608 1210 Omega,
3629 1140 3775 1208 ﬁnis.

2183 1229 2310 1285 Post
2338 1246 2497 1299 quem
2527 1230 2722 1292 nullus,
2755 1231 2839 1284 vel
2879 1230 2932 1283 in
2959 1245 3068 1300 quo
3087 1231 3272 1284 omnia
3305 1231 3774 1285 terminabuntur.

2255 1318 2416 1374 Vsus.
2452 1320 2507 1376 9.
2542 1349 2611 1361 —
2642 1320 2754 1390 Ego
2779 1319 3030 1375 Joannes.
3065 1320 3241 1376 Finita
3266 1321 3624 1388 salutatione,
3647 1337 3777 1393 pro-

2185 1412 2430 1482 greditur
2459 1411 2526 1466 ad
2557 1413 2946 1478 narrationem,
2979 1413 3300 1483 imponendo
3344 1420 3608 1483 quatuor,
3655 1427 3775 1483 per-

2183 1519 2393 1569 sonam,
2419 1502 2612 1570 locum,
2633 1520 2856 1560 causam
2882 1505 3050 1575 ipsius
3087 1503 3213 1570 loci,
3259 1513 3498 1572 tempus,
3529 1519 3658 1573 qum
3684 1519 3778 1557 va-

2183 1593 2298 1649 lent
2340 1594 2408 1649 ad
2451 1595 2978 1650 commendationem
3026 1595 3195 1664 ipsius
3237 1593 3614 1650 revelationis.
3660 1592 3777 1664 Ego

2183 1687 2439 1742 Joannes.
2485 1685 2652 1754 Quasi
2696 1688 2842 1744 dicat
2881 1706 2894 1742 :
2928 1687 3052 1744 Scio
3080 1689 3206 1758 quia
3249 1687 3630 1753 tribulamini,
3682 1689 3777 1742 sed

505 1797 628 1836 cum
655 1794 856 1852 septem
883 1784 1169 1856 episcopis.
1213 1783 1396 1840 Gratia
1431 1787 1590 1840 vobis.
1634 1786 1906 1857 Prarparat
1927 1788 2072 1843 audi-

2185 1777 2431 1848 exemplo
2465 1777 2665 1834 Christi
2696 1779 2965 1848 patienter
2991 1778 3281 1845 sull'eratis,
3317 1787 3376 1832 ut
3396 1779 3520 1833 sitis
3551 1778 3779 1848 partici-

506 1880 649 1926 tores
669 1872 724 1927 in
748 1873 1090 1940 salutatione,
1119 1885 1173 1931 et
1201 1877 1374 1931 reddit
1396 1892 1490 1932 eos
1518 1877 1804 1934 benevolos
1827 1887 1881 1934 et
1900 1887 2085 1934 atten-

504 1971 608 2025 tos,
647 1963 786 2018 sicut
810 1974 864 2019 et
893 1965 945 2018 in
975 1966 1219 2037 prologo.
1254 1966 1358 2033 Qui
1390 1977 1466 2022 est
1501 1979 1548 2023 et
1582 1969 1672 2039 qui
1719 1979 1853 2024 erat.
1903 1968 2088 2026 Alter-

502 2041 718 2106 naliter.
753 2055 1010 2120 Quamvis
1039 2066 1218 2110 autem
1269 2057 1339 2111 sit
1373 2066 1532 2112 natus
1573 2073 1640 2112 ex
1672 2068 1932 2129 tempore,
1971 2058 2082 2128 jam

503 2142 856 2200 immutabilis
907 2154 991 2200 est
1025 2157 1121 2216 per
1151 2148 1542 2203 humanitatem
1593 2150 1683 2218 qui
1726 2149 1854 2204 olim
1905 2149 2084 2205 fuerat

505 2234 892 2304 corruptibilis.
923 2235 1070 2291 Talis
1099 2245 1359 2292 venturus
1379 2247 1485 2302 est,
1511 2239 1723 2293 etiamsi
1750 2239 1949 2294 mundo
1975 2254 2082 2295 non

501 2335 725 2396 apparet
775 2327 918 2382 talis.
967 2325 1036 2381 Et
1064 2345 1096 2381 a
1131 2339 1323 2399 septem
1372 2329 1683 2399 spiritibus,
1723 2331 1812 2401 qui
1856 2332 1909 2384 in
1958 2347 2083 2385 con-

498 2425 698 2486 specta.
752 2413 1000 2486 Spiritus.
1050 2415 1192 2472 Idem
1223 2425 1381 2472 sonat
1428 2419 1571 2488 quod
1616 2421 1874 2474 charitas.
1931 2419 2083 2476 U-nde

459 2540 476 2550 π
501 2508 816 2564 attribuitur
840 2508 1064 2580 Spiritui
1088 2513 1338 2569 remissio
1359 2524 1726 2585 peccatorum,
1745 2516 1920 2570 etalia
1941 2517 2080 2572 dona

486 2616 619 2688 qua:
644 2587 769 2656 sunt
794 2601 932 2656 dona
963 2603 1128 2658 totius
1150 2604 1452 2674 Trinitatis,
1489 2616 1550 2662 ut
1575 2609 1938 2679 intelligamus
1961 2609 2082 2663 Tri-

409 2749 416 2752 _
499 2696 726 2749 nitatem
764 2709 833 2749 ex
871 2693 982 2750 sola
1011 2696 1300 2752 dilectione
1326 2699 1560 2769 operari.
1586 2699 1878 2755 Personam
1905 2699 2080 2756 Patris

498 2791 662 2846 tacet,
693 2784 819 2852 quia
845 2784 910 2839 de
934 2784 1042 2839 Deo
1068 2784 1325 2840 Creatore
1352 2801 1509 2841 nemo
1541 2788 1682 2841 mala
1719 2787 2076 2855 intellexerat,

500 2875 654 2945 ponit
698 2890 989 2944 personam
1035 2875 1158 2931 Filii
1209 2886 1261 2932 et
1293 2877 1527 2948 Spiritus
1568 2880 1741 2934 sancti
1790 2880 1855 2934 de
1885 2880 2080 2949 quibus

498 2980 689 3019 omnes
736 2974 1036 3020 nascuntur
1096 2967 1150 3021 in
1218 2968 1464 3024 ecclesiis
1529 2969 1783 3026 haereses.
1858 2969 2075 3025 Tltroni.

497 3054 702 3111 Throni
753 3055 848 3112 Dei
878 3065 1003 3112 sunt
1030 3059 1208 3129 angeli
1238 3059 1356 3130 ejus
1404 3069 1460 3117 et
1501 3063 1674 3117 sancti
1728 3063 1975 3118 homines
2021 3064 2074 3119 in

2184 1883 2282 1938 pes
2310 1869 2462 1940 regni
2495 1869 2682 1940 ipsius.
2733 1868 2929 1923 Frater
2955 1879 3142 1936 vester,
3184 1879 3314 1934 etc.,
3361 1870 3418 1922 in
3451 1866 3692 1924 Clu-isto.
3717 1869 3775 1923 ιιι

2183 1957 2310 2014 ﬁdei
2354 1959 2584 2027 unitate,
2609 1968 2664 2015 et
2692 1969 2914 2030 propter
2938 1959 3084 2014 illam
3129 1958 3292 2016 ﬁdem
3329 1959 3637 2015 tribulatus
3678 1959 3776 2027 fui,

2185 2049 2326 2104 sicut
2355 2058 2409 2104 et
2445 2049 2554 2112 alii.
2587 2065 2684 2120 per
2711 2048 2855 2120 quod
2877 2049 2946 2104 ad
2973 2065 3195 2121 regnum
3225 2050 3516 2120 pervenire
3559 2049 3775 2120 patien-

2186 2148 2270 2194 ter
2311 2140 2581 2206 sustinui,
2629 2139 2878 2196 habendo
2903 2139 3176 2194 Christum
3209 2139 3264 2192 in
3293 2138 3558 2195 omnibus
3595 2153 3778 2193 exem-

2181 2229 2348 2301 plum.
2375 2227 2648 2284 Pot/imos.
2674 2229 2732 2285 ld
2753 2239 2838 2285 est
2875 2229 3098 2295 fretum,
3127 2229 3334 2285 scilicet
3374 2230 3692 2294 tribulatio,
3721 2230 3775 2285 in

2182 2339 2289 2393 qua
2330 2323 2503 2394 magis
2555 2321 2794 2378 cwlestia
2823 2336 2854 2376 a
2885 2320 3130 2376 ﬁdelibus
3154 2320 3498 2390 aperiuntur.
3525 2321 3774 2377 Ecclesia

2181 2427 2528 2488 compa-ratur
2563 2416 2776 2483 insulae,
2821 2417 2949 2488 quia
2979 2417 3119 2472 sicut
3149 2417 3325 2471 insula
3367 2418 3614 2473 marinis
3655 2433 3776 2487 pro-

2179 2511 2329 2566 cellis
2356 2510 2601 2576 illiditur,
2645 2511 2721 2564 ita
2767 2507 3007 2564 Ecclesia
3026 2508 3502 2577 persecutionihus
3525 2511 3776 2569 marino-

2180 2619 2322 2669 rum,
2347 2603 2506 2659 idest
2531 2604 2944 2664 mundanorum,
2977 2600 3252 2671 alliigitur.
3297 2602 3529 2673 Propter
3562 2605 3775 2658 uerbum

2176 2694 2298 2749 Dei.
2327 2694 2384 2750 Id
2410 2703 2514 2760 est,
2535 2702 2759 2765 propter
2786 2692 3152 2749 testimonium
3178 2693 3450 2750 divinitati
3477 2702 3532 2750 et
3570 2696 3775 2765 huma-

2177 2788 2337 2844 nitati
2367 2787 2688 2842 exhibitum.

2246 2877 2414 2934 Vens.
2463 2877 2552 2934 10.
2589 2877 2747 2932 -Ιη
2769 2877 3045 2933 Daminica
3072 2879 3177 2934 die.
3219 2876 3369 2934 Solet
3418 2894 3616 2934 rerum
3644 2896 3770 2950 qua-

2175 2969 2300 3027 litas
2334 2984 2401 3025 ex
2440 2978 2680 3040 tempore
2727 2970 2927 3036 notari,
2969 2979 3030 3024 ut
3075 2969 3348 3024 Abraham
3391 2969 3448 3024 in
3490 2969 3770 3026 fervorem

2180 3061 2326 3127 ﬁdei,
2372 3060 2620 3131 angelum
2684 3061 2739 3116 in
2795 3061 3020 3117 meridie
3083 3059 3250 3125 vidit;
3304 3058 3446 3114 Loth
3483 3061 3539 3115 in
3593 3063 3773 3132 pcrdi-

499 3150 695 3218 quibus
729 3165 873 3206 nunc
897 3150 1048 3206 sedet
1077 3150 1220 3207 Deus
1246 3161 1299 3207 et
1320 3151 1551 3223 iudicat,
1577 3170 1649 3210 ne
1678 3155 1733 3210 in
1763 3155 1945 3212 futuro
1982 3154 2075 3226 ju-
2106 3133 2151 3196 (ἶ
2184 3153 2385 3208 tionem
2436 3151 2684 3207 Sodoma:
2710 3167 2969 3222 vespere;
3001 3151 3171 3206 Adam
3196 3159 3319 3221 post
3350 3151 3647 3207 meridiem
3675 3169 3769 3207 an-

495 3237 655 3294 dicet.

570 3329 732 3384 Vens.
752 3329 810 3384 5.
832 3360 905 3372 -
935 3330 1099 3390 Testis
1115 3333 1311 3405 ﬁdelis.
1343 3334 1483 3390 Dicit
1509 3335 1610 3391 hoc
1635 3343 1856 3406 propter
1883 3336 2074 3405 despe-

492 3429 680 3476 rantes
709 3421 775 3476 de
801 3431 976 3478 morte
1019 3423 1222 3481 Christi
1271 3434 1330 3480 ttt
1379 3425 1453 3480 illi
1502 3426 1591 3495 qui
1623 3426 1918 3480 dixerunt:
1960 3425 2076 3480 Nos

493 3513 806 3582 putabamus
853 3516 992 3586 quod
1034 3517 1144 3587 ipse
1165 3528 1294 3572 esset
1338 3519 1700 3587 redempturus
1727 3517 1896 3572 Israel
1922 3517 2073 3590 (an.

493 3604 665 3675 xxn').
711 3603 1098 3676 Primogenitus
1151 3619 1500 3683 mortuorum.
1543 3609 1708 3677 Quasi
1746 3610 1933 3665 dicat:
1973 3611 2077 3666 Vos

493 3710 604 3749 non
651 3704 880 3764 terreat,
924 3699 1052 3768 quia
1097 3702 1372 3768 surrexit,
1403 3712 1456 3758 et
1479 3711 1563 3757 est
1585 3703 1952 3771 impassibilis.
1981 3703 2075 3759 Vel

495 3797 579 3842 est
621 3788 829 3858 primus
861 3792 1306 3848 mortiﬁcantium
1349 3810 1427 3861 se,
1471 3794 1595 3864 quia
1650 3804 1929 3864 peccatum
1969 3813 2076 3852 non

494 3877 640 3934 fecit.
682 3877 931 3953 Princeps
979 3901 1160 3955 regum
1201 3896 1375 3940 teme.
1430 3886 1689 3958 Princeps
1740 3897 2074 3944 terrenarum

490 3978 820 4040 potestatum
849 4014 863 4039 ,
893 3984 1087 4044 potens
1113 3992 1207 4032 eas
1240 3994 1520 4035 removere
1545 4023 1557 4043 ,
1595 3989 1651 4035 et
1685 3981 1753 4034 ad
1785 3979 2076 4036 utilitatem

490 4076 713 4116 suorum
750 4063 832 4118 vel
862 4074 1178 4122 sanctorum
1211 4071 1529 4138 permittens
1559 4071 1750 4140 impios
1785 4072 2012 4126 servire.

563 4152 723 4207 Vens.
754 4153 806 4208 6.
837 4183 910 4195 —-
940 4155 1006 4209 Et
1050 4156 1174 4225 fecit
1223 4175 1317 4212 nos
1365 4159 1475 4213 Deo
1518 4170 1696 4214 nostro
1736 4176 1969 4231 regnum.
2018 4160 2076 4217 Id

487 4250 572 4297 est
598 4253 842 4312 potentes
868 4247 1014 4302 vitiis
1042 4248 1316 4314 resistere,
1347 4259 1392 4303 et
1421 4245 1736 4312 sacerdotes,
1762 4251 1814 4306 id
1870 4261 1952 4306 est
1976 4267 2076 4322 pro

479 4335 646 4389 nobis
670 4344 725 4390 et
744 4351 842 4407 pro
869 4337 1127 4394 fratribus
1153 4340 1510 4411 nosmetipsos
1532 4339 1642 4395 Deo
1661 4341 1965 4396 oll‘erentes.

565 4425 727 4483 Vens.
771 4429 824 4483 7.
854 4457 924 4469 -—
945 4430 1082 4484 Ecce
1108 4433 1262 4497 venit,
1304 4441 1407 4486 etc.
1453 4431 1520 4486 Et
1543 4449 1670 4489 vere
1709 4425 1919 4490 debetis
1946 4449 2068 4489 eum

2175 3245 2306 3302 divit
2335 3261 2522 3301 vocem
2569 3245 2813 3311 Domini;
2869 3243 3148 3310 Salomon,
3195 3259 3304 3299 non
3346 3254 3769 3309 reservatums,

2174 3337 2495 3408 sapientiam
2535 3345 2694 3392 nocte
2728 3336 2982 3406 suscepit.
3033 3335 3221 3390 Audivi
3262 3343 3378 3406 post
3425 3352 3509 3390 nte
3557 3353 3762 3392 uocent.

2175 3428 2303 3485 Post
2331 3444 2391 3485 se
2421 3428 2662 3494 audivit,
2702 3430 2832 3498 quia
2879 3424 3006 3482 dum
3042 3428 3108 3482 de
3142 3428 3502 3497 przeseutibus
3529 3430 3772 3486 educatus

2175 3520 2230 3576 in
2259 3519 2530 3575 anteriora
2573 3534 2717 3574 vera:
2759 3519 3234 3590 contemplationis
3273 3535 3336 3575 se
3392 3524 3726 3578 extenderet
3752 3565 3770 3586 ,

2175 3615 2336 3671 etiam
2372 3615 2507 3671 alios
2547 3615 2817 3684 respicere
2857 3615 3164 3669 admonitus
3214 3623 3330 3681 est;
3364 3615 3494 3671 vel:
3537 3629 3678 3685 post
3716 3633 3774 3672 se

2175 3708 2345 3772 audit,
2376 3707 2502 3776 quia
2533 3721 2562 3760 a
2594 3706 2714 3776 lege
2745 3714 2802 3761 et
2828 3705 3107 3775 prophetis
3128 3704 3445 3778 pmdictam
3483 3717 3575 3761 est
3627 3708 3732 3763 hoc
3752 3748 3770 3772 ,

2175 3799 2229 3853 id
2255 3797 2400 3852 enim
2429 3795 2696 3866 intelligit.

2246 3887 2408 3942 Vens.
2449 3886 2537 3941 ll.
2572 3909 2645 3927 —-
2677 3885 2830 3952 Quod
2869 3887 3030 3951 vides,
3079 3887 3266 3944 scribe.
3311 3887 3646 3945 Communis
3669 3895 3769 3946 ad-

2174 3978 2400 4034 monitio
2432 3977 2491 4032 ﬁt
2517 3977 2734 4042 Joanni,
2765 3995 2886 4049 quze
2914 3979 3123 4033 monuit
3153 3979 3517 4034 communiter
3543 3982 3772 4037 mittere

2173 4070 2418 4126 ecclesia:
2469 4069 2648 4136 Asiae,
2693 4085 2790 4141 per
2831 4086 2968 4140 quas
2998 4070 3355 4140 intelligendas
3393 4080 3524 4124 sunt
3574 4088 3771 4127 ornnes

2174 4161 2294 4218 alia:
2328 4161 2600 4218 Ecclesitc.
2633 4161 2760 4217 Haec
2804 4161 3108 4217 communis
3144 4161 3440 4216 admonitio
3477 4161 3540 4216 ﬁt
3595 4178 3771 4232 usque

2175 4254 2249 4310 ibi
2272 4270 2288 4309 :
2310 4252 2379 4308 Et
2401 4253 2599 4325 Angela
2625 4254 2832 4325 Ephesi,
2851 4263 2957 4308 etc.
2983 4252 3107 4308 Sive
3133 4251 3294 4308 simul
3313 4261 3369 4306 et
3391 4268 3504 4307 uno
3535 4253 3768 4320 intuitu,

2175 4348 2290 4405 sive
2318 4363 2415 4419 per
2446 4355 2690 4417 tempora
2721 4345 2934 4400 diversa
2966 4345 3106 4399 hanc
3136 4344 3399 4399 visionem
3426 4345 3576 4399 vidit
3599 4345 3772 4400 Joan—

2176 4457 2290 4507 nes,
2342 4439 2564 4510 angelus
2605 4437 2920 4493 utrumlibet
2943 4437 2991 4492 ei
3013 4435 3262 4492 conferre
3291 4435 3488 4505 potuit.
3525 4433 3768 4505 Epheso.

487 4519 982 4592 glorilicare,‘quia
1013 4523 1130 4594 ipse
1153 4535 1237 4579 est
1265 4525 1356 4594 qui
1387 4534 1647 4580 venturus
1683 4533 1766 4582 est
1788 4526 1859 4580 ad
1891 4541 2070 4581 remu-
2102 4497 2150 4557 θ
2173 4497 2687 4602 Εριίεδδευυοιωηηε
2723 4543 2840 4582 mea
2877 4497 3397 4598 itttet‘pretatur,'vel
3419 4497 3613 4595 lapsus
3635 4543 3768 4597 pro-

489 4615 806 4670 iterandum.
836 4614 970 4670 Cum
1019 4617 1246 4672 nubibus
1275 4658 1290 4684 ,
1325 4617 1379 4672 id
1408 4626 1494 4673 est
1518 4633 1641 4673 cum
1669 4618 1871 4673 sanctis
1896 4635 1910 4672 :
1941 4617 2066 4689 quia

488 4705 662 4760 nubes
691 4703 1289 4778 lueruntcomplueudo
1333 4709 1455 4765 aliis
1499 4709 1819 4775 doctrinam,
1861 4718 1918 4765 et
1967 4709 2063 4764 mi-

488 4796 674 4853 racula
720 4798 1000 4867 faciendo;
1035 4802 1140 4867 vel,
1171 4802 1310 4856 sicut
1348 4802 1403 4856 in
1435 4804 1577 4857 nube
1613 4803 1878 4867 ascendit,
1901 4803 1978 4856 ita
2008 4802 2062 4857 in

489 4888 634 4942 nube
652 4889 851 4954 veniet,
875 4891 972 4960 per
1013 4905 1176 4961 quam
1202 4893 1295 4948 Dei
1324 4893 1665 4948 clementiam
1694 4893 2062 4962 intelligimus,

488 4994 595 5049 qua
622 4981 776 5036 bonis
805 4992 888 5038 est
913 4984 1252 5056 refrigerium
1277 4994 1331 5041 et
1359 4986 1685 5041 iliuminatio
1712 5026 1726 5050 ,
1755 4983 1910 5039 malis
1935 4999 2064 5040 vero

489 5080 670 5136 terror
707 5081 762 5128 et
801 5077 1107 5131 excmcatio.
1155 5077 1309 5143 Quod
1351 5083 1409 5132 et
1452 5073 1816 5145 signiﬁcatum
1843 5080 1930 5128 est
1970 5086 2067 5142 per

487 5164 686 5217 nubem
735 5179 838 5233 qua
868 5165 1043 5221 educti
1071 5175 1202 5221 sunt
1227 5165 1323 5219 ﬁlii
1351 5164 1517 5219 Israel
1547 5163 1614 5218 de
1643 5162 1894 5233 Egypto.

558 5252 630 5308 Et
668 5256 856 5311 videbit
899 5274 1038 5312 eum.
1085 5258 1204 5311 Alia
1270 5255 1551 5310 translatio
1605 5255 1813 5310 habet:
1873 5249 2071 5306 Videbit

485 5350 654 5404 omnis
707 5359 845 5405 terra
893 5351 1068 5406 talem.
1107 5350 1270 5417 Quasi
1319 5349 1467 5405 dicat
1513 5363 1529 5403 :
1569 5347 1754 5403 Talem
1802 5343 2063 5399 videbunt

484 5441 701 5514 qualem
733 5443 884 5514 impii
922 5453 1207 5499 venturum
1243 5456 1364 5496 esse
1395 5456 1502 5495 non
1531 5439 1843 5494 credebant.
1877 5431 2060 5490 Omnis

481 5537 687 5593 oculus.
713 5537 846 5593 Boni
878 5548 938 5593 ut
963 5538 1235 5603 lmteutur,
1267 5537 1393 5592 mali
1434 5545 1494 5591 ut
1532 5534 1952 5598 confundantur;
1981 5532 2061 5586 vi-

481 5628 707 5682 debunt.
763 5627 1042 5698 Plangent.
1090 5627 1194 5682 Seu
1236 5627 1489 5682 collident
1529 5640 1690 5692 super
1727 5640 1850 5680 eum
1891 5623 2061 5692 impo-

482 5726 654 5772 tentes
678 5720 792 5785 ejus
822 5718 1045 5787 imperio
1069 5719 1343 5784 resistere,
1387 5716 1453 5773 ad
1492 5715 1898 5773 similitudinem
1923 5711 2059 5786 lapi-

2168 4623 2391 4694 fundus,
2417 4619 2502 4676 vel
2529 4619 2829 4674 consilium.

2243 4713 2404 4769 Vens.
2437 4713 2524 4767 1‘2.
2556 4735 2627 4753 -ι-
2652 4711 2720 4766 Et
2767 4726 3042 4766 conversus
3103 4726 3242 4764 sum.
3296 4709 3368 4765 Et
3395 4709 3530 4780 quia
3576 4709 3770 4764 audivi

2165 4821 2371 4870 vocem,
2389 4819 2681 4860 conversus
2697 4811 2958 4868 sum,‘etc.
2975 4801 3183 4872 Septem
3207 4800 3552 4858 candelabra.
3581 4799 3644 4854 Id
3679 4809 3771 4854 est

2164 4904 2372 4968 septem
2415 4895 2672 4951 ecclesias
2711 4893 2966 4950 ardentes
3021 4891 3438 4948 etilluminatas
3482 4891 3770 4960 sapientia

2165 4987 2330 5044 divini
2359 4985 2541 5042 Verbi.
2573 4986 2769 5041 Aurea.
2798 4983 2951 5040 Sicut
2991 4999 3184 5040 aurum
3220 4998 3317 5053 per
3348 4983 3530 5053 ignem
3556 4983 3769 5050 proba-

2167 5078 2760 5149 tum,percussionibus
2783 5085 3067 5134 extensum
3087 5075 3481 5132 candelabrum
3497 5071 3770 5136 edicitur,

2168 5171 2250 5228 sic
2297 5169 2538 5226 Ecclesia
2589 5169 3024 5225 tribulationibus
3061 5175 3335 5238 purgata,
3387 5164 3770 5221 tentationum

2171 5261 2370 5316 ictibus
2403 5261 2460 5315 in
2481 5260 2948 5332 longanimitatem
2986 5267 3210 5314 extensa
3234 5265 3680 5322 consummatur,
3711 5265 3776 5310 et

2166 5349 2281 5405 hmo
2306 5349 2351 5404 si
2384 5349 2589 5404 habeat
2608 5363 2796 5405 vocem
2824 5348 2877 5402 in
2906 5362 3002 5404 ore
3024 5387 3040 5411 ,
3070 5356 3129 5404 et
3168 5362 3276 5403 non
3303 5347 3362 5401 in
3383 5360 3570 5417 opere,
3621 5360 3773 5401 eno

2165 5440 2440 5497 delubrum
2469 5441 2686 5511 quidem
2726 5447 2831 5505 est,
2864 5440 2960 5496 sed
2987 5455 3093 5496 non
3117 5453 3366 5494 aureum.

2241 5531 2401 5586 Vens.
2430 5531 2511 5586 l5.
2542 5560 2614 5570 —
2634 5531 2870 5586 Similem
2907 5527 3048 5584 Filio
3075 5529 3320 5583 hominis.
3361 5526 3417 5582 id
3445 5536 3532 5582 est
3585 5541 3772 5596 ange-

2163 5621 2279 5676 ltun
2318 5622 2372 5676 in
2415 5638 2646 5693 persona
2674 5623 2908 5690 Christi,
2937 5622 3027 5692 qui
3053 5620 3168 5691 jam
3211 5636 3317 5675 non
3349 5620 3550 5674 dicitur
3579 5616 3775 5672 Filius

2124 5751 2128 5754 -
2166 5712 2438 5783 hominis,
2489 5713 2582 5771 sed
2634 5713 2848 5781 similis,
2897 5707 3026 5785 quia
3069 5711 3182 5782 jam
3222 5726 3330 5768 non
3360 5709 3610 5766 moritur.
3650 5702 3770 5761 Vel
