3948 6314
210 368 319 429 715

1109 357 1378 418 GLOSSA
1415 355 1814 416 ORDlNARlA.
1855 386 1920 401 ρ-
1959 352 2152 409 APOC.
2197 354 2498 410 JOANNIS.

3358 365 3463 422 714

209 486 351 543 Filio
375 479 614 539 hominis
638 477 848 545 similis,
873 476 999 547 quia
1025 490 1131 532 non
1169 491 1290 531 cum
1317 483 1564 547 peccato,
1595 475 1688 529 sed
1732 473 1784 526 in
1815 473 1865 533 Α
1891 471 2112 540 potestis
2141 470 2298 534 t‘crre,
2320 473 2444 541 quia
2468 472 2638 529 habeo
2660 482 2981 544 potestatem
3004 489 3168 548 super
3192 441 3465 538 diabolum

213 575 566 635 similitudine
605 571 786 627 carnis
833 571 1080 640 peccati,
1132 570 1381 641 apparuit
1421 569 1699 632 Christus,
1733 567 1789 621 in

210 679 321 740 quo
347 675 475 724 sunt
492 665 672 722 omnia
697 664 998 719 necessaria
1031 664 1097 718 ad
1119 665 1357 736 regimen
1383 662 1656 718 Ecclesiae.
1685 659 1790 715 Po-

211 765 356 818 dere.
382 762 440 817 ld
461 769 544 815 est
566 757 884 814 sacerdotali
916 764 1086 823 veste,
1124 756 1178 811 id
1201 764 1285 810 est
1321 741 1484 808 carne
1514 755 1567 808 in
1600 769 1705 823 qua
1732 768 1792 808 se

211 853 430 916 obtulit,
454 859 509 906 et
532 848 774 921 quotidie
792 845 968 913 offert,
993 853 1386 917 repraesentans
1407 859 1465 899 se
1490 844 1602 899 Deo
1618 843 1788 898 Patri.

215 947 330 1013 Vel,
362 943 577 1016 poderis
609 949 693 997 est
723 939 985 1005 Ecclesia,
1014 954 1120 1009 qua
1142 937 1370 992 vestitur
1405 936 1551 990 Deus
1596 945 1656 988 ut
1709 943 1793 987 tn-

211 1041 356 1105 nica,
381 1053 499 1109 quae
519 1036 718 1091 dicitur
739 1033 944 1098 talaris,
975 1032 1099 1102 quia
1121 1045 1292 1099 usque
1321 1030 1387 1084 ad
1415 1027 1576 1082 ﬁnem
1603 1025 1791 1080 mundi

212 1135 474 1190 duratura
499 1138 584 1186 est
608 1127 870 1183 Ecclesia.
898 1125 1246 1180 Prwcinctum
1274 1122 1342 1177 ad
1376 1120 1658 1176 mamillae.
1687 1120 1791 1174 Da-

219 1227 328 1281 niel
353 1225 590 1279 cinctum
615 1235 772 1276 renes
799 1218 933 1272 vidit
958 1217 1013 1270 in
1043 1215 1223 1271 Veteri
1251 1215 1628 1278 Testamento,
1665 1211 1792 1280 quia

212 1315 289 1370 ibi
319 1313 557 1368 carnalia
585 1309 1060 1379 constringuntur;
1086 1305 1174 1360 hic
1196 1304 1421 1375 legimus
1442 1302 1791 1374 praecinctum

209 1407 283 1460 ad
311 1403 594 1469 mamillae,
618 1402 742 1472 quia
765 1400 818 1455 in
841 1397 990 1455 Novo
1012 1398 1381 1462 Testamento,
1408 1395 1571 1450 etiam
1596 1393 1796 1465 cogita-

215 1500 398 1556 tiones
415 1495 746 1566 iudicantur.

1893 573 1947 618 et
1984 579 2144 633 super
2170 562 2408 619 membra
2439 565 2576 632 ejus.
2615 567 2804 622 Mortis
2851 579 2898 623 et
2949 571 3162 640 inferni.
3213 574 3467 632 Diabolus

1893 665 1976 711 est
2013 671 2160 710 mors
2183 696 2197 721 ,
2241 656 2364 725 quia
2398 671 2560 712 causa
2591 669 2672 713 est
2707 663 2956 729 peccati,
3008 663 3060 718 id
3106 673 3189 720 est
3234 667 3464 736 mortis;

1891 747 2124 802 ministri
2153 747 2269 818 ejus
2293 756 2420 803 sunt
2444 750 2689 806 infernus
2705 793 2719 815 ,
2749 753 2804 806 in
2827 755 3024 824 quibus
3045 756 3210 812 habet
3230 758 3426 821 locum.

1965 839 2128 894 Vens.
2175 839 2260 894 I9.
2298 868 2372 880 —
2411 837 2540 904 Qua:
2570 853 2770 912 oportet
2796 844 2912 912 ﬁeri
2941 857 3054 916 post
3090 849 3218 903 hwc.
3252 849 3309 904 In
3336 851 3465 908 ulti-

1893 931 1998 985 mis
2029 930 2271 985 ﬁdelibus
2296 971 2310 996 ,
2340 947 2438 1001 per
2478 947 2706 1002 quorum
2749 939 3055 1009 exemplum
3102 941 3188 996 isti
3237 944 3469 1003 multum

1894 1023 2088 1079 debent
2112 1023 2360 1079 animari.

1966 1115 2126 1170 Vens.
2150 1117 2239 1170 20.
2270 1147 2340 1156 —
2367 1116 2786 1175 Sacramentum.
2836 1123 3054 1180 Scilicet
3107 1131 3424 1200 mysterium
3454 1174 3468 1199 ,

1894 1209 1984 1264 ubi
2006 1209 2150 1263 aliud
2170 1210 2403 1278 videtur,
2417 1219 2471 1267 et
2491 1213 2635 1268 aliud
2656 1215 2989 1290 intelligitur.
3009 1220 3134 1276 Ilaec
3147 1225 3319 1292 prima
3335 1228 3471 1283 visio

1893 1308 1978 1356 est
2007 1300 2074 1355 de
2105 1303 2446 1371 correptione
2473 1305 2861 1362 Ecclesiarum.
2894 1309 3132 1381 Angelus
3157 1314 3470 1386 allegoriam

1895 1391 1948 1446 in
1971 1400 2126 1463 parte
2153 1393 2362 1464 aperit,
2397 1395 2674 1453 utedoceat
2707 1400 2903 1471 ubique
2932 1402 3130 1459 debere
3152 1409 3372 1477 requiri.

2513 1512 2741 1569 CAPUT
2775 1513 2838 1569 II.

287 1586 450 1643 Vens.
482 1586 568 1640 14.
595 1615 666 1624 -
695 1579 886 1652 Capilli
931 1590 1078 1636 erant
1117 1579 1350 1634 candidi.
1395 1577 1452 1632 Id
1496 1585 1580 1631 est
1622 1574 1794 1630 sancti
1829 1613 1834 1654 ς
1968 1576 2132 1633 Vens.
2159 1581 2213 1635 1.
2240 1611 2310 1621 -
2337 1580 2407 1636 Et
2429 1584 2633 1654 angelo.
2663 1584 2719 1650 Id
2737 1593 2822 1640 est
2850 1587 3104 1660 episc0po
3132 1592 3361 1660 scribit,
3409 1596 3474 1650 de

205 1681 512 1744 extenuati,
538 1689 595 1735 et
613 1679 950 1733 adhaerentes
982 1676 1084 1747 ipsi
1108 1674 1290 1744 capiti.
1316 1670 1414 1726 Vel
1434 1669 1791 1741 cogitationes
1895 1687 2058 1727 manu
2107 1673 2259 1742 cujus
2304 1686 2526 1745 peccata
2566 1677 2901 1734 subditorum
2942 1683 3204 1751 requirit,
3255 1693 3309 1739 et
3358 1687 3475 1741 sine

206 1774 348 1844 ejus.
385 1772 656 1843 Tanquam
704 1769 848 1825 lana.
897 1769 1049 1824 Sicut
1097 1767 1220 1821 lana
1261 1765 1383 1819 alba
1412 1773 1556 1841 apta
1603 1767 1688 1816 est
1722 1759 1793 1815 ad
1815 1777 1860 1849 ᾇ
1897 1766 2051 1835 cujus
2074 1783 2338 1824 consensu
2380 1770 2625 1826 subditos
2647 1772 2894 1842 judicare
2921 1789 3028 1829 non
3053 1778 3331 1845 praesumit
3358 1779 3479 1849 ipse

209 1840 569 1941 quoscunque
596 1864 804 1920 colores
830 1859 1194 1932 accipiendos,
1221 1859 1299 1913 sic
1326 1840 1498 1911 sancti
1519 1853 1587 1910 ad
1612 1852 1786 1910 tribu-
1814 1840 1864 1900 Β
1891 1857 2145 1914 Joannes.
2185 1859 2380 1930 Ephesi
2411 1840 2684 1918 Ecclesite.
2723 1863 2969 1934 Ephesus
2997 1840 3291 1922 secundum
3337 1840 3477 1926 bene

209 1963 443 2019 lationes
471 1957 826 2015 suﬁ‘erendas.
857 1955 988 2010 Nix.
1019 1951 1123 2008 Nix
1153 1953 1354 2007 candor
1378 1958 1462 2005 est
1508 1950 1790 2003 immorta-

209 2055 404 2118 litatis,
438 2052 565 2122 quia
593 2049 874 2106 candidior
919 2046 1065 2102 omni
1110 2051 1377 2100 creatura.
1405 2039 1579 2096 Oculi.
1621 2040 1680 2096 Id
1707 2046 1792 2096 est

210 2148 353 2203 dona
389 2144 623 2215 Spiritus
646 2141 821 2198 sancti
849 2158 863 2195 :
891 2141 1008 2196 hinc
1035 2145 1162 2194 sunt
1183 2135 1387 2194 Christi
1409 2135 1552 2191 velut
1581 2134 1788 2190 haben-

211 2241 283 2296 tis
306 2247 361 2297 et
381 2237 579 2303 dantis,
628 2237 769 2292 sicut
793 2234 1048 2290 Ecclesia:
1074 2230 1426 2302 accipientis;
1453 2229 1572 2283 hare
1596 2225 1793 2281 illumi-

151 2319 154 2322 i
210 2343 347 2392 nant
375 2343 430 2389 et
449 2332 656 2388 faciunt
673 2330 884 2386 ardere.
902 2328 1002 2384 Vel
1029 2325 1169 2382 oculi
1197 2331 1324 2381 sunt
1352 2322 1454 2392 ipsi
1484 2319 1792 2392 spirituales

210 2429 269 2483 in
293 2426 554 2490 Ecclesia,
579 2423 666 2479 vel
689 2421 872 2478 divina
905 2427 1198 2491 prmcepta.

285 2519 447 2573 Vens.
481 2516 569 2572 15.
601 2545 672 2556 -
712 2513 776 2569 Et
806 2512 978 2584 pedes.
1028 2511 1086 2566 Id
1135 2518 1220 2565 est
1262 2505 1438 2562 ultimi
1467 2505 1675 2572 ﬁdeles,
1698 2505 1793 2576 qui

209 2611 398 2671 multis
447 2607 892 2670 concussionibus
931 2619 1038 2665 non
1072 2602 1381 2664 retinebunt
1418 2600 1656 2676 priorem
1697 2612 1795 2652 na-

213 2717 414 2772 turain,
446 2708 585 2762 sicut
613 2703 1004 2768 aurichalcum,
1029 2701 1172 2772 quod
1197 2713 1339 2770 saepe
1381 2697 1710 2763 incenditur,
1739 2703 1796 2750 et

211 2797 496 2852 meliorem
542 2795 738 2868 accipit
780 2794 1036 2851 colorem.
1093 2791 1158 2846 In
1209 2790 1414 2844 camino
1460 2789 1685 2843 ardenti.
1732 2786 1793 2842 In

207 2889 322 2943 alia
371 2887 723 2944 translatione
763 2887 996 2942 habetur
1029 2899 1044 2938 :
1080 2881 1391 2938 aurichalco
1421 2879 1608 2935 Libani
1641 2920 1656 2945 ,
1697 2893 1796 2949 per

205 2981 365 3054 quod
402 2979 700 3036 ostenditur
750 2980 892 3049 quod
933 2979 988 3032 in
1033 2975 1122 3031 illa
1163 2974 1382 3042 regione
1410 2973 1501 3028 ubi
1532 2971 1794 3026 Dominus

205 3072 515 3130 cruciﬁxus
540 3079 643 3136 est,
685 3071 920 3124 maxime
965 3067 1056 3121 illa
1102 3065 1376 3120 tribulatio
1417 3072 1502 3118 est
1542 3063 1792 3117 valitura.

207 3164 290 3219 Et
314 3180 411 3219 vos:
431 3162 576 3218 illius
603 3171 851 3234 tanquam
871 3175 968 3215 vox
991 3173 1245 3229 aquarum
1277 3154 1583 3211 multarum.
1611 3154 1667 3208 Id
1689 3162 1794 3219 est,

203 3257 533 3332 praedicatio
555 3255 672 3326 ejus
698 3255 904 3311 obtinet
924 3254 1032 3309 vim
1055 3267 1226 3322 aquae,
1251 3249 1378 3321 quia
1406 3248 1647 3303 mundat.
1676 3247 1793 3314 Vel,

206 3350 345 3420 quia
375 3349 516 3403 hanc
540 3362 729 3403 vocem
759 3352 1078 3416 receperunt
1122 3342 1234 3412 jam
1274 3340 1424 3396 multi
1467 3339 1647 3411 populi
1681 3337 1795 3410 (qui

210 3448 608 3512 comparantur
655 3454 809 3510 aquae
863 3446 1086 3508 propter
1139 3435 1372 3506 ﬂuxum)
1421 3441 1571 3488 tanto
1624 3432 1796 3503 magis

211 3550 317 3589 vos
344 3541 595 3589 constare
621 3532 843 3588 debetis.
871 3529 968 3586 Vel
987 3545 1090 3585 vox
1111 3529 1290 3584 datrix
1314 3527 1607 3582 multarum
1632 3541 1798 3596 aqua-

209 3642 366 3691 rum,
394 3623 448 3680 id
477 3631 560 3680 est
583 3624 895 3696 gratiarum,
927 3622 1068 3677 unde
1095 3637 1218 3676 mox
1247 3621 1491 3692 sequitur
1520 3638 1533 3673 :

292 3716 457 3772 Vens.
505 3715 594 3771 16.
623 3746 695 3756 -
723 3713 936 3771 Stellae.
989 3713 1168 3770 Stellae
1202 3720 1328 3769 sunt
1377 3711 1611 3783 episcopi
1643 3751 1658 3778 ,
1704 3709 1798 3781 qui

215 3809 421 3864 debent
449 3806 569 3862 aliis
595 3807 777 3861 lucere
802 3807 968 3860 verbo
991 3813 1048 3860 et
1089 3803 1332 3873 exemplo
1361 3805 1486 3859 vitae
1515 3845 1529 3869 ,
1566 3803 1660 3874 qui
1692 3800 1797 3857 etsi

209 3899 586 3973 peccaverint,
603 3897 770 3955 stellae
791 3905 1070 3962 vocantur,
1087 3897 1379 3952 secundum
1402 3896 1544 3965 quod
1565 3893 1799 3950 instituti

216 4003 353 4050 sunt
367 4012 381 4047 :
406 4008 542 4064 quos
555 3992 720 4048 habet
743 3991 799 4045 in
814 3990 1032 4046 dextera
1042 4029 1057 4056 ,
1073 3989 1127 4044 id
1145 3996 1229 4044 est
1241 3989 1295 4043 in
1308 3987 1609 4058 potioribus
1619 3986 1796 4052 donis,

213 4100 349 4156 qua:
380 4099 478 4156 per
507 4086 785 4140 dexteram
811 4079 1206 4152 signiﬁcantur.
1237 4077 1306 4133 Et
1345 4094 1410 4133 ea:
1456 4093 1564 4132 ore.
1609 4075 1669 4131 ld
1719 4081 1804 4130 est

218 4177 324 4232 Dei
373 4175 726 4246 inspiratione
770 4173 937 4229 exivit
973 4171 1305 4243 praedicatio,
1355 4183 1476 4240 qua
1513 4175 1807 4237 utrumque,

220 4277 402 4336 secat,
429 4269 486 4323 in
509 4267 692 4323 Veteri
722 4267 939 4338 quidem
967 4266 1311 4321 Testamento
1345 4263 1582 4320 carnalia
1614 4277 1800 4332 opera,

221 4365 284 4418 in
307 4361 458 4417 Novo
484 4366 666 4415 autem
691 4356 1190 4428 concupisc'entias;
1220 4355 1362 4412 unde
1381 4356 1447 4411 de
1472 4357 1576 4410 hoc
1605 4354 1798 4426 gladio,

219 4456 322 4527 qui
349 4462 434 4509 est
459 4453 680 4509 verbum
709 4449 836 4514 Dei,
884 4451 1140 4520 scriptum
1192 4457 1320 4505 est:
1366 4445 1491 4502 Non
1526 4448 1663 4502 enim
1715 4460 1804 4499 vos

221 4548 353 4605 estis
381 4547 470 4619 qui
494 4544 785 4619 loquimini,
814 4543 904 4600 sed
933 4542 1145 4614 spiritus
1175 4538 1355 4597 Patris
1378 4539 1556 4606 vestri,
1585 4539 1674 4610 qui
1724 4539 1802 4592 lo-

221 4642 408 4712 quitur
431 4641 488 4694 in
509 4637 671 4694 vobis.
701 4637 849 4693 Sicut
893 4634 969 4690 sol
997 4635 1130 4689 lucet
1173 4636 1228 4688 in
1277 4634 1477 4688 virtute.
1522 4631 1578 4684 Id
1622 4641 1706 4686 est
1749 4631 1805 4685 in

227 4732 461 4788 meridie
493 4731 612 4798 sine
636 4730 887 4786 nubibus.
919 4727 1046 4793 Vel,
1071 4727 1212 4782 sicut
1235 4726 1350 4796 ipse
1369 4723 1616 4780 Christus
1642 4724 1696 4777 in
1720 4738 1806 4778 re-

222 4825 598 4891 surrectione;
633 4822 738 4889 vel,
769 4821 984 4893 quando
1020 4819 1160 4875 ﬁxus
1186 4818 1292 4873 erit
1320 4818 1375 4873 in
1396 4825 1679 4872 aeternum.

302 4916 470 4972 Vens.
512 4916 598 4970 17.
628 4942 700 4956 -—
728 4911 923 4968 Cecidi.
953 4911 1010 4966 ld
1038 4921 1142 4977 est,
1163 4909 1366 4980 projeci
1394 4923 1580 4964 curam
1621 4909 1810 4963 huma—
1839 4957 1841 4959 .

227 5011 424 5066 uitatis
473 5009 542 5064 ad
585 5005 990 5063 similitudinem
1019 5003 1334 5059 ultimorum
1361 5001 1620 5058 ﬁdelium.
1669 4999 1810 5054 Tan—

232 5117 397 5174 quam
424 5093 694 5154 mortuus.
731 5095 972 5151 Mortuus
996 5095 1219 5162 mundo,
1270 5094 1426 5149 vivus
1470 5093 1610 5158 Deo,
1655 5099 1710 5147 et
1739 5093 1816 5147 nil

229 5190 576 5248 terrenitatis
600 5188 841 5260 cupiens.
881 5187 1162 5242 Dexteram
1209 5202 1380 5240 suam.
1430 5185 1650 5240 Scilicet
1690 5199 1815 5240 san-

135 5280 138 5282 ⁷
231 5295 388 5344 ctum
413 5284 676 5356 Spiritum
715 5280 1136 5343 confortantem,
1163 5279 1218 5334 id
1239 5285 1324 5334 est
1351 5278 1609 5334 auxilium
1633 5293 1809 5333 suum.

201 5373 382 5436 “Noli
401 5379 598 5432 timere.
630 5375 746 5430 Pati
784 5389 886 5446 pro
924 5388 1014 5430 me
1054 5372 1432 5428 tribulationes
1461 5379 1518 5427 et
1539 5379 1768 5426 mortem
1795 5409 1812 5436 ,

233 5472 370 5545 quia
397 5485 490 5542 ego
519 5469 618 5542 qui
635 5479 745 5524 non
773 5468 1082 5540 indigebam
1121 5475 1345 5537 propter
1384 5480 1492 5530 me,
1533 5479 1659 5520 cum
1707 5466 1812 5519 sim

233 5565 442 5637 primus
465 5568 512 5616 et
537 5553 876 5625 novissimus,
907 5559 988 5630 fui
1018 5568 1256 5614 mortuus
1288 5567 1336 5612 et
1357 5559 1524 5613 vivus.

313 5657 478 5711 Vens.
509 5655 595 5710 18.
628 5683 698 5693 —-
720 5652 853 5708 Sum
879 5653 1066 5707 vivens.
1097 5652 1163 5706 Et
1193 5651 1312 5706 ideo
1339 5666 1449 5706 non
1476 5648 1813 5715 terreamini,

239 5749 371 5822 quia
397 5747 679 5802 manifeste
707 5747 916 5801 surrexi
936 5785 950 5810 ,
981 5761 1082 5800 nec
1113 5744 1341 5814 amplius
1367 5743 1591 5798 moriar.
1624 5743 1689 5796 Et
1720 5742 1815 5796 ha-
1889 5775 1892 5778 η

246 5845 361 5899 beo.
393 5843 461 5898 Et
497 5842 616 5897 ideo
664 5854 768 5894 non
814 5841 1145 5908 pattar‘lvos.
1193 5838 1399 5894 tentari
1437 5854 1597 5908 supra
1655 5852 1816 5906 quam

567 5938 840 5997 Pnnoe.
885 5935 1105 6000 CXIV.

1892 1952 2300 2020 persistentium
2322 1965 2532 2024 partem
2552 1955 2791 2012 uoluntas
2815 1957 3223 2028 interpretatur,
3246 1975 3474 2030 quorum

1893 2043 2149 2113 operibus
2199 2043 2341 2099 Deus
2371 2044 2672 2102 delectatur
2692 2087 2708 2114 ,
2741 2047 2810 2102 de
2834 2049 3032 2118 quibus
3067 2051 3362 2120 proponit,
3418 2061 3479 2108 ut

1892 2135 1993 2204 per
2022 2135 2217 2189 horum
2241 2136 2547 2206 exemplum
2569 2136 2682 2210 (qui
2704 2138 2839 2210 lapsi
2860 2138 3097 2214 fuerant)
3112 2142 3474 2214 corrigantur.

1895 2226 2027 2282 Item
2057 2227 2301 2298 Ephesus
2330 2229 2717 2301 interpretatur
2746 2233 3022 2287 consilium
3047 2273 3064 2300 ,
3104 2234 3160 2289 id
3208 2243 3293 2290 est
3342 2235 3480 2290 indi-

1897 2333 2030 2389 gens
2067 2319 2313 2386 consilio,
2351 2320 2466 2376 sive
2505 2321 2687 2392 lapsus
2730 2322 3064 2394 profundus,
3103 2325 3189 2379 vel
3229 2325 3480 2382 voluntas

1896 2424 2036 2464 mea.
2072 2409 2302 2481 Septem.
2331 2411 2523 2484 Incipit
2549 2413 2854 2486 singulares
2885 2416 3282 2472 admonitiones
3305 2459 3320 2483 ,
3359 2434 3481 2490 quae

1897 2503 2124 2571 singulae
2153 2512 2209 2559 et
2251 2505 2586 2561 universales
2619 2521 2740 2563 esse
2777 2517 3006 2578 possunt
3053 2511 3347 2566 secundum
3400 2512 3481 2567 di-

1895 2610 2055 2650 versa
2094 2596 2341 2651 membra
2377 2595 2664 2666 cujuslibet
2707 2598 2967 2654 ecclesiae.
3003 2599 3127 2655 Non
3156 2610 3299 2672 potes
3324 2605 3481 2658 susti-

1898 2705 2038 2750 ncrc.
2069 2686 2134 2746 Vi
2163 2688 2535 2744 humanitatis.
2571 2688 2690 2765 Vel,
2739 2707 2842 2752 non
2881 2701 3026 2768 poles
3069 2694 3324 2754 sustinere
3351 2695 3479 2771 quin

1897 2788 2154 2844 emendes
2191 2788 2278 2843 vel
2321 2789 2584 2861 expellas.

1969 2881 2135 2938 Vens.
2173 2882 2228 2936 2.
2259 2912 2331 2922 -
2366 2881 2601 2939 Tentasti
2651 2900 2737 2939 eos
2779 2884 2870 2956 qui
2918 2901 2992 2939 se.
3047 2882 3164 2940 Non
3206 2892 3486 2941 tentantur
3560 2895 3563 2898 '

1900 2974 2006 3030 nisi
2037 2976 2128 3044 qui
2157 2975 2303 3031 intus
2327 2985 2454 3032 sunt
2480 2977 2534 3032 in
2555 2976 2819 3033 Ecclesia.

1974 3067 2138 3122 Vens.
2177 3068 2230 3122 5.
2258 3099 2329 3108 -
2353 3067 2663 3123 Sustinuisti
2690 3078 2901 3140 propter
2928 3085 3115 3124 nomen
3143 3085 3335 3123 meum.
3370 3068 3484 3126 Hoc

1904 3175 2013 3215 non
2039 3159 2214 3216 fecisti
2246 3175 2343 3230 pro
2388 3161 2622 3215 humana
2653 3160 2831 3225 laude,
2885 3161 2979 3216 sed
3024 3169 3246 3231 propter
3282 3177 3481 3217 nomen

1904 3269 2084 3309 meum
2114 3255 2546 3326 gloriﬁcandum.
2576 3254 2644 3308 Et
2672 3271 2777 3308 non
2797 3255 3054 3325 defecisti.
3079 3254 3243 3311 Notat
3263 3273 3482 3313 causam

1900 3347 2126 3403 humani
2155 3345 2398 3403 defectus
2432 3347 2599 3402 fuisse
2636 3346 2743 3403 nisi
2787 3347 3048 3402 auxilium
3076 3350 3447 3419 praevenisset.

1968 3439 2133 3496 Vens.
2164 3439 2220 3493 4.
2243 3469 2314 3479 -
2347 3439 2450 3495 Sed
2479 3439 2642 3494 habeo
2672 3438 2945 3496 adversum
2981 3449 3031 3494 te
3067 3442 3209 3512 quod
3250 3443 3482 3498 charito-

1897 3539 2019 3585 tem.
2047 3530 2146 3587 Vel
2173 3532 2454 3603 epiSCOpus
2487 3531 2544 3586 in
2590 3546 2820 3602 persona
2861 3547 2957 3587 sua
2985 3573 3000 3598 ,
3053 3532 3274 3591 allectus
3329 3538 3484 3593 taedio

1733 3659 1742 3668 .
1771 3625 1796 3672 ii
1895 3620 2154 3676 vitiorum
2183 3622 2598 3693 reprehenditur
2624 3622 2677 3676 in
2709 3621 2961 3688 subditis,
2995 3622 3076 3677 vel
3107 3623 3304 3680 subditi
3332 3642 3482 3683 amo-

1897 3725 1960 3765 re
1986 3717 2326 3766 terrenorum
2349 3711 2662 3783 delinquere
2691 3710 3054 3768 inveniuntur.
3079 3712 3197 3769 Heli
3229 3717 3482 3774 sacerdos

1899 3801 2002 3858 fuit
2028 3805 2221 3870 bonus,
2247 3811 2303 3860 et
2339 3811 2517 3860 tamen
2558 3804 2845 3861 damnatus
2894 3813 2980 3861 est
3015 3807 3141 3876 quia
3183 3806 3321 3864 ﬁlios
3366 3826 3484 3877 cor-

1901 3893 2080 3965 rigere
2120 3893 2354 3950 nolebat.
2556 3905 2566 3958 ἡ

1972 3985 2138 4042 Vens.
2165 3986 2220 4041 5.
2244 4017 2316 4028 --
2337 3986 2552 4042 Movebo
2592 3988 2988 4044 candelabrum.
3019 3990 3277 4046 Auferam
3311 3994 3484 4049 virtu-

1903 4088 1988 4136 tes
2009 4088 2066 4135 et
2087 4081 2229 4136 dona
2273 4077 2510 4150 Spiritus
2535 4083 2738 4148 sancti,
2771 4095 2871 4152 per
2891 4097 3012 4154 qua:
3039 4091 3166 4138 sunt
3190 4085 3485 4142 constituta

1907 4171 2251 4227 candelabra.

1981 4262 2137 4319 Vens.
2158 4263 2212 4317 6.
2236 4293 2306 4303 —
2330 4260 2434 4319 Sed
2462 4263 2559 4319 hoc
2583 4263 2739 4320 habes
2765 4264 2978 4321 bonum.
3000 4265 3254 4332 Quamvis
3280 4267 3383 4324 hoc
3403 4278 3490 4324 est

1906 4357 2194 4414 adversum
2237 4365 2311 4423 te,
2345 4367 2523 4414 tamen
2550 4373 2657 4412 non
2695 4358 2970 4429 desperes,
2999 4359 3125 4430 quia
3168 4360 3336 4416 habes
3381 4361 3483 4416 bo-

1906 4465 2057 4506 num.
2091 4449 2262 4505 Facta
2291 4451 2701 4506 Nicolaitarum.
2734 4452 2789 4507 Id
2815 4463 2920 4520 est,
2953 4468 3298 4510 communem
3325 4471 3483 4511 usum

1909 4542 2219 4610 mulierum,
2249 4550 2304 4599 et
2327 4543 2714 4601 comestionem
2739 4543 3185 4621 idolothitorum.
3265 4565 3268 4572 ·

1983 4635 2148 4694 Vens.
2198 4638 2251 4691 7.
2295 4669 2368 4678 —
2405 4638 2508 4703 Qui
2555 4638 2706 4692 habet
2746 4655 2948 4694 aurem.
2979 4638 3090 4693 Cur
3129 4632 3490 4696 audiendum?

1912 4729 2039 4800 quia
2084 4728 2451 4799 perseveranti
2499 4727 2748 4783 Christus
2797 4736 2880 4784 est
2925 4727 3130 4798 lignum
3170 4729 3317 4796 vitae,
3364 4731 3489 4800 quia

1913 4821 2284 4878 umbraculum
2306 4830 2361 4876 et
2386 4822 2554 4876 robur
2580 4820 2792 4875 et‘dans
2817 4820 3072 4886 fructum,
3098 4821 3154 4878 id
3177 4830 3264 4878 est
3291 4837 3490 4895 corpus

1914 4924 1970 4970 et
1997 4914 2314 4985 sanguinem
2342 4922 2398 4967 et
2425 4913 2515 4967 hic
2543 4920 2598 4967 et
2625 4911 2857 4966 maxime
2880 4912 2934 4966 in
2964 4911 3167 4969 futuro.

1959 5007 2122 5063 Vens.
2135 5008 2189 5062 8.
2203 5037 2274 5046 —
2285 5004 2544 5076 Smyrnw.
2564 5002 2796 5074 Smyrna
2805 5003 3064 5058 canticum
3080 5005 3490 5077 interpretatur,

1919 5100 2005 5156 vel
2027 5099 2179 5171 quasi
2199 5097 2411 5167 myrrha
2431 5111 2450 5150 :
2481 5093 2642 5148 etiam
2672 5092 2947 5149 canticum
2965 5093 3020 5148 in
3039 5095 3238 5166 quibus
3255 5099 3493 5156 delecta-
3584 5119 3587 5122 ’

1923 5202 2029 5259 tur,
2048 5190 2266 5262 myrrha
2281 5188 2358 5243 sic
2373 5195 2456 5242 est
2470 5201 2652 5240 amara
2666 5194 2726 5240 ut
2739 5185 2904 5240 etiam
2915 5201 3142 5257 corpora
3163 5204 3193 5244 a
3209 5193 3495 5260 putredine

1921 5295 2119 5344 servet.
2165 5284 2294 5339 Herc
2309 5283 2432 5337 dicit
2447 5282 2666 5352 primus.
2709 5279 2892 5337 Talem
2935 5282 3193 5338 describit
3216 5283 3493 5342 Christum

1921 5377 2063 5448 quod
2083 5375 2261 5430 valeat
2281 5373 2346 5428 ad
2365 5370 2786 5427 consolationem
2807 5387 2997 5428 eorum
3020 5374 3220 5444 quibus
3263 5377 3492 5434 tribula-

1919 5469 2097 5524 tiones
2117 5468 2455 5537 ingeruntur.
2481 5463 2612 5518 Illac
2632 5462 2756 5518 dicit
2784 5466 3004 5536 primus.
3022 5465 3186 5534 Quasi
3208 5465 3356 5524 dicat
3377 5486 3392 5523 :
3412 5467 3494 5525 Ne

1921 5557 2186 5615 deﬁciatis
2205 5570 2320 5621 vos,
2348 5553 2474 5624 quia
2498 5569 2597 5624 ego
2613 5561 2794 5610 tantus
2815 5564 3034 5626 propter
3049 5571 3146 5612 vos
3163 5571 3354 5626 passus
3371 5573 3493 5614 sum

1920 5659 2170 5715 mortem,
2187 5649 2253 5704 de
2264 5663 2370 5718 qua
2383 5629 2671 5703 resurrexi.
2687 5645 2802 5704 Hoc
2814 5647 2953 5702 idem
2969 5647 3294 5718 exspectetis
3308 5658 3362 5703 et
3374 5665 3492 5706 vos.

1995 5739 2156 5796 Vens.
2200 5738 2284 5792 10.
2316 5767 2386 5778 --
2438 5736 2652 5808 Aliquae
2698 5752 2763 5790 ea:
2809 5736 2969 5790 vobis.
3023 5735 3122 5791 llic
3161 5743 3309 5806 patet
3352 5738 3494 5806 quod

1927 5850 2030 5889 non
2078 5833 2145 5888 de
2188 5845 2295 5886 uno
2344 5829 2477 5893 solo,
2525 5829 2617 5884 sed
2657 5828 2722 5883 de
2759 5826 3001 5896 pluribus
3043 5825 3391 5898 intelligatur.
3427 5825 3495 5883 Ut

2981 5917 3060 5979 23
