3948 6314
410 1498 421 1559 ῑ

497 348 633 413 τις,
995 332 1386 397 WALAFRIDI
1426 336 1673 395 STRABI
1708 335 1917 395 FULD.
1958 305 2130 391 uo'N.
2171 332 2325 392 orn.
2363 335 2545 396 rAns
2578 336 2625 395 ι.
2665 368 2736 380 -
2771 337 3235 398 THEOLOGICA.
3654 347 3780 404 .m

495 465 785 525 tentemini.
812 461 873 519 ld
895 468 1005 526 est,
1034 466 1097 515 ut
1132 456 1435 529 probemini
1461 497 1477 521 ,
1506 454 1592 509 vel
1614 454 1854 525 despecti
1878 452 2077 509 babea-
2102 453 2155 516 Δ
2255 454 2419 510 Vens.
2459 455 2515 511 2.
2542 486 2612 497 —
2653 454 2785 512 Esto
2811 457 3055 529 vigilem.
3098 459 3222 515 Ideo
3251 459 3450 530 vigila,
3478 462 3608 533 quia
3645 464 3782 526 ιίοει

493 559 630 617 mini
652 573 690 613 a
726 554 942 613 diabolo
965 563 1020 608 et
1041 550 1299 606 membris
1316 548 1455 617 ejus.
1478 547 1673 602 Diebus
1694 546 1890 601 decem.
1912 544 1970 599 ld
1997 550 2081 601 est
2185 550 2264 606 sis
2292 558 2474 607 mente
2500 551 2777 617 immotus,
2807 552 2888 606 vel
2921 553 2977 607 in
3013 560 3193 609 mente
3219 552 3534 620 laudabilis,
3570 574 3681 615 non
3718 579 3781 618 es

493 667 737 726 mpure
752 652 896 708 illius
923 648 1067 704 belli.
1098 646 1241 701 Deus
1262 644 1406 699 enim
1431 658 1559 699 suos
1579 642 1646 697 ad
1670 641 1809 696 bella
1833 639 2074 704 mittens,
2185 652 2363 700 tamen
2380 641 2672 714 perlectus,
2696 643 2799 700 nisi
2822 652 3049 700 caeteros
3071 646 3298 712 excites,
3320 657 3379 702 et
3400 664 3509 704 non
3536 661 3623 708 est
3640 656 3778 711 satis

492 746 761 817 Decalogo
798 748 996 798 armat.
1060 737 1157 793 Vel
1191 737 1381 792 decem
1433 736 1658 799 diebus,
1697 734 1750 813 id
1800 739 1913 798 est,
1964 738 2080 788 toto
2180 735 2458 793 Christum
2493 735 2778 803 conﬁteri,
2816 737 2923 792 nisi
2972 738 3137 792 etiam
3175 754 3342 810 opera
3378 740 3601 799 feceris.
3652 745 3777 801 No.

490 840 598 895 hoc
621 842 861 908 tempore
883 834 937 888 in
958 846 1065 902 quo
1087 845 1183 901 per
1199 837 1409 899 septem
1432 827 1548 882 dies
1575 834 1764 881 contra
1796 824 1902 879 tria
1926 823 2077 894 prin-

491 933 686 1004 cipalia
706 929 837 985 vitia
858 931 1150 999 pugnatur,
1162 921 1467 986 avaritiam,
1482 919 1854 991 cupiditatem,
1880 928 2077 972 vanam

526 1026 738 1080 loriam.

527 1044 738 1080 101⁸ιὲ111.

490 1044 523 1098 g
565 1113 723 1169 Vens.
761 1112 848 1166 ll.
876 1139 948 1151 —
971 1108 1015 1162 Α
1037 1116 1205 1161 morte
1223 1103 1476 1161 secunda.
1506 1101 1691 1158 Prima
1714 1115 1864 1158 mors
1883 1100 2077 1156 animae

408 1206 414 1216 ’
485 1214 573 1263 est
595 1206 653 1260 in
678 1198 1195 1276 peccatis,secunda
1220 1198 1273 1252 in
1305 1195 1507 1267 poenis:
1526 1195 1701 1266 prima
1714 1209 1862 1249 mors
1885 1208 2076 1262 corpo-

487 1300 588 1363 ris,
605 1296 827 1368 quando
847 1292 1187 1358 dissolvitur;
1212 1288 1472 1355 secunda,
1488 1288 1704 1359 quando
1728 1287 2076 1343 damnabitur

487 1392 541 1447 in
568 1389 796 1463 judicio.
1639 1408 1646 1415 ο
2025 1417 2028 1421 ~

560 1480 725 1537 Vens.
750 1478 837 1534 12.
865 1508 936 1518 -
960 1476 1355 1547 Rhompheam.
1383 1472 1566 1545 Exigit
1592 1480 1650 1526 ut
1678 1471 1937 1527 istihunc
1962 1470 2075 1541 gla-

411 1566 420 1640 ξ
483 1573 636 1628 dium
664 1571 905 1627 habeant
938 1569 993 1625 in
1021 1567 1284 1623 electione
1320 1565 1664 1621 bonorumet
1694 1560 2073 1632 reprobatione

412 1658 420 1691 ῖ
484 1665 772 1722 malorum.

556 1756 921 1812 Vnns.15.—-
951 1750 1076 1808 Non
1119 1751 1320 1823 negasti
1358 1748 1518 1820 ﬁdem
1544 1762 1735 1802 meam.
1766 1743 2070 1800 Tribnlatio
2172 1754 2349 1818 unde,
2412 1753 2709 1808 νιστίιαιεηι
2758 1762 2935 1809 um.
2981 1770 3088 1809 non
3141 1754 3403 1824 habeam,
3466 1759 3611 1813 nihil
3654 1777 3771 1814 Μ

475 1848 643 1922 justis
684 1845 1007 1903 illuminatio
1042 1852 1148 1909 est,
1190 1839 1601 1899 contumacibus
1628 1838 1921 1907 correptio,
1965 1838 2065 1893 ob-
2096 1827 2146 1888 Β
2170 1844 2315 1918 (λος,
2344 1844 2429 1918 η),

479 1941 699 1998 stinatis
721 1938 1036 1996 excaecatio.

555 2031 719 2085 Vens.
752 2029 840 2084 14.
862 2057 935 2068 --
951 2024 1198 2080 Balaam.
1220 2024 1325 2079 Per
1344 2014 1569 2078 Balaam
1587 2018 1918 2091 intelligendi
1942 2025 2070 2073 sunt
2111 2039 2119 2045 -

479 2123 722 2181 haeretici
752 2122 845 2191 qui
872 2121 1069 2176 docent
1104 2127 1353 2173 terrenos
1383 2116 1655 2187 principes
1683 2112 1918 2182 qualiter
1945 2112 2069 2167 sub-

478 2221 697 2272 vertant
708 2213 943 2287 cultores
956 2210 1076 2265 veri
1090 2209 1206 2287 Dei.
1232 2207 1326 2264 Vel
1340 2206 1580 2271 Balaam,
1598 2204 1648 2260 id
1662 2212 1750 2260 est
1769 2202 2067 2269 dzemones,

476 2309 573 2380 qui
593 2309 790 2363 docent
806 2319 1030 2361 carnem
1052 2302 1303 2371 decipere
1327 2299 1537 2354 animas
1563 2296 1808 2352 videntes
1840 2296 2028 2350 Deum.

547 2398 711 2455 Vens.
733 2397 820 2453 15.
848 2424 918 2436 —-
945 2393 1254 2449 Doctrinam
1280 2388 1693 2445 Nicolaitarum.
1718 2387 1842 2442 ldeo
1870 2385 2068 2456 repetit

474 2495 544 2551 de
555 2491 858 2557 Nicolaitis,
871 2498 931 2544 ut
942 2490 1008 2543 ad
1021 2486 1393 2558 pmnitentiam
1408 2484 1616 2546 invitet,
1634 2481 1776 2551 quod
1790 2496 1896 2536 non
1913 2479 2062 2535 fecit.

546 2585 708 2641 Vens.
732 2584 821 2639 17.
854 2609 926 2622 -—
947 2580 1169 2635 Manna.
1201 2577 1307 2633 Per
1329 2590 1527 2631 manna
1550 2574 1789 2646 intellige
1806 2582 2064 2629 aeternam

473 2679 702 2751 gloriam
730 2679 798 2732 de
840 2690 947 2745 qua
979 2688 1168 2730 omnes
1203 2672 1384 2728 dicent
1415 2688 1428 2701 ·
1472 2670 1613 2738 Quid
1643 2669 1891 2725 esthoc?
1922 2667 2066 2734 Quo-

474 2772 618 2824 niam
674 2785 766 2823 nec
819 2765 1001 2821 oculus
1057 2764 1205 2829 uidit,
1256 2779 1347 2817 nec
1393 2764 1540 2816 auris
1601 2760 1801 2817 audivit
1847 2758 1900 2830 (Ι
1935 2756 2061 2816 Cor.

468 2861 560 2933 υ),
608 2870 716 2917 etc.
764 2858 833 2912 Et
872 2857 1009 2911 dabo
1046 2857 1113 2910 ei.
1158 2855 1219 2910 ln
1258 2854 1479 2911 Daniele
1510 2853 1771 2924 scriptum
1796 2860 1881 2907 est
1913 2870 1926 2905 :
1958 2852 2064 2905 Ab-

469 2955 637 3008 scisus
670 2961 744 3006 est
794 2952 929 3021 lapis
980 2950 1092 3003 sine
1136 2947 1380 3002 manibus
1433 2946 1594 3018 (Dan.
1629 2945 1690 3015 1).
1733 2944 1790 2999 In
1835 2944 2063 2998 Prover-

469 3046 579 3102 biis
625 3064 638 3099 :
694 3041 911 3098 Gemma
963 3041 1271 3112 gravissima
1330 3038 1644 3110 exspeclatio
1706 3034 2060 3107 prtt’stolantis

473 3137 659 3209 (Prov.
690 3135 846 3206 xvu).
886 3134 1034 3190 Idem
1078 3147 1274 3203 corpus
1319 3131 1547 3187 solidum
1578 3143 1677 3199 per
1711 3127 1885 3198 ipsum
1918 3125 2055 3181 luci-

470 3233 626 3300 dum,
646 3232 935 3289 candidum
962 3229 1254 3285 virtutibus
1278 3237 1335 3282 et
1356 3242 1452 3297 spe
1478 3223 1920 3281 immortalitatis.

544 3327 614 3381 Et
633 3329 689 3382 in
729 3324 953 3380 calculo.
983 3322 1082 3378 Vel
1113 3337 1281 3391 super
1306 3321 1636 3391 baptismum
1683 3316 1819 3373 adde
1857 3325 2063 3388 marty-

473 3420 636 3483 rium,
659 3409 813 3486 cujus
836 3417 941 3471 vim
965 3430 1071 3469 non
1095 3411 1346 3483 intelligit
1370 3410 1649 3482 hypocrita
1669 3409 1761 3478 qui
1779 3423 1878 3478 pro
1905 3408 2062 3461 laude

468 3511 752 3569 hominum
780 3508 1000 3580 patitur.
1028 3504 1315 3575 Scriptum.
1345 3500 1830 3571 Quinquelitteris,
1853 3498 2064 3555 scilicet

471 3604 710 3673 quinque
734 3599 1048 3654 vulneribus
1070 3612 1196 3652 cum
1218 3596 1415 3665 quibus
1439 3601 1717 3649 ostensum
1738 3590 1842 3647 fuit
1865 3605 2063 3661 corpus

470 3694 589 3763 ejus
624 3694 680 3748 in
705 3704 891 3756 cruce,
922 3688 1069 3760 quod
1099 3695 1305 3758 martyr
1332 3683 1455 3740 fuit.

540 3784 708 3840 Vens.
756 3781 843 3837 19.
892 3809 967 3820 -
1018 3776 1156 3833 Novi
1201 3793 1360 3849 opera
1387 3786 1506 3843 tua,
1546 3783 1654 3831 etc.
1704 3773 1872 3830 Filius
1917 3774 2059 3830 dona

474 3878 711 3950 Spiritus
737 3874 910 3931 sancti
930 3873 1112 3940 habet,
1145 3873 1199 3927 id
1225 3880 1330 3939 est,
1364 3871 1456 3927 dat
1481 3871 1567 3927 cui
1594 3870 1726 3935 vult,
1751 3870 1834 3926 vel
1858 3869 2056 3925 aufert.

472 3972 601 4029 ldeo
629 3970 844 4025 videant
884 3968 972 4023 isti
1001 3966 1093 4038 qui
1125 3964 1242 4036 jam
1296 3970 1618 4035 receperunt
1646 3961 1737 4017 illa
1779 3962 1942 4027 dona,
1990 3976 2058 4017 ne

468 4085 570 4140 per
596 4080 923 4124 consensum
976 4063 1245 4119 malorum
1293 4060 1525 4131 perdant
1563 4072 1651 4115 ea.
1685 4055 1783 4111 Vel
1819 4055 2058 4127 intelligo

471 4153 790 4221 charitatem
821 4169 875 4214 et
914 4160 1095 4224 ﬁdem,
1134 4168 1193 4213 ut
1236 4158 1309 4214 sit
1333 4156 1467 4211 ordo
1514 4151 1891 4221 retrogradus;
1945 4164 2054 4205 non

466 4258 615 4313 enim
643 4255 795 4325 prius
815 4263 901 4309 est
928 4253 1169 4308 charitas
1207 4262 1372 4320 quam
1397 4248 1550 4303 ﬁdes.
1580 4245 1741 4300 Prius
1773 4243 1910 4300 ﬁdes
1930 4280 1947 4309 ,
1985 4258 2052 4298 ex

471 4348 578 4404 ﬁde
606 4346 867 4410 charitas,
890 4359 957 4400 ex
982 4344 1253 4400 charitate
1275 4342 1414 4396 bona
1441 4351 1627 4409 opera.

544 4438 707 4495 Vens.
736 4435 827 4491 20.
856 4464 928 4475 —
948 4432 1252 4489 Fornicari.
1280 4429 1595 4486 Fornicatio
1618 4426 1816 4483 dicitur
1834 4424 2052 4495 quadri-

468 4529 660 4587 formis
700 4528 757 4583 in
795 4530 1011 4592 animo,
1049 4526 1110 4582 Si
1154 4525 1347 4579 videris
1387 4520 1655 4576 mulierem
1691 4519 1761 4574 ad
1796 4518 2053 4590 concupi-

468 4622 715 4683 scendam
755 4635 873 4675 eam
921 4617 1136 4690 (Matth.
1164 4615 1238 4686 v),
1264 4623 1370 4670 etc.
1400 4614 1457 4669 ln
1478 4623 1598 4669 actu
1619 4613 1757 4684 ipso,
1789 4612 1844 4668 in
1867 4628 2054 4668 amore

470 4722 830 4776 terrenarum,
864 4710 918 4764 in
947 4709 1096 4765 cultu
1125 4707 1408 4762 idolorum.

545 4805 710 4860 Vens.
737 4804 829 4859 24.
855 4832 924 4843 -
956 4801 1081 4856 Non
1102 4803 1325 4855 mittam.
1371 4798 1602 4867 Quidam
1637 4797 1844 4868 pseudo
1882 4804 2053 4852 terre-

469 4899 600 4953 bant
626 4910 721 4951 eos
750 4893 977 4951 dicendo
1002 4892 1145 4963 quod
1170 4892 1353 4951 adhuc
1367 4892 1628 4946 missurus
1650 4897 1770 4945 erat
1792 4888 2052 4945 Dominus

470 4971 716 5060 majores
734 4986 1107 5043 tribulationes
1125 5001 1288 5056 quam
1313 4984 1459 5055 passi
1488 4991 1674 5041 essent
1697 5001 1710 5037 :
1734 4990 1926 5039 contra
1948 4982 2052 5037 hoc

471 5080 620 5147 dicit,
641 5078 785 5149 quod
813 5084 922 5133 non
949 5077 1147 5133 mittet.

1078 5169 1309 5227 CAPUT
1344 5169 1427 5223 Ill.

542 5262 705 5320 Vens.
756 5262 813 5318 Α.
851 5292 923 5305 --
954 5259 1025 5316 Et
1068 5260 1256 5333 angelo
1312 5260 1565 5316 Ecclesia
1604 5258 1813 5316 Sardis.
1862 5258 2048 5315 Sardis

454 5356 781 5427 principium
802 5355 1206 5425 pulchritudinis
1233 5353 1642 5423 interpretatur,
1669 5361 1725 5409 et
1746 5368 1844 5424 per
1875 5353 1979 5410 hoc
2003 5354 2049 5408 is

452 5446 807 5517 signiﬁcatur
836 5446 929 5515 qui
954 5446 1195 5515 primum
1226 5445 1363 5500 nihil
1383 5446 1467 5501 vel
1488 5462 1689 5517 parum
1706 5446 1923 5502 virtutis
1949 5448 2046 5503 ha-

469 5538 583 5603 bet,
608 5537 801 5592 deinde
834 5535 894 5589 ﬁt
916 5535 1092 5604 turpis
1116 5550 1212 5604 per
1239 5535 1405 5601 vitia;
1431 5535 1516 5592 vel
1549 5536 1923 5608 intelliguntur
1940 5538 2046 5609 hy-

468 5628 689 5697 pocrita:
701 5628 794 5697 qui
815 5635 966 5682 extra
988 5625 1226 5697 pulchri,
1258 5627 1405 5684 intus
1424 5616 1711 5686 deformes.
1744 5630 1871 5686 Scio
1891 5647 2047 5702 opera

469 5727 581 5772 tua.
627 5719 695 5774 Et
733 5718 848 5773 scio
888 5719 1030 5787 quod
1062 5719 1118 5774 in
1156 5720 1409 5776 omnibus
1436 5722 1690 5791 operibus
1718 5723 1825 5778 tuis
1847 5724 2049 5793 quieris

466 5807 763 5863 humanam
792 5807 1022 5863 laudem.

2162 834 2319 889 ’enim
2346 832 2550 887 invenio
2571 847 2729 902 opera
2754 841 2847 885 tua
2877 830 3052 901 plena.
3078 832 3214 887 Dum
3244 848 3306 890 es
3330 835 3448 889 sine
3478 835 3775 905 charitatc,

2178 927 2261 985 vel
2291 941 2387 997 pro
2414 925 2592 989 laude,
2623 924 2707 979 vel
2745 926 2872 995 quia
2901 926 3198 982 committis
3221 927 3529 983 criminale.

2251 1015 2419 1073 Vens.
2454 1016 2506 1070 5.
2536 1047 2605 1055 -
2630 1015 2698 1070 In
2725 1026 2894 1070 mente
2921 1033 3044 1088 ergo
3072 1017 3224 1072 habe.
3250 1017 3307 1073 ld
3336 1026 3442 1085 est,
3480 1022 3780 1079 recordare

2175 1106 2413 1178 qualiter
2441 1106 2600 1161 ﬁdem
2624 1104 2830 1161 Christi
2858 1106 2911 1160 in
2938 1107 3266 1177 baptismate
3292 1110 3614 1180 perceperis
3638 1134 3655 1164 z
3689 1113 3776 1167 ubi

2175 1199 2478 1270 promisisti
2528 1197 2965 1254 renuntiaturum
3020 1209 3074 1255 te
3138 1200 3350 1256 diabolo
3403 1210 3463 1256 et
3515 1204 3779 1259 omnibus

2174 1290 2388 1361 pompis
2417 1288 2554 1359 ejus.
2587 1290 2892 1346 Recordare
2931 1289 3097 1346 etiam
3127 1292 3272 1362 quod
3298 1308 3328 1347 a
3367 1288 3697 1349 doctoribus
3715 1295 3776 1350 ﬁ-

2177 1384 2265 1440 dei
2287 1384 2611 1438 Christianae
2640 1382 2875 1453 qualiter
2899 1390 2950 1438 te
2975 1383 3162 1440 vivere
3211 1394 3429 1455 oportet
3468 1387 3772 1442 audivisti:

2177 1485 2233 1532 et
2258 1491 2414 1532 serva
2444 1476 2587 1547 quod
2616 1476 2835 1541 aulisti,
2866 1483 2923 1530 ct
2943 1477 3317 1546 paenitentiam
3361 1494 3496 1551 age,
3529 1495 3603 1536 eo
3629 1482 3775 1551 quod

2168 1585 2207 1625 a
2235 1570 2393 1625 bonis
2419 1568 2675 1639 operibus
2699 1569 2887 1624 tandiu
2917 1571 3188 1640 torpuisti.
3221 1572 3473 1627 Audieris
3494 1590 3529 1628 a
3568 1577 3776 1632 sanctis

2172 1660 2448 1727 Patribus,
2471 1660 2620 1732 quia,
2646 1662 2814 1733 quiin
2840 1678 2947 1716 uno
2967 1662 3209 1733 offendit,
3234 1666 3471 1720 omnium
3500 1683 3631 1721 reus
3656 1680 3773 1735 est;

2245 1936 2409 1993 Vens.
2444 1936 2498 1991 4.
2546 1966 2617 1978 -—
2666 1937 2793 1993 Non
2836 1939 3241 2007 inquinaverunt
3285 1944 3600 1999 vestimenta
3651 1963 3769 2003 su.

2170 2030 2361 2088 Vestes
2376 2032 2805 2088 immortalitatis
2831 2043 2887 2088 et
2907 2034 3252 2101 innocentiae,
3273 2051 3413 2106 quas
3432 2049 3771 2110 acceperunt

2168 2124 2228 2180 in
2266 2124 2557 2195 baptismo,
2590 2124 2698 2191 vel,
2723 2134 2819 2181 sua
2844 2125 2986 2181 bona
3016 2140 3183 2196 opera

2244 2217 2408 2272 Vens.
2435 2216 2566 2272 5.—
2601 2214 2725 2271 Non
2746 2215 2945 2272 delebo.
2970 2217 3124 2274 Delet
3150 2223 3435 2291 reprobos,
3462 2226 3769 2283 secundum

2168 2309 2343 2365 illud:
2374 2309 2653 2365 Induravit
2696 2310 2957 2366 Dominus
2984 2327 3076 2366 cor
3099 2308 3401 2370 Pharaonis
3428 2315 3639 2386 (Exod.
3687 2320 3763 2390 ι).

2169 2398 2249 2454 De
2284 2399 2416 2455 libro
2443 2400 2580 2455 uiue.
2613 2399 2776 2457 Liber
2795 2403 2920 2458 vitae
2945 2405 3287 2474 prtescientia
3312 2405 3415 2462 Dei
3439 2418 3547 2472 est,
3582 2410 3638 2464 in
3659 2426 3767 2481 qua

2164 2491 2352 2548 omnia
2379 2492 2742 2549 continentur.
2793 2490 3093 2563 Conﬁtebor
3120 2511 3308 2551 nomen
3354 2498 3495 2568 ejus,
3534 2501 3763 2557 dicens:

2178 2581 2379 2650 Venite,
2421 2584 2676 2639 benedicti
2713 2583 2895 2641 Patris
2920 2588 3022 2642 mei
3066 2586 3279 2659 (Matth.
3312 2592 3470 2664 xxv).
3506 2591 3611 2649 Vel
3657 2596 3765 2661 hic,

2165 2674 2397 2731 Dedistis
2426 2676 2554 2731 mihi
2580 2678 2904 2734 manducare
2926 2689 2974 2733 et
3004 2679 3194 2735 bibere.

2240 2767 2404 2823 Vens.
2429 2767 2483 2821 7.
2507 2797 2579 2809 -—
2628 2767 2756 2824 ch
2796 2769 2947 2824 dicit.
2997 2771 3161 2839 Quasi
3198 2773 3388 2830 dicat:
3424 2774 3654 2836 Labora
3700 2780 3766 2835 de

2165 2858 2523 2920 conversione
2555 2864 2783 2920 fratrum
2811 2868 2955 2922 sicut
2980 2867 3191 2938 cmpisti
3223 2886 3236 2922 :
3266 2869 3396 2939 quia
3418 2870 3481 2925 in
3508 2886 3588 2927 eo
3626 2875 3765 2943 quod

2158 2955 2423 3027 promisi,
2477 2956 2822 3027 quodcunque
2871 2958 3122 3028 petieritis
3170 2957 3387 3014 Patrem
3438 2963 3496 3016 in
3552 2966 3765 3023 nomine

2163 3063 2302 3111 meo,
2329 3046 2475 3101 dabit
2513 3047 2654 3101 vobis
2686 3046 2870 3120 (Joan.
2899 3050 3036 3121 xlv),
3091 3066 3211 3106 sum
3240 3067 3409 3107 verax
3440 3055 3495 3109 in
3526 3059 3765 3126 promis—

2165 3136 2259 3198 sis,
2285 3136 2427 3192 unde
2451 3138 2594 3192 scire
2620 3140 2849 3208 potestis
2877 3142 3018 3210 quod
3042 3142 3239 3198 multos
3264 3148 3633 3218 congregabo
3672 3166 3764 3207 vo-

2084 3190 2133 3257 c
2165 3226 2250 3282 bis
2286 3226 2426 3282 sicut
2452 3228 2794 3286 desideratis.
2827 3190 3058 3286 Claudia
3096 3232 3165 3289 Ut
3187 3190 3527 3305 quierai‘inlg,
3558 3190 3759 3312 aperi:

2160 3326 2225 3373 ut
2250 3318 2618 3385 inveniamus,
2659 3330 2719 3374 ut
2748 3321 3037 3391 inquisitor
3062 3321 3300 3381 fructum
3331 3328 3577 3398 accipiat
3597 3335 3762 3388 sudo-

2164 3410 2243 3467 ris
2269 3411 2372 3477 sui,
2403 3422 2459 3466 et
2482 3411 2707 3484 largitor
2740 3413 2944 3486 gratias
2967 3430 3078 3470 sua:
3104 3417 3361 3483 bonitatis
3387 3421 3620 3479 habeat.

2238 3502 2401 3560 Vens.
2424 3503 2479 3559 8.
2502 3533 2571 3544 --
2601 3502 2739 3559 Ecce
2765 3504 2885 3559 dedi
2911 3523 3091 3562 coram
3111 3518 3181 3565 te.
3211 3508 3405 3569 Merito
3436 3514 3611 3583 dedi,
3638 3520 3763 3589 quia

2163 3602 2351 3669 aperte
2397 3611 2504 3650 non
2545 3604 2763 3666 poteras
2803 3597 3007 3654 habere
3051 3614 3150 3672 per
3176 3609 3258 3670 te,
3304 3604 3437 3674 quia
3476 3609 3763 3665 modicam

2156 3689 2332 3746 habes
2358 3690 2635 3745 virtutem.

2234 3780 2466 3838 Ostium.
2496 3781 2601 3839 Per
2625 3784 2845 3851 ostium,
2871 3787 3017 3857 quod
3038 3788 3235 3845 dicitur
3257 3790 3328 3846 ab
3346 3792 3659 3861 obstando,
3680 3798 3761 3852 in-

2152 3874 2477 3946 telliguntur
2495 3878 2657 3933 corda
2679 3879 2959 3936 hominum
2980 3883 3132 3953 prius
3153 3884 3308 3940 dura.
3328 3883 3428 3943 Vel
3446 3889 3760 3963 intelligere

2150 3975 2315 4039 potes
2353 3966 2662 4038 Scripturas
2713 3972 2992 4030 obscuras.
3022 3974 3120 4031 Vel
3167 3974 3470 4046 Christum,
3516 3985 3622 4052 qui
3676 3996 3760 4041 est

2153 4072 2349 4115 verum
2395 4061 2595 4116 ostium
2644 4063 2709 4118 ad
2756 4064 2962 4131 vitam,
2999 4068 3144 4124 unde
3188 4070 3439 4142 discipuli
3486 4078 3758 4145 prohibiti

2158 4148 2304 4219 loqui
2330 4159 2390 4206 et
2415 4152 2543 4207 caesi
2567 4153 2825 4210 dixerunt
2849 4174 2863 4210 :
2906 4155 3031 4213 Non
3059 4175 3337 4229 passuum
3357 4179 3482 4233 quae
3519 4168 3757 4223 uidimus

2159 4256 2264 4295 non
2284 4240 2425 4313 loqui
2448 4243 2587 4313 (Act.
2606 4245 2704 4316 ιν).

2227 4331 2394 4388 Vens.
2422 4334 2476 4389 9.
2509 4364 2582 4375 —
2599 4335 2841 4394 Judteos.
2875 4339 2990 4398 Hoc
3014 4358 3213 4399 nomen
3236 4346 3604 4415 perdiderunt
3626 4353 3756 4408 dum

2155 4423 2226 4517 de
2270 4424 2485 4484 Christo
2528 4429 2783 4486 dixerunt
2832 4450 2848 4487 :
2898 4433 3055 4489 Hune
3100 4439 3357 4493 nescimus
3403 4439 3603 4512 μου..
3648 4447 3753 4517 11).

2158 4515 2507 4574 Mentiuntur.
2540 4519 2795 4577 Nituntur
2825 4526 3177 4595 comprobare
3218 4529 3398 4585 verbis
3436 4540 3498 4586 et
3523 4515 3757 4603 quibus»

2158 4611 2285 4665 dam
2331 4612 2777 4671 sitnulationibus.
2818 4616 2956 4673 Ecce
2991 4619 3190 4689 faciam
3239 4621 3360 4679 illos
3405 4634 3464 4678 ut
3514 4631 3749 4683 renisu.

2155 4700 2343 4757 Parati
2382 4703 2584 4758 imitari
2624 4721 2787 4777 Opera
2814 4716 2904 4763 tua
2930 4724 3031 4779 per
3068 4712 3481 4771 similitudinem
3530 4717 3757 4775 humili—

2158 4796 2286 4851 tatis
2313 4805 2435 4853 tuaz.
2468 4796 2668 4853 Sciant.
2693 4800 2859 4856 Extra
2881 4803 3042 4872 positi
3064 4819 3172 4860 non
3192 4807 3547 4865 crediderunt
3576 4812 3756 4870 Deum

2155 4887 2378 4961 diligere
2401 4890 2696 4948 Ecclesium
2714 4910 2876 4963 quam
2904 4899 3253 4965 permittebat
3274 4901 3463 4971 amisi,
3486 4907 3588 4962 sed
3605 4924 3755 4963 nunc

2148 4982 2321 5038 faciet
2346 4982 2506 5039 ﬁdem
2531 4984 2853 5052 dilectionis,
2884 4987 2938 5044 id
2966 4998 3053 5045 est
3073 4991 3481 5061 certitudinem,
3519 5012 3594 5053 ne
3619 5013 3756 5053 suc-

2152 5077 2444 5141 cumbatis,
2474 5078 2602 5146 quia
2624 5080 2784 5135 venio
2806 5081 2877 5136 ad
2905 5060 3407 5163 remunerandum.-

2228 5166 2407 5223 Vens.
2431 5169 2520 5224 lO.
2549 5198 2621 5210 -
2647 5168 2881 5226 Servasti
2900 5172 3108 5228 verbum
3126 5176 3396 5246 potia-tite
3419 5194 3576 5235 mete.
3600 5180 3756 5238 Prte-

2155 5271 2371 5334 ceptum
2397 5264 2466 5320 de
2492 5264 2759 5336 patientia
2785 5266 2933 5337 quod
2961 5268 3017 5323 in
3052 5280 3151 5325 imo
3176 5271 3385 5326 ostendi
3406 5311 3424 5338 ,
3444 5287 3623 5331 unus
3646 5292 3756 5346 pce

2152 5361 2608 5431 persecutoribus.
2659 5360 2735 5415 Ab
2789 5362 2922 5417 hora
2961 5364 3299 5431 tentatiotlit,
3337 5366 3424 5423 vel
3470 5371 3755 5440 getnt

2154 5449 2550 5520 persecutionis
2593 5450 2649 5505 in
2685 5450 3026 5509 Christianos
3058 5455 3244 5513 statim
3292 5466 3423 5527 post
3464 5458 3753 5519 Neronem

2152 5539 2369 5607 futurae,
2403 5540 2487 5597 vel
2516 5542 2708 5601 ultimo
2733 5552 2974 5616 tempore
3000 5546 3343 5604 Antichristi.
3389 5546 3619 5606 Tentare
3642 5554 3755 5606 Iu-

2154 5632 2377 5687 bitantes
2413 5633 2468 5687 in
2488 5642 2658 5690 terra.
2685 5633 2838 5691 Sicut
2864 5637 2914 5690 in
2959 5638 3310 5706 sequentibus
3356 5649 3516 5696 sexto
3541 5643 3753 5710 sapius

2154 5721 2345 5776 ordine
2372 5760 2387 5787 ,
2419 5722 2498 5776 sic
2526 5731 2581 5778 et
2610 5724 2699 5779 hic
2745 5724 2799 5779 in
2847 5734 2999 5780 sexto
3046 5727 3237 5797 angelo
3267 5731 3562 5785 novissima
3592 5732 3739 5786 desi-

2156 5825 2352 5884 gnatur
2389 5818 2693 5883 persecutio
2718 5858 2733 5881 ,
2772 5818 2823 5871 in
2853 5833 2959 5887 qua
3002 5818 3219 5889 quidam
3246 5818 3554 5877 Judmorttm
3604 5836 3745 5880 sunt
