3948 6314
217 367 316 425 ’111

1140 356 1411 414 GLOSSA
1448 352 1943 422 0RDL\’-\iil-\._——
1975 353 2173 410 Al’OC.
2212 355 2515 413 JOANMS.

3375 362 3483 425 7.18

228 473 524 546 decipiendi
551 471 811 543 :iquidam
842 471 969 526 Elite
993 471 1213 526 monitis
1242 471 1416 542 legem
1442 467 1797 543 spiritualiter
1822 469 1875 529 Α
1901 473 2104 537 septem
2135 466 2331 538 sigilla,
2364 467 2415 522 id
2443 477 2523 523 est
2550 468 2929 535 obscuritates,
2953 476 3013 523 ut
3035 485 3155 525 cum
3178 470 3479 551 viderimus

232 564 520 643 impleturi,
552 564 762 621 hostem
793 565 1019 621 credunt
1050 563 1261 620 victuri.

297 660 459 717 Vens.
492 659 576 714 11.
599 688 670 698 -
694 656 829 712 Ecce
849 657 992 712 venio
1016 658 1137 711 cito.
1162 655 1325 724 Quasi
1346 654 1523 710 dicat:
1548 651 1798 709 Tentatio

229 767 353 808 vero
385 749 585 816 veniet,
612 748 707 805 sed
751 764 820 804 ne
856 748 1238 816 succumbatis,
1277 745 1404 817 quia
1434 745 1593 800 venio
1619 746 1685 800 ad
1713 761 1798 801 re-

230 842 630 903 munerandum.

298 934 456 989 Vens.
492 933 581 989 12.
607 930 1011 988 —Columnam
1036 934 1094 987 in
1131 930 1340 1003 templo.
1374 929 1618 986 Firmum
1659 930 1711 983 in
1732 906 1814 985 se’

225 1040 276 1088 et
302 1035 690 1085 sustentantem
720 1026 854 1084 alios
877 1027 1040 1085 verbo
1062 1034 1115 1082 et
1133 1024 1395 1096 exemplo.
1415 1020 1538 1077 Non
1562 1005 1805 1094 egredieJ

224 1136 322 1177 tur.
347 1120 484 1176 Cum
513 1120 583 1175 sit
608 1119 717 1175 Deo
737 1128 919 1177 certus
943 1133 1198 1178 numerus
1228 1131 1468 1180 suorum,
1496 1114 1543 1170 si
1572 1115 1692 1186 quis
1719 1113 1799 1169 la-

224 1213 395 1277 bitur,
422 1209 569 1266 alius
613 1209 982 1264 misericordia
1035 1207 1153 1279 ejus
1199 1206 1606 1273 subinducitur,
1658 1206 1798 1261 sicut

221 1322 312 1375 per
323 1304 634 1377 superbiam
656 1301 961 1358 Iudaeorum
978 1302 1249 1374 gentilitas
1269 1300 1608 1355 subintravit.
1629 1298 1798 1355 Filius

216 1395 412 1465 junior,
447 1395 500 1450 id
533 1403 616 1451 est
643 1394 922 1466 gentilium
963 1393 1210 1464 populus,
1244 1392 1470 1456 exierat,
1501 1391 1594 1446 sed
1624 1398 1797 1446 morte

221 1489 366 1543 vituli
412 1489 672 1561 saginati,
706 1488 759 1543 id
801 1497 886 1543 est
921 1503 1113 1544 cruore
1142 1486 1363 1553 Christi,
1416 1485 1796 1542 reconciliatus

220 1593 320 1632 non
350 1578 523 1633 exibit
564 1578 813 1649 amplius.
846 1575 1032 1633 Nam.
1058 1576 1157 1632 Ubi
1184 1576 1316 1631 nihil
1343 1575 1659 1641 vetustatis,
1701 1575 1798 1631 sed

219 1668 367 1740 plena
396 1669 542 1724 visio
590 1669 765 1746 pacis.
806 1668 884 1725 De
918 1668 1063 1724 calo.
1112 1669 1189 1729 De
1218 1667 1597 1725 conformitate
1635 1668 1794 1724 coele—

218 1761 370 1817 stium
401 1771 803 1817 creaturarum.

1903 555 2071 611 Deum
2121 564 2327 612 tantam
2376 558 2781 630 intelligentiam
2838 557 3240 631 Scripturarum
3272 562 3481 634 impen-

1900 644 2044 701 disse
2080 648 2418 714 hominibus,
2462 653 2603 720 grati
2645 650 2695 705 ei
2741 650 2942 718 simus,
2974 667 3074 706 nec
3122 668 3220 723 pro
3263 669 3327 709 eo
3366 654 3480 725 pati

1900 737 2270 795 formidemus.
2314 739 2381 794 In
2408 742 2553 796 creto.
2585 744 2640 799 ld
2685 752 2766 800 est
2813 743 2864 798 in
2896 744 3170 816 Scriptura
3199 789 3214 813 ,
3252 764 3373 819 qua:
3397 756 3507 805 est‘

1899 828 1985 883 via
2011 831 2075 882 ad
2097 829 2285 895 vitam,
2313 830 2395 889 vel
2417 831 2665 888 Christus
2684 843 2770 889 est
2788 834 3009 902 ostium,
3024 835 3178 904 cujus
3198 840 3479 908 mysteria,

1901 929 2028 976 ante
2057 920 2240 977 clausa
2260 965 2274 987 ,
2303 924 2464 978 modo
2487 932 2611 978 sunt
2641 934 2827 996 aperta
2849 926 2935 982 his
2974 928 3065 997 qui
3102 928 3207 983 ﬁde
3234 937 3290 984 et
3316 945 3480 1000 opere

1900 1020 2027 1068 Sunt
2054 1014 2268 1069 cmlum.
2316 1013 2587 1085 Tanquam
2619 1017 2756 1071 tuba:
2798 1017 3054 1090 loquentis
3100 1035 3316 1075 mecum.
3362 1014 3479 1075 Non

1901 1102 2270 1160 dissentientis
2297 1120 2324 1158 a
2348 1104 2710 1160 rationalitate
2735 1122 2873 1171 mea,
2901 1109 3077 1163 dando
3101 1109 3339 1164 rationes
3357 1110 3474 1165 has.

1902 1191 2191 1249 Ostendam
2213 1195 2323 1249 tibi.
2350 1194 2518 1251 Dictis‘
2549 1197 2615 1251 iis
2646 1213 2764 1267 quae
2785 1195 2894 1266 jam
2924 1201 3323 1269 praeterierunt,
3350 1178 3482 1254 dicit

1898 1284 2062 1340 etiam
2087 1301 2150 1341 ea
2178 1301 2296 1356 qua:
2325 1288 2500 1342 adhuc
2528 1296 2740 1359 Oportet
2778 1289 2919 1356 ﬁeri,
2963 1298 3150 1360 utpote
3177 1291 3231 1344 in
3289 1292 3479 1347 eodem

1899 1381 2041 1429 statu
2069 1390 2176 1446 quo
2218 1377 2511 1446 coeperint,
2561 1391 2935 1446 permansura.
2969 1377 3100 1444 .Vel,
3141 1389 3264 1449 post
3298 1395 3480 1435 corre—

1897 1467 2133 1523 ctionem
2163 1479 2377 1537 oportet
2404 1468 2591 1524 videre
2625 1478 2835 1525 secreta
2884 1485 2982 1541 per
3016 1486 3136 1541 quae
3175 1472 3483 1527 animentur

1898 1561 1951 1615 in
2007 1560 2209 1632 praelia.
2264 1562 2395 1628 Vel,
2436 1578 2552 1634 qua:
2595 1572 2795 1633 oportet
2849 1562 2966 1633 fieri
3018 1565 3122 1618 cito
3174 1575 3289 1635 post
3335 1564 3480 1631 ha’c,

1896 1650 1951 1706 id
1990 1660 2073 1707 est
2118 1652 2172 1707 in
2219 1652 2424 1708 ultimis
2472 1652 2743 1709 ﬁdelibus.
2794 1652 2922 1720 Vel,
2970 1661 3087 1723 post
3133 1656 3245 1710 lucc
3287 1654 3368 1725 fui
3424 1655 3481 1710 in

1896 1743 2106 1813 spiritu.

284 1852 455 1917 Vens.
486 1852 573 1907 14.
596 1882 666 1893 -
689 1850 877 1917 Testis,
899 1866 1087 1909 eorum
1114 1868 1234 1924 qua:
1258 1851 1459 1907 audivit
1481 1868 1510 1907 a
1532 1850 1693 1909 Patre
1714 1853 1795 1908 in-

1968 1834 2134 1890 Vens.
2162 1835 2219 1889 2.
2241 1865 2313 1877 —-
2351 1833 2542 1890 Statim
2568 1835 2666 1906 fui.
2694 1833 2811 1890 Non
2840 1835 3151 1908 repugnavi,
3185 1835 3278 1891 sed
3310 1834 3483 1908 ahjecl

174 1941 473 2013 .trepidus.
505 1940 622 2008 Vel,
656 1942 741 1997 cui
780 1941 913 1997 ﬁdes
960 1950 1042 1997 est
1086 1942 1389 1997 adhibenda
1431 1942 1482 1995 in
1523 1943 1793 1999 omnibus.

216 2032 325 2098 Vel,
352 2032 514 2087 testis
534 2048 758 2105 operum
782 2041 1090 2089 nostrorum
1109 2033 1249 2105 apud
1275 2033 1511 2088 Patrem.
1531 2032 1600 2087 Et
1622 2051 1790 2089 verus.

215 2120 429 2180 Veritas
468 2131 585 2191 est,
634 2124 759 2195 quia
801 2140 898 2196 per
942 2140 1064 2181 eum
1113 2124 1379 2197 promissa
1428 2124 1603 2180 Patris
1650 2140 1797 2180 com-

210 2214 446 2287 plentur.

281 2306 448 2361 Vens.
495 2305 584 2366 15.
622 2337 693 2347 -
746 2305 931 2380 Neque
982 2306 1206 2380 frigidus
1255 2324 1330 2373 es,
1371 2323 1534 2380 neque
1563 2308 1792 2376 calidus,

209 2401 330 2470 quia
369 2414 550 2471 neque
577 2401 799 2455 omnino
822 2399 980 2455 ﬁdem
1015 2401 1253 2472 ignoras,
1283 2416 1460 2471 neque.
1488 2411 1675 2472 aperte
1701 2417 1797 2457 ne-

207 2506 296 2559 gas
338 2500 640 2560 acceptam.
689 2487 902 2545 Utinam
930 2490 1175 2562 frigidus.
1214 2489 1332 2546 Non
1369 2499 1521 2561 optat
1546 2504 1667 2546 eum
1695 2490 1793 2546 l'ri-

207 2581 386 2648 gidum
424 2579 776 2651 simpliciter,
828 2579 923 2635 sed
981 2579 1144 2636 talem
1187 2580 1253 2637 de
1303 2597 1410 2653 quo
1451 2580 1630 2652 major
1672 2598 1798 2653 spes

212 2672 497 2727 habeatur.

282 2759 448 2817 Vens.
482 2761 569 2818 16.
589 2792 660 2803 -
680 2761 941 2834 Incipiam
973 2771 1022 2818 te
1047 2780 1295 2819 evomere.
1330 2764 1464 2821 Rem
1491 2764 1796 2822 mirabilem

209 2852 491 2921 dicturus,
528 2854 673 2927 quod
701 2856 866 2926 tepidi
890 2857 1397 2913 excommunicandi
1420 2866 1630 2925 essent,
1666 2859 1797 2929 quia

209 2945 277 3000 ab
302 2946 616 3001 hominibus
645 2946 773 3001 boni
817 2948 1199 3013 credebantur,
1223 2946 1355 3003 dicit
1380 2963 1440 3003 se
1458 2963 1706 3003 veracem
1738 2948 1794 3003 in

206 3038 485 3102 omnibus,
506 3046 566 3091 ut
589 3036 643 3090 in
664 3032 769 3092 hoc
791 3037 892 3092 sibi
915 3039 1192 3104 credatur,
1222 3046 1277 3095 et
1298 3039 1343 3094 si
1374 3040 1447 3094 illi
1475 3041 1795 3110 resipiscere

206 3128 504 3192 voluerint,
538 3129 805 3199 promittit
827 3130 1316 3196 conservationem,
1343 3132 1468 3200 quia
1500 3133 1644 3187 dedit
1679 3132 1793 3203 pri-

208 3234 359 3274 mam
393 3217 576 3273 ﬁdem.
607 3217 694 3272 Ea:
743 3235 831 3272 ore
872 3235 1004 3273 meo.
1050 3218 1130 3273 De’
1171 3234 1266 3273 Ore
1304 3199 1574 3275 evomitur
1610 3199 1702 3291 qui
1742 3219 1795 3275 in
1824 3199 1871 3265 (ἶ

207 3308 482 3368 deteriora
513 3306 881 3379 praecipitatur
907 3308 993 3365 vel
1037 3310 1127 3380 qui
1172 3310 1521 3379 impmnitens
1547 3311 1795 3367 moritur.

277 3399 449 3455 Vens.
484 3399 572 3455 17.
609 3430 681 3440 -
705 3399 863 3455 Dives
896 3416 1034 3468 sum,
1066 3401 1307 3457 scientiae
1332 3400 1546 3465 divinae,
1584 3401 1669 3457 vel
1700 3417 1801 3458 sa:-

210 3490 435 3547 celaris.

278 3582 449 3639 Vens.
483 3583 570 3639 18.
585 3614 658 3624 -
680 3578 889 3639 Suadeo
910 3580 1004 3636 tibi
1023 3596 1191 3639 emere
1211 3597 1245 3636 a
1266 3596 1346 3636 me
1366 3598 1554 3636 aurum
1580 3583 1802 3654 ignitum

208 3676 502 3747 probatum.
527 3673 662 3745 Quia
691 3674 817 3729 talia
849 3688 1014 3745 opera
1063 3689 1167 3729 non
1217 3674 1625 3744 perducent'ad
1658 3676 1803 3730 salu-

130 3832 134 3836 _
211 3775 340 3821 tem.
392 3764 519 3820 Non
548 3773 798 3837 appareat
823 3764 1083 3835 confusio.
1130 3763 1321 3821 Melius
1370 3774 1454 3821 est
1483 3766 1573 3821 hic
1607 3769 1803 3824 erube-

210 3870 363 3912 scere
388 3870 578 3911 coram
600 3857 813 3926 paucis,
845 3871 1007 3926 quam
1032 3857 1084 3911 in
1109 3854 1293 3911 futuro
1314 3870 1498 3915 coram
1522 3860 1796 3915 omnibus.

211 3947 467 4022 Collyrio.
497 3948 695 4017 Oculi;
734 3958 796 4004 ut
828 3950 1131 4010 videamus,
1168 3950 1540 4022 inunguntur,
1580 3966 1701 4005 cum
1733 3953 1801 4007 ad

211 4043 647 4112 cognoscendum
687 4041 802 4094 veri
826 4039 1074 4095 .luminis
1117 4038 1455 4105 claritatem,
1492 4040 1802 4098 intellectus

210 4133 384 4188 nostri
453 4130 625 4186 aciem
694 4128 1053 4186 medicamine
1100 4130 1254 4184 bonae
1318 4130 1649 4200 operationis
1706 4132 1802 4187 ad-

208 4221 484 4294 juvamus.
543 4221 873 4292 Prweeptum
946 4219 1160 4275 Domini
1237 4218 1545 4275 illuminans
1625 4220 1800 4275 oculos

212 4313 386 4390 (Psat.
413 4315 595 4387 xvm).
629 4314 727 4371 Vel
755 4314 958 4386 inunge
1006 4314 1148 4369 dono
1177 4312 1414 4384 Spiritus
1441 4314 1614 4369 sancti
1644 4328 1799 4369 men-

214 4417 319 4466 tem
342 4424 510 4481 quam
534 4416 749 4463 terrena
775 4405 1177 4462 concluserant.
1388 4420 1391 4421 ν

202 4542 205 4547 ς
279 4502 449 4559 Vens.
482 4501 572 4556 20.
599 4531 673 4542 -
708 4499 844 4554 Ecce
886 4515 978 4570 ego
1006 4510 1087 4555 sto
1124 4497 1194 4553 ad
1219 4498 1409 4554 ostium
1454 4507 1505 4553 et
1537 4497 1708 4570 pulso.
1737 4498 1800 4554 Si

213 4596 329 4667 quis
351 4593 602 4658 audierit,
630 4600 737 4648 etc.
765 4591 1054 4661 Exspecto,
1079 4589 1166 4645 vel
1186 4588 1413 4660 inspira,
1440 4590 1525 4645 vel
1548 4604 1645 4661 per
1661 4603 1801 4658 prae-

216 4687 490 4743 dicatores
516 4698 672 4741 voco.
1342 4688 1349 4693 ‘

282 4775 453 4832 Vens.
475 4774 568 4831 2L
590 4806 662 4816 —
698 4772 892 4832 Sedere
938 4788 1141 4828 mecum
1175 4772 1231 4827 in
1264 4772 1449 4828 throno
1477 4790 1611 4830 meo.
1650 4771 1803 4830 Judi—

218 4883 340 4926 care
368 4870 424 4925 in
450 4868 555 4924 illis
584 4869 637 4924 in
666 4869 864 4939 quibus
895 4865 1057 4924 sedeo
1090 4877 1146 4923 et
1163 4865 1371 4936 judico.
1405 4865 1533 4924 Haec
1566 4868 1632 4923 de
1663 4883 1805 4939 prae-

220 4962 359 5029 latis,
385 4969 461 5029 et,
489 4976 586 5033 per
606 4960 879 5033 prtelatos,
904 4959 970 5014 de
997 4959 1245 5014 subditis.

292 5053 443 5110 Sicut
502 5061 551 5106 et
610 5067 703 5123 ego
740 5049 840 5105 vici
906 5059 953 5104 et
1018 5048 1129 5104 sedi
1185 5064 1302 5103 cum
1359 5045 1521 5102 Patre
1576 5064 1688 5102 meo
1750 5048 1809 5102 in

222 5147 408 5202 throno
449 5147 587 5218 ejus.
623 5144 737 5200 Hoc
783 5143 856 5197 ita
908 5143 1078 5209 dicit,
1111 5142 1235 5212 quia
1264 5140 1493 5196 victoria
1535 5146 1593 5195 et
1636 5140 1810 5196 sessio

223 5238 422 5294 Christi
463 5244 546 5295 est
586 5250 751 5293 causa
806 5235 1051 5292 victoriae
1113 5242 1170 5290 et
1220 5233 1479 5289 sessionis
1538 5231 1808 5289 Christia-

222 5346 439 5395 norum
611 5417 615 5420 ν
829 5397 1059 5457 asper
1106 5397 1197 5454 tv.

295 5514 465 5575 Vens.
488 5515 544 5573 1.
568 5547 639 5558 -
670 5513 799 5571 Post
831 5515 944 5571 haec
971 5513 1097 5569 vidi.
1123 5511 1182 5567 In
1214 5510 1316 5567 hac
1342 5508 1576 5566 secunda
1600 5509 1809 5566 visione

227 5608 337 5680 agit
361 5608 427 5665 de
450 5607 672 5665 sedente
718 5607 772 5663 in
803 5608 1021 5672 throno,
1053 5613 1107 5659 et
1136 5604 1201 5658 de
1241 5611 1433 5659 ornatu
1477 5600 1623 5671 ejus,
1663 5601 1809 5658 etde

227 5713 367 5769 agno
389 5701 663 5772 aperiente
684 5697 903 5764 librum,
936 5697 991 5753 id
1017 5703 1100 5752 est
1136 5695 1375 5751 divinam
1403 5693 1807 5767 dispositionem

228 5792 294 5850 de
344 5796 686 5868 reparatione
744 5791 966 5849 humani
1026 5791 1270 5865 generis,
1319 5799 1374 5844 et
1434 5789 1499 5844 de
1568 5787 1811 5845 solvente

1904 1938 2087 1980 curam
2132 1924 2297 1980 totius
2332 1927 2684 1980 terrenitatis.
2721 1924 2787 1978 Et
2831 1941 2947 1980 ecce
2988 1926 3152 1980 sedes.
3197 1926 3254 1981 In
3290 1928 3484 1997 quibus

1903 2018 2055 2072 sedet
2101 2017 2243 2071 Deus
2280 2027 2333 2072 et
2371 2019 2609 2089 judicat,
2658 2025 2713 2072 et
2754 2018 2915 2072 etiam
2968 2019 3212 2075 subditos
3254 2035 3480 2089 quorum

1901 2109 2118 2181 quidam
2149 2110 2223 2165 ita
2247 2119 2372 2165 sunt
2398 2111 2529 2181 apti,
2560 2118 2619 2164 ut
2646 2118 3015 2180 competenter
3036 2111 3177 2166 Deus
3204 2112 3391 2167 sedeat
3428 2120 3485 2166 et

1901 2201 2211 2272 requiescat
2245 2198 2298 2256 in
2329 2202 2428 2257 eis.
2462 2199 2678 2257 Sedens.
2711 2202 2961 2257 Christus
3002 2216 3163 2272 supra
3200 2202 3487 2258 dicebatur

1900 2292 2044 2348 inter
2067 2293 2388 2348 candelabra
2420 2293 2705 2349 ambulans
2723 2335 2736 2360 ,
2777 2308 2922 2349 nunc
2948 2292 3171 2357 sedens,
3209 2294 3262 2348 id
3285 2303 3370 2349 est
3391 2293 3481 2369 jn-

1901 2385 2089 2442 dicans
2116 2386 2311 2442 merita
2358 2386 2725 2459 singulorum,
2759 2388 2823 2443 de
2865 2401 2973 2458 quo
3015 2387 3173 2458 digne
3216 2385 3346 2442 facit
3395 2388 3485 2442 hic

1900 2481 2242 2546 memoriam,
2269 2494 2404 2549 quos
2430 2480 2679 2535 hortatus
2709 2488 2793 2536 est
2818 2484 2885 2535 ad
2910 2495 3163 2552 pugnam.

1972 2570 2140 2627 Vens.
2181 2573 2233 2626 5.
2262 2603 2335 2612 —
2364 2571 2466 2637 Qui
2497 2572 2725 2626 sedebat.
2766 2570 2870 2627 Ubi
2921 2579 3129 2626 tantum
3170 2572 3297 2627 boni
3336 2582 3482 2639 sunt,

1900 2679 2006 2720 non
2031 2673 2113 2721 est
2134 2678 2267 2736 Opus
2286 2665 2552 2735 judicare,
2582 2663 2636 2718 id
2666 2673 2748 2719 est
2780 2664 3089 2718 discernere
3114 2679 3128 2729 ;
3157 2663 3244 2718 ubi
3274 2664 3400 2719 boni
3432 2671 3488 2719 et

1900 2758 2048 2823 mali,
2079 2758 2151 2813 ibi
2194 2757 2523 2813 discretione
2569 2773 2701 2828 opus
2730 2765 2833 2812 est.
2862 2754 3063 2812 Similis
3085 2767 3194 2812 erat
3232 2760 3483 2829 aspectui.

1899 2849 2059 2907 Prius
2085 2851 2391 2923 incognitus
2417 2866 2516 2921 per
2543 2866 2765 2906 carnem
2797 2851 2998 2905 mundo
3038 2850 3321 2921 apparuit,
3355 2867 3486 2906 con-

1899 2943 2141 3016 fringens
2177 2943 2479 3009 inimicos,
2504 2945 2674 2999 robur
2715 2944 2825 2998 suis
2865 2944 3128 2998 tribuens.
3171 2941 3408 3013 Jaspidis
3439 2952 3488 2998 et

1900 3037 2149 3091 sardinia.
2178 3034 2283 3091 Per
2317 3034 2549 3090 colorem
2581 3036 2807 3091 duorum
2839 3034 3096 3106 lapidum,
3132 3040 3288 3088 notat
3316 3032 3485 3089 Deum

1901 3137 1957 3184 et
2007 3129 2300 3184 hominem.
2359 3127 2747 3200 Smaragdinte.
2803 3128 2910 3183 Per
2960 3128 3197 3184 colorem
3258 3129 3488 3184 viridem

1903 3221 2206 3293 smaragdi,
2242 3221 2332 3290 qui
2377 3220 2525 3276 color
2566 3229 2649 3276 est
2691 3221 3003 3292 aquaticus,
3054 3222 3356 3292 baptismus
3404 3222 3489 3275 in-

1901 3313 2180 3385 telligitur.
2230 3311 2337 3366 Per
2381 3312 2636 3365 ruborem
2706 3308 2986 3379 ejusdem,
3055 3311 3193 3366 dona
3251 3309 3489 3381 Spiritus

1902 3406 2075 3462 sancti
2107 3406 2161 3462 in
2200 3404 2469 3477 baptismo
2513 3412 2770 3483 accepta,
2807 3419 2905 3475 per
2939 3418 3060 3474 qua:
3097 3400 3490 3459 comburuntur

1900 3504 2147 3566 peccata.

1972 3586 2136 3642 Vens.
2177 3584 2231 3641 4.
2261 3617 2333 3627 -
2378 3582 2576 3656 Viginti
2620 3593 2850 3656 quatuor
2891 3585 3140 3641 seniores.
3190 3585 3487 3651 Duodecim

1901 3679 2198 3749 prophetm,
2223 3676 2505 3733 duodecim
2533 3676 2780 3747 apostoli,
2808 3676 3056 3747 quamvis
3079 3673 3262 3748 plures
3289 3677 3490 3733 utrius-

1900 3783 2008 3840 que
2034 3769 2259 3824 ordinis.
2289 3766 2684 3824 Circumamicti
2704 3769 2852 3823 stolis
2880 3767 3033 3823 albis.
3064 3766 3292 3825 Peccata
3319 3769 3493 3841 justo-'

1904 3875 2022 3913 rum
2056 3868 2326 3931 teguntur,
2362 3868 2418 3915 et
2455 3859 2557 3929 ipsi
2606 3858 2788 3915 albent
2820 3860 3130 3916 virtutibus.
3161 3859 3401 3921 Coronw.
3432 3858 3491 3915 ld

1903 3958 1989 4006 est
2014 3952 2239 4006 victoria
2269 3966 2367 4022 per
2397 3951 2720 4022 sapientiam
2768 3959 2823 4008 et
2861 3952 3183 4008 charitatem
3221 3953 3385 4010 etiam
3420 3950 3493 4013 ad

1905 4040 2173 4097 inimicos.

1977 4132 2140 4189 Vens.
2168 4132 2221 4188 5.
2245 4164 2317 4173 -
2345 4132 2418 4187 De
2443 4134 2650 4188 throno.
2679 4133 2734 4187 ld
2764 4142 2848 4188 est
2872 4133 3132 4199 Ecclesia,
3160 4132 3214 4188 id
3236 4140 3321 4189 est
3348 4147 3489 4205 aqua

1902 4223 2043 4296 pluit
2071 4224 2304 4293 fulgura,
2332 4224 2382 4278 id
2414 4232 2499 4279 est
2522 4224 2778 4293 miracula
2809 4241 2929 4296 quae
2957 4234 3182 4289 terrent,
3209 4233 3265 4282 et
3297 4224 3493 4281 illumi-

1905 4326 2054 4371 nant.
2089 4315 2295 4387 Septem
2336 4318 2566 4388 spiritus.
2597 4317 2899 4390 Lampades
2924 4327 3050 4373 sunt
3077 4320 3215 4374 dona
3256 4318 3494 4392 Spiritus

1906 4410 2111 4473 sancti,
2141 4422 2262 4478 quae
2292 4410 2593 4465 accendunt
2621 4417 2675 4467 et
2722 4408 3053 4473 illuminant,
3083 4418 3275 4481 parata
3310 4409 3489 4465 omni-

1905 4502 2006 4556 bus
2029 4501 2136 4556 illis
2164 4500 2255 4569 qui
2282 4510 2407 4555 sunt
2433 4501 2589 4556 sedes
2616 4499 2734 4554 Dei.

1973 4590 2139 4646 Vens.
2163 4592 2294 4647 6.—
2308 4590 2373 4645 In
2393 4600 2688 4661 conspectu.
2705 4591 2840 4661 Quia
2859 4591 3164 4665 intelligunt
3183 4602 3495 4649 saerameno

1906 4688 2015 4740 tum
2030 4693 2082 4739 et
2099 4678 2211 4738 rem
2227 4684 2575 4743 sacramenti,
2592 4699 2690 4739 nec
2706 4685 2974 4754 recipiunt
2988 4684 3090 4739 nisi
3112 4699 3250 4756 quos
3270 4683 3493 4741 idoneos

1901 4773 2138 4828 viderint
2155 4782 2211 4829 et
2224 4774 2597 4843 cognoverint.
2618 4773 2769 4829 Mare
2788 4777 3027 4829 vitreum.
3049 4774 3357 4846 Baptismus
3376 4778 3489 4832 sinu

1903 4865 2073 4921 cerita
2082 4872 2133 4918 te
2145 4864 2268 4919 ﬁdei
2280 4864 2623 4935 luciduspost
2637 4882 2796 4937 quem
2813 4867 3177 4922 tribulationis
3197 4868 3321 4938 igne
3332 4869 3463 4927 elect
3477 4889 3491 4927 t

1905 4958 2174 5014 ducuntur
2217 4956 2286 5012 ad
2329 4955 2642 5013 ﬁrmitatem
2668 4961 2933 5015 bonorum
2962 4974 3216 5029 operum,
3242 4954 3382 5018 sicut
3424 4980 3493 5022 es.

1910 5066 2048 5122 aqua
2104 5052 2345 5108 durescit
2407 5052 2752 5124 chrystallus.
2822 5052 2890 5107 In
2952 5053 3142 5108 medio.
3206 5053 3486 5113 Planitiem

1909 5144 2200 5217 quamdam
2264 5144 2581 5215 apparuisse
2634 5145 2897 5201 describit
2951 5147 3021 5203 ad
3081 5146 3489 5219 similitudinem

1909 5236 2088 5308 magni
2103 5232 2324 5304 judicis,
2347 5235 2438 5306 qui
2464 5234 2628 5291 habet
2649 5234 2881 5305 plateam
2909 5235 3071 5291 latam
3095 5244 3150 5292 et
3173 5237 3491 5310 spatiosum,

1910 5328 2001 5382 ubi
2024 5327 2175 5383 sedet
2199 5335 2250 5382 et
2273 5325 2485 5398 judicat
2504 5325 2730 5407 judicia.
2765 5326 2939 5384 Sedis.
2973 5326 3202 5395 Nomine
3220 5328 3491 5399 sedisin-

1911 5417 2168 5491 telligitur
2190 5415 2525 5489 Jerusalem,
2557 5417 2642 5474 vel
2669 5426 3063 5483 sustentatores
3082 5459 3096 5487 ,
3122 5429 3185 5487 ut
3210 5419 3369 5477 homo
3388 5458 3402 5483 ,
3432 5423 3494 5475 ut

1908 5508 2128 5574 vitulus,
2168 5517 2231 5563 ut
2255 5508 2364 5576 leo,
2393 5517 2455 5564 ut
2482 5509 2681 5581 aquila.
2714 5508 2974 5576 Quatuor.
3004 5509 3233 5580 Propter
3253 5505 3490 5564 ollicium

1909 5600 2256 5675 quadrifariae
2292 5604 2715 5674 praedicationis.
2746 5603 3034 5659 Animalia.
3082 5600 3208 5657 Haec
3226 5601 3369 5659 bene
3409 5615 3495 5655 re-

1908 5703 2238 5768 praesentant
2266 5680 2563 5763 Chris‘tum,
2597 5696 2882 5767 quinatus
2925 5703 3031 5759 est,
3054 5707 3272 5763 passus,
3312 5705 3494 5751 resur-

1912 5803 2043 5859 gens
2062 5829 2077 5853 ,
2108 5788 2419 5843 ascendens.
2450 5786 2662 5855 Fideles
2686 5802 2901 5861 quoque
2938 5781 3229 5843 rationales
3257 5790 3311 5837 et
3339 5796 3494 5836 man-
