  <div class='ocr_page' id='page_1' title='image "/cluster/home/n/w/nwhite01/storage/ocr_20150623/114/hvd.32044018909580/367.png"; bbox 0 0 3948 6314; ppageno 0'>
   <div class='ocr_carea' id='block_1_1' title="bbox 395 387 531 445">
    <p class='ocr_par' dir='ltr' id='par_1_1' title="bbox 395 387 531 445">
     <span class='ocr_line' id='line_1_1' title="bbox 395 387 531 445; baseline 0.007 -1"><span class='ocrx_word' id='word_1_1' title='bbox 395 387 531 445; x_wconf 57' lang='grc'><strong>³119</strong></span> 
     </span>
    </p>
   </div>
   <div class='ocr_carea' id='block_1_2' title="bbox 915 367 3146 461">
    <p class='ocr_par' dir='ltr' id='par_1_2' title="bbox 915 367 3146 461">
     <span class='ocr_line' id='line_1_2' title="bbox 915 367 3146 461; baseline -0.003 -29"><span class='ocrx_word' id='word_1_2' title='bbox 915 371 1310 432; x_wconf 67' lang='lat' dir='ltr'><strong>murmur</strong></span> <span class='ocrx_word' id='word_1_3' title='bbox 1351 368 2044 461; x_wconf 36' lang='lat' dir='ltr'><strong>STRABIFULD.“M01V.</strong></span> <span class='ocrx_word' id='word_1_4' title='bbox 2085 369 2236 428; x_wconf 77' lang='lat' dir='ltr'><strong>opp.</strong></span> <span class='ocrx_word' id='word_1_5' title='bbox 2275 369 2456 427; x_wconf 61' lang='lat' dir='ltr'><strong>pass</strong></span> <span class='ocrx_word' id='word_1_6' title='bbox 2491 368 2536 426; x_wconf 81' lang='grc' dir='ltr'>ι.</span> <span class='ocrx_word' id='word_1_7' title='bbox 2575 398 2648 412; x_wconf 92' lang='grc'><strong><em>--</em></strong></span> <span class='ocrx_word' id='word_1_8' title='bbox 2682 367 3146 427; x_wconf 79' lang='lat' dir='ltr'><strong>THEOLOGICA.</strong></span> 
     </span>
    </p>
   </div>
   <div class='ocr_carea' id='block_1_3' title="bbox 3590 374 3697 432">
    <p class='ocr_par' dir='ltr' id='par_1_3' title="bbox 3590 374 3697 432">
     <span class='ocr_line' id='line_1_3' title="bbox 3590 374 3697 432; baseline 0 0"><span class='ocrx_word' id='word_1_9' title='bbox 3590 374 3697 432; x_wconf 68' lang='lat'><strong>720</strong></span> 
     </span>
    </p>
   </div>
   <div class='ocr_carea' id='block_1_4' title="bbox 424 477 3696 563">
    <p class='ocr_par' dir='ltr' id='par_1_4' title="bbox 424 477 3696 563">
     <span class='ocr_line' id='line_1_4' title="bbox 424 477 3696 563; baseline 0.005 -23"><span class='ocrx_word' id='word_1_10' title='bbox 424 477 564 560; x_wconf 48' lang='lat' dir='ltr'><strong>gues</strong></span> <span class='ocrx_word' id='word_1_11' title='bbox 587 501 741 562; x_wconf 81' lang='lat' dir='ltr'><strong>sunt,</strong></span> <span class='ocrx_word' id='word_1_12' title='bbox 779 500 841 548; x_wconf 92' lang='lat' dir='ltr'><strong>ut</strong></span> <span class='ocrx_word' id='word_1_13' title='bbox 876 492 1060 549; x_wconf 91' lang='lat' dir='ltr'><strong>homo.</strong></span> <span class='ocrx_word' id='word_1_14' title='bbox 1095 491 1226 548; x_wconf 87' lang='lat' dir='ltr'><strong>Sine</strong></span> <span class='ocrx_word' id='word_1_15' title='bbox 1255 501 1460 550; x_wconf 89' lang='lat' dir='ltr'><strong>terrore</strong></span> <span class='ocrx_word' id='word_1_16' title='bbox 1495 501 1730 549; x_wconf 82' lang='lat' dir='ltr'><strong>terentes</strong></span> <span class='ocrx_word' id='word_1_17' title='bbox 1761 506 2004 560; x_wconf 78' lang='lat' dir='ltr'><strong>adversa;</strong></span> <span class='ocrx_word' id='word_1_18' title='bbox 2035 502 2085 554; x_wconf 76' lang='grc' dir='ltr'><strong>Α</strong></span> <span class='ocrx_word' id='word_1_19' title='bbox 2113 507 2329 562; x_wconf 65' lang='lat' dir='ltr'><strong>apertae.</strong></span> <span class='ocrx_word' id='word_1_20' title='bbox 2356 490 2576 563; x_wconf 82' lang='lat' dir='ltr'><strong>Sigitlis.</strong></span> <span class='ocrx_word' id='word_1_21' title='bbox 2609 490 2668 545; x_wconf 87' lang='lat' dir='ltr'><strong>Id</strong></span> <span class='ocrx_word' id='word_1_22' title='bbox 2695 497 2776 545; x_wconf 89' lang='lat' dir='ltr'><strong>est</strong></span> <span class='ocrx_word' id='word_1_23' title='bbox 2807 491 3075 545; x_wconf 86' lang='lat' dir='ltr'><strong>universis</strong></span> <span class='ocrx_word' id='word_1_24' title='bbox 3120 479 3567 561; x_wconf 61' lang='lat' dir='ltr'><strong>obscuritatibus,</strong></span> <span class='ocrx_word' id='word_1_25' title='bbox 3607 496 3696 557; x_wconf 86' lang='lat' dir='ltr'><strong>vel</strong></span> 
     </span>
    </p>
   </div>
   <div class='ocr_carea' id='block_1_5' title="bbox 425 584 2013 656">
    <p class='ocr_par' dir='ltr' id='par_1_5' title="bbox 425 584 2013 656">
     <span class='ocr_line' id='line_1_5' title="bbox 425 584 2013 656; baseline -0.006 -6"><span class='ocrx_word' id='word_1_26' title='bbox 425 602 488 650; x_wconf 88' lang='lat' dir='ltr'><strong>ut</strong></span> <span class='ocrx_word' id='word_1_27' title='bbox 516 591 629 656; x_wconf 90' lang='lat' dir='ltr'><strong>leo;</strong></span> <span class='ocrx_word' id='word_1_28' title='bbox 656 603 776 643; x_wconf 91' lang='lat' dir='ltr'><strong>sese</strong></span> <span class='ocrx_word' id='word_1_29' title='bbox 806 584 1216 652; x_wconf 83' lang='lat' dir='ltr'><strong>mortificantes,</strong></span> <span class='ocrx_word' id='word_1_30' title='bbox 1236 594 1296 640; x_wconf 90' lang='lat' dir='ltr'><strong>ut</strong></span> <span class='ocrx_word' id='word_1_31' title='bbox 1314 586 1543 653; x_wconf 78' lang='lat' dir='ltr'><strong>vitulus;</strong></span> <span class='ocrx_word' id='word_1_32' title='bbox 1569 585 1808 642; x_wconf 72' lang='lat' dir='ltr'><strong>cmlestia</strong></span> <span class='ocrx_word' id='word_1_33' title='bbox 1828 593 2013 654; x_wconf 90' lang='lat' dir='ltr'><strong>peten-</strong></span> 
     </span>
    </p>
   </div>
   <div class='ocr_carea' id='block_1_6' title="bbox 427 675 2011 752">
    <p class='ocr_par' dir='ltr' id='par_1_6' title="bbox 427 675 2011 752">
     <span class='ocr_line' id='line_1_6' title="bbox 427 675 2011 752; baseline -0.007 -9"><span class='ocrx_word' id='word_1_34' title='bbox 427 693 532 752; x_wconf 89' lang='lat' dir='ltr'><strong>tes,</strong></span> <span class='ocrx_word' id='word_1_35' title='bbox 561 689 621 736; x_wconf 93' lang='lat' dir='ltr'><strong>ut</strong></span> <span class='ocrx_word' id='word_1_36' title='bbox 658 677 858 750; x_wconf 88' lang='lat' dir='ltr'><strong>aquila.</strong></span> <span class='ocrx_word' id='word_1_37' title='bbox 889 675 1056 731; x_wconf 85' lang='lat' dir='ltr'><strong>Plena</strong></span> <span class='ocrx_word' id='word_1_38' title='bbox 1086 676 1273 731; x_wconf 80' lang='lat' dir='ltr'><strong>oculis.</strong></span> <span class='ocrx_word' id='word_1_39' title='bbox 1310 677 1576 733; x_wconf 85' lang='lat' dir='ltr'><strong>Memores</strong></span> <span class='ocrx_word' id='word_1_40' title='bbox 1615 677 2011 747; x_wconf 70' lang='lat' dir='ltr'><strong>prteteritorum</strong></span> 
     </span>
    </p>
   </div>
   <div class='ocr_carea' id='block_1_7' title="bbox 425 769 2011 848">
    <p class='ocr_par' dir='ltr' id='par_1_7' title="bbox 425 769 2011 848">
     <span class='ocr_line' id='line_1_7' title="bbox 425 769 2011 848; baseline -0.005 -16"><span class='ocrx_word' id='word_1_41' title='bbox 425 782 794 848; x_wconf 80' lang='lat' dir='ltr'><strong>peccatorum,</strong></span> <span class='ocrx_word' id='word_1_42' title='bbox 819 778 873 824; x_wconf 91' lang='lat' dir='ltr'><strong>ct</strong></span> <span class='ocrx_word' id='word_1_43' title='bbox 896 775 1148 825; x_wconf 78' lang='lat' dir='ltr'><strong>caventes</strong></span> <span class='ocrx_word' id='word_1_44' title='bbox 1175 770 1274 824; x_wconf 86' lang='lat' dir='ltr'><strong>sibi</strong></span> <span class='ocrx_word' id='word_1_45' title='bbox 1311 771 1364 825; x_wconf 90' lang='lat' dir='ltr'><strong>in</strong></span> <span class='ocrx_word' id='word_1_46' title='bbox 1406 769 1667 838; x_wconf 89' lang='lat' dir='ltr'><strong>futurum,</strong></span> <span class='ocrx_word' id='word_1_47' title='bbox 1696 771 1780 825; x_wconf 89' lang='lat' dir='ltr'><strong>vel</strong></span> <span class='ocrx_word' id='word_1_48' title='bbox 1804 769 2011 824; x_wconf 80' lang='lat' dir='ltr'><strong>haben-</strong></span> 
     </span>
    </p>
   </div>
   <div class='ocr_carea' id='block_1_8' title="bbox 427 861 2012 937">
    <p class='ocr_par' dir='ltr' id='par_1_8' title="bbox 427 861 2012 937">
     <span class='ocr_line' id='line_1_8' title="bbox 427 861 2012 937; baseline -0.004 -12"><span class='ocrx_word' id='word_1_49' title='bbox 427 876 510 924; x_wconf 92' lang='lat' dir='ltr'><strong>tes</strong></span> <span class='ocrx_word' id='word_1_50' title='bbox 535 864 892 937; x_wconf 81' lang='lat' dir='ltr'><strong>cognitionem</strong></span> <span class='ocrx_word' id='word_1_51' title='bbox 916 862 982 916; x_wconf 91' lang='lat' dir='ltr'><strong>de</strong></span> <span class='ocrx_word' id='word_1_52' title='bbox 1008 861 1095 916; x_wconf 91' lang='lat' dir='ltr'><strong>his</strong></span> <span class='ocrx_word' id='word_1_53' title='bbox 1123 877 1241 932; x_wconf 80' lang='lat' dir='ltr'><strong>quae</strong></span> <span class='ocrx_word' id='word_1_54' title='bbox 1276 864 1417 918; x_wconf 90' lang='lat' dir='ltr'><strong>Deus</strong></span> <span class='ocrx_word' id='word_1_55' title='bbox 1455 862 1584 918; x_wconf 88' lang='lat' dir='ltr'><strong>fecit</strong></span> <span class='ocrx_word' id='word_1_56' title='bbox 1636 863 1720 918; x_wconf 87' lang='lat' dir='ltr'><strong>vel</strong></span> <span class='ocrx_word' id='word_1_57' title='bbox 1771 862 2012 918; x_wconf 89' lang='lat' dir='ltr'><strong>facturus</strong></span> 
     </span>
    </p>
   </div>
   <div class='ocr_carea' id='block_1_9' title="bbox 428 954 2006 1024">
    <p class='ocr_par' dir='ltr' id='par_1_9' title="bbox 428 954 2006 1024">
     <span class='ocr_line' id='line_1_9' title="bbox 428 954 2006 1024; baseline -0.007 -5"><span class='ocrx_word' id='word_1_58' title='bbox 428 972 513 1019; x_wconf 91' lang='lat' dir='ltr'><strong>est</strong></span> <span class='ocrx_word' id='word_1_59' title='bbox 548 961 600 1015; x_wconf 92' lang='lat' dir='ltr'><strong>in</strong></span> <span class='ocrx_word' id='word_1_60' title='bbox 629 960 734 1012; x_wconf 84' lang='lat' dir='ltr'><strong>line</strong></span> <span class='ocrx_word' id='word_1_61' title='bbox 770 955 985 1021; x_wconf 90' lang='lat' dir='ltr'><strong>mundi,</strong></span> <span class='ocrx_word' id='word_1_62' title='bbox 1031 954 1117 1009; x_wconf 84' lang='lat' dir='ltr'><strong>vel</strong></span> <span class='ocrx_word' id='word_1_63' title='bbox 1167 955 1379 1024; x_wconf 87' lang='lat' dir='ltr'><strong>placent</strong></span> <span class='ocrx_word' id='word_1_64' title='bbox 1425 955 1537 1011; x_wconf 90' lang='lat' dir='ltr'><strong>Deo</strong></span> <span class='ocrx_word' id='word_1_65' title='bbox 1587 963 1641 1010; x_wconf 91' lang='lat' dir='ltr'><strong>et</strong></span> <span class='ocrx_word' id='word_1_66' title='bbox 1679 954 2006 1010; x_wconf 90' lang='lat' dir='ltr'><strong>hominibus.</strong></span> 
     </span>
    </p>
   </div>
   <div class='ocr_carea' id='block_1_10' title="bbox 499 1044 2012 1114">
    <p class='ocr_par' dir='ltr' id='par_1_10' title="bbox 499 1044 2012 1114">
     <span class='ocr_line' id='line_1_10' title="bbox 499 1044 2012 1114; baseline -0.003 -8"><span class='ocrx_word' id='word_1_67' title='bbox 499 1051 662 1106; x_wconf 74' lang='lat' dir='ltr'><strong>Vsus.</strong></span> <span class='ocrx_word' id='word_1_68' title='bbox 707 1049 760 1102; x_wconf 88' lang='lat'><strong>7.</strong></span> <span class='ocrx_word' id='word_1_69' title='bbox 796 1079 867 1088; x_wconf 89' lang='lat'><strong><em>—</em></strong></span> <span class='ocrx_word' id='word_1_70' title='bbox 919 1045 1100 1100; x_wconf 90' lang='lat' dir='ltr'><strong>Leoni.</strong></span> <span class='ocrx_word' id='word_1_71' title='bbox 1154 1044 1265 1102; x_wconf 89' lang='lat' dir='ltr'><strong>Leo</strong></span> <span class='ocrx_word' id='word_1_72' title='bbox 1316 1057 1561 1102; x_wconf 91' lang='lat' dir='ltr'><strong>mortuus</strong></span> <span class='ocrx_word' id='word_1_73' title='bbox 1603 1048 1872 1114; x_wconf 91' lang='lat' dir='ltr'><strong>nascitur,</strong></span> <span class='ocrx_word' id='word_1_74' title='bbox 1925 1046 2012 1103; x_wconf 90' lang='lat' dir='ltr'><strong>die</strong></span> 
     </span>
    </p>
   </div>
   <div class='ocr_carea' id='block_1_11' title="bbox 427 1137 2010 1200">
    <p class='ocr_par' dir='ltr' id='par_1_11' title="bbox 427 1137 2010 1200">
     <span class='ocr_line' id='line_1_11' title="bbox 427 1137 2010 1200; baseline -0.003 -1"><span class='ocrx_word' id='word_1_75' title='bbox 427 1143 584 1200; x_wconf 88' lang='lat' dir='ltr'><strong>tertia</strong></span> <span class='ocrx_word' id='word_1_76' title='bbox 626 1157 758 1196; x_wconf 91' lang='lat' dir='ltr'><strong>voce</strong></span> <span class='ocrx_word' id='word_1_77' title='bbox 795 1139 972 1194; x_wconf 79' lang='lat' dir='ltr'><strong>Patris</strong></span> <span class='ocrx_word' id='word_1_78' title='bbox 1018 1137 1344 1192; x_wconf 81' lang='lat' dir='ltr'><strong>vivificatur.</strong></span> <span class='ocrx_word' id='word_1_79' title='bbox 1396 1137 1488 1193; x_wconf 90' lang='lat' dir='ltr'><strong>Sic</strong></span> <span class='ocrx_word' id='word_1_80' title='bbox 1534 1147 1590 1194; x_wconf 91' lang='lat' dir='ltr'><strong>et</strong></span> <span class='ocrx_word' id='word_1_81' title='bbox 1639 1138 1887 1194; x_wconf 76' lang='lat' dir='ltr'><strong>Christus</strong></span> <span class='ocrx_word' id='word_1_82' title='bbox 1922 1137 2010 1194; x_wconf 88' lang='lat' dir='ltr'><strong>die</strong></span> 
     </span>
    </p>
   </div>
   <div class='ocr_carea' id='block_1_12' title="bbox 427 1230 2012 1301">
    <p class='ocr_par' dir='ltr' id='par_1_12' title="bbox 427 1230 2012 1301">
     <span class='ocr_line' id='line_1_12' title="bbox 427 1230 2012 1301; baseline -0.005 -9"><span class='ocrx_word' id='word_1_83' title='bbox 427 1236 584 1292; x_wconf 87' lang='lat' dir='ltr'><strong>tertia</strong></span> <span class='ocrx_word' id='word_1_84' title='bbox 617 1232 935 1296; x_wconf 82' lang='lat' dir='ltr'><strong>resurrexit,</strong></span> <span class='ocrx_word' id='word_1_85' title='bbox 977 1239 1034 1286; x_wconf 92' lang='lat' dir='ltr'><strong>et</strong></span> <span class='ocrx_word' id='word_1_86' title='bbox 1077 1243 1364 1301; x_wconf 80' lang='lat' dir='ltr'><strong>resurgere</strong></span> <span class='ocrx_word' id='word_1_87' title='bbox 1399 1230 1655 1300; x_wconf 78' lang='lat' dir='ltr'><strong>oportuit,</strong></span> <span class='ocrx_word' id='word_1_88' title='bbox 1698 1231 1824 1300; x_wconf 82' lang='lat' dir='ltr'><strong>quia</strong></span> <span class='ocrx_word' id='word_1_89' title='bbox 1865 1245 2012 1284; x_wconf 91' lang='lat' dir='ltr'><strong>mor-</strong></span> 
     </span>
    </p>
   </div>
   <div class='ocr_carea' id='block_1_13' title="bbox 426 1323 2008 1394">
    <p class='ocr_par' dir='ltr' id='par_1_13' title="bbox 426 1323 2008 1394">
     <span class='ocr_line' id='line_1_13' title="bbox 426 1323 2008 1394; baseline -0.004 -9"><span class='ocrx_word' id='word_1_90' title='bbox 426 1340 552 1385; x_wconf 89' lang='lat' dir='ltr'><strong>tuus</strong></span> <span class='ocrx_word' id='word_1_91' title='bbox 570 1327 709 1394; x_wconf 76' lang='lat' dir='ltr'><strong>fuit,</strong></span> <span class='ocrx_word' id='word_1_92' title='bbox 741 1334 796 1381; x_wconf 88' lang='lat' dir='ltr'><strong>et</strong></span> <span class='ocrx_word' id='word_1_93' title='bbox 823 1325 960 1380; x_wconf 91' lang='lat' dir='ltr'><strong>mori</strong></span> <span class='ocrx_word' id='word_1_94' title='bbox 987 1323 1256 1392; x_wconf 79' lang='lat' dir='ltr'><strong>oportuit,</strong></span> <span class='ocrx_word' id='word_1_95' title='bbox 1297 1323 1425 1393; x_wconf 83' lang='lat' dir='ltr'><strong>quia</strong></span> <span class='ocrx_word' id='word_1_96' title='bbox 1451 1323 1614 1378; x_wconf 91' lang='lat' dir='ltr'><strong>homo</strong></span> <span class='ocrx_word' id='word_1_97' title='bbox 1632 1362 1647 1388; x_wconf 94' lang='lat'><strong>,</strong></span> <span class='ocrx_word' id='word_1_98' title='bbox 1673 1331 1727 1378; x_wconf 92' lang='lat' dir='ltr'><strong>et</strong></span> <span class='ocrx_word' id='word_1_99' title='bbox 1766 1330 2008 1378; x_wconf 89' lang='lat' dir='ltr'><strong>mortuus</strong></span> 
     </span>
    </p>
   </div>
   <div class='ocr_carea' id='block_1_14' title="bbox 426 1413 2006 1493">
    <p class='ocr_par' dir='ltr' id='par_1_14' title="bbox 426 1413 2006 1493">
     <span class='ocr_line' id='line_1_14' title="bbox 426 1413 2006 1493; baseline -0.006 -13"><span class='ocrx_word' id='word_1_100' title='bbox 426 1436 711 1493; x_wconf 83' lang='lat' dir='ltr'><strong>resurgere</strong></span> <span class='ocrx_word' id='word_1_101' title='bbox 736 1418 908 1473; x_wconf 90' lang='lat' dir='ltr'><strong>voluit</strong></span> <span class='ocrx_word' id='word_1_102' title='bbox 936 1433 997 1472; x_wconf 89' lang='lat' dir='ltr'><strong>ac</strong></span> <span class='ocrx_word' id='word_1_103' title='bbox 1021 1417 1212 1488; x_wconf 90' lang='lat' dir='ltr'><strong>potuit,</strong></span> <span class='ocrx_word' id='word_1_104' title='bbox 1239 1415 1365 1486; x_wconf 87' lang='lat' dir='ltr'><strong>quia</strong></span> <span class='ocrx_word' id='word_1_105' title='bbox 1409 1415 1587 1485; x_wconf 90' lang='lat' dir='ltr'><strong>aquila</strong></span> <span class='ocrx_word' id='word_1_106' title='bbox 1606 1456 1620 1481; x_wconf 90' lang='lat'><strong>,</strong></span> <span class='ocrx_word' id='word_1_107' title='bbox 1649 1413 1701 1468; x_wconf 93' lang='lat' dir='ltr'><strong>id</strong></span> <span class='ocrx_word' id='word_1_108' title='bbox 1739 1421 1823 1470; x_wconf 91' lang='lat' dir='ltr'><strong>est</strong></span> <span class='ocrx_word' id='word_1_109' title='bbox 1843 1413 2006 1470; x_wconf 90' lang='lat' dir='ltr'><strong>Deus.</strong></span> 
     </span>
    </p>
   </div>
   <div class='ocr_carea' id='block_1_15' title="bbox 422 1505 2010 1579">
    <p class='ocr_par' dir='ltr' id='par_1_15' title="bbox 422 1505 2010 1579">
     <span class='ocr_line' id='line_1_15' title="bbox 422 1505 2010 1579; baseline -0.004 -12"><span class='ocrx_word' id='word_1_110' title='bbox 422 1545 429 1553; x_wconf 92' lang='lat'><strong><em>-</em></strong></span> <span class='ocrx_word' id='word_1_111' title='bbox 503 1513 663 1568; x_wconf 70' lang='lat' dir='ltr'><strong>Vsus.</strong></span> <span class='ocrx_word' id='word_1_112' title='bbox 693 1511 841 1566; x_wconf 90' lang='lat'><strong>8.—</strong></span> <span class='ocrx_word' id='word_1_113' title='bbox 887 1509 956 1562; x_wconf 85' lang='lat' dir='ltr'><strong>Et</strong></span> <span class='ocrx_word' id='word_1_114' title='bbox 1010 1518 1237 1579; x_wconf 81' lang='lat' dir='ltr'><strong>quatuor</strong></span> <span class='ocrx_word' id='word_1_115' title='bbox 1284 1505 1540 1561; x_wconf 83' lang='lat' dir='ltr'><strong>animalia</strong></span> <span class='ocrx_word' id='word_1_116' title='bbox 1575 1505 1783 1577; x_wconf 78' lang='lat' dir='ltr'><strong>singula</strong></span> <span class='ocrx_word' id='word_1_117' title='bbox 1828 1522 2010 1560; x_wconf 90' lang='lat' dir='ltr'><strong>eorum</strong></span> 
     </span>
    </p>
   </div>
   <div class='ocr_carea' id='block_1_16' title="bbox 425 1599 2010 1669">
    <p class='ocr_par' dir='ltr' id='par_1_16' title="bbox 425 1599 2010 1669">
     <span class='ocr_line' id='line_1_16' title="bbox 425 1599 2010 1669; baseline -0.004 -9"><span class='ocrx_word' id='word_1_118' title='bbox 425 1604 685 1662; x_wconf 76' lang='lat' dir='ltr'><strong>habebant</strong></span> <span class='ocrx_word' id='word_1_119' title='bbox 717 1602 830 1656; x_wconf 83' lang='lat' dir='ltr'><strong>alas</strong></span> <span class='ocrx_word' id='word_1_120' title='bbox 860 1617 1041 1665; x_wconf 80' lang='lat' dir='ltr'><strong>senas,</strong></span> <span class='ocrx_word' id='word_1_121' title='bbox 1073 1599 1141 1654; x_wconf 91' lang='lat' dir='ltr'><strong>ad</strong></span> <span class='ocrx_word' id='word_1_122' title='bbox 1179 1600 1285 1654; x_wconf 90' lang='lat' dir='ltr'><strong>hoc</strong></span> <span class='ocrx_word' id='word_1_123' title='bbox 1313 1607 1374 1654; x_wconf 92' lang='lat' dir='ltr'><strong>ut</strong></span> <span class='ocrx_word' id='word_1_124' title='bbox 1405 1599 1507 1656; x_wconf 87' lang='lat' dir='ltr'><strong>ista</strong></span> <span class='ocrx_word' id='word_1_125' title='bbox 1537 1599 1604 1655; x_wconf 90' lang='lat' dir='ltr'><strong>de</strong></span> <span class='ocrx_word' id='word_1_126' title='bbox 1632 1599 1848 1656; x_wconf 87' lang='lat' dir='ltr'><strong>Christo</strong></span> <span class='ocrx_word' id='word_1_127' title='bbox 1870 1614 2010 1669; x_wconf 70' lang='lat' dir='ltr'><strong>prae-</strong></span> 
     </span>
    </p>
   </div>
   <div class='ocr_carea' id='block_1_17' title="bbox 426 1689 2006 1761">
    <p class='ocr_par' dir='ltr' id='par_1_17' title="bbox 426 1689 2006 1761">
     <span class='ocr_line' id='line_1_17' title="bbox 426 1689 2006 1761; baseline -0.004 -9"><span class='ocrx_word' id='word_1_128' title='bbox 426 1697 673 1752; x_wconf 89' lang='lat' dir='ltr'><strong>dicarent</strong></span> <span class='ocrx_word' id='word_1_129' title='bbox 700 1692 756 1747; x_wconf 89' lang='lat' dir='ltr'><strong>in</strong></span> <span class='ocrx_word' id='word_1_130' title='bbox 793 1690 989 1761; x_wconf 88' lang='lat' dir='ltr'><strong>quibus</strong></span> <span class='ocrx_word' id='word_1_131' title='bbox 1025 1689 1166 1745; x_wconf 89' lang='lat' dir='ltr'><strong>bene</strong></span> <span class='ocrx_word' id='word_1_132' title='bbox 1200 1690 1450 1746; x_wconf 87' lang='lat' dir='ltr'><strong>instructi</strong></span> <span class='ocrx_word' id='word_1_133' title='bbox 1479 1699 1654 1746; x_wconf 89' lang='lat' dir='ltr'><strong>erant.</strong></span> <span class='ocrx_word' id='word_1_134' title='bbox 1683 1689 1810 1744; x_wconf 86' lang='lat' dir='ltr'><strong>Alas</strong></span> <span class='ocrx_word' id='word_1_135' title='bbox 1833 1707 2006 1745; x_wconf 80' lang='lat' dir='ltr'><strong>senas.</strong></span> 
     </span>
    </p>
   </div>
   <div class='ocr_carea' id='block_1_18' title="bbox 425 1781 2004 1854">
    <p class='ocr_par' dir='ltr' id='par_1_18' title="bbox 425 1781 2004 1854">
     <span class='ocr_line' id='line_1_18' title="bbox 425 1781 2004 1854; baseline -0.003 -13"><span class='ocrx_word' id='word_1_136' title='bbox 425 1786 608 1842; x_wconf 90' lang='lat' dir='ltr'><strong>Prima</strong></span> <span class='ocrx_word' id='word_1_137' title='bbox 630 1783 735 1850; x_wconf 88' lang='lat' dir='ltr'><strong>ala,</strong></span> <span class='ocrx_word' id='word_1_138' title='bbox 758 1782 845 1839; x_wconf 86' lang='lat' dir='ltr'><strong>lex</strong></span> <span class='ocrx_word' id='word_1_139' title='bbox 874 1781 1167 1847; x_wconf 78' lang='lat' dir='ltr'><strong>naturalis;</strong></span> <span class='ocrx_word' id='word_1_140' title='bbox 1199 1785 1456 1849; x_wconf 89' lang='lat' dir='ltr'><strong>secunda,</strong></span> <span class='ocrx_word' id='word_1_141' title='bbox 1487 1782 1572 1837; x_wconf 90' lang='lat' dir='ltr'><strong>lex</strong></span> <span class='ocrx_word' id='word_1_142' title='bbox 1595 1782 1795 1854; x_wconf 81' lang='lat' dir='ltr'><strong>Moysi;</strong></span> <span class='ocrx_word' id='word_1_143' title='bbox 1825 1783 2004 1848; x_wconf 88' lang='lat' dir='ltr'><strong>tertia,</strong></span> 
     </span>
    </p>
   </div>
   <div class='ocr_carea' id='block_1_19' title="bbox 422 1871 2005 1950">
    <p class='ocr_par' dir='ltr' id='par_1_19' title="bbox 422 1871 2005 1950">
     <span class='ocr_line' id='line_1_19' title="bbox 422 1871 2005 1950; baseline -0.001 -19"><span class='ocrx_word' id='word_1_144' title='bbox 422 1877 700 1950; x_wconf 64' lang='lat' dir='ltr'><strong>prophetae</strong></span> <span class='ocrx_word' id='word_1_145' title='bbox 718 1892 734 1941; x_wconf 92' lang='lat'><strong>;</strong></span> <span class='ocrx_word' id='word_1_146' title='bbox 755 1881 969 1944; x_wconf 90' lang='lat' dir='ltr'><strong>quarta,</strong></span> <span class='ocrx_word' id='word_1_147' title='bbox 993 1871 1372 1943; x_wconf 87' lang='lat' dir='ltr'><strong>Evangelium;</strong></span> <span class='ocrx_word' id='word_1_148' title='bbox 1400 1873 1612 1943; x_wconf 87' lang='lat' dir='ltr'><strong>quinta,</strong></span> <span class='ocrx_word' id='word_1_149' title='bbox 1639 1873 2005 1930; x_wconf 84' lang='lat' dir='ltr'><strong>institutiones</strong></span> 
     </span>
    </p>
   </div>
   <div class='ocr_carea' id='block_1_20' title="bbox 427 1966 2002 2039">
    <p class='ocr_par' dir='ltr' id='par_1_20' title="bbox 427 1966 2002 2039">
     <span class='ocr_line' id='line_1_20' title="bbox 427 1966 2002 2039; baseline -0.001 -17"><span class='ocrx_word' id='word_1_150' title='bbox 427 1966 826 2039; x_wconf 88' lang='lat' dir='ltr'><strong>apostolorum;</strong></span> <span class='ocrx_word' id='word_1_151' title='bbox 860 1974 1034 2030; x_wconf 80' lang='lat' dir='ltr'><strong>sexta,</strong></span> <span class='ocrx_word' id='word_1_152' title='bbox 1061 1980 1507 2035; x_wconf 86' lang='lat' dir='ltr'><strong>quorumcunque</strong></span> <span class='ocrx_word' id='word_1_153' title='bbox 1536 1966 1773 2032; x_wconf 85' lang='lat' dir='ltr'><strong>decreta,</strong></span> <span class='ocrx_word' id='word_1_154' title='bbox 1798 1975 1858 2020; x_wconf 90' lang='lat' dir='ltr'><strong>ut</strong></span> <span class='ocrx_word' id='word_1_155' title='bbox 1888 1966 2002 2021; x_wconf 90' lang='lat' dir='ltr'><strong>Au-</strong></span> 
     </span>
    </p>
   </div>
   <div class='ocr_carea' id='block_1_21' title="bbox 425 2055 2004 2131">
    <p class='ocr_par' dir='ltr' id='par_1_21' title="bbox 425 2055 2004 2131">
     <span class='ocr_line' id='line_1_21' title="bbox 425 2055 2004 2131; baseline 0 -17"><span class='ocrx_word' id='word_1_156' title='bbox 425 2060 598 2131; x_wconf 89' lang='lat' dir='ltr'><strong>gusti,</strong></span> <span class='ocrx_word' id='word_1_157' title='bbox 642 2057 919 2128; x_wconf 83' lang='lat' dir='ltr'><strong>Gregorii,</strong></span> <span class='ocrx_word' id='word_1_158' title='bbox 945 2055 1238 2122; x_wconf 81' lang='lat' dir='ltr'><strong>Ambrosii,</strong></span> <span class='ocrx_word' id='word_1_159' title='bbox 1288 2071 1386 2126; x_wconf 90' lang='lat' dir='ltr'><strong>per</strong></span> <span class='ocrx_word' id='word_1_160' title='bbox 1432 2072 1567 2126; x_wconf 91' lang='lat' dir='ltr'><strong>quos</strong></span> <span class='ocrx_word' id='word_1_161' title='bbox 1615 2056 1855 2112; x_wconf 86' lang='lat' dir='ltr'><strong>Ecclesia</strong></span> <span class='ocrx_word' id='word_1_162' title='bbox 1895 2057 2004 2114; x_wconf 88' lang='lat' dir='ltr'><strong>alta</strong></span> 
     </span>
    </p>
   </div>
   <div class='ocr_carea' id='block_1_22' title="bbox 424 2147 2005 2221">
    <p class='ocr_par' dir='ltr' id='par_1_22' title="bbox 424 2147 2005 2221">
     <span class='ocr_line' id='line_1_22' title="bbox 424 2147 2005 2221; baseline 0.001 -17"><span class='ocrx_word' id='word_1_163' title='bbox 424 2151 561 2221; x_wconf 88' lang='lat' dir='ltr'><strong>petit</strong></span> <span class='ocrx_word' id='word_1_164' title='bbox 600 2164 614 2202; x_wconf 90' lang='lat'><strong>:</strong></span> <span class='ocrx_word' id='word_1_165' title='bbox 661 2155 716 2204; x_wconf 92' lang='lat' dir='ltr'><strong>ct</strong></span> <span class='ocrx_word' id='word_1_166' title='bbox 761 2163 791 2202; x_wconf 90' lang='lat' dir='ltr'><strong>a</strong></span> <span class='ocrx_word' id='word_1_167' title='bbox 843 2147 1037 2217; x_wconf 90' lang='lat' dir='ltr'><strong>quibus</strong></span> <span class='ocrx_word' id='word_1_168' title='bbox 1087 2148 1470 2216; x_wconf 70' lang='lat' dir='ltr'><strong>prmdicatores</strong></span> <span class='ocrx_word' id='word_1_169' title='bbox 1517 2149 1788 2218; x_wconf 86' lang='lat' dir='ltr'><strong>accipiunt</strong></span> <span class='ocrx_word' id='word_1_170' title='bbox 1837 2151 2005 2206; x_wconf 86' lang='lat' dir='ltr'><strong>totius</strong></span> 
     </span>
    </p>
   </div>
   <div class='ocr_carea' id='block_1_23' title="bbox 425 2237 2006 2314">
    <p class='ocr_par' dir='ltr' id='par_1_23' title="bbox 425 2237 2006 2314">
     <span class='ocr_line' id='line_1_23' title="bbox 425 2237 2006 2314; baseline 0.002 -18"><span class='ocrx_word' id='word_1_171' title='bbox 425 2239 830 2314; x_wconf 62' lang='lat' dir='ltr'><strong>praedicationis</strong></span> <span class='ocrx_word' id='word_1_172' title='bbox 875 2237 1306 2294; x_wconf 81' lang='lat' dir='ltr'><strong>fundamentum.</strong></span> <span class='ocrx_word' id='word_1_173' title='bbox 1345 2239 1437 2295; x_wconf 89' lang='lat' dir='ltr'><strong>Vel</strong></span> <span class='ocrx_word' id='word_1_174' title='bbox 1491 2255 1586 2296; x_wconf 79' lang='lat' dir='ltr'><strong>sex</strong></span> <span class='ocrx_word' id='word_1_175' title='bbox 1625 2241 1723 2296; x_wconf 80' lang='lat' dir='ltr'><strong>alze</strong></span> <span class='ocrx_word' id='word_1_176' title='bbox 1769 2243 2006 2314; x_wconf 88' lang='lat' dir='ltr'><strong>cognitio</strong></span> 
     </span>
    </p>
   </div>
   <div class='ocr_carea' id='block_1_24' title="bbox 426 2330 2004 2406">
    <p class='ocr_par' dir='ltr' id='par_1_24' title="bbox 426 2330 2004 2406">
     <span class='ocr_line' id='line_1_24' title="bbox 426 2330 2004 2406; baseline 0 -16"><span class='ocrx_word' id='word_1_177' title='bbox 426 2349 650 2406; x_wconf 86' lang='lat' dir='ltr'><strong>Operum</strong></span> <span class='ocrx_word' id='word_1_178' title='bbox 685 2332 780 2387; x_wconf 90' lang='lat' dir='ltr'><strong>Dei</strong></span> <span class='ocrx_word' id='word_1_179' title='bbox 806 2330 1073 2386; x_wconf 89' lang='lat' dir='ltr'><strong>factorum</strong></span> <span class='ocrx_word' id='word_1_180' title='bbox 1113 2346 1209 2386; x_wconf 85' lang='lat' dir='ltr'><strong>sex</strong></span> <span class='ocrx_word' id='word_1_181' title='bbox 1238 2331 1458 2397; x_wconf 89' lang='lat' dir='ltr'><strong>diebus,</strong></span> <span class='ocrx_word' id='word_1_182' title='bbox 1490 2347 1717 2402; x_wconf 83' lang='lat' dir='ltr'><strong>quorum</strong></span> <span class='ocrx_word' id='word_1_183' title='bbox 1755 2335 2004 2390; x_wconf 88' lang='lat' dir='ltr'><strong>notitiam</strong></span> 
     </span>
    </p>
   </div>
   <div class='ocr_carea' id='block_1_25' title="bbox 425 2422 2005 2494">
    <p class='ocr_par' dir='ltr' id='par_1_25' title="bbox 425 2422 2005 2494">
     <span class='ocr_line' id='line_1_25' title="bbox 425 2422 2005 2494; baseline -0.001 -12"><span class='ocrx_word' id='word_1_184' title='bbox 425 2428 481 2482; x_wconf 90' lang='lat' dir='ltr'><strong>in</strong></span> <span class='ocrx_word' id='word_1_185' title='bbox 511 2427 678 2480; x_wconf 89' lang='lat' dir='ltr'><strong>altum</strong></span> <span class='ocrx_word' id='word_1_186' title='bbox 721 2423 1003 2480; x_wconf 89' lang='lat' dir='ltr'><strong>sublevant</strong></span> <span class='ocrx_word' id='word_1_187' title='bbox 1051 2423 1143 2494; x_wconf 93' lang='lat' dir='ltr'><strong>qui</strong></span> <span class='ocrx_word' id='word_1_188' title='bbox 1192 2422 1248 2477; x_wconf 92' lang='lat' dir='ltr'><strong>in</strong></span> <span class='ocrx_word' id='word_1_189' title='bbox 1277 2423 1358 2478; x_wconf 92' lang='lat' dir='ltr'><strong>eis</strong></span> <span class='ocrx_word' id='word_1_190' title='bbox 1403 2424 1542 2479; x_wconf 89' lang='lat' dir='ltr'><strong>bene</strong></span> <span class='ocrx_word' id='word_1_191' title='bbox 1579 2434 1887 2494; x_wconf 88' lang='lat' dir='ltr'><strong>operantur.</strong></span> <span class='ocrx_word' id='word_1_192' title='bbox 1933 2427 2005 2482; x_wconf 86' lang='lat' dir='ltr'><strong>In</strong></span> 
     </span>
    </p>
   </div>
   <div class='ocr_carea' id='block_1_26' title="bbox 425 2511 2008 2588">
    <p class='ocr_par' dir='ltr' id='par_1_26' title="bbox 425 2511 2008 2588">
     <span class='ocr_line' id='line_1_26' title="bbox 425 2511 2008 2588; baseline 0.001 -17"><span class='ocrx_word' id='word_1_193' title='bbox 425 2518 650 2571; x_wconf 81' lang='lat' dir='ltr'><strong>circuitu</strong></span> <span class='ocrx_word' id='word_1_194' title='bbox 697 2525 744 2569; x_wconf 93' lang='lat' dir='ltr'><strong>et</strong></span> <span class='ocrx_word' id='word_1_195' title='bbox 777 2515 938 2568; x_wconf 82' lang='lat' dir='ltr'><strong>intus.</strong></span> <span class='ocrx_word' id='word_1_196' title='bbox 966 2511 1072 2569; x_wconf 89' lang='lat' dir='ltr'><strong>Per</strong></span> <span class='ocrx_word' id='word_1_197' title='bbox 1105 2514 1364 2579; x_wconf 86' lang='lat' dir='ltr'><strong>litteram,</strong></span> <span class='ocrx_word' id='word_1_198' title='bbox 1408 2515 1704 2586; x_wconf 89' lang='lat' dir='ltr'><strong>simplices;</strong></span> <span class='ocrx_word' id='word_1_199' title='bbox 1745 2533 1842 2588; x_wconf 89' lang='lat' dir='ltr'><strong>per</strong></span> <span class='ocrx_word' id='word_1_200' title='bbox 1877 2517 2008 2575; x_wconf 87' lang='lat' dir='ltr'><strong>alle-</strong></span> 
     </span>
    </p>
   </div>
   <div class='ocr_carea' id='block_1_27' title="bbox 425 2605 2004 2683">
    <p class='ocr_par' dir='ltr' id='par_1_27' title="bbox 425 2605 2004 2683">
     <span class='ocr_line' id='line_1_27' title="bbox 425 2605 2004 2683; baseline 0 -18"><span class='ocrx_word' id='word_1_201' title='bbox 425 2610 633 2683; x_wconf 89' lang='lat' dir='ltr'><strong>goriam</strong></span> <span class='ocrx_word' id='word_1_202' title='bbox 657 2648 672 2674; x_wconf 94' lang='lat'><strong>,</strong></span> <span class='ocrx_word' id='word_1_203' title='bbox 709 2605 1065 2679; x_wconf 83' lang='lat' dir='ltr'><strong>perfectiores</strong></span> <span class='ocrx_word' id='word_1_204' title='bbox 1101 2619 1166 2660; x_wconf 91' lang='lat' dir='ltr'><strong>ea</strong></span> <span class='ocrx_word' id='word_1_205' title='bbox 1209 2606 1462 2660; x_wconf 87' lang='lat' dir='ltr'><strong>animalia</strong></span> <span class='ocrx_word' id='word_1_206' title='bbox 1506 2607 1810 2673; x_wconf 91' lang='lat' dir='ltr'><strong>instruunt,</strong></span> <span class='ocrx_word' id='word_1_207' title='bbox 1843 2617 1898 2664; x_wconf 90' lang='lat' dir='ltr'><strong>et</strong></span> <span class='ocrx_word' id='word_1_208' title='bbox 1948 2609 2004 2665; x_wconf 92' lang='lat' dir='ltr'><strong>in</strong></span> 
     </span>
    </p>
   </div>
   <div class='ocr_carea' id='block_1_28' title="bbox 423 2699 2005 2758">
    <p class='ocr_par' dir='ltr' id='par_1_28' title="bbox 423 2699 2005 2758">
     <span class='ocr_line' id='line_1_28' title="bbox 423 2699 2005 2758; baseline 0 0"><span class='ocrx_word' id='word_1_209' title='bbox 423 2704 605 2758; x_wconf 87' lang='lat' dir='ltr'><strong>medio</strong></span> <span class='ocrx_word' id='word_1_210' title='bbox 655 2709 712 2756; x_wconf 88' lang='lat' dir='ltr'><strong>et</strong></span> <span class='ocrx_word' id='word_1_211' title='bbox 758 2701 814 2756; x_wconf 92' lang='lat' dir='ltr'><strong>in</strong></span> <span class='ocrx_word' id='word_1_212' title='bbox 868 2700 1062 2754; x_wconf 82' lang='lat' dir='ltr'><strong>finibus</strong></span> <span class='ocrx_word' id='word_1_213' title='bbox 1103 2708 1260 2754; x_wconf 71' lang='lat' dir='ltr'><strong>terra:</strong></span> <span class='ocrx_word' id='word_1_214' title='bbox 1308 2699 1631 2754; x_wconf 88' lang='lat' dir='ltr'><strong>illuminant.</strong></span> <span class='ocrx_word' id='word_1_215' title='bbox 1670 2699 1839 2756; x_wconf 83' lang='lat' dir='ltr'><strong>Plena</strong></span> <span class='ocrx_word' id='word_1_216' title='bbox 1883 2711 2005 2758; x_wconf 82' lang='lat' dir='ltr'><strong>sunt</strong></span> 
     </span>
    </p>
   </div>
   <div class='ocr_carea' id='block_1_29' title="bbox 424 2793 2008 2866">
    <p class='ocr_par' dir='ltr' id='par_1_29' title="bbox 424 2793 2008 2866">
     <span class='ocr_line' id='line_1_29' title="bbox 424 2793 2008 2866; baseline -0.001 -15"><span class='ocrx_word' id='word_1_217' title='bbox 424 2796 610 2852; x_wconf 81' lang='lat' dir='ltr'><strong>oculis.</strong></span> <span class='ocrx_word' id='word_1_218' title='bbox 644 2794 779 2863; x_wconf 86' lang='lat' dir='ltr'><strong>Quia</strong></span> <span class='ocrx_word' id='word_1_219' title='bbox 806 2809 865 2849; x_wconf 91' lang='lat' dir='ltr'><strong>se</strong></span> <span class='ocrx_word' id='word_1_220' title='bbox 899 2793 1128 2850; x_wconf 90' lang='lat' dir='ltr'><strong>mundos</strong></span> <span class='ocrx_word' id='word_1_221' title='bbox 1163 2802 1380 2850; x_wconf 86' lang='lat' dir='ltr'><strong>servant</strong></span> <span class='ocrx_word' id='word_1_222' title='bbox 1409 2801 1466 2849; x_wconf 89' lang='lat' dir='ltr'><strong>et</strong></span> <span class='ocrx_word' id='word_1_223' title='bbox 1486 2793 1620 2848; x_wconf 89' lang='lat' dir='ltr'><strong>alios</strong></span> <span class='ocrx_word' id='word_1_224' title='bbox 1648 2794 1895 2866; x_wconf 85' lang='lat' dir='ltr'><strong>exemplo</strong></span> <span class='ocrx_word' id='word_1_225' title='bbox 1923 2795 2008 2849; x_wconf 88' lang='lat' dir='ltr'><strong>in-</strong></span> 
     </span>
    </p>
   </div>
   <div class='ocr_carea' id='block_1_30' title="bbox 423 2887 2008 2960">
    <p class='ocr_par' dir='ltr' id='par_1_30' title="bbox 423 2887 2008 2960">
     <span class='ocr_line' id='line_1_30' title="bbox 423 2887 2008 2960; baseline -0.004 -10"><span class='ocrx_word' id='word_1_226' title='bbox 423 2893 679 2950; x_wconf 85' lang='lat' dir='ltr'><strong>formant.</strong></span> <span class='ocrx_word' id='word_1_227' title='bbox 708 2889 821 2954; x_wconf 92' lang='lat' dir='ltr'><strong>Vel,</strong></span> <span class='ocrx_word' id='word_1_228' title='bbox 848 2888 1001 2960; x_wconf 86' lang='lat' dir='ltr'><strong>plena</strong></span> <span class='ocrx_word' id='word_1_229' title='bbox 1024 2897 1144 2942; x_wconf 86' lang='lat' dir='ltr'><strong>sunt</strong></span> <span class='ocrx_word' id='word_1_230' title='bbox 1169 2887 1332 2941; x_wconf 84' lang='lat' dir='ltr'><strong>oculis</strong></span> <span class='ocrx_word' id='word_1_231' title='bbox 1354 2889 1518 2953; x_wconf 79' lang='lat' dir='ltr'><strong>intus,</strong></span> <span class='ocrx_word' id='word_1_232' title='bbox 1538 2888 1592 2942; x_wconf 91' lang='lat' dir='ltr'><strong>id</strong></span> <span class='ocrx_word' id='word_1_233' title='bbox 1622 2896 1706 2942; x_wconf 89' lang='lat' dir='ltr'><strong>est</strong></span> <span class='ocrx_word' id='word_1_234' title='bbox 1731 2889 2008 2944; x_wconf 84' lang='lat' dir='ltr'><strong>conscien-</strong></span> 
     </span>
    </p>
   </div>
   <div class='ocr_carea' id='block_1_31' title="bbox 425 2977 2008 3048">
    <p class='ocr_par' dir='ltr' id='par_1_31' title="bbox 425 2977 2008 3048">
     <span class='ocr_line' id='line_1_31' title="bbox 425 2977 2008 3048; baseline -0.004 -9"><span class='ocrx_word' id='word_1_235' title='bbox 425 2985 501 3042; x_wconf 90' lang='lat' dir='ltr'><strong>tia</strong></span> <span class='ocrx_word' id='word_1_236' title='bbox 548 2980 773 3036; x_wconf 89' lang='lat' dir='ltr'><strong>mundi:</strong></span> <span class='ocrx_word' id='word_1_237' title='bbox 816 2988 864 3032; x_wconf 92' lang='lat' dir='ltr'><strong>et</strong></span> <span class='ocrx_word' id='word_1_238' title='bbox 895 2979 949 3031; x_wconf 90' lang='lat' dir='ltr'><strong>in</strong></span> <span class='ocrx_word' id='word_1_239' title='bbox 990 2978 1242 3043; x_wconf 85' lang='lat' dir='ltr'><strong>circuitu,</strong></span> <span class='ocrx_word' id='word_1_240' title='bbox 1277 2977 1329 3031; x_wconf 88' lang='lat' dir='ltr'><strong>id</strong></span> <span class='ocrx_word' id='word_1_241' title='bbox 1362 2987 1444 3031; x_wconf 87' lang='lat' dir='ltr'><strong>est</strong></span> <span class='ocrx_word' id='word_1_242' title='bbox 1489 2977 1544 3030; x_wconf 92' lang='lat' dir='ltr'><strong>in</strong></span> <span class='ocrx_word' id='word_1_243' title='bbox 1587 2987 1877 3048; x_wconf 88' lang='lat' dir='ltr'><strong>conspectu</strong></span> <span class='ocrx_word' id='word_1_244' title='bbox 1908 2978 2008 3034; x_wconf 90' lang='lat' dir='ltr'><strong>ho-</strong></span> 
     </span>
    </p>
   </div>
   <div class='ocr_carea' id='block_1_32' title="bbox 422 3066 2008 3141">
    <p class='ocr_par' dir='ltr' id='par_1_32' title="bbox 422 3066 2008 3141">
     <span class='ocr_line' id='line_1_32' title="bbox 422 3066 2008 3141; baseline -0.003 -10"><span class='ocrx_word' id='word_1_245' title='bbox 422 3076 628 3132; x_wconf 87' lang='lat' dir='ltr'><strong>minum</strong></span> <span class='ocrx_word' id='word_1_246' title='bbox 672 3068 1190 3141; x_wconf 85' lang='lat' dir='ltr'><strong>irreprehensibiles.</strong></span> <span class='ocrx_word' id='word_1_247' title='bbox 1249 3066 1353 3132; x_wconf 85' lang='lat' dir='ltr'><strong>Qui</strong></span> <span class='ocrx_word' id='word_1_248' title='bbox 1404 3077 1649 3122; x_wconf 80' lang='lat' dir='ltr'><strong>venturus</strong></span> <span class='ocrx_word' id='word_1_249' title='bbox 1687 3077 1780 3123; x_wconf 78' lang='lat' dir='ltr'><strong>est.</strong></span> <span class='ocrx_word' id='word_1_250' title='bbox 1835 3068 2008 3127; x_wconf 89' lang='lat' dir='ltr'><strong>Filius</strong></span> 
     </span>
    </p>
   </div>
   <div class='ocr_carea' id='block_1_33' title="bbox 423 3155 2004 3232">
    <p class='ocr_par' dir='ltr' id='par_1_33' title="bbox 423 3155 2004 3232">
     <span class='ocr_line' id='line_1_33' title="bbox 423 3155 2004 3232; baseline -0.003 -12"><span class='ocrx_word' id='word_1_251' title='bbox 423 3161 776 3232; x_wconf 90' lang='lat' dir='ltr'><strong>corporaliter</strong></span> <span class='ocrx_word' id='word_1_252' title='bbox 806 3157 1106 3229; x_wconf 87' lang='lat' dir='ltr'><strong>apparebit,</strong></span> <span class='ocrx_word' id='word_1_253' title='bbox 1143 3164 1255 3211; x_wconf 90' lang='lat' dir='ltr'><strong>tota</strong></span> <span class='ocrx_word' id='word_1_254' title='bbox 1300 3155 1486 3212; x_wconf 88' lang='lat' dir='ltr'><strong>Deitas</strong></span> <span class='ocrx_word' id='word_1_255' title='bbox 1529 3156 1774 3213; x_wconf 84' lang='lat' dir='ltr'><strong>fidelibus</strong></span> <span class='ocrx_word' id='word_1_256' title='bbox 1816 3173 1875 3214; x_wconf 86' lang='lat' dir='ltr'><strong>se</strong></span> <span class='ocrx_word' id='word_1_257' title='bbox 1904 3174 2004 3216; x_wconf 89' lang='lat' dir='ltr'><strong>suo</strong></span> 
     </span>
    </p>
   </div>
   <div class='ocr_carea' id='block_1_34' title="bbox 421 3249 1000 3310">
    <p class='ocr_par' dir='ltr' id='par_1_34' title="bbox 421 3249 1000 3310">
     <span class='ocr_line' id='line_1_34' title="bbox 421 3249 1000 3310; baseline -0.01 0"><span class='ocrx_word' id='word_1_258' title='bbox 421 3254 582 3310; x_wconf 91' lang='lat' dir='ltr'><strong>modo</strong></span> <span class='ocrx_word' id='word_1_259' title='bbox 617 3249 1000 3308; x_wconf 87' lang='lat' dir='ltr'><strong>manifestabit.</strong></span> 
     </span>
    </p>
   </div>
   <div class='ocr_carea' id='block_1_35' title="bbox 493 3340 2012 3412">
    <p class='ocr_par' dir='ltr' id='par_1_35' title="bbox 493 3340 2012 3412">
     <span class='ocr_line' id='line_1_35' title="bbox 493 3340 2012 3412; baseline 0 -11"><span class='ocrx_word' id='word_1_260' title='bbox 493 3347 658 3402; x_wconf 74' lang='lat' dir='ltr'><strong>Vsus.</strong></span> <span class='ocrx_word' id='word_1_261' title='bbox 692 3346 749 3402; x_wconf 90' lang='lat'><strong>9.</strong></span> <span class='ocrx_word' id='word_1_262' title='bbox 783 3374 857 3386; x_wconf 92' lang='lat'>—</span> <span class='ocrx_word' id='word_1_263' title='bbox 895 3343 963 3398; x_wconf 85' lang='lat' dir='ltr'><strong>Et</strong></span> <span class='ocrx_word' id='word_1_264' title='bbox 990 3340 1416 3408; x_wconf 82' lang='lat' dir='ltr'><strong>benedictionem,</strong></span> <span class='ocrx_word' id='word_1_265' title='bbox 1473 3356 1716 3412; x_wconf 72' lang='lat' dir='ltr'><strong>supernae</strong></span> <span class='ocrx_word' id='word_1_266' title='bbox 1762 3359 2012 3402; x_wconf 81' lang='lat' dir='ltr'><strong>remune-</strong></span> 
     </span>
    </p>
   </div>
   <div class='ocr_carea' id='block_1_36' title="bbox 422 3428 2065 3504">
    <p class='ocr_par' dir='ltr' id='par_1_36' title="bbox 422 3428 2065 3504">
     <span class='ocr_line' id='line_1_36' title="bbox 422 3428 2065 3504; baseline -0.004 -9"><span class='ocrx_word' id='word_1_267' title='bbox 422 3439 666 3504; x_wconf 86' lang='lat' dir='ltr'><strong>rationis,</strong></span> <span class='ocrx_word' id='word_1_268' title='bbox 691 3435 777 3490; x_wconf 88' lang='lat' dir='ltr'><strong>vel</strong></span> <span class='ocrx_word' id='word_1_269' title='bbox 795 3435 846 3489; x_wconf 93' lang='lat' dir='ltr'><strong>in</strong></span> <span class='ocrx_word' id='word_1_270' title='bbox 872 3431 1223 3496; x_wconf 89' lang='lat' dir='ltr'><strong>exaltatione,</strong></span> <span class='ocrx_word' id='word_1_271' title='bbox 1247 3440 1304 3484; x_wconf 84' lang='lat' dir='ltr'><strong>ut</strong></span> <span class='ocrx_word' id='word_1_272' title='bbox 1324 3431 1372 3483; x_wconf 88' lang='lat' dir='ltr'><strong>ei</strong></span> <span class='ocrx_word' id='word_1_273' title='bbox 1401 3446 1551 3491; x_wconf 81' lang='lat' dir='ltr'><strong>omne</strong></span> <span class='ocrx_word' id='word_1_274' title='bbox 1588 3448 1723 3501; x_wconf 89' lang='lat' dir='ltr'><strong>genu</strong></span> <span class='ocrx_word' id='word_1_275' title='bbox 1769 3435 2012 3504; x_wconf 83' lang='lat' dir='ltr'><strong>ﬂectatur</strong></span> <span class='ocrx_word' id='word_1_276' title='bbox 2061 3428 2065 3432; x_wconf 78' lang='grc'><strong>’</strong></span> 
     </span>
    </p>
   </div>
   <div class='ocr_carea' id='block_1_37' title="bbox 423 3521 1851 3595">
    <p class='ocr_par' dir='ltr' id='par_1_37' title="bbox 423 3521 1851 3595">
     <span class='ocr_line' id='line_1_37' title="bbox 423 3521 1851 3595; baseline -0.006 -9"><span class='ocrx_word' id='word_1_277' title='bbox 423 3529 724 3594; x_wconf 71' lang='lat' dir='ltr'><strong>cwlestium,</strong></span> <span class='ocrx_word' id='word_1_278' title='bbox 751 3524 1072 3581; x_wconf 82' lang='lat' dir='ltr'><strong>terrestrium</strong></span> <span class='ocrx_word' id='word_1_279' title='bbox 1100 3532 1146 3575; x_wconf 87' lang='lat' dir='ltr'><strong>et</strong></span> <span class='ocrx_word' id='word_1_280' title='bbox 1176 3521 1504 3592; x_wconf 77' lang='lat' dir='ltr'><strong>infernarum</strong></span> <span class='ocrx_word' id='word_1_281' title='bbox 1525 3522 1744 3591; x_wconf 81' lang='lat' dir='ltr'><strong>(Philip.</strong></span> <span class='ocrx_word' id='word_1_282' title='bbox 1768 3533 1851 3595; x_wconf 84' lang='lat' dir='ltr'><strong>ll).</strong></span> 
     </span>
    </p>
   </div>
   <div class='ocr_carea' id='block_1_38' title="bbox 492 3610 2006 3677">
    <p class='ocr_par' dir='ltr' id='par_1_38' title="bbox 492 3610 2006 3677">
     <span class='ocr_line' id='line_1_38' title="bbox 492 3610 2006 3677; baseline -0.004 -1"><span class='ocrx_word' id='word_1_283' title='bbox 492 3620 658 3676; x_wconf 77' lang='lat' dir='ltr'><strong>Vsus.</strong></span> <span class='ocrx_word' id='word_1_284' title='bbox 685 3617 771 3671; x_wconf 88' lang='grc'><strong>10.</strong></span> <span class='ocrx_word' id='word_1_285' title='bbox 792 3645 863 3656; x_wconf 89' lang='grc'><strong><em>--</em></strong></span> <span class='ocrx_word' id='word_1_286' title='bbox 889 3613 959 3667; x_wconf 84' lang='lat' dir='ltr'><strong>Et</strong></span> <span class='ocrx_word' id='word_1_287' title='bbox 990 3611 1303 3665; x_wconf 81' lang='lat' dir='ltr'><strong>adorabunt.</strong></span> <span class='ocrx_word' id='word_1_288' title='bbox 1338 3610 1490 3677; x_wconf 85' lang='lat' dir='ltr'><strong>Quod</strong></span> <span class='ocrx_word' id='word_1_289' title='bbox 1515 3626 1544 3665; x_wconf 93' lang='lat' dir='ltr'><strong>a</strong></span> <span class='ocrx_word' id='word_1_290' title='bbox 1593 3627 1652 3667; x_wconf 92' lang='lat' dir='ltr'><strong>se</strong></span> <span class='ocrx_word' id='word_1_291' title='bbox 1701 3629 1806 3668; x_wconf 94' lang='lat' dir='ltr'><strong>non</strong></span> <span class='ocrx_word' id='word_1_292' title='bbox 1839 3615 2006 3672; x_wconf 75' lang='lat' dir='ltr'><strong>liabe-</strong></span> 
     </span>
    </p>
   </div>
   <div class='ocr_carea' id='block_1_39' title="bbox 425 3702 2007 3778">
    <p class='ocr_par' dir='ltr' id='par_1_39' title="bbox 425 3702 2007 3778">
     <span class='ocr_line' id='line_1_39' title="bbox 425 3702 2007 3778; baseline -0.006 -8"><span class='ocrx_word' id='word_1_293' title='bbox 425 3720 573 3778; x_wconf 87' lang='lat' dir='ltr'><strong>bant,</strong></span> <span class='ocrx_word' id='word_1_294' title='bbox 606 3711 674 3764; x_wconf 88' lang='lat' dir='ltr'><strong>ab</strong></span> <span class='ocrx_word' id='word_1_295' title='bbox 701 3708 790 3763; x_wconf 92' lang='lat' dir='ltr'><strong>illo</strong></span> <span class='ocrx_word' id='word_1_296' title='bbox 827 3703 1180 3773; x_wconf 86' lang='lat' dir='ltr'><strong>requirebant</strong></span> <span class='ocrx_word' id='word_1_297' title='bbox 1208 3715 1339 3755; x_wconf 91' lang='lat' dir='ltr'><strong>voce</strong></span> <span class='ocrx_word' id='word_1_298' title='bbox 1365 3709 1420 3755; x_wconf 90' lang='lat' dir='ltr'><strong>et</strong></span> <span class='ocrx_word' id='word_1_299' title='bbox 1447 3715 1627 3770; x_wconf 90' lang='lat' dir='ltr'><strong>opere.</strong></span> <span class='ocrx_word' id='word_1_300' title='bbox 1658 3702 1918 3758; x_wconf 82' lang='lat' dir='ltr'><strong>Dicentes.</strong></span> <span class='ocrx_word' id='word_1_301' title='bbox 1947 3705 2007 3762; x_wconf 91' lang='lat' dir='ltr'><strong>In</strong></span> 
     </span>
    </p>
   </div>
   <div class='ocr_carea' id='block_1_40' title="bbox 425 3791 2007 3862">
    <p class='ocr_par' dir='ltr' id='par_1_40' title="bbox 425 3791 2007 3862">
     <span class='ocr_line' id='line_1_40' title="bbox 425 3791 2007 3862; baseline -0.008 0"><span class='ocrx_word' id='word_1_302' title='bbox 425 3811 633 3862; x_wconf 90' lang='lat' dir='ltr'><strong>secreto</strong></span> <span class='ocrx_word' id='word_1_303' title='bbox 655 3799 832 3856; x_wconf 83' lang='lat' dir='ltr'><strong>cordis</strong></span> <span class='ocrx_word' id='word_1_304' title='bbox 858 3794 1215 3850; x_wconf 88' lang='lat' dir='ltr'><strong>attribuentes</strong></span> <span class='ocrx_word' id='word_1_305' title='bbox 1267 3792 1378 3847; x_wconf 93' lang='lat' dir='ltr'><strong>Deo</strong></span> <span class='ocrx_word' id='word_1_306' title='bbox 1421 3791 1704 3847; x_wconf 91' lang='lat' dir='ltr'><strong>victoriam</strong></span> <span class='ocrx_word' id='word_1_307' title='bbox 1755 3793 2007 3850; x_wconf 88' lang='lat' dir='ltr'><strong>vitiorum</strong></span> 
     </span>
    </p>
   </div>
   <div class='ocr_carea' id='block_1_41' title="bbox 425 3892 935 3954">
    <p class='ocr_par' dir='ltr' id='par_1_41' title="bbox 425 3892 935 3954">
     <span class='ocr_line' id='line_1_41' title="bbox 425 3892 935 3954; baseline -0.024 0"><span class='ocrx_word' id='word_1_308' title='bbox 425 3906 480 3954; x_wconf 83' lang='lat' dir='ltr'><strong>et</strong></span> <span class='ocrx_word' id='word_1_309' title='bbox 505 3892 935 3951; x_wconf 87' lang='lat' dir='ltr'><strong>tribulationum.</strong></span> 
     </span>
    </p>
   </div>
   <div class='ocr_carea' id='block_1_42' title="bbox 493 3978 2004 4044">
    <p class='ocr_par' dir='ltr' id='par_1_42' title="bbox 493 3978 2004 4044">
     <span class='ocr_line' id='line_1_42' title="bbox 493 3978 2004 4044; baseline -0.005 0"><span class='ocrx_word' id='word_1_310' title='bbox 493 3989 660 4044; x_wconf 75' lang='lat' dir='ltr'><strong>Vens.</strong></span> <span class='ocrx_word' id='word_1_311' title='bbox 697 3985 784 4041; x_wconf 94' lang='grc'><strong>11.</strong></span> <span class='ocrx_word' id='word_1_312' title='bbox 809 4013 879 4023; x_wconf 96' lang='grc'><strong><em>-</em></strong></span> <span class='ocrx_word' id='word_1_313' title='bbox 904 3979 1105 4036; x_wconf 78' lang='lat' dir='ltr'><strong>Creasti</strong></span> <span class='ocrx_word' id='word_1_314' title='bbox 1133 3981 1328 4034; x_wconf 87' lang='lat' dir='ltr'><strong>omnia.</strong></span> <span class='ocrx_word' id='word_1_315' title='bbox 1367 3978 1492 4036; x_wconf 90' lang='lat' dir='ltr'><strong>ldeo</strong></span> <span class='ocrx_word' id='word_1_316' title='bbox 1521 3980 1704 4034; x_wconf 90' lang='lat' dir='ltr'><strong>omnia</strong></span> <span class='ocrx_word' id='word_1_317' title='bbox 1745 3981 1811 4036; x_wconf 91' lang='lat' dir='ltr'><strong>ad</strong></span> <span class='ocrx_word' id='word_1_318' title='bbox 1833 3989 1887 4037; x_wconf 89' lang='lat' dir='ltr'><strong>te</strong></span> <span class='ocrx_word' id='word_1_319' title='bbox 1913 3997 2004 4038; x_wconf 81' lang='lat' dir='ltr'><strong>re-</strong></span> 
     </span>
    </p>
   </div>
   <div class='ocr_carea' id='block_1_43' title="bbox 427 4072 2006 4148">
    <p class='ocr_par' dir='ltr' id='par_1_43' title="bbox 427 4072 2006 4148">
     <span class='ocr_line' id='line_1_43' title="bbox 427 4072 2006 4148; baseline -0.006 -10"><span class='ocrx_word' id='word_1_320' title='bbox 427 4082 668 4146; x_wconf 88' lang='lat' dir='ltr'><strong>ferenda,</strong></span> <span class='ocrx_word' id='word_1_321' title='bbox 693 4077 817 4148; x_wconf 88' lang='lat' dir='ltr'><strong>quia</strong></span> <span class='ocrx_word' id='word_1_322' title='bbox 844 4073 1026 4131; x_wconf 90' lang='lat' dir='ltr'><strong>omnia</strong></span> <span class='ocrx_word' id='word_1_323' title='bbox 1063 4088 1092 4126; x_wconf 89' lang='lat' dir='ltr'><strong>a</strong></span> <span class='ocrx_word' id='word_1_324' title='bbox 1130 4080 1183 4126; x_wconf 89' lang='lat' dir='ltr'><strong>te</strong></span> <span class='ocrx_word' id='word_1_325' title='bbox 1213 4072 1413 4126; x_wconf 87' lang='lat' dir='ltr'><strong>habent</strong></span> <span class='ocrx_word' id='word_1_326' title='bbox 1443 4072 1677 4127; x_wconf 91' lang='lat' dir='ltr'><strong>initium.</strong></span> <span class='ocrx_word' id='word_1_327' title='bbox 1706 4072 2006 4129; x_wconf 87' lang='lat' dir='ltr'><strong>lnvisibilia</strong></span> 
     </span>
    </p>
   </div>
   <div class='ocr_carea' id='block_1_44' title="bbox 427 4165 2005 4240">
    <p class='ocr_par' dir='ltr' id='par_1_44' title="bbox 427 4165 2005 4240">
     <span class='ocr_line' id='line_1_44' title="bbox 427 4165 2005 4240; baseline -0.006 -10"><span class='ocrx_word' id='word_1_328' title='bbox 427 4174 588 4233; x_wconf 85' lang='lat' dir='ltr'><strong>etiam</strong></span> <span class='ocrx_word' id='word_1_329' title='bbox 611 4171 695 4226; x_wconf 89' lang='lat' dir='ltr'><strong>vel</strong></span> <span class='ocrx_word' id='word_1_330' title='bbox 722 4168 942 4240; x_wconf 83' lang='lat' dir='ltr'><strong>angelos</strong></span> <span class='ocrx_word' id='word_1_331' title='bbox 991 4173 1044 4221; x_wconf 91' lang='lat' dir='ltr'><strong>et</strong></span> <span class='ocrx_word' id='word_1_332' title='bbox 1071 4166 1300 4230; x_wconf 88' lang='lat' dir='ltr'><strong>animas,</strong></span> <span class='ocrx_word' id='word_1_333' title='bbox 1324 4173 1384 4219; x_wconf 91' lang='lat' dir='ltr'><strong>ut</strong></span> <span class='ocrx_word' id='word_1_334' title='bbox 1433 4165 1742 4235; x_wconf 87' lang='lat' dir='ltr'><strong>spirituales</strong></span> <span class='ocrx_word' id='word_1_335' title='bbox 1771 4182 1890 4222; x_wconf 85' lang='lat' dir='ltr'><strong>esse</strong></span> <span class='ocrx_word' id='word_1_336' title='bbox 1926 4167 2005 4222; x_wconf 91' lang='lat' dir='ltr'><strong>di-</strong></span> 
     </span>
    </p>
   </div>
   <div class='ocr_carea' id='block_1_45' title="bbox 315 4256 1997 4334">
    <p class='ocr_par' dir='ltr' id='par_1_45' title="bbox 315 4256 1997 4334">
     <span class='ocr_line' id='line_1_45' title="bbox 315 4256 1997 4334; baseline -0.005 -12"><span class='ocrx_word' id='word_1_337' title='bbox 315 4309 324 4312; x_wconf 92' lang='grc'><strong>-</strong></span> <span class='ocrx_word' id='word_1_338' title='bbox 426 4267 517 4334; x_wconf 82' lang='lat' dir='ltr'><strong>cit,</strong></span> <span class='ocrx_word' id='word_1_339' title='bbox 575 4279 694 4320; x_wconf 87' lang='lat' dir='ltr'><strong>cum</strong></span> <span class='ocrx_word' id='word_1_340' title='bbox 738 4263 804 4317; x_wconf 90' lang='lat' dir='ltr'><strong>de</strong></span> <span class='ocrx_word' id='word_1_341' title='bbox 845 4260 1024 4330; x_wconf 90' lang='lat' dir='ltr'><strong>impiis</strong></span> <span class='ocrx_word' id='word_1_342' title='bbox 1066 4256 1196 4312; x_wconf 89' lang='lat' dir='ltr'><strong>facit</strong></span> <span class='ocrx_word' id='word_1_343' title='bbox 1238 4259 1353 4328; x_wconf 90' lang='lat' dir='ltr'><strong>pios</strong></span> <span class='ocrx_word' id='word_1_344' title='bbox 1394 4257 1748 4328; x_wconf 88' lang='lat' dir='ltr'><strong>spiritualitcr</strong></span> <span class='ocrx_word' id='word_1_345' title='bbox 1768 4266 1997 4314; x_wconf 89' lang='lat' dir='ltr'><strong>creatos.</strong></span> 
     </span>
    </p>
   </div>
   <div class='ocr_carea' id='block_1_46' title="bbox 427 4350 2003 4428">
    <p class='ocr_par' dir='ltr' id='par_1_46' title="bbox 427 4350 2003 4428">
     <span class='ocr_line' id='line_1_46' title="bbox 427 4350 2003 4428; baseline -0.005 -15"><span class='ocrx_word' id='word_1_346' title='bbox 427 4357 653 4428; x_wconf 85' lang='lat' dir='ltr'><strong>Propter</strong></span> <span class='ocrx_word' id='word_1_347' title='bbox 695 4353 1016 4408; x_wconf 83' lang='lat' dir='ltr'><strong>voluntatem</strong></span> <span class='ocrx_word' id='word_1_348' title='bbox 1045 4359 1209 4404; x_wconf 85' lang='lat' dir='ltr'><strong>tuam.</strong></span> <span class='ocrx_word' id='word_1_349' title='bbox 1242 4351 1310 4404; x_wconf 87' lang='lat' dir='ltr'><strong>Et</strong></span> <span class='ocrx_word' id='word_1_350' title='bbox 1331 4365 1437 4405; x_wconf 90' lang='lat' dir='ltr'><strong>non</strong></span> <span class='ocrx_word' id='word_1_351' title='bbox 1469 4351 1535 4407; x_wconf 90' lang='lat' dir='ltr'><strong>de</strong></span> <span class='ocrx_word' id='word_1_352' title='bbox 1556 4351 1754 4406; x_wconf 86' lang='lat' dir='ltr'><strong>subito.</strong></span> <span class='ocrx_word' id='word_1_353' title='bbox 1773 4350 1842 4405; x_wconf 77' lang='lat' dir='ltr'><strong>Et</strong></span> <span class='ocrx_word' id='word_1_354' title='bbox 1864 4351 2003 4423; x_wconf 84' lang='lat' dir='ltr'><strong>quod</strong></span> 
     </span>
    </p>
   </div>
   <div class='ocr_carea' id='block_1_47' title="bbox 428 4440 2000 4522">
    <p class='ocr_par' dir='ltr' id='par_1_47' title="bbox 428 4440 2000 4522">
     <span class='ocr_line' id='line_1_47' title="bbox 428 4440 2000 4522; baseline -0.004 -16"><span class='ocrx_word' id='word_1_355' title='bbox 428 4452 626 4522; x_wconf 78' lang='lat' dir='ltr'><strong>factum</strong></span> <span class='ocrx_word' id='word_1_356' title='bbox 644 4456 739 4512; x_wconf 85' lang='lat' dir='ltr'><strong>est,</strong></span> <span class='ocrx_word' id='word_1_357' title='bbox 765 4447 820 4500; x_wconf 89' lang='lat' dir='ltr'><strong>in</strong></span> <span class='ocrx_word' id='word_1_358' title='bbox 839 4446 949 4515; x_wconf 81' lang='lat' dir='ltr'><strong>ipso</strong></span> <span class='ocrx_word' id='word_1_359' title='bbox 970 4445 1072 4498; x_wconf 86' lang='lat' dir='ltr'><strong>vita</strong></span> <span class='ocrx_word' id='word_1_360' title='bbox 1089 4451 1198 4497; x_wconf 86' lang='lat' dir='ltr'><strong>erat</strong></span> <span class='ocrx_word' id='word_1_361' title='bbox 1219 4440 1398 4515; x_wconf 84' lang='lat' dir='ltr'><strong>(Joan.</strong></span> <span class='ocrx_word' id='word_1_362' title='bbox 1419 4441 1481 4513; x_wconf 89' lang='grc' dir='ltr'>ι).</span> <span class='ocrx_word' id='word_1_363' title='bbox 1506 4442 1697 4497; x_wconf 85' lang='lat' dir='ltr'><strong>Erant.</strong></span> <span class='ocrx_word' id='word_1_364' title='bbox 1718 4441 1779 4497; x_wconf 90' lang='lat' dir='ltr'><strong>In</strong></span> <span class='ocrx_word' id='word_1_365' title='bbox 1799 4452 2000 4509; x_wconf 88' lang='lat' dir='ltr'><strong>mente,</strong></span> 
     </span>
    </p>
   </div>
   <div class='ocr_carea' id='block_1_48' title="bbox 427 4532 2004 4619">
    <p class='ocr_par' dir='ltr' id='par_1_48' title="bbox 427 4532 2004 4619">
     <span class='ocr_line' id='line_1_48' title="bbox 427 4532 2004 4619; baseline -0.007 -18"><span class='ocrx_word' id='word_1_366' title='bbox 427 4545 740 4619; x_wconf 88' lang='lat' dir='ltr'><strong>priusquam</strong></span> <span class='ocrx_word' id='word_1_367' title='bbox 766 4537 1131 4594; x_wconf 82' lang='lat' dir='ltr'><strong>formarentur</strong></span> <span class='ocrx_word' id='word_1_368' title='bbox 1175 4534 1230 4588; x_wconf 89' lang='lat' dir='ltr'><strong>in</strong></span> <span class='ocrx_word' id='word_1_369' title='bbox 1261 4547 1439 4602; x_wconf 86' lang='lat' dir='ltr'><strong>opere.</strong></span> <span class='ocrx_word' id='word_1_370' title='bbox 1473 4532 1661 4588; x_wconf 85' lang='lat' dir='ltr'><strong>Creata</strong></span> <span class='ocrx_word' id='word_1_371' title='bbox 1692 4544 1836 4589; x_wconf 87' lang='lat' dir='ltr'><strong>sunt.</strong></span> <span class='ocrx_word' id='word_1_372' title='bbox 1871 4535 2004 4590; x_wconf 83' lang='lat' dir='ltr'><strong>Visi-</strong></span> 
     </span>
    </p>
   </div>
   <div class='ocr_carea' id='block_1_49' title="bbox 428 4624 2004 4696">
    <p class='ocr_par' dir='ltr' id='par_1_49' title="bbox 428 4624 2004 4696">
     <span class='ocr_line' id='line_1_49' title="bbox 428 4624 2004 4696; baseline -0.008 -3"><span class='ocrx_word' id='word_1_373' title='bbox 428 4627 976 4693; x_wconf 68' lang='lat' dir='ltr'><strong>biliter‘exsistendo.</strong></span> <span class='ocrx_word' id='word_1_374' title='bbox 1033 4625 1226 4681; x_wconf 82' lang='lat' dir='ltr'><strong>Omnia</strong></span> <span class='ocrx_word' id='word_1_375' title='bbox 1274 4639 1404 4696; x_wconf 89' lang='lat' dir='ltr'><strong>ergo</strong></span> <span class='ocrx_word' id='word_1_376' title='bbox 1457 4624 1674 4679; x_wconf 86' lang='lat' dir='ltr'><strong>fuerunt</strong></span> <span class='ocrx_word' id='word_1_377' title='bbox 1702 4625 1770 4680; x_wconf 88' lang='lat' dir='ltr'><strong>ab</strong></span> <span class='ocrx_word' id='word_1_378' title='bbox 1799 4634 2004 4682; x_wconf 77' lang='lat' dir='ltr'><strong>aeterno</strong></span> 
     </span>
    </p>
   </div>
   <div class='ocr_carea' id='block_1_50' title="bbox 429 4715 2006 4791">
    <p class='ocr_par' dir='ltr' id='par_1_50' title="bbox 429 4715 2006 4791">
     <span class='ocr_line' id='line_1_50' title="bbox 429 4715 2006 4791; baseline -0.006 -10"><span class='ocrx_word' id='word_1_379' title='bbox 429 4725 721 4782; x_wconf 90' lang='lat' dir='ltr'><strong>secundum</strong></span> <span class='ocrx_word' id='word_1_380' title='bbox 745 4720 886 4791; x_wconf 91' lang='lat' dir='ltr'><strong>quod</strong></span> <span class='ocrx_word' id='word_1_381' title='bbox 913 4727 1070 4774; x_wconf 88' lang='lat' dir='ltr'><strong>erant</strong></span> <span class='ocrx_word' id='word_1_382' title='bbox 1116 4715 1170 4769; x_wconf 90' lang='lat' dir='ltr'><strong>iu</strong></span> <span class='ocrx_word' id='word_1_383' title='bbox 1195 4723 1375 4771; x_wconf 90' lang='lat' dir='ltr'><strong>mente</strong></span> <span class='ocrx_word' id='word_1_384' title='bbox 1403 4715 1604 4782; x_wconf 91' lang='lat' dir='ltr'><strong>divina,</strong></span> <span class='ocrx_word' id='word_1_385' title='bbox 1654 4717 1749 4772; x_wconf 89' lang='lat' dir='ltr'><strong>sed</strong></span> <span class='ocrx_word' id='word_1_386' title='bbox 1776 4731 1896 4776; x_wconf 88' lang='lat' dir='ltr'><strong>esse</strong></span> <span class='ocrx_word' id='word_1_387' title='bbox 1922 4717 2006 4772; x_wconf 88' lang='lat' dir='ltr'><strong>in-</strong></span> 
     </span>
    </p>
   </div>
   <div class='ocr_carea' id='block_1_51' title="bbox 431 4805 1554 4886">
    <p class='ocr_par' dir='ltr' id='par_1_51' title="bbox 431 4805 1554 4886">
     <span class='ocr_line' id='line_1_51' title="bbox 431 4805 1554 4886; baseline -0.01 -15"><span class='ocrx_word' id='word_1_388' title='bbox 431 4820 709 4886; x_wconf 87' lang='lat' dir='ltr'><strong>coeperunt</strong></span> <span class='ocrx_word' id='word_1_389' title='bbox 731 4810 783 4864; x_wconf 92' lang='lat' dir='ltr'><strong>in</strong></span> <span class='ocrx_word' id='word_1_390' title='bbox 819 4817 1058 4878; x_wconf 88' lang='lat' dir='ltr'><strong>tempore</strong></span> <span class='ocrx_word' id='word_1_391' title='bbox 1083 4820 1181 4878; x_wconf 88' lang='lat' dir='ltr'><strong>per</strong></span> <span class='ocrx_word' id='word_1_392' title='bbox 1204 4805 1554 4861; x_wconf 85' lang='lat' dir='ltr'><strong>creationem.</strong></span> 
     </span>
    </p>
   </div>
   <div class='ocr_carea' id='block_1_52' title="bbox 1057 4939 1382 4995">
    <p class='ocr_par' dir='ltr' id='par_1_52' title="bbox 1057 4939 1382 4995">
     <span class='ocr_line' id='line_1_52' title="bbox 1057 4939 1382 4995; baseline -0.003 -1"><span class='ocrx_word' id='word_1_393' title='bbox 1057 4939 1281 4995; x_wconf 82' lang='lat' dir='ltr'><strong>CAPUT</strong></span> <span class='ocrx_word' id='word_1_394' title='bbox 1320 4939 1382 4993; x_wconf 84' lang='lat' dir='ltr'><strong>V.</strong></span> 
     </span>
    </p>
   </div>
   <div class='ocr_carea' id='block_1_53' title="bbox 493 5063 2010 5130">
    <p class='ocr_par' dir='ltr' id='par_1_53' title="bbox 493 5063 2010 5130">
     <span class='ocr_line' id='line_1_53' title="bbox 493 5063 2010 5130; baseline 0.001 0"><span class='ocrx_word' id='word_1_395' title='bbox 493 5075 657 5130; x_wconf 70' lang='lat' dir='ltr'><strong>Vnus.</strong></span> <span class='ocrx_word' id='word_1_396' title='bbox 695 5072 746 5128; x_wconf 87' lang='lat' dir='ltr'><strong>l.</strong></span> <span class='ocrx_word' id='word_1_397' title='bbox 777 5101 846 5110; x_wconf 92' lang='lat'><strong>—</strong></span> <span class='ocrx_word' id='word_1_398' title='bbox 875 5069 940 5124; x_wconf 84' lang='lat' dir='ltr'><strong>Et</strong></span> <span class='ocrx_word' id='word_1_399' title='bbox 975 5063 1077 5125; x_wconf 83' lang='lat' dir='ltr'><strong>vidi</strong></span> <span class='ocrx_word' id='word_1_400' title='bbox 1127 5073 1180 5126; x_wconf 89' lang='lat' dir='ltr'><strong>in</strong></span> <span class='ocrx_word' id='word_1_401' title='bbox 1233 5073 1444 5126; x_wconf 68' lang='lat' dir='ltr'><strong>deattera</strong></span> <span class='ocrx_word' id='word_1_402' title='bbox 1468 5073 1714 5127; x_wconf 80' lang='lat' dir='ltr'><strong>sedentis.</strong></span> <span class='ocrx_word' id='word_1_403' title='bbox 1748 5073 1852 5129; x_wconf 90' lang='lat' dir='ltr'><strong>Per</strong></span> <span class='ocrx_word' id='word_1_404' title='bbox 1878 5075 2010 5130; x_wconf 80' lang='lat' dir='ltr'><strong>dex-</strong></span> 
     </span>
    </p>
   </div>
   <div class='ocr_carea' id='block_1_54' title="bbox 429 5166 2014 5238">
    <p class='ocr_par' dir='ltr' id='par_1_54' title="bbox 429 5166 2014 5238">
     <span class='ocr_line' id='line_1_54' title="bbox 429 5166 2014 5238; baseline -0.002 -9"><span class='ocrx_word' id='word_1_405' title='bbox 429 5183 604 5230; x_wconf 88' lang='lat' dir='ltr'><strong>teram</strong></span> <span class='ocrx_word' id='word_1_406' title='bbox 651 5169 893 5238; x_wconf 84' lang='lat' dir='ltr'><strong>intelligo</strong></span> <span class='ocrx_word' id='word_1_407' title='bbox 921 5166 1132 5230; x_wconf 86' lang='lat' dir='ltr'><strong>Filium,</strong></span> <span class='ocrx_word' id='word_1_408' title='bbox 1178 5183 1273 5236; x_wconf 85' lang='lat' dir='ltr'><strong>per</strong></span> <span class='ocrx_word' id='word_1_409' title='bbox 1298 5182 1459 5236; x_wconf 90' lang='lat' dir='ltr'><strong>quem</strong></span> <span class='ocrx_word' id='word_1_410' title='bbox 1499 5169 1678 5222; x_wconf 91' lang='lat' dir='ltr'><strong>omnia</strong></span> <span class='ocrx_word' id='word_1_411' title='bbox 1715 5167 1838 5224; x_wconf 91' lang='lat' dir='ltr'><strong>fecit</strong></span> <span class='ocrx_word' id='word_1_412' title='bbox 1870 5170 2014 5227; x_wconf 90' lang='lat' dir='ltr'><strong>Deus</strong></span> 
     </span>
    </p>
   </div>
   <div class='ocr_carea' id='block_1_55' title="bbox 429 5257 2009 5332">
    <p class='ocr_par' dir='ltr' id='par_1_55' title="bbox 429 5257 2009 5332">
     <span class='ocr_line' id='line_1_55' title="bbox 429 5257 2009 5332; baseline -0.003 -11"><span class='ocrx_word' id='word_1_413' title='bbox 429 5267 612 5330; x_wconf 82' lang='lat' dir='ltr'><strong>Pater,</strong></span> <span class='ocrx_word' id='word_1_414' title='bbox 629 5263 694 5318; x_wconf 89' lang='lat' dir='ltr'><strong>ad</strong></span> <span class='ocrx_word' id='word_1_415' title='bbox 713 5276 874 5332; x_wconf 87' lang='lat' dir='ltr'><strong>quem</strong></span> <span class='ocrx_word' id='word_1_416' title='bbox 901 5259 1064 5313; x_wconf 89' lang='lat' dir='ltr'><strong>totius</strong></span> <span class='ocrx_word' id='word_1_417' title='bbox 1090 5258 1215 5312; x_wconf 88' lang='lat' dir='ltr'><strong>libri</strong></span> <span class='ocrx_word' id='word_1_418' title='bbox 1238 5257 1463 5312; x_wconf 89' lang='lat' dir='ltr'><strong>intentio</strong></span> <span class='ocrx_word' id='word_1_419' title='bbox 1490 5259 1755 5329; x_wconf 85' lang='lat' dir='ltr'><strong>dirigitur.</strong></span> <span class='ocrx_word' id='word_1_420' title='bbox 1771 5259 2009 5316; x_wconf 86' lang='lat' dir='ltr'><strong>Librum.</strong></span> 
     </span>
    </p>
   </div>
   <div class='ocr_carea' id='block_1_56' title="bbox 431 5350 2004 5420">
    <p class='ocr_par' dir='ltr' id='par_1_56' title="bbox 431 5350 2004 5420">
     <span class='ocr_line' id='line_1_56' title="bbox 431 5350 2004 5420; baseline -0.003 -5"><span class='ocrx_word' id='word_1_421' title='bbox 431 5360 487 5415; x_wconf 91' lang='lat' dir='ltr'><strong>Id</strong></span> <span class='ocrx_word' id='word_1_422' title='bbox 515 5368 598 5414; x_wconf 87' lang='lat' dir='ltr'><strong>est</strong></span> <span class='ocrx_word' id='word_1_423' title='bbox 644 5355 748 5412; x_wconf 90' lang='lat' dir='ltr'><strong>duo</strong></span> <span class='ocrx_word' id='word_1_424' title='bbox 770 5353 1118 5410; x_wconf 88' lang='lat' dir='ltr'><strong>Testamenta</strong></span> <span class='ocrx_word' id='word_1_425' title='bbox 1148 5364 1268 5420; x_wconf 65' lang='lat' dir='ltr'><strong>qua:</strong></span> <span class='ocrx_word' id='word_1_426' title='bbox 1302 5350 1599 5420; x_wconf 58' lang='lat' dir='ltr'><strong>suntﬁdem</strong></span> <span class='ocrx_word' id='word_1_427' title='bbox 1630 5351 1786 5408; x_wconf 90' lang='lat' dir='ltr'><strong>liber.</strong></span> <span class='ocrx_word' id='word_1_428' title='bbox 1827 5353 2004 5411; x_wconf 71' lang='lat' dir='ltr'><strong>Foris.</strong></span> 
     </span>
    </p>
   </div>
   <div class='ocr_carea' id='block_1_57' title="bbox 433 5441 2004 5523">
    <p class='ocr_par' dir='ltr' id='par_1_57' title="bbox 433 5441 2004 5523">
     <span class='ocr_line' id='line_1_57' title="bbox 433 5441 2004 5523; baseline -0.004 -15"><span class='ocrx_word' id='word_1_429' title='bbox 433 5449 758 5523; x_wconf 78' lang='lat' dir='ltr'><strong>Signiﬁcans</strong></span> <span class='ocrx_word' id='word_1_430' title='bbox 785 5445 950 5502; x_wconf 87' lang='lat' dir='ltr'><strong>Vetus</strong></span> <span class='ocrx_word' id='word_1_431' title='bbox 992 5444 1134 5515; x_wconf 91' lang='lat' dir='ltr'><strong>quod</strong></span> <span class='ocrx_word' id='word_1_432' title='bbox 1187 5441 1452 5499; x_wconf 89' lang='lat' dir='ltr'><strong>forinseca</strong></span> <span class='ocrx_word' id='word_1_433' title='bbox 1502 5445 1791 5516; x_wconf 89' lang='lat' dir='ltr'><strong>promittit.</strong></span> <span class='ocrx_word' id='word_1_434' title='bbox 1827 5446 2004 5515; x_wconf 86' lang='lat' dir='ltr'><strong>Intus,</strong></span> 
     </span>
    </p>
   </div>
   <div class='ocr_carea' id='block_1_58' title="bbox 433 5535 2008 5614">
    <p class='ocr_par' dir='ltr' id='par_1_58' title="bbox 433 5535 2008 5614">
     <span class='ocr_line' id='line_1_58' title="bbox 433 5535 2008 5614; baseline -0.001 -17"><span class='ocrx_word' id='word_1_435' title='bbox 433 5543 638 5599; x_wconf 81' lang='lat' dir='ltr'><strong>Novum</strong></span> <span class='ocrx_word' id='word_1_436' title='bbox 687 5537 999 5614; x_wconf 86' lang='lat' dir='ltr'><strong>significans</strong></span> <span class='ocrx_word' id='word_1_437' title='bbox 1038 5535 1181 5606; x_wconf 92' lang='lat' dir='ltr'><strong>quod</strong></span> <span class='ocrx_word' id='word_1_438' title='bbox 1205 5535 1487 5591; x_wconf 87' lang='lat' dir='ltr'><strong>evidenter</strong></span> <span class='ocrx_word' id='word_1_439' title='bbox 1543 5553 1688 5609; x_wconf 68' lang='lat' dir='ltr'><strong>saape</strong></span> <span class='ocrx_word' id='word_1_440' title='bbox 1736 5539 2008 5609; x_wconf 89' lang='lat' dir='ltr'><strong>promittit</strong></span> 
     </span>
    </p>
   </div>
   <div class='ocr_carea' id='block_1_59' title="bbox 432 5634 1520 5692">
    <p class='ocr_par' dir='ltr' id='par_1_59' title="bbox 432 5634 1520 5692">
     <span class='ocr_line' id='line_1_59' title="bbox 432 5634 1520 5692; baseline -0.003 0"><span class='ocrx_word' id='word_1_441' title='bbox 432 5634 839 5692; x_wconf 83' lang='lat' dir='ltr'><strong>beatitudinem.</strong></span> <span class='ocrx_word' id='word_1_442' title='bbox 1334 5649 1345 5663; x_wconf 73' lang='grc' dir='ltr'><em>ο</em></span> <span class='ocrx_word' id='word_1_443' title='bbox 1493 5663 1520 5689; x_wconf 74' lang='grc' dir='ltr'><strong><em>ο</em></strong></span> 
     </span>
    </p>
   </div>
   <div class='ocr_carea' id='block_1_60' title="bbox 504 5723 2007 5799">
    <p class='ocr_par' dir='ltr' id='par_1_60' title="bbox 504 5723 2007 5799">
     <span class='ocr_line' id='line_1_60' title="bbox 504 5723 2007 5799; baseline -0.003 -15"><span class='ocrx_word' id='word_1_444' title='bbox 504 5728 800 5799; x_wconf 83' lang='lat' dir='ltr'><strong>Signatum.</strong></span> <span class='ocrx_word' id='word_1_445' title='bbox 862 5724 1043 5779; x_wconf 66' lang='lat' dir='ltr'><strong>Facta:</strong></span> <span class='ocrx_word' id='word_1_446' title='bbox 1107 5730 1233 5777; x_wconf 85' lang='lat' dir='ltr'><strong>sunt</strong></span> <span class='ocrx_word' id='word_1_447' title='bbox 1278 5723 1559 5794; x_wconf 83' lang='lat' dir='ltr'><strong>scripturae</strong></span> <span class='ocrx_word' id='word_1_448' title='bbox 1625 5725 2007 5795; x_wconf 88' lang='lat' dir='ltr'><strong>prophetarum</strong></span> 
     </span>
    </p>
   </div>
   <div class='ocr_carea' id='block_1_61' title="bbox 433 5811 2009 5889">
    <p class='ocr_par' dir='ltr' id='par_1_61' title="bbox 433 5811 2009 5889">
     <span class='ocr_line' id='line_1_61' title="bbox 433 5811 2009 5889; baseline -0.004 -9"><span class='ocrx_word' id='word_1_449' title='bbox 433 5825 654 5889; x_wconf 73' lang='lat' dir='ltr'><strong>clausae,</strong></span> <span class='ocrx_word' id='word_1_450' title='bbox 694 5829 747 5874; x_wconf 88' lang='lat' dir='ltr'><strong>et</strong></span> <span class='ocrx_word' id='word_1_451' title='bbox 780 5817 1042 5880; x_wconf 69' lang='lat' dir='ltr'><strong>obscurae,</strong></span> <span class='ocrx_word' id='word_1_452' title='bbox 1079 5814 1172 5870; x_wconf 86' lang='lat' dir='ltr'><strong>sed</strong></span> <span class='ocrx_word' id='word_1_453' title='bbox 1218 5829 1316 5884; x_wconf 89' lang='lat' dir='ltr'><strong>per</strong></span> <span class='ocrx_word' id='word_1_454' title='bbox 1361 5811 1634 5869; x_wconf 88' lang='lat' dir='ltr'><strong>Christum</strong></span> <span class='ocrx_word' id='word_1_455' title='bbox 1670 5823 1855 5885; x_wconf 88' lang='lat' dir='ltr'><strong>postea</strong></span> <span class='ocrx_word' id='word_1_456' title='bbox 1886 5829 2009 5873; x_wconf 86' lang='lat' dir='ltr'><strong>sunt</strong></span> 
     </span>
    </p>
   </div>
   <div class='ocr_carea' id='block_1_62' title="bbox 2030 4587 2084 4648">
    <p class='ocr_par' dir='ltr' id='par_1_62' title="bbox 2030 4587 2084 4648">
     <span class='ocr_line' id='line_1_62' title="bbox 2030 4587 2084 4648; baseline 0 0"><span class='ocrx_word' id='word_1_457' title='bbox 2030 4587 2084 4648; x_wconf 90' lang='lat' dir='ltr'><strong>D</strong></span> 
     </span>
    </p>
   </div>
   <div class='ocr_carea' id='block_1_63' title="bbox 2110 582 3691 656">
    <p class='ocr_par' dir='ltr' id='par_1_63' title="bbox 2110 582 3691 656">
     <span class='ocr_line' id='line_1_63' title="bbox 2110 582 3691 656; baseline 0.005 -17"><span class='ocrx_word' id='word_1_458' title='bbox 2110 583 2326 639; x_wconf 89' lang='lat' dir='ltr'><strong>clausus</strong></span> <span class='ocrx_word' id='word_1_459' title='bbox 2368 582 2668 654; x_wconf 88' lang='lat' dir='ltr'><strong>septiformi</strong></span> <span class='ocrx_word' id='word_1_460' title='bbox 2708 583 2920 654; x_wconf 89' lang='lat' dir='ltr'><strong>spiritu,</strong></span> <span class='ocrx_word' id='word_1_461' title='bbox 2954 598 3053 652; x_wconf 92' lang='lat' dir='ltr'><strong>per</strong></span> <span class='ocrx_word' id='word_1_462' title='bbox 3076 598 3237 652; x_wconf 90' lang='lat' dir='ltr'><strong>quem</strong></span> <span class='ocrx_word' id='word_1_463' title='bbox 3269 585 3406 642; x_wconf 82' lang='lat' dir='ltr'><strong>fides</strong></span> <span class='ocrx_word' id='word_1_464' title='bbox 3428 590 3691 656; x_wconf 88' lang='lat' dir='ltr'><strong>aperitur.</strong></span> 
     </span>
    </p>
   </div>
   <div class='ocr_carea' id='block_1_64' title="bbox 2111 671 3692 752">
    <p class='ocr_par' dir='ltr' id='par_1_64' title="bbox 2111 671 3692 752">
     <span class='ocr_line' id='line_1_64' title="bbox 2111 671 3692 752; baseline 0.005 -26"><span class='ocrx_word' id='word_1_465' title='bbox 2111 671 2335 742; x_wconf 86' lang='lat' dir='ltr'><strong>Septem.</strong></span> <span class='ocrx_word' id='word_1_466' title='bbox 2389 672 2550 737; x_wconf 90' lang='lat' dir='ltr'><strong>Dicit,</strong></span> <span class='ocrx_word' id='word_1_467' title='bbox 2601 672 2726 742; x_wconf 91' lang='lat' dir='ltr'><strong>quia</strong></span> <span class='ocrx_word' id='word_1_468' title='bbox 2768 671 2852 743; x_wconf 85' lang='lat' dir='ltr'><strong>(ut</strong></span> <span class='ocrx_word' id='word_1_469' title='bbox 2889 674 3240 742; x_wconf 89' lang='lat' dir='ltr'><strong>sequentibus</strong></span> <span class='ocrx_word' id='word_1_470' title='bbox 3285 675 3692 752; x_wconf 78' lang='lat' dir='ltr'><strong>determinabit)</strong></span> 
     </span>
    </p>
   </div>
   <div class='ocr_carea' id='block_1_65' title="bbox 2110 763 3693 841">
    <p class='ocr_par' dir='ltr' id='par_1_65' title="bbox 2110 763 3693 841">
     <span class='ocr_line' id='line_1_65' title="bbox 2110 763 3693 841; baseline 0.006 -24"><span class='ocrx_word' id='word_1_471' title='bbox 2110 763 2199 818; x_wconf 88' lang='lat' dir='ltr'><strong>illa</strong></span> <span class='ocrx_word' id='word_1_472' title='bbox 2229 771 2354 818; x_wconf 89' lang='lat' dir='ltr'><strong>sunt</strong></span> <span class='ocrx_word' id='word_1_473' title='bbox 2391 773 2595 834; x_wconf 89' lang='lat' dir='ltr'><strong>septem</strong></span> <span class='ocrx_word' id='word_1_474' title='bbox 2650 763 2844 834; x_wconf 89' lang='lat' dir='ltr'><strong>sigilla,</strong></span> <span class='ocrx_word' id='word_1_475' title='bbox 2894 764 3102 820; x_wconf 89' lang='lat' dir='ltr'><strong>scilicet</strong></span> <span class='ocrx_word' id='word_1_476' title='bbox 3129 766 3310 821; x_wconf 91' lang='lat' dir='ltr'><strong>album</strong></span> <span class='ocrx_word' id='word_1_477' title='bbox 3337 784 3462 824; x_wconf 88' lang='lat' dir='ltr'><strong>esse</strong></span> <span class='ocrx_word' id='word_1_478' title='bbox 3496 786 3693 841; x_wconf 88' lang='lat' dir='ltr'><strong>equum</strong></span> 
     </span>
    </p>
   </div>
   <div class='ocr_carea' id='block_1_66' title="bbox 2110 852 3696 927">
    <p class='ocr_par' dir='ltr' id='par_1_66' title="bbox 2110 852 3696 927">
     <span class='ocr_line' id='line_1_66' title="bbox 2110 852 3696 927; baseline 0.006 -17"><span class='ocrx_word' id='word_1_479' title='bbox 2110 861 2165 910; x_wconf 89' lang='lat' dir='ltr'><strong>et</strong></span> <span class='ocrx_word' id='word_1_480' title='bbox 2186 852 2364 908; x_wconf 90' lang='lat' dir='ltr'><strong>rufum</strong></span> <span class='ocrx_word' id='word_1_481' title='bbox 2421 861 2475 907; x_wconf 90' lang='lat' dir='ltr'><strong>et</strong></span> <span class='ocrx_word' id='word_1_482' title='bbox 2499 854 2735 924; x_wconf 86' lang='lat' dir='ltr'><strong>nigrum,</strong></span> <span class='ocrx_word' id='word_1_483' title='bbox 2767 862 2872 910; x_wconf 89' lang='lat' dir='ltr'><strong>etc.</strong></span> <span class='ocrx_word' id='word_1_484' title='bbox 2904 869 2920 909; x_wconf 89' lang='lat'><strong>:</strong></span> <span class='ocrx_word' id='word_1_485' title='bbox 2950 872 3070 927; x_wconf 69' lang='lat' dir='ltr'><strong>qua:</strong></span> <span class='ocrx_word' id='word_1_486' title='bbox 3101 865 3288 927; x_wconf 88' lang='lat' dir='ltr'><strong>aperta</strong></span> <span class='ocrx_word' id='word_1_487' title='bbox 3318 868 3376 913; x_wconf 90' lang='grc' dir='ltr'><strong>ει</strong></span> <span class='ocrx_word' id='word_1_488' title='bbox 3420 871 3554 915; x_wconf 88' lang='lat' dir='ltr'><strong>nota</strong></span> <span class='ocrx_word' id='word_1_489' title='bbox 3583 862 3696 920; x_wconf 85' lang='lat' dir='ltr'><strong>fue-</strong></span> 
     </span>
    </p>
   </div>
   <div class='ocr_carea' id='block_1_67' title="bbox 2110 945 3695 1022">
    <p class='ocr_par' dir='ltr' id='par_1_67' title="bbox 2110 945 3695 1022">
     <span class='ocr_line' id='line_1_67' title="bbox 2110 945 3695 1022; baseline 0.006 -23"><span class='ocrx_word' id='word_1_490' title='bbox 2110 953 2234 1000; x_wconf 88' lang='lat' dir='ltr'><strong>runt</strong></span> <span class='ocrx_word' id='word_1_491' title='bbox 2257 946 2310 1000; x_wconf 91' lang='lat' dir='ltr'><strong>in</strong></span> <span class='ocrx_word' id='word_1_492' title='bbox 2331 945 2554 1000; x_wconf 84' lang='lat' dir='ltr'><strong>exordio</strong></span> <span class='ocrx_word' id='word_1_493' title='bbox 2581 946 2858 1013; x_wconf 65' lang='lat' dir='ltr'><strong>Ecclesiae,</strong></span> <span class='ocrx_word' id='word_1_494' title='bbox 2889 962 3009 1018; x_wconf 68' lang='lat' dir='ltr'><strong>qua:</strong></span> <span class='ocrx_word' id='word_1_495' title='bbox 3052 947 3158 1004; x_wconf 92' lang='lat' dir='ltr'><strong>fuit</strong></span> <span class='ocrx_word' id='word_1_496' title='bbox 3193 951 3348 1006; x_wconf 88' lang='lat' dir='ltr'><strong>albus</strong></span> <span class='ocrx_word' id='word_1_497' title='bbox 3399 968 3577 1022; x_wconf 87' lang='lat' dir='ltr'><strong>equus</strong></span> <span class='ocrx_word' id='word_1_498' title='bbox 3603 972 3695 1010; x_wconf 86' lang='lat' dir='ltr'><strong>su-</strong></span> 
     </span>
    </p>
   </div>
   <div class='ocr_carea' id='block_1_68' title="bbox 2109 1037 3698 1115">
    <p class='ocr_par' dir='ltr' id='par_1_68' title="bbox 2109 1037 3698 1115">
     <span class='ocr_line' id='line_1_68' title="bbox 2109 1037 3698 1115; baseline 0.006 -25"><span class='ocrx_word' id='word_1_499' title='bbox 2109 1051 2207 1107; x_wconf 91' lang='lat' dir='ltr'><strong>pra</strong></span> <span class='ocrx_word' id='word_1_500' title='bbox 2265 1051 2424 1106; x_wconf 91' lang='lat' dir='ltr'><strong>quem</strong></span> <span class='ocrx_word' id='word_1_501' title='bbox 2471 1037 2609 1091; x_wconf 86' lang='lat' dir='ltr'><strong>sedit</strong></span> <span class='ocrx_word' id='word_1_502' title='bbox 2645 1037 2914 1103; x_wconf 88' lang='lat' dir='ltr'><strong>Christus,</strong></span> <span class='ocrx_word' id='word_1_503' title='bbox 2971 1046 3029 1094; x_wconf 90' lang='lat' dir='ltr'><strong>et</strong></span> <span class='ocrx_word' id='word_1_504' title='bbox 3075 1039 3322 1095; x_wconf 89' lang='lat' dir='ltr'><strong>doctrina</strong></span> <span class='ocrx_word' id='word_1_505' title='bbox 3349 1050 3407 1098; x_wconf 91' lang='lat' dir='ltr'><strong>et</strong></span> <span class='ocrx_word' id='word_1_506' title='bbox 3447 1044 3698 1115; x_wconf 80' lang='lat' dir='ltr'><strong>exemplo</strong></span> 
     </span>
    </p>
   </div>
   <div class='ocr_carea' id='block_1_69' title="bbox 2109 1127 3337 1202">
    <p class='ocr_par' dir='ltr' id='par_1_69' title="bbox 2109 1127 3337 1202">
     <span class='ocr_line' id='line_1_69' title="bbox 2109 1127 3337 1202; baseline 0.003 -20"><span class='ocrx_word' id='word_1_507' title='bbox 2109 1129 2357 1194; x_wconf 89' lang='lat' dir='ltr'><strong>munivit,</strong></span> <span class='ocrx_word' id='word_1_508' title='bbox 2403 1143 2564 1197; x_wconf 88' lang='lat' dir='ltr'><strong>quam</strong></span> <span class='ocrx_word' id='word_1_509' title='bbox 2594 1127 2747 1184; x_wconf 92' lang='lat' dir='ltr'><strong>rufus</strong></span> <span class='ocrx_word' id='word_1_510' title='bbox 2773 1143 2946 1198; x_wconf 91' lang='lat' dir='ltr'><strong>equus</strong></span> <span class='ocrx_word' id='word_1_511' title='bbox 2979 1130 3337 1202; x_wconf 90' lang='lat' dir='ltr'><strong>impugnavit.</strong></span> 
     </span>
    </p>
   </div>
   <div class='ocr_carea' id='block_1_70' title="bbox 2180 1219 3698 1296">
    <p class='ocr_par' dir='ltr' id='par_1_70' title="bbox 2180 1219 3698 1296">
     <span class='ocr_line' id='line_1_70' title="bbox 2180 1219 3698 1296; baseline 0.007 -23"><span class='ocrx_word' id='word_1_512' title='bbox 2180 1219 2345 1275; x_wconf 75' lang='lat' dir='ltr'><strong>Vens.</strong></span> <span class='ocrx_word' id='word_1_513' title='bbox 2369 1219 2424 1274; x_wconf 74' lang='lat'><strong>2.</strong></span> <span class='ocrx_word' id='word_1_514' title='bbox 2451 1251 2521 1261; x_wconf 89' lang='lat'><strong>—</strong></span> <span class='ocrx_word' id='word_1_515' title='bbox 2561 1221 2837 1292; x_wconf 81' lang='lat' dir='ltr'><strong>Angelum.</strong></span> <span class='ocrx_word' id='word_1_516' title='bbox 2897 1221 3082 1278; x_wconf 89' lang='lat' dir='ltr'><strong>Sancti</strong></span> <span class='ocrx_word' id='word_1_517' title='bbox 3119 1233 3174 1280; x_wconf 91' lang='lat' dir='ltr'><strong>et</strong></span> <span class='ocrx_word' id='word_1_518' title='bbox 3219 1226 3428 1296; x_wconf 87' lang='lat' dir='ltr'><strong>antiqui</strong></span> <span class='ocrx_word' id='word_1_519' title='bbox 3481 1225 3698 1285; x_wconf 78' lang='lat' dir='ltr'><strong>Veteris</strong></span> 
     </span>
    </p>
   </div>
   <div class='ocr_carea' id='block_1_71' title="bbox 2110 1310 3694 1389">
    <p class='ocr_par' dir='ltr' id='par_1_71' title="bbox 2110 1310 3694 1389">
     <span class='ocr_line' id='line_1_71' title="bbox 2110 1310 3694 1389; baseline 0.006 -23"><span class='ocrx_word' id='word_1_520' title='bbox 2110 1310 2668 1381; x_wconf 69' lang='lat' dir='ltr'><strong>Testamenti&#39;patres</strong></span> <span class='ocrx_word' id='word_1_521' title='bbox 2725 1313 3108 1369; x_wconf 84' lang='lat' dir='ltr'><strong>intellexerunt</strong></span> <span class='ocrx_word' id='word_1_522' title='bbox 3157 1316 3532 1389; x_wconf 8' lang='lat' dir='ltr'><strong>aliquando‘a</strong></span> <span class='ocrx_word' id='word_1_523' title='bbox 3589 1321 3694 1376; x_wconf 82' lang='lat' dir='ltr'><strong>Deo</strong></span> 
     </span>
    </p>
   </div>
   <div class='ocr_carea' id='block_1_72' title="bbox 2109 1405 3697 1481">
    <p class='ocr_par' dir='ltr' id='par_1_72' title="bbox 2109 1405 3697 1481">
     <span class='ocr_line' id='line_1_72' title="bbox 2109 1405 3697 1481; baseline 0.004 -21"><span class='ocrx_word' id='word_1_524' title='bbox 2109 1405 2424 1474; x_wconf 88' lang='lat' dir='ltr'><strong>dispositam</strong></span> <span class='ocrx_word' id='word_1_525' title='bbox 2453 1405 2849 1474; x_wconf 83' lang='lat' dir='ltr'><strong>reparationem</strong></span> <span class='ocrx_word' id='word_1_526' title='bbox 2896 1405 3198 1462; x_wconf 85' lang='lat' dir='ltr'><strong>Jerusalem</strong></span> <span class='ocrx_word' id='word_1_527' title='bbox 3231 1428 3245 1465; x_wconf 89' lang='lat'><strong>:</strong></span> <span class='ocrx_word' id='word_1_528' title='bbox 3277 1417 3331 1465; x_wconf 89' lang='lat' dir='ltr'><strong>et</strong></span> <span class='ocrx_word' id='word_1_529' title='bbox 3351 1412 3577 1481; x_wconf 88' lang='lat' dir='ltr'><strong>quando</strong></span> <span class='ocrx_word' id='word_1_530' title='bbox 3607 1411 3697 1466; x_wconf 81' lang='lat' dir='ltr'><strong>tie-</strong></span> 
     </span>
    </p>
   </div>
   <div class='ocr_carea' id='block_1_73' title="bbox 2110 1497 3698 1574">
    <p class='ocr_par' dir='ltr' id='par_1_73' title="bbox 2110 1497 3698 1574">
     <span class='ocr_line' id='line_1_73' title="bbox 2110 1497 3698 1574; baseline 0.003 -21"><span class='ocrx_word' id='word_1_531' title='bbox 2110 1505 2212 1564; x_wconf 90' lang='lat' dir='ltr'><strong>ret,</strong></span> <span class='ocrx_word' id='word_1_532' title='bbox 2240 1497 2422 1551; x_wconf 90' lang='lat' dir='ltr'><strong>videre</strong></span> <span class='ocrx_word' id='word_1_533' title='bbox 2445 1499 2793 1566; x_wconf 82' lang='lat' dir='ltr'><strong>exoptabant,</strong></span> <span class='ocrx_word' id='word_1_534' title='bbox 2829 1499 2924 1554; x_wconf 89' lang='lat' dir='ltr'><strong>sed</strong></span> <span class='ocrx_word' id='word_1_535' title='bbox 2953 1501 3223 1568; x_wconf 89' lang='lat' dir='ltr'><strong>quomodo</strong></span> <span class='ocrx_word' id='word_1_536' title='bbox 3268 1502 3428 1557; x_wconf 83' lang='lat' dir='ltr'><strong>fieret</strong></span> <span class='ocrx_word' id='word_1_537' title='bbox 3478 1503 3698 1574; x_wconf 85' lang='lat' dir='ltr'><strong>ignora-</strong></span> 
     </span>
    </p>
   </div>
   <div class='ocr_carea' id='block_1_74' title="bbox 2107 1587 3695 1664">
    <p class='ocr_par' dir='ltr' id='par_1_74' title="bbox 2107 1587 3695 1664">
     <span class='ocr_line' id='line_1_74' title="bbox 2107 1587 3695 1664; baseline 0.004 -22"><span class='ocrx_word' id='word_1_538' title='bbox 2107 1587 2261 1654; x_wconf 74' lang='lat' dir='ltr'><strong>bant,</strong></span> <span class='ocrx_word' id='word_1_539' title='bbox 2295 1589 2464 1643; x_wconf 91' lang='lat' dir='ltr'><strong>donec</strong></span> <span class='ocrx_word' id='word_1_540' title='bbox 2510 1589 2719 1644; x_wconf 86' lang='lat' dir='ltr'><strong>scilicet</strong></span> <span class='ocrx_word' id='word_1_541' title='bbox 2745 1589 3004 1645; x_wconf 87' lang='lat' dir='ltr'><strong>revelavit</strong></span> <span class='ocrx_word' id='word_1_542' title='bbox 3042 1591 3363 1661; x_wconf 88' lang='lat' dir='ltr'><strong>quibusdam</strong></span> <span class='ocrx_word' id='word_1_543' title='bbox 3397 1602 3695 1664; x_wconf 85' lang='lat' dir='ltr'><strong>antequam</strong></span> 
     </span>
    </p>
   </div>
   <div class='ocr_carea' id='block_1_75' title="bbox 2108 1678 3698 1752">
    <p class='ocr_par' dir='ltr' id='par_1_75' title="bbox 2108 1678 3698 1752">
     <span class='ocr_line' id='line_1_75' title="bbox 2108 1678 3698 1752; baseline 0.004 -17"><span class='ocrx_word' id='word_1_544' title='bbox 2108 1679 2283 1735; x_wconf 85' lang='lat' dir='ltr'><strong>ﬁeret.</strong></span> <span class='ocrx_word' id='word_1_545' title='bbox 2335 1678 2741 1736; x_wconf 75' lang='lat' dir='ltr'><strong>Prwdicantem.</strong></span> <span class='ocrx_word' id='word_1_546' title='bbox 2788 1681 3175 1752; x_wconf 88' lang='lat' dir='ltr'><strong>lnquirentem,</strong></span> <span class='ocrx_word' id='word_1_547' title='bbox 3227 1693 3283 1740; x_wconf 90' lang='lat' dir='ltr'><strong>et</strong></span> <span class='ocrx_word' id='word_1_548' title='bbox 3311 1686 3437 1741; x_wconf 90' lang='lat' dir='ltr'><strong>aliis</strong></span> <span class='ocrx_word' id='word_1_549' title='bbox 3485 1703 3698 1742; x_wconf 83' lang='lat' dir='ltr'><strong>annun-</strong></span> 
     </span>
    </p>
   </div>
   <div class='ocr_carea' id='block_1_76' title="bbox 2109 1774 3695 1843">
    <p class='ocr_par' dir='ltr' id='par_1_76' title="bbox 2109 1774 3695 1843">
     <span class='ocr_line' id='line_1_76' title="bbox 2109 1774 3695 1843; baseline 0.003 -15"><span class='ocrx_word' id='word_1_550' title='bbox 2109 1774 2331 1828; x_wconf 87' lang='lat' dir='ltr'><strong>tiantem</strong></span> <span class='ocrx_word' id='word_1_551' title='bbox 2360 1781 2417 1827; x_wconf 91' lang='lat' dir='ltr'><strong>et</strong></span> <span class='ocrx_word' id='word_1_552' title='bbox 2438 1789 2548 1843; x_wconf 66' lang='lat' dir='ltr'><strong>pra:</strong></span> <span class='ocrx_word' id='word_1_553' title='bbox 2571 1774 2739 1828; x_wconf 91' lang='lat' dir='ltr'><strong>nimio</strong></span> <span class='ocrx_word' id='word_1_554' title='bbox 2760 1775 3049 1841; x_wconf 90' lang='lat' dir='ltr'><strong>desiderio,</strong></span> <span class='ocrx_word' id='word_1_555' title='bbox 3097 1777 3286 1832; x_wconf 89' lang='lat' dir='ltr'><strong>tandiu</strong></span> <span class='ocrx_word' id='word_1_556' title='bbox 3308 1777 3528 1833; x_wconf 78' lang='lat' dir='ltr'><strong>differri</strong></span> <span class='ocrx_word' id='word_1_557' title='bbox 3566 1794 3695 1833; x_wconf 88' lang='lat' dir='ltr'><strong>con-</strong></span> 
     </span>
    </p>
   </div>
   <div class='ocr_carea' id='block_1_77' title="bbox 2032 1854 3696 1940">
    <p class='ocr_par' dir='ltr' id='par_1_77' title="bbox 2032 1854 3696 1940">
     <span class='ocr_line' id='line_1_77' title="bbox 2032 1854 3696 1940; baseline 0.006 -24"><span class='ocrx_word' id='word_1_558' title='bbox 2032 1854 2081 1916; x_wconf 88' lang='lat' dir='ltr'><strong>B</strong></span> <span class='ocrx_word' id='word_1_559' title='bbox 2107 1874 2443 1934; x_wconf 90' lang='lat' dir='ltr'><strong>querentem.</strong></span> <span class='ocrx_word' id='word_1_560' title='bbox 2473 1867 2686 1936; x_wconf 77' lang='lat' dir='ltr'><strong>Aperire</strong></span> <span class='ocrx_word' id='word_1_561' title='bbox 2717 1865 2931 1922; x_wconf 86' lang='lat' dir='ltr'><strong>librum.</strong></span> <span class='ocrx_word' id='word_1_562' title='bbox 2967 1868 3216 1922; x_wconf 88' lang='lat' dir='ltr'><strong>Divinam</strong></span> <span class='ocrx_word' id='word_1_563' title='bbox 3255 1870 3696 1940; x_wconf 78' lang='lat' dir='ltr'><strong>dispositionem,</strong></span> 
     </span>
    </p>
   </div>
   <div class='ocr_carea' id='block_1_78' title="bbox 2105 1955 3536 2029">
    <p class='ocr_par' dir='ltr' id='par_1_78' title="bbox 2105 1955 3536 2029">
     <span class='ocr_line' id='line_1_78' title="bbox 2105 1955 3536 2029; baseline 0.006 -20"><span class='ocrx_word' id='word_1_564' title='bbox 2105 1961 2162 2010; x_wconf 90' lang='lat' dir='ltr'><strong>et</strong></span> <span class='ocrx_word' id='word_1_565' title='bbox 2189 1955 2474 2011; x_wconf 89' lang='lat' dir='ltr'><strong>universas</strong></span> <span class='ocrx_word' id='word_1_566' title='bbox 2501 1957 2860 2013; x_wconf 89' lang='lat' dir='ltr'><strong>obscuritates</strong></span> <span class='ocrx_word' id='word_1_567' title='bbox 2889 1959 3291 2029; x_wconf 88' lang='lat' dir='ltr'><strong>Scripturarum</strong></span> <span class='ocrx_word' id='word_1_568' title='bbox 3322 1962 3536 2018; x_wconf 88' lang='lat' dir='ltr'><strong>tollere.</strong></span> 
     </span>
    </p>
   </div>
   <div class='ocr_carea' id='block_1_79' title="bbox 2176 2047 3696 2127">
    <p class='ocr_par' dir='ltr' id='par_1_79' title="bbox 2176 2047 3696 2127">
     <span class='ocr_line' id='line_1_79' title="bbox 2176 2047 3696 2127; baseline 0.005 -22"><span class='ocrx_word' id='word_1_569' title='bbox 2176 2047 2342 2105; x_wconf 75' lang='lat' dir='ltr'><strong>Vsus.</strong></span> <span class='ocrx_word' id='word_1_570' title='bbox 2367 2048 2421 2102; x_wconf 73' lang='grc'><strong>4.</strong></span> <span class='ocrx_word' id='word_1_571' title='bbox 2445 2048 2752 2104; x_wconf 82' lang='lat' dir='ltr'><strong>—Flebam</strong></span> <span class='ocrx_word' id='word_1_572' title='bbox 2790 2050 3035 2105; x_wconf 87' lang='lat' dir='ltr'><strong>multum.</strong></span> <span class='ocrx_word' id='word_1_573' title='bbox 3085 2051 3199 2107; x_wconf 86' lang='lat' dir='ltr'><strong>Hoc</strong></span> <span class='ocrx_word' id='word_1_574' title='bbox 3237 2054 3438 2109; x_wconf 91' lang='lat' dir='ltr'><strong>dicitur</strong></span> <span class='ocrx_word' id='word_1_575' title='bbox 3473 2056 3533 2110; x_wconf 89' lang='lat' dir='ltr'><strong>in</strong></span> <span class='ocrx_word' id='word_1_576' title='bbox 3571 2071 3696 2127; x_wconf 88' lang='lat' dir='ltr'><strong>per-</strong></span> 
     </span>
    </p>
   </div>
   <div class='ocr_carea' id='block_1_80' title="bbox 2105 2141 3698 2218">
    <p class='ocr_par' dir='ltr' id='par_1_80' title="bbox 2105 2141 3698 2218">
     <span class='ocr_line' id='line_1_80' title="bbox 2105 2141 3698 2218; baseline 0.005 -21"><span class='ocrx_word' id='word_1_577' title='bbox 2105 2156 2234 2197; x_wconf 89' lang='lat' dir='ltr'><strong>sona</strong></span> <span class='ocrx_word' id='word_1_578' title='bbox 2266 2141 2512 2212; x_wconf 91' lang='lat' dir='ltr'><strong>priorum</strong></span> <span class='ocrx_word' id='word_1_579' title='bbox 2549 2150 2605 2197; x_wconf 88' lang='lat' dir='ltr'><strong>et</strong></span> <span class='ocrx_word' id='word_1_580' title='bbox 2636 2143 2978 2212; x_wconf 87' lang='lat' dir='ltr'><strong>antiquorum</strong></span> <span class='ocrx_word' id='word_1_581' title='bbox 3015 2151 3249 2214; x_wconf 87' lang='lat' dir='ltr'><strong>patrum,</strong></span> <span class='ocrx_word' id='word_1_582' title='bbox 3291 2161 3358 2202; x_wconf 92' lang='lat' dir='ltr'><strong>eo</strong></span> <span class='ocrx_word' id='word_1_583' title='bbox 3399 2149 3549 2218; x_wconf 89' lang='lat' dir='ltr'><strong>quod</strong></span> <span class='ocrx_word' id='word_1_584' title='bbox 3590 2166 3698 2206; x_wconf 91' lang='lat' dir='ltr'><strong>non</strong></span> 
     </span>
    </p>
   </div>
   <div class='ocr_carea' id='block_1_81' title="bbox 2106 2232 3694 2310">
    <p class='ocr_par' dir='ltr' id='par_1_81' title="bbox 2106 2232 3694 2310">
     <span class='ocr_line' id='line_1_81' title="bbox 2106 2232 3694 2310; baseline 0.007 -23"><span class='ocrx_word' id='word_1_585' title='bbox 2106 2232 2496 2303; x_wconf 88' lang='lat' dir='ltr'><strong>intelligebant,</strong></span> <span class='ocrx_word' id='word_1_586' title='bbox 2540 2233 2624 2287; x_wconf 90' lang='lat' dir='ltr'><strong>vel</strong></span> <span class='ocrx_word' id='word_1_587' title='bbox 2673 2233 2896 2290; x_wconf 91' lang='lat' dir='ltr'><strong>dilatam</strong></span> <span class='ocrx_word' id='word_1_588' title='bbox 2952 2239 3352 2306; x_wconf 86' lang='lat' dir='ltr'><strong>reparationem</strong></span> <span class='ocrx_word' id='word_1_589' title='bbox 3416 2241 3694 2310; x_wconf 88' lang='lat' dir='ltr'><strong>dolebant,</strong></span> 
     </span>
    </p>
   </div>
   <div class='ocr_carea' id='block_1_82' title="bbox 2107 2324 3696 2398">
    <p class='ocr_par' dir='ltr' id='par_1_82' title="bbox 2107 2324 3696 2398">
     <span class='ocr_line' id='line_1_82' title="bbox 2107 2324 3696 2398; baseline 0.007 -19"><span class='ocrx_word' id='word_1_590' title='bbox 2107 2324 2290 2380; x_wconf 88' lang='lat' dir='ltr'><strong>unde:</strong></span> <span class='ocrx_word' id='word_1_591' title='bbox 2336 2324 2496 2379; x_wconf 81' lang='lat' dir='ltr'><strong>Multi</strong></span> <span class='ocrx_word' id='word_1_592' title='bbox 2549 2341 2690 2396; x_wconf 80' lang='lat' dir='ltr'><strong>rcges</strong></span> <span class='ocrx_word' id='word_1_593' title='bbox 2739 2334 2787 2379; x_wconf 88' lang='lat' dir='ltr'><strong>et</strong></span> <span class='ocrx_word' id='word_1_594' title='bbox 2833 2329 3098 2398; x_wconf 70' lang='lat' dir='ltr'><strong>propheta:</strong></span> <span class='ocrx_word' id='word_1_595' title='bbox 3155 2329 3434 2386; x_wconf 80' lang='lat' dir='ltr'><strong>uoluerunt</strong></span> <span class='ocrx_word' id='word_1_596' title='bbox 3525 2333 3696 2390; x_wconf 74' lang='lat' dir='ltr'><strong>sidere</strong></span> 
     </span>
    </p>
   </div>
   <div class='ocr_carea' id='block_1_83' title="bbox 2107 2415 2499 2490">
    <p class='ocr_par' dir='ltr' id='par_1_83' title="bbox 2107 2415 2499 2490">
     <span class='ocr_line' id='line_1_83' title="bbox 2107 2415 2499 2490; baseline 0 -18"><span class='ocrx_word' id='word_1_597' title='bbox 2107 2415 2256 2490; x_wconf 85' lang='lat' dir='ltr'><strong>(Luc.</strong></span> <span class='ocrx_word' id='word_1_598' title='bbox 2287 2418 2364 2490; x_wconf 69' lang='grc' dir='ltr'><strong>Χ),</strong></span> <span class='ocrx_word' id='word_1_599' title='bbox 2394 2428 2499 2474; x_wconf 89' lang='lat' dir='ltr'><strong>etc.</strong></span> 
     </span>
    </p>
   </div>
   <div class='ocr_carea' id='block_1_84' title="bbox 2177 2506 3698 2588">
    <p class='ocr_par' dir='ltr' id='par_1_84' title="bbox 2177 2506 3698 2588">
     <span class='ocr_line' id='line_1_84' title="bbox 2177 2506 3698 2588; baseline 0.008 -26"><span class='ocrx_word' id='word_1_600' title='bbox 2177 2506 2340 2563; x_wconf 74' lang='lat' dir='ltr'><strong>Vsus.</strong></span> <span class='ocrx_word' id='word_1_601' title='bbox 2361 2507 2557 2563; x_wconf 82' lang='grc' dir='ltr'><strong>5.-Ει</strong></span> <span class='ocrx_word' id='word_1_602' title='bbox 2588 2526 2722 2564; x_wconf 82' lang='lat' dir='ltr'><strong>unus</strong></span> <span class='ocrx_word' id='word_1_603' title='bbox 2749 2509 2813 2564; x_wconf 88' lang='lat' dir='ltr'><strong>de</strong></span> <span class='ocrx_word' id='word_1_604' title='bbox 2836 2511 3146 2566; x_wconf 81' lang='lat' dir='ltr'><strong>senioribus.</strong></span> <span class='ocrx_word' id='word_1_605' title='bbox 3177 2511 3416 2581; x_wconf 85' lang='lat' dir='ltr'><strong>Quilibet</strong></span> <span class='ocrx_word' id='word_1_606' title='bbox 3430 2517 3698 2588; x_wconf 76' lang='lat' dir='ltr'><strong>propheta</strong></span> 
     </span>
    </p>
   </div>
   <div class='ocr_carea' id='block_1_85' title="bbox 2106 2599 3699 2665">
    <p class='ocr_par' dir='ltr' id='par_1_85' title="bbox 2106 2599 3699 2665">
     <span class='ocr_line' id='line_1_85' title="bbox 2106 2599 3699 2665; baseline 0.005 -8"><span class='ocrx_word' id='word_1_607' title='bbox 2106 2599 2308 2657; x_wconf 89' lang='lat' dir='ltr'><strong>Christi</strong></span> <span class='ocrx_word' id='word_1_608' title='bbox 2338 2602 2630 2656; x_wconf 87' lang='lat' dir='ltr'><strong>adventum</strong></span> <span class='ocrx_word' id='word_1_609' title='bbox 2661 2603 3031 2659; x_wconf 90' lang='lat' dir='ltr'><strong>annuntiando</strong></span> <span class='ocrx_word' id='word_1_610' title='bbox 3074 2604 3387 2661; x_wconf 89' lang='lat' dir='ltr'><strong>consolatur</strong></span> <span class='ocrx_word' id='word_1_611' title='bbox 3409 2608 3567 2664; x_wconf 88' lang='lat' dir='ltr'><strong>alios.</strong></span> <span class='ocrx_word' id='word_1_612' title='bbox 3610 2610 3699 2665; x_wconf 78' lang='lat' dir='ltr'><strong>Vi-</strong></span> 
     </span>
    </p>
   </div>
   <div class='ocr_carea' id='block_1_86' title="bbox 2107 2695 3696 2773">
    <p class='ocr_par' dir='ltr' id='par_1_86' title="bbox 2107 2695 3696 2773">
     <span class='ocr_line' id='line_1_86' title="bbox 2107 2695 3696 2773; baseline 0.006 -23"><span class='ocrx_word' id='word_1_613' title='bbox 2107 2697 2177 2750; x_wconf 90' lang='lat' dir='ltr'><strong>cit</strong></span> <span class='ocrx_word' id='word_1_614' title='bbox 2207 2695 2307 2751; x_wconf 88' lang='lat' dir='ltr'><strong>leo.</strong></span> <span class='ocrx_word' id='word_1_615' title='bbox 2342 2697 2460 2772; x_wconf 26' lang='lat' dir='ltr'><strong>Leo.</strong></span> <span class='ocrx_word' id='word_1_616' title='bbox 2483 2697 2606 2751; x_wconf 90' lang='lat' dir='ltr'><strong>dum</strong></span> <span class='ocrx_word' id='word_1_617' title='bbox 2639 2697 2876 2768; x_wconf 87' lang='lat' dir='ltr'><strong>fugatur,</strong></span> <span class='ocrx_word' id='word_1_618' title='bbox 2900 2713 2998 2769; x_wconf 91' lang='lat' dir='ltr'><strong>per</strong></span> <span class='ocrx_word' id='word_1_619' title='bbox 3018 2707 3230 2756; x_wconf 90' lang='lat' dir='ltr'><strong>montes</strong></span> <span class='ocrx_word' id='word_1_620' title='bbox 3270 2701 3434 2773; x_wconf 89' lang='lat' dir='ltr'><strong>fugit,</strong></span> <span class='ocrx_word' id='word_1_621' title='bbox 3466 2713 3521 2759; x_wconf 89' lang='lat' dir='ltr'><strong>et</strong></span> <span class='ocrx_word' id='word_1_622' title='bbox 3556 2704 3696 2760; x_wconf 89' lang='lat' dir='ltr'><strong>nodo</strong></span> 
     </span>
    </p>
   </div>
   <div class='ocr_carea' id='block_1_87' title="bbox 2108 2790 3692 2860">
    <p class='ocr_par' dir='ltr' id='par_1_87' title="bbox 2108 2790 3692 2860">
     <span class='ocr_line' id='line_1_87' title="bbox 2108 2790 3692 2860; baseline 0.004 -16"><span class='ocrx_word' id='word_1_623' title='bbox 2108 2805 2268 2860; x_wconf 91' lang='lat' dir='ltr'><strong>quem</strong></span> <span class='ocrx_word' id='word_1_624' title='bbox 2296 2790 2533 2844; x_wconf 87' lang='lat' dir='ltr'><strong>habetin</strong></span> <span class='ocrx_word' id='word_1_625' title='bbox 2571 2791 2741 2846; x_wconf 89' lang='lat' dir='ltr'><strong>cauda</strong></span> <span class='ocrx_word' id='word_1_626' title='bbox 2773 2791 2998 2860; x_wconf 83' lang='lat' dir='ltr'><strong>vestigia</strong></span> <span class='ocrx_word' id='word_1_627' title='bbox 3049 2792 3211 2859; x_wconf 86' lang='lat' dir='ltr'><strong>delet,</strong></span> <span class='ocrx_word' id='word_1_628' title='bbox 3239 2808 3307 2848; x_wconf 90' lang='lat' dir='ltr'><strong>ne</strong></span> <span class='ocrx_word' id='word_1_629' title='bbox 3345 2794 3692 2851; x_wconf 89' lang='lat' dir='ltr'><strong>inveniatur:</strong></span> 
     </span>
    </p>
   </div>
   <div class='ocr_carea' id='block_1_88' title="bbox 2109 2880 3697 2954">
    <p class='ocr_par' dir='ltr' id='par_1_88' title="bbox 2109 2880 3697 2954">
     <span class='ocr_line' id='line_1_88' title="bbox 2109 2880 3697 2954; baseline 0.006 -18"><span class='ocrx_word' id='word_1_630' title='bbox 2109 2883 2184 2936; x_wconf 90' lang='lat' dir='ltr'><strong>ita</strong></span> <span class='ocrx_word' id='word_1_631' title='bbox 2209 2880 2458 2937; x_wconf 91' lang='lat' dir='ltr'><strong>Christus</strong></span> <span class='ocrx_word' id='word_1_632' title='bbox 2479 2882 2613 2954; x_wconf 88' lang='lat' dir='ltr'><strong>fugit</strong></span> <span class='ocrx_word' id='word_1_633' title='bbox 2630 2897 2725 2952; x_wconf 90' lang='lat' dir='ltr'><strong>per</strong></span> <span class='ocrx_word' id='word_1_634' title='bbox 2751 2893 2984 2949; x_wconf 90' lang='lat' dir='ltr'><strong>montes,</strong></span> <span class='ocrx_word' id='word_1_635' title='bbox 3004 2883 3058 2939; x_wconf 90' lang='lat' dir='ltr'><strong>id</strong></span> <span class='ocrx_word' id='word_1_636' title='bbox 3078 2892 3184 2952; x_wconf 90' lang='lat' dir='ltr'><strong>est,</strong></span> <span class='ocrx_word' id='word_1_637' title='bbox 3207 2885 3466 2942; x_wconf 88' lang='lat' dir='ltr'><strong>divinitas</strong></span> <span class='ocrx_word' id='word_1_638' title='bbox 3488 2886 3697 2946; x_wconf 69' lang='lat' dir='ltr'><strong>Judaeos</strong></span> 
     </span>
    </p>
   </div>
   <div class='ocr_carea' id='block_1_89' title="bbox 2107 2975 3697 3051">
    <p class='ocr_par' dir='ltr' id='par_1_89' title="bbox 2107 2975 3697 3051">
     <span class='ocr_line' id='line_1_89' title="bbox 2107 2975 3697 3051; baseline 0.004 -22"><span class='ocrx_word' id='word_1_639' title='bbox 2107 2975 2285 3040; x_wconf 87' lang='lat' dir='ltr'><strong>latuit,</strong></span> <span class='ocrx_word' id='word_1_640' title='bbox 2312 2984 2588 3046; x_wconf 89' lang='lat' dir='ltr'><strong>assumpta</strong></span> <span class='ocrx_word' id='word_1_641' title='bbox 2617 2992 2783 3032; x_wconf 91' lang='lat' dir='ltr'><strong>carne</strong></span> <span class='ocrx_word' id='word_1_642' title='bbox 2825 2977 3163 3034; x_wconf 89' lang='lat' dir='ltr'><strong>divinitatem</strong></span> <span class='ocrx_word' id='word_1_643' title='bbox 3218 2980 3374 3046; x_wconf 81' lang='lat' dir='ltr'><strong>texit,</strong></span> <span class='ocrx_word' id='word_1_644' title='bbox 3403 2996 3475 3035; x_wconf 89' lang='lat' dir='ltr'><strong>ne</strong></span> <span class='ocrx_word' id='word_1_645' title='bbox 3519 2990 3697 3051; x_wconf 80' lang='lat' dir='ltr'><strong>posset</strong></span> 
     </span>
    </p>
   </div>
   <div class='ocr_carea' id='block_1_90' title="bbox 2110 3065 3695 3137">
    <p class='ocr_par' dir='ltr' id='par_1_90' title="bbox 2110 3065 3695 3137">
     <span class='ocr_line' id='line_1_90' title="bbox 2110 3065 3695 3137; baseline 0.005 -18"><span class='ocrx_word' id='word_1_646' title='bbox 2110 3066 2348 3136; x_wconf 87' lang='lat' dir='ltr'><strong>agnosci.</strong></span> <span class='ocrx_word' id='word_1_647' title='bbox 2382 3065 2489 3120; x_wconf 87' lang='lat' dir='ltr'><strong>Leo</strong></span> <span class='ocrx_word' id='word_1_648' title='bbox 2518 3065 2720 3121; x_wconf 90' lang='lat' dir='ltr'><strong>dormit</strong></span> <span class='ocrx_word' id='word_1_649' title='bbox 2747 3067 2950 3137; x_wconf 90' lang='lat' dir='ltr'><strong>apertis</strong></span> <span class='ocrx_word' id='word_1_650' title='bbox 2977 3067 3171 3135; x_wconf 90' lang='lat' dir='ltr'><strong>oculis,</strong></span> <span class='ocrx_word' id='word_1_651' title='bbox 3200 3068 3278 3124; x_wconf 86' lang='lat' dir='ltr'><strong>ita</strong></span> <span class='ocrx_word' id='word_1_652' title='bbox 3318 3069 3578 3127; x_wconf 85' lang='lat' dir='ltr'><strong>Christus</strong></span> <span class='ocrx_word' id='word_1_653' title='bbox 3607 3088 3695 3127; x_wconf 77' lang='lat' dir='ltr'><strong>ex-</strong></span> 
     </span>
    </p>
   </div>
   <div class='ocr_carea' id='block_1_91' title="bbox 2113 3157 2905 3228">
    <p class='ocr_par' dir='ltr' id='par_1_91' title="bbox 2113 3157 2905 3228">
     <span class='ocr_line' id='line_1_91' title="bbox 2113 3157 2905 3228; baseline 0.004 -16"><span class='ocrx_word' id='word_1_654' title='bbox 2113 3158 2340 3228; x_wconf 87' lang='lat' dir='ltr'><strong>spiravit</strong></span> <span class='ocrx_word' id='word_1_655' title='bbox 2367 3157 2646 3213; x_wconf 89' lang='lat' dir='ltr'><strong>divinitate</strong></span> <span class='ocrx_word' id='word_1_656' title='bbox 2670 3158 2905 3215; x_wconf 85' lang='lat' dir='ltr'><strong>vivente.</strong></span> 
     </span>
    </p>
   </div>
   <div class='ocr_carea' id='block_1_92' title="bbox 2039 3227 3696 3328">
    <p class='ocr_par' dir='ltr' id='par_1_92' title="bbox 2039 3227 3696 3328">
     <span class='ocr_line' id='line_1_92' title="bbox 2039 3227 3696 3328; baseline 0.006 -26"><span class='ocrx_word' id='word_1_657' title='bbox 2039 3227 2087 3292; x_wconf 74' lang='lat' dir='ltr'>c</span> <span class='ocrx_word' id='word_1_658' title='bbox 2145 3227 2153 3228; x_wconf 15' lang='grc' dir='ltr'>ί</span> <span class='ocrx_word' id='word_1_659' title='bbox 2187 3247 2351 3304; x_wconf 74' lang='lat' dir='ltr'><strong>Vsus.</strong></span> <span class='ocrx_word' id='word_1_660' title='bbox 2375 3248 2428 3303; x_wconf 86' lang='lat'><strong>6.</strong></span> <span class='ocrx_word' id='word_1_661' title='bbox 2456 3281 2528 3290; x_wconf 95' lang='lat'><strong><em>—</em></strong></span> <span class='ocrx_word' id='word_1_662' title='bbox 2550 3249 2619 3304; x_wconf 90' lang='lat' dir='ltr'><strong>Et</strong></span> <span class='ocrx_word' id='word_1_663' title='bbox 2641 3267 2755 3306; x_wconf 91' lang='lat' dir='ltr'><strong>ecce</strong></span> <span class='ocrx_word' id='word_1_664' title='bbox 2779 3251 2834 3306; x_wconf 87' lang='lat' dir='ltr'><strong>in</strong></span> <span class='ocrx_word' id='word_1_665' title='bbox 2860 3252 3029 3308; x_wconf 83' lang='lat' dir='ltr'><strong>medio</strong></span> <span class='ocrx_word' id='word_1_666' title='bbox 3051 3253 3244 3308; x_wconf 83' lang='lat' dir='ltr'><strong>throni.</strong></span> <span class='ocrx_word' id='word_1_667' title='bbox 3284 3253 3557 3321; x_wconf 82' lang='lat' dir='ltr'><strong>Ecclesia,</strong></span> <span class='ocrx_word' id='word_1_668' title='bbox 3579 3272 3696 3328; x_wconf 70' lang='lat' dir='ltr'><strong>qua:</strong></span> 
     </span>
    </p>
   </div>
   <div class='ocr_carea' id='block_1_93' title="bbox 2114 3339 3694 3417">
    <p class='ocr_par' dir='ltr' id='par_1_93' title="bbox 2114 3339 3694 3417">
     <span class='ocr_line' id='line_1_93' title="bbox 2114 3339 3694 3417; baseline 0.006 -23"><span class='ocrx_word' id='word_1_669' title='bbox 2114 3356 2146 3394; x_wconf 92' lang='lat' dir='ltr'><strong>a</strong></span> <span class='ocrx_word' id='word_1_670' title='bbox 2185 3339 2404 3396; x_wconf 90' lang='lat' dir='ltr'><strong>Christo</strong></span> <span class='ocrx_word' id='word_1_671' title='bbox 2463 3347 2720 3410; x_wconf 87' lang='lat' dir='ltr'><strong>tanquam</strong></span> <span class='ocrx_word' id='word_1_672' title='bbox 2766 3343 2993 3398; x_wconf 90' lang='lat' dir='ltr'><strong>thronus</strong></span> <span class='ocrx_word' id='word_1_673' title='bbox 3052 3344 3380 3414; x_wconf 86' lang='lat' dir='ltr'><strong>possidetur,</strong></span> <span class='ocrx_word' id='word_1_674' title='bbox 3437 3354 3694 3417; x_wconf 82' lang='lat' dir='ltr'><strong>tanquam</strong></span> 
     </span>
    </p>
   </div>
   <div class='ocr_carea' id='block_1_94' title="bbox 2113 3433 3696 3511">
    <p class='ocr_par' dir='ltr' id='par_1_94' title="bbox 2113 3433 3696 3511">
     <span class='ocr_line' id='line_1_94' title="bbox 2113 3433 3696 3511; baseline 0.004 -24"><span class='ocrx_word' id='word_1_675' title='bbox 2113 3433 2367 3488; x_wconf 88' lang='lat' dir='ltr'><strong>animalia</strong></span> <span class='ocrx_word' id='word_1_676' title='bbox 2394 3433 2654 3504; x_wconf 89' lang='lat' dir='ltr'><strong>pascitur,</strong></span> <span class='ocrx_word' id='word_1_677' title='bbox 2709 3441 2966 3505; x_wconf 89' lang='lat' dir='ltr'><strong>tanquam</strong></span> <span class='ocrx_word' id='word_1_678' title='bbox 3019 3437 3263 3492; x_wconf 88' lang='lat' dir='ltr'><strong>seniores</strong></span> <span class='ocrx_word' id='word_1_679' title='bbox 3295 3437 3349 3491; x_wconf 88' lang='lat' dir='ltr'><strong>in</strong></span> <span class='ocrx_word' id='word_1_680' title='bbox 3370 3437 3581 3507; x_wconf 89' lang='lat' dir='ltr'><strong>judicio</strong></span> <span class='ocrx_word' id='word_1_681' title='bbox 3608 3455 3696 3511; x_wconf 89' lang='lat' dir='ltr'><strong>po-</strong></span> 
     </span>
    </p>
   </div>
   <div class='ocr_carea' id='block_1_95' title="bbox 2113 3525 3697 3598">
    <p class='ocr_par' dir='ltr' id='par_1_95' title="bbox 2113 3525 3697 3598">
     <span class='ocr_line' id='line_1_95' title="bbox 2113 3525 3697 3598; baseline 0.004 -19"><span class='ocrx_word' id='word_1_682' title='bbox 2113 3526 2327 3582; x_wconf 90' lang='lat' dir='ltr'><strong>testatis</strong></span> <span class='ocrx_word' id='word_1_683' title='bbox 2371 3525 2686 3589; x_wconf 88' lang='lat' dir='ltr'><strong>honoratur,</strong></span> <span class='ocrx_word' id='word_1_684' title='bbox 2725 3527 2843 3597; x_wconf 87' lang='lat' dir='ltr'><strong>ipsa</strong></span> <span class='ocrx_word' id='word_1_685' title='bbox 2888 3542 3053 3598; x_wconf 89' lang='lat' dir='ltr'><strong>super</strong></span> <span class='ocrx_word' id='word_1_686' title='bbox 3108 3526 3389 3584; x_wconf 89' lang='lat' dir='ltr'><strong>Christum</strong></span> <span class='ocrx_word' id='word_1_687' title='bbox 3431 3531 3697 3588; x_wconf 64' lang='lat' dir='ltr'><strong>mdiﬁcata</strong></span> 
     </span>
    </p>
   </div>
   <div class='ocr_carea' id='block_1_96' title="bbox 2113 3619 3702 3692">
    <p class='ocr_par' dir='ltr' id='par_1_96' title="bbox 2113 3619 3702 3692">
     <span class='ocr_line' id='line_1_96' title="bbox 2113 3619 3702 3692; baseline 0.004 -18"><span class='ocrx_word' id='word_1_688' title='bbox 2113 3619 2167 3674; x_wconf 93' lang='lat' dir='ltr'><strong>in</strong></span> <span class='ocrx_word' id='word_1_689' title='bbox 2204 3627 2406 3691; x_wconf 89' lang='lat' dir='ltr'><strong>septem</strong></span> <span class='ocrx_word' id='word_1_690' title='bbox 2434 3620 2690 3676; x_wconf 92' lang='lat' dir='ltr'><strong>cornibus</strong></span> <span class='ocrx_word' id='word_1_691' title='bbox 2719 3619 3075 3687; x_wconf 89' lang='lat' dir='ltr'><strong>fortitudinis,</strong></span> <span class='ocrx_word' id='word_1_692' title='bbox 3129 3636 3298 3692; x_wconf 87' lang='lat' dir='ltr'><strong>regno</strong></span> <span class='ocrx_word' id='word_1_693' title='bbox 3326 3623 3625 3690; x_wconf 82' lang='lat' dir='ltr'><strong>exaltatur,</strong></span> <span class='ocrx_word' id='word_1_694' title='bbox 3647 3627 3702 3680; x_wconf 92' lang='lat' dir='ltr'><strong>in</strong></span> 
     </span>
    </p>
   </div>
   <div class='ocr_carea' id='block_1_97' title="bbox 2111 3710 3699 3782">
    <p class='ocr_par' dir='ltr' id='par_1_97' title="bbox 2111 3710 3699 3782">
     <span class='ocr_line' id='line_1_97' title="bbox 2111 3710 3699 3782; baseline 0.001 -16"><span class='ocrx_word' id='word_1_695' title='bbox 2111 3719 2316 3782; x_wconf 88' lang='lat' dir='ltr'><strong>septem</strong></span> <span class='ocrx_word' id='word_1_696' title='bbox 2377 3710 2594 3777; x_wconf 81' lang='lat' dir='ltr'><strong>oculis,</strong></span> <span class='ocrx_word' id='word_1_697' title='bbox 2626 3711 2796 3782; x_wconf 89' lang='lat' dir='ltr'><strong>signis</strong></span> <span class='ocrx_word' id='word_1_698' title='bbox 2843 3719 2898 3766; x_wconf 88' lang='lat' dir='ltr'><strong>et</strong></span> <span class='ocrx_word' id='word_1_699' title='bbox 2975 3711 3270 3769; x_wconf 88' lang='lat' dir='ltr'><strong>virtutibus</strong></span> <span class='ocrx_word' id='word_1_700' title='bbox 3330 3713 3699 3770; x_wconf 83' lang='lat' dir='ltr'><strong>illuminatur.</strong></span> 
     </span>
    </p>
   </div>
   <div class='ocr_carea' id='block_1_98' title="bbox 2113 3801 3701 3872">
    <p class='ocr_par' dir='ltr' id='par_1_98' title="bbox 2113 3801 3701 3872">
     <span class='ocr_line' id='line_1_98' title="bbox 2113 3801 3701 3872; baseline 0.005 -17"><span class='ocrx_word' id='word_1_701' title='bbox 2113 3801 2384 3872; x_wconf 76' lang='lat' dir='ltr'><strong>Tanquam</strong></span> <span class='ocrx_word' id='word_1_702' title='bbox 2409 3802 2657 3856; x_wconf 83' lang='lat' dir='ltr'><strong>occisum.</strong></span> <span class='ocrx_word' id='word_1_703' title='bbox 2688 3801 2824 3867; x_wconf 91' lang='lat' dir='ltr'><strong>Quia</strong></span> <span class='ocrx_word' id='word_1_704' title='bbox 2857 3802 2960 3859; x_wconf 87' lang='lat' dir='ltr'><strong>etsi</strong></span> <span class='ocrx_word' id='word_1_705' title='bbox 2998 3802 3162 3859; x_wconf 89' lang='lat' dir='ltr'><strong>fuerit</strong></span> <span class='ocrx_word' id='word_1_706' title='bbox 3189 3812 3462 3872; x_wconf 90' lang='lat' dir='ltr'><strong>mortuus,</strong></span> <span class='ocrx_word' id='word_1_707' title='bbox 3487 3822 3554 3862; x_wconf 81' lang='lat' dir='ltr'><strong>ex</strong></span> <span class='ocrx_word' id='word_1_708' title='bbox 3585 3809 3701 3863; x_wconf 80' lang='lat' dir='ltr'><strong>vir-</strong></span> 
     </span>
    </p>
   </div>
   <div class='ocr_carea' id='block_1_99' title="bbox 2108 3893 3704 3966">
    <p class='ocr_par' dir='ltr' id='par_1_99' title="bbox 2108 3893 3704 3966">
     <span class='ocr_line' id='line_1_99' title="bbox 2108 3893 3704 3966; baseline 0.006 -19"><span class='ocrx_word' id='word_1_709' title='bbox 2108 3901 2224 3947; x_wconf 87' lang='lat' dir='ltr'><strong>tute</strong></span> <span class='ocrx_word' id='word_1_710' title='bbox 2257 3900 2439 3948; x_wconf 89' lang='lat' dir='ltr'><strong>tamen</strong></span> <span class='ocrx_word' id='word_1_711' title='bbox 2476 3893 2571 3948; x_wconf 91' lang='lat' dir='ltr'><strong>Dei</strong></span> <span class='ocrx_word' id='word_1_712' title='bbox 2610 3894 2760 3948; x_wconf 91' lang='lat' dir='ltr'><strong>vivit.</strong></span> <span class='ocrx_word' id='word_1_713' title='bbox 2788 3893 2884 3949; x_wconf 90' lang='lat' dir='ltr'><strong>Vel</strong></span> <span class='ocrx_word' id='word_1_714' title='bbox 2919 3895 3065 3950; x_wconf 87' lang='lat' dir='ltr'><strong>inter</strong></span> <span class='ocrx_word' id='word_1_715' title='bbox 3100 3911 3225 3952; x_wconf 92' lang='lat' dir='ltr'><strong>suos</strong></span> <span class='ocrx_word' id='word_1_716' title='bbox 3264 3904 3524 3966; x_wconf 87' lang='lat' dir='ltr'><strong>tauquam</strong></span> <span class='ocrx_word' id='word_1_717' title='bbox 3552 3902 3704 3955; x_wconf 78' lang='lat' dir='ltr'><strong>occi-</strong></span> 
     </span>
    </p>
   </div>
   <div class='ocr_carea' id='block_1_100' title="bbox 2109 3985 3702 4057">
    <p class='ocr_par' dir='ltr' id='par_1_100' title="bbox 2109 3985 3702 4057">
     <span class='ocr_line' id='line_1_100' title="bbox 2109 3985 3702 4057; baseline 0.006 -18"><span class='ocrx_word' id='word_1_718' title='bbox 2109 4000 2202 4040; x_wconf 91' lang='lat' dir='ltr'><strong>sus</strong></span> <span class='ocrx_word' id='word_1_719' title='bbox 2250 3993 2368 4050; x_wconf 92' lang='lat' dir='ltr'><strong>est,</strong></span> <span class='ocrx_word' id='word_1_720' title='bbox 2420 3985 2474 4040; x_wconf 92' lang='lat' dir='ltr'><strong>in</strong></span> <span class='ocrx_word' id='word_1_721' title='bbox 2525 3985 2718 4056; x_wconf 86' lang='lat' dir='ltr'><strong>quibus</strong></span> <span class='ocrx_word' id='word_1_722' title='bbox 2761 3988 3003 4057; x_wconf 89' lang='lat' dir='ltr'><strong>quotidie</strong></span> <span class='ocrx_word' id='word_1_723' title='bbox 3050 3989 3430 4046; x_wconf 78' lang='lat' dir='ltr'><strong>mortificatur.</strong></span> <span class='ocrx_word' id='word_1_724' title='bbox 3483 3993 3702 4049; x_wconf 79' lang='lat' dir='ltr'><strong>Cornua</strong></span> 
     </span>
    </p>
   </div>
   <div class='ocr_carea' id='block_1_101' title="bbox 2107 4076 3701 4150">
    <p class='ocr_par' dir='ltr' id='par_1_101' title="bbox 2107 4076 3701 4150">
     <span class='ocr_line' id='line_1_101' title="bbox 2107 4076 3701 4150; baseline 0.006 -18"><span class='ocrx_word' id='word_1_725' title='bbox 2107 4086 2318 4148; x_wconf 82' lang='lat' dir='ltr'><strong>septem,</strong></span> <span class='ocrx_word' id='word_1_726' title='bbox 2351 4086 2458 4133; x_wconf 90' lang='lat' dir='ltr'><strong>etc.</strong></span> <span class='ocrx_word' id='word_1_727' title='bbox 2491 4076 2627 4144; x_wconf 91' lang='lat' dir='ltr'><strong>Quia</strong></span> <span class='ocrx_word' id='word_1_728' title='bbox 2657 4079 2749 4132; x_wconf 85' lang='lat' dir='ltr'><strong>dat</strong></span> <span class='ocrx_word' id='word_1_729' title='bbox 2775 4095 3021 4149; x_wconf 86' lang='lat' dir='ltr'><strong>regnum,</strong></span> <span class='ocrx_word' id='word_1_730' title='bbox 3049 4082 3191 4150; x_wconf 92' lang='lat' dir='ltr'><strong>quod</strong></span> <span class='ocrx_word' id='word_1_731' title='bbox 3223 4082 3277 4136; x_wconf 91' lang='lat' dir='ltr'><strong>in</strong></span> <span class='ocrx_word' id='word_1_732' title='bbox 3311 4084 3570 4140; x_wconf 86' lang='lat' dir='ltr'><strong>cornibus</strong></span> <span class='ocrx_word' id='word_1_733' title='bbox 3601 4103 3701 4142; x_wconf 84' lang='lat' dir='ltr'><strong>no-</strong></span> 
     </span>
    </p>
   </div>
   <div class='ocr_carea' id='block_1_102' title="bbox 2110 4167 3699 4240">
    <p class='ocr_par' dir='ltr' id='par_1_102' title="bbox 2110 4167 3699 4240">
     <span class='ocr_line' id='line_1_102' title="bbox 2110 4167 3699 4240; baseline 0.006 -18"><span class='ocrx_word' id='word_1_734' title='bbox 2110 4177 2270 4222; x_wconf 88' lang='lat' dir='ltr'><strong>tatur.</strong></span> <span class='ocrx_word' id='word_1_735' title='bbox 2307 4167 2523 4234; x_wconf 91' lang='lat' dir='ltr'><strong>Oculos,</strong></span> <span class='ocrx_word' id='word_1_736' title='bbox 2565 4171 2690 4240; x_wconf 90' lang='lat' dir='ltr'><strong>quia</strong></span> <span class='ocrx_word' id='word_1_737' title='bbox 2720 4171 3008 4226; x_wconf 89' lang='lat' dir='ltr'><strong>illuminat.</strong></span> <span class='ocrx_word' id='word_1_738' title='bbox 3037 4172 3132 4228; x_wconf 89' lang='lat' dir='ltr'><strong>Vel</strong></span> <span class='ocrx_word' id='word_1_739' title='bbox 3165 4189 3370 4230; x_wconf 88' lang='lat' dir='ltr'><strong>cornua</strong></span> <span class='ocrx_word' id='word_1_740' title='bbox 3401 4186 3532 4231; x_wconf 86' lang='lat' dir='ltr'><strong>sunt</strong></span> <span class='ocrx_word' id='word_1_741' title='bbox 3556 4179 3699 4232; x_wconf 88' lang='lat' dir='ltr'><strong>emi-</strong></span> 
     </span>
    </p>
   </div>
   <div class='ocr_carea' id='block_1_103' title="bbox 2108 4260 3700 4334">
    <p class='ocr_par' dir='ltr' id='par_1_103' title="bbox 2108 4260 3700 4334">
     <span class='ocr_line' id='line_1_103' title="bbox 2108 4260 3700 4334; baseline 0.009 -22"><span class='ocrx_word' id='word_1_742' title='bbox 2108 4260 2382 4314; x_wconf 85' lang='lat' dir='ltr'><strong>nentiores</strong></span> <span class='ocrx_word' id='word_1_743' title='bbox 2421 4261 2626 4329; x_wconf 88' lang='lat' dir='ltr'><strong>sancti,</strong></span> <span class='ocrx_word' id='word_1_744' title='bbox 2665 4262 2722 4316; x_wconf 94' lang='lat' dir='ltr'><strong>in</strong></span> <span class='ocrx_word' id='word_1_745' title='bbox 2755 4263 2930 4332; x_wconf 86' lang='lat' dir='ltr'><strong>capite</strong></span> <span class='ocrx_word' id='word_1_746' title='bbox 2954 4263 3172 4322; x_wconf 85' lang='lat' dir='ltr'><strong>Christo</strong></span> <span class='ocrx_word' id='word_1_747' title='bbox 3203 4265 3446 4334; x_wconf 88' lang='lat' dir='ltr'><strong>fundati,</strong></span> <span class='ocrx_word' id='word_1_748' title='bbox 3472 4285 3700 4326; x_wconf 84' lang='lat' dir='ltr'><strong>carnem</strong></span> 
     </span>
    </p>
   </div>
   <div class='ocr_carea' id='block_1_104' title="bbox 2109 4350 2453 4407">
    <p class='ocr_par' dir='ltr' id='par_1_104' title="bbox 2109 4350 2453 4407">
     <span class='ocr_line' id='line_1_104' title="bbox 2109 4350 2453 4407; baseline 0 -2"><span class='ocrx_word' id='word_1_749' title='bbox 2109 4350 2344 4405; x_wconf 82' lang='lat' dir='ltr'><strong>exceden</strong></span> <span class='ocrx_word' id='word_1_750' title='bbox 2353 4359 2453 4407; x_wconf 90' lang='lat' dir='ltr'><strong>tes.</strong></span> 
     </span>
    </p>
   </div>
   <div class='ocr_carea' id='block_1_105' title="bbox 2179 4440 3702 4519">
    <p class='ocr_par' dir='ltr' id='par_1_105' title="bbox 2179 4440 3702 4519">
     <span class='ocr_line' id='line_1_105' title="bbox 2179 4440 3702 4519; baseline 0.009 -25"><span class='ocrx_word' id='word_1_751' title='bbox 2179 4440 2345 4496; x_wconf 72' lang='lat' dir='ltr'><strong>Vens.</strong></span> <span class='ocrx_word' id='word_1_752' title='bbox 2378 4443 2432 4498; x_wconf 91' lang='lat'><strong>8.</strong></span> <span class='ocrx_word' id='word_1_753' title='bbox 2459 4474 2532 4482; x_wconf 92' lang='lat'>—</span> <span class='ocrx_word' id='word_1_754' title='bbox 2555 4441 2866 4499; x_wconf 85' lang='lat' dir='ltr'><strong>Ceciderunt</strong></span> <span class='ocrx_word' id='word_1_755' title='bbox 2888 4462 3065 4500; x_wconf 90' lang='lat' dir='ltr'><strong>coram</strong></span> <span class='ocrx_word' id='word_1_756' title='bbox 3092 4464 3247 4519; x_wconf 86' lang='lat' dir='ltr'><strong>agno.</strong></span> <span class='ocrx_word' id='word_1_757' title='bbox 3282 4447 3520 4505; x_wconf 85' lang='lat' dir='ltr'><strong>Humilia</strong></span> <span class='ocrx_word' id='word_1_758' title='bbox 3547 4452 3617 4507; x_wconf 88' lang='lat' dir='ltr'><strong>de</strong></span> <span class='ocrx_word' id='word_1_759' title='bbox 3642 4469 3702 4508; x_wconf 87' lang='lat' dir='ltr'><strong>se</strong></span> 
     </span>
    </p>
   </div>
   <div class='ocr_carea' id='block_1_106' title="bbox 2109 4535 3699 4612">
    <p class='ocr_par' dir='ltr' id='par_1_106' title="bbox 2109 4535 3699 4612">
     <span class='ocr_line' id='line_1_106' title="bbox 2109 4535 3699 4612; baseline 0.006 -22"><span class='ocrx_word' id='word_1_760' title='bbox 2109 4541 2428 4599; x_wconf 84' lang='lat' dir='ltr'><strong>senserunt,</strong></span> <span class='ocrx_word' id='word_1_761' title='bbox 2473 4535 2614 4604; x_wconf 89' lang='lat' dir='ltr'><strong>quod</strong></span> <span class='ocrx_word' id='word_1_762' title='bbox 2661 4535 2835 4605; x_wconf 80' lang='lat' dir='ltr'><strong>ipsum</strong></span> <span class='ocrx_word' id='word_1_763' title='bbox 2879 4537 3180 4604; x_wconf 89' lang='lat' dir='ltr'><strong>imitantur,</strong></span> <span class='ocrx_word' id='word_1_764' title='bbox 3230 4541 3374 4596; x_wconf 89' lang='lat' dir='ltr'><strong>unde</strong></span> <span class='ocrx_word' id='word_1_765' title='bbox 3407 4545 3699 4612; x_wconf 85' lang='lat' dir='ltr'><strong>sequitur.</strong></span> 
     </span>
    </p>
   </div>
   <div class='ocr_carea' id='block_1_107' title="bbox 2114 4623 3702 4694">
    <p class='ocr_par' dir='ltr' id='par_1_107' title="bbox 2114 4623 3702 4694">
     <span class='ocr_line' id='line_1_107' title="bbox 2114 4623 3702 4694; baseline 0.007 -15"><span class='ocrx_word' id='word_1_766' title='bbox 2114 4623 2378 4680; x_wconf 79' lang='lat' dir='ltr'><strong>Habentes</strong></span> <span class='ocrx_word' id='word_1_767' title='bbox 2423 4625 2616 4694; x_wconf 82' lang='lat' dir='ltr'><strong>singuli</strong></span> <span class='ocrx_word' id='word_1_768' title='bbox 2655 4628 2906 4682; x_wconf 73' lang='lat' dir='ltr'><strong>citharas.</strong></span> <span class='ocrx_word' id='word_1_769' title='bbox 2955 4627 3397 4687; x_wconf 87' lang='lat' dir='ltr'><strong>Mortiﬁcationes</strong></span> <span class='ocrx_word' id='word_1_770' title='bbox 3439 4634 3702 4690; x_wconf 80' lang='lat' dir='ltr'><strong>vitiorum</strong></span> 
     </span>
    </p>
   </div>
   <div class='ocr_carea' id='block_1_108' title="bbox 2114 4715 3702 4790">
    <p class='ocr_par' dir='ltr' id='par_1_108' title="bbox 2114 4715 3702 4790">
     <span class='ocr_line' id='line_1_108' title="bbox 2114 4715 3702 4790; baseline 0.004 -20"><span class='ocrx_word' id='word_1_771' title='bbox 2114 4724 2171 4770; x_wconf 90' lang='lat' dir='ltr'><strong>et</strong></span> <span class='ocrx_word' id='word_1_772' title='bbox 2195 4715 2774 4784; x_wconf 86' lang='lat' dir='ltr'><strong>concupiscentiarum.</strong></span> <span class='ocrx_word' id='word_1_773' title='bbox 2801 4717 2857 4772; x_wconf 91' lang='lat' dir='ltr'><strong>ln</strong></span> <span class='ocrx_word' id='word_1_774' title='bbox 2879 4719 3089 4774; x_wconf 89' lang='lat' dir='ltr'><strong>cithara</strong></span> <span class='ocrx_word' id='word_1_775' title='bbox 3111 4719 3317 4790; x_wconf 88' lang='lat' dir='ltr'><strong>lignum</strong></span> <span class='ocrx_word' id='word_1_776' title='bbox 3345 4729 3400 4776; x_wconf 92' lang='lat' dir='ltr'><strong>et</strong></span> <span class='ocrx_word' id='word_1_777' title='bbox 3427 4723 3651 4779; x_wconf 58' lang='lat' dir='ltr'><strong>chorda</strong></span> <span class='ocrx_word' id='word_1_778' title='bbox 3681 4740 3702 4777; x_wconf 74' lang='grc' dir='ltr'><strong><em>τ</em></strong></span> 
     </span>
    </p>
   </div>
   <div class='ocr_carea' id='block_1_109' title="bbox 2113 4805 3702 4878">
    <p class='ocr_par' dir='ltr' id='par_1_109' title="bbox 2113 4805 3702 4878">
     <span class='ocr_line' id='line_1_109' title="bbox 2113 4805 3702 4878; baseline 0.006 -19"><span class='ocrx_word' id='word_1_779' title='bbox 2113 4820 2212 4876; x_wconf 86' lang='lat' dir='ltr'><strong>per</strong></span> <span class='ocrx_word' id='word_1_780' title='bbox 2242 4805 2445 4875; x_wconf 87' lang='lat' dir='ltr'><strong>lignum</strong></span> <span class='ocrx_word' id='word_1_781' title='bbox 2479 4821 2612 4862; x_wconf 78' lang='lat' dir='ltr'><strong>crux</strong></span> <span class='ocrx_word' id='word_1_782' title='bbox 2649 4805 2869 4872; x_wconf 88' lang='lat' dir='ltr'><strong>Christi,</strong></span> <span class='ocrx_word' id='word_1_783' title='bbox 2906 4825 3002 4878; x_wconf 91' lang='lat' dir='ltr'><strong>per</strong></span> <span class='ocrx_word' id='word_1_784' title='bbox 3039 4810 3272 4865; x_wconf 85' lang='lat' dir='ltr'><strong>chordas</strong></span> <span class='ocrx_word' id='word_1_785' title='bbox 3311 4827 3443 4867; x_wconf 89' lang='lat' dir='ltr'><strong>caro</strong></span> <span class='ocrx_word' id='word_1_786' title='bbox 3481 4823 3702 4869; x_wconf 82' lang='lat' dir='ltr'><strong>sancto-</strong></span> 
     </span>
    </p>
   </div>
   <div class='ocr_carea' id='block_1_110' title="bbox 2116 4896 3702 4968">
    <p class='ocr_par' dir='ltr' id='par_1_110' title="bbox 2116 4896 3702 4968">
     <span class='ocr_line' id='line_1_110' title="bbox 2116 4896 3702 4968; baseline 0.006 -18"><span class='ocrx_word' id='word_1_787' title='bbox 2116 4911 2258 4961; x_wconf 89' lang='lat' dir='ltr'><strong>rum,</strong></span> <span class='ocrx_word' id='word_1_788' title='bbox 2289 4911 2408 4966; x_wconf 73' lang='lat' dir='ltr'><strong>qua:</strong></span> <span class='ocrx_word' id='word_1_789' title='bbox 2439 4896 2675 4950; x_wconf 87' lang='lat' dir='ltr'><strong>tenditur</strong></span> <span class='ocrx_word' id='word_1_790' title='bbox 2707 4897 2764 4952; x_wconf 92' lang='lat' dir='ltr'><strong>in</strong></span> <span class='ocrx_word' id='word_1_791' title='bbox 2802 4898 2968 4968; x_wconf 88' lang='lat' dir='ltr'><strong>ligno,</strong></span> <span class='ocrx_word' id='word_1_792' title='bbox 2998 4899 3123 4954; x_wconf 84' lang='lat' dir='ltr'><strong>dum</strong></span> <span class='ocrx_word' id='word_1_793' title='bbox 3152 4901 3384 4956; x_wconf 90' lang='lat' dir='ltr'><strong>diversis</strong></span> <span class='ocrx_word' id='word_1_794' title='bbox 3415 4906 3702 4959; x_wconf 83' lang='lat' dir='ltr'><strong>tormentis</strong></span> 
     </span>
    </p>
   </div>
   <div class='ocr_carea' id='block_1_111' title="bbox 2116 4988 3695 5050">
    <p class='ocr_par' dir='ltr' id='par_1_111' title="bbox 2116 4988 3695 5050">
     <span class='ocr_line' id='line_1_111' title="bbox 2116 4988 3695 5050; baseline 0.003 -7"><span class='ocrx_word' id='word_1_795' title='bbox 2116 4989 2364 5045; x_wconf 90' lang='lat' dir='ltr'><strong>eumdem</strong></span> <span class='ocrx_word' id='word_1_796' title='bbox 2391 5004 2580 5044; x_wconf 91' lang='lat' dir='ltr'><strong>sonum</strong></span> <span class='ocrx_word' id='word_1_797' title='bbox 2611 4988 2896 5046; x_wconf 90' lang='lat' dir='ltr'><strong>reddentes</strong></span> <span class='ocrx_word' id='word_1_798' title='bbox 2924 5006 3142 5047; x_wconf 90' lang='lat' dir='ltr'><strong>crucem</strong></span> <span class='ocrx_word' id='word_1_799' title='bbox 3166 4991 3367 5048; x_wconf 87' lang='lat' dir='ltr'><strong>Christi</strong></span> <span class='ocrx_word' id='word_1_800' title='bbox 3392 4996 3695 5050; x_wconf 81' lang='lat' dir='ltr'><strong>imitantur.</strong></span> 
     </span>
    </p>
   </div>
   <div class='ocr_carea' id='block_1_112' title="bbox 2186 5079 3697 5143">
    <p class='ocr_par' dir='ltr' id='par_1_112' title="bbox 2186 5079 3697 5143">
     <span class='ocr_line' id='line_1_112' title="bbox 2186 5079 3697 5143; baseline 0.006 -9"><span class='ocrx_word' id='word_1_801' title='bbox 2186 5079 2349 5136; x_wconf 71' lang='lat' dir='ltr'><strong>Vens.</strong></span> <span class='ocrx_word' id='word_1_802' title='bbox 2399 5081 2452 5136; x_wconf 88' lang='lat'><strong>9.</strong></span> <span class='ocrx_word' id='word_1_803' title='bbox 2491 5111 2562 5122; x_wconf 94' lang='lat'><strong>—</strong></span> <span class='ocrx_word' id='word_1_804' title='bbox 2607 5079 2902 5137; x_wconf 88' lang='lat' dir='ltr'><strong>Cantabant</strong></span> <span class='ocrx_word' id='word_1_805' title='bbox 2949 5085 3228 5140; x_wconf 81' lang='lat' dir='ltr'><strong>canticum.</strong></span> <span class='ocrx_word' id='word_1_806' title='bbox 3273 5085 3408 5142; x_wconf 90' lang='lat' dir='ltr'><strong>Cum</strong></span> <span class='ocrx_word' id='word_1_807' title='bbox 3454 5089 3697 5143; x_wconf 81' lang='lat' dir='ltr'><strong>exsulta-</strong></span> 
     </span>
    </p>
   </div>
   <div class='ocr_carea' id='block_1_113' title="bbox 2114 5171 3672 5249">
    <p class='ocr_par' dir='ltr' id='par_1_113' title="bbox 2114 5171 3672 5249">
     <span class='ocr_line' id='line_1_113' title="bbox 2114 5171 3672 5249; baseline 0.005 -23"><span class='ocrx_word' id='word_1_808' title='bbox 2114 5171 2258 5227; x_wconf 87' lang='lat' dir='ltr'><strong>tione</strong></span> <span class='ocrx_word' id='word_1_809' title='bbox 2308 5171 2518 5226; x_wconf 90' lang='lat' dir='ltr'><strong>Novum</strong></span> <span class='ocrx_word' id='word_1_810' title='bbox 2571 5172 2977 5229; x_wconf 88' lang='lat' dir='ltr'><strong>Testamentum</strong></span> <span class='ocrx_word' id='word_1_811' title='bbox 3032 5175 3274 5231; x_wconf 88' lang='lat' dir='ltr'><strong>Ecclesia</strong></span> <span class='ocrx_word' id='word_1_812' title='bbox 3319 5193 3488 5247; x_wconf 84' lang='lat' dir='ltr'><strong>opere</strong></span> <span class='ocrx_word' id='word_1_813' title='bbox 3535 5179 3672 5249; x_wconf 78' lang='lat' dir='ltr'><strong>proli</strong></span> 
     </span>
    </p>
   </div>
   <div class='ocr_carea' id='block_1_114' title="bbox 2115 5263 3697 5338">
    <p class='ocr_par' dir='ltr' id='par_1_114' title="bbox 2115 5263 3697 5338">
     <span class='ocr_line' id='line_1_114' title="bbox 2115 5263 3697 5338; baseline 0.003 -19"><span class='ocrx_word' id='word_1_814' title='bbox 2115 5271 2277 5330; x_wconf 90' lang='lat' dir='ltr'><strong>tetur,</strong></span> <span class='ocrx_word' id='word_1_815' title='bbox 2308 5263 2434 5319; x_wconf 90' lang='lat' dir='ltr'><strong>dum</strong></span> <span class='ocrx_word' id='word_1_816' title='bbox 2472 5263 2525 5319; x_wconf 91' lang='lat' dir='ltr'><strong>in</strong></span> <span class='ocrx_word' id='word_1_817' title='bbox 2564 5273 2738 5319; x_wconf 90' lang='lat' dir='ltr'><strong>morte</strong></span> <span class='ocrx_word' id='word_1_818' title='bbox 2765 5266 2883 5335; x_wconf 87' lang='lat' dir='ltr'><strong>ejus</strong></span> <span class='ocrx_word' id='word_1_819' title='bbox 2920 5267 3178 5338; x_wconf 84' lang='lat' dir='ltr'><strong>baptizat.</strong></span> <span class='ocrx_word' id='word_1_820' title='bbox 3213 5267 3393 5321; x_wconf 87' lang='lat' dir='ltr'><strong>Tribu.</strong></span> <span class='ocrx_word' id='word_1_821' title='bbox 3431 5268 3638 5324; x_wconf 90' lang='lat' dir='ltr'><strong>Dicitur</strong></span> <span class='ocrx_word' id='word_1_822' title='bbox 3665 5285 3697 5324; x_wconf 88' lang='lat' dir='ltr'><strong>a</strong></span> 
     </span>
    </p>
   </div>
   <div class='ocr_carea' id='block_1_115' title="bbox 2110 5354 3696 5428">
    <p class='ocr_par' dir='ltr' id='par_1_115' title="bbox 2110 5354 3696 5428">
     <span class='ocr_line' id='line_1_115' title="bbox 2110 5354 3696 5428; baseline 0.003 -18"><span class='ocrx_word' id='word_1_823' title='bbox 2110 5354 2288 5411; x_wconf 88' lang='lat' dir='ltr'><strong>tribus</strong></span> <span class='ocrx_word' id='word_1_824' title='bbox 2323 5355 2632 5419; x_wconf 91' lang='lat' dir='ltr'><strong>ordinibus,</strong></span> <span class='ocrx_word' id='word_1_825' title='bbox 2671 5355 2727 5410; x_wconf 89' lang='lat' dir='ltr'><strong>in</strong></span> <span class='ocrx_word' id='word_1_826' title='bbox 2763 5357 2962 5427; x_wconf 91' lang='lat' dir='ltr'><strong>quibus</strong></span> <span class='ocrx_word' id='word_1_827' title='bbox 2991 5358 3097 5413; x_wconf 90' lang='lat' dir='ltr'><strong>duo</strong></span> <span class='ocrx_word' id='word_1_828' title='bbox 3128 5370 3185 5412; x_wconf 87' lang='lat' dir='ltr'><strong>et</strong></span> <span class='ocrx_word' id='word_1_829' title='bbox 3221 5359 3558 5428; x_wconf 84' lang='lat' dir='ltr'><strong>septuaginta</strong></span> <span class='ocrx_word' id='word_1_830' title='bbox 3590 5359 3696 5415; x_wconf 83' lang='lat' dir='ltr'><strong>lin-</strong></span> 
     </span>
    </p>
   </div>
   <div class='ocr_carea' id='block_1_116' title="bbox 2111 5447 3699 5520">
    <p class='ocr_par' dir='ltr' id='par_1_116' title="bbox 2111 5447 3699 5520">
     <span class='ocr_line' id='line_1_116' title="bbox 2111 5447 3699 5520; baseline 0.001 -18"><span class='ocrx_word' id='word_1_831' title='bbox 2111 5463 2228 5520; x_wconf 64' lang='lat' dir='ltr'><strong>gua;</strong></span> <span class='ocrx_word' id='word_1_832' title='bbox 2250 5447 2304 5501; x_wconf 91' lang='lat' dir='ltr'><strong>in</strong></span> <span class='ocrx_word' id='word_1_833' title='bbox 2328 5447 2571 5519; x_wconf 89' lang='lat' dir='ltr'><strong>singulis,</strong></span> <span class='ocrx_word' id='word_1_834' title='bbox 2593 5463 2820 5518; x_wconf 89' lang='lat' dir='ltr'><strong>quarum</strong></span> <span class='ocrx_word' id='word_1_835' title='bbox 2841 5449 2990 5504; x_wconf 88' lang='lat' dir='ltr'><strong>multi</strong></span> <span class='ocrx_word' id='word_1_836' title='bbox 3013 5449 3214 5520; x_wconf 91' lang='lat' dir='ltr'><strong>populi,</strong></span> <span class='ocrx_word' id='word_1_837' title='bbox 3235 5449 3287 5504; x_wconf 89' lang='lat' dir='ltr'><strong>in</strong></span> <span class='ocrx_word' id='word_1_838' title='bbox 3311 5449 3506 5518; x_wconf 87' lang='lat' dir='ltr'><strong>populo</strong></span> <span class='ocrx_word' id='word_1_839' title='bbox 3523 5451 3699 5504; x_wconf 84' lang='lat' dir='ltr'><strong>natio-</strong></span> 
     </span>
    </p>
   </div>
   <div class='ocr_carea' id='block_1_117' title="bbox 2110 5538 3694 5605">
    <p class='ocr_par' dir='ltr' id='par_1_117' title="bbox 2110 5538 3694 5605">
     <span class='ocr_line' id='line_1_117' title="bbox 2110 5538 3694 5605; baseline 0.001 -11"><span class='ocrx_word' id='word_1_840' title='bbox 2110 5555 2226 5595; x_wconf 88' lang='lat' dir='ltr'><strong>nes.</strong></span> <span class='ocrx_word' id='word_1_841' title='bbox 2246 5538 2381 5595; x_wconf 89' lang='lat' dir='ltr'><strong>Tres</strong></span> <span class='ocrx_word' id='word_1_842' title='bbox 2403 5539 2621 5596; x_wconf 89' lang='lat' dir='ltr'><strong>ordines</strong></span> <span class='ocrx_word' id='word_1_843' title='bbox 2643 5540 3046 5604; x_wconf 87' lang='lat' dir='ltr'><strong>salvandorum,</strong></span> <span class='ocrx_word' id='word_1_844' title='bbox 3068 5539 3203 5605; x_wconf 83' lang='lat' dir='ltr'><strong>Noe,</strong></span> <span class='ocrx_word' id='word_1_845' title='bbox 3224 5539 3436 5604; x_wconf 86' lang='lat' dir='ltr'><strong>Daniel,</strong></span> <span class='ocrx_word' id='word_1_846' title='bbox 3457 5539 3580 5596; x_wconf 83' lang='lat' dir='ltr'><strong>Job.</strong></span> <span class='ocrx_word' id='word_1_847' title='bbox 3597 5539 3694 5595; x_wconf 76' lang='lat' dir='ltr'><strong>Vel</strong></span> 
     </span>
    </p>
   </div>
   <div class='ocr_carea' id='block_1_118' title="bbox 2109 5631 3584 5702">
    <p class='ocr_par' dir='ltr' id='par_1_118' title="bbox 2109 5631 3584 5702">
     <span class='ocr_line' id='line_1_118' title="bbox 2109 5631 3584 5702; baseline -0.002 -15"><span class='ocrx_word' id='word_1_848' title='bbox 2109 5641 2221 5688; x_wconf 89' lang='lat' dir='ltr'><strong>tres</strong></span> <span class='ocrx_word' id='word_1_849' title='bbox 2247 5633 2465 5688; x_wconf 88' lang='lat' dir='ltr'><strong>ordines</strong></span> <span class='ocrx_word' id='word_1_850' title='bbox 2487 5633 2750 5702; x_wconf 83' lang='lat' dir='ltr'><strong>gentium,</strong></span> <span class='ocrx_word' id='word_1_851' title='bbox 2773 5632 2968 5699; x_wconf 74' lang='lat' dir='ltr'><strong>Graeci,</strong></span> <span class='ocrx_word' id='word_1_852' title='bbox 2997 5631 3244 5698; x_wconf 66' lang='lat' dir='ltr'><strong>Hzebtmi,</strong></span> <span class='ocrx_word' id='word_1_853' title='bbox 3272 5631 3584 5687; x_wconf 83' lang='lat' dir='ltr'><strong>Christiani.</strong></span> 
     </span>
    </p>
   </div>
   <div class='ocr_carea' id='block_1_119' title="bbox 2182 5722 3688 5779">
    <p class='ocr_par' dir='ltr' id='par_1_119' title="bbox 2182 5722 3688 5779">
     <span class='ocr_line' id='line_1_119' title="bbox 2182 5722 3688 5779; baseline 0.001 -3"><span class='ocrx_word' id='word_1_854' title='bbox 2182 5723 2465 5778; x_wconf 69' lang='lat' dir='ltr'><strong>Vens-ll.</strong></span> <span class='ocrx_word' id='word_1_855' title='bbox 2498 5755 2565 5763; x_wconf 88' lang='lat'><strong>——</strong></span> <span class='ocrx_word' id='word_1_856' title='bbox 2603 5723 2742 5778; x_wconf 79' lang='lat' dir='ltr'><strong>Vidi.</strong></span> <span class='ocrx_word' id='word_1_857' title='bbox 2793 5722 2907 5779; x_wconf 86' lang='lat' dir='ltr'><strong>Non</strong></span> <span class='ocrx_word' id='word_1_858' title='bbox 2939 5724 3109 5779; x_wconf 89' lang='lat' dir='ltr'><strong>solum</strong></span> <span class='ocrx_word' id='word_1_859' title='bbox 3140 5722 3392 5779; x_wconf 85' lang='lat' dir='ltr'><strong>animalia</strong></span> <span class='ocrx_word' id='word_1_860' title='bbox 3421 5731 3476 5777; x_wconf 85' lang='lat' dir='ltr'><strong>et</strong></span> <span class='ocrx_word' id='word_1_861' title='bbox 3510 5725 3688 5778; x_wconf 87' lang='lat' dir='ltr'><strong>senio-</strong></span> 
     </span>
    </p>
   </div>
   <div class='ocr_carea' id='block_1_120' title="bbox 2115 5813 3685 5881">
    <p class='ocr_par' dir='ltr' id='par_1_120' title="bbox 2115 5813 3685 5881">
     <span class='ocr_line' id='line_1_120' title="bbox 2115 5813 3685 5881; baseline -0.003 -9"><span class='ocrx_word' id='word_1_862' title='bbox 2115 5833 2200 5873; x_wconf 90' lang='lat' dir='ltr'><strong>res</strong></span> <span class='ocrx_word' id='word_1_863' title='bbox 2224 5832 2290 5873; x_wconf 81' lang='lat' dir='ltr'><strong>cx</strong></span> <span class='ocrx_word' id='word_1_864' title='bbox 2319 5815 2492 5873; x_wconf 75' lang='lat' dir='ltr'><strong>officio</strong></span> <span class='ocrx_word' id='word_1_865' title='bbox 2520 5831 2617 5871; x_wconf 91' lang='lat' dir='ltr'><strong>suo</strong></span> <span class='ocrx_word' id='word_1_866' title='bbox 2643 5817 2781 5872; x_wconf 89' lang='lat' dir='ltr'><strong>idem</strong></span> <span class='ocrx_word' id='word_1_867' title='bbox 2810 5822 3146 5881; x_wconf 86' lang='lat' dir='ltr'><strong>attestantes,</strong></span> <span class='ocrx_word' id='word_1_868' title='bbox 3177 5814 3269 5870; x_wconf 88' lang='lat' dir='ltr'><strong>sed</strong></span> <span class='ocrx_word' id='word_1_869' title='bbox 3295 5814 3460 5868; x_wconf 83' lang='lat' dir='ltr'><strong>etiam</strong></span> <span class='ocrx_word' id='word_1_870' title='bbox 3486 5813 3685 5868; x_wconf 74' lang='lat' dir='ltr'><strong>audiri.</strong></span> 
     </span>
    </p>
   </div>
  </div>
