3948 6314
219 402 231 416 ’
287 399 378 457 72!

1237 404 1503 461 GLOSSA
1539 395 1934 461 ORDINARIA.
1975 425 2046 439 —
2082 396 2278 453 APOC.
2320 395 2622 452 JOANNIS.

3425 393 3530 450 732

363 509 548 567 Vocem
595 508 916 584 angelorum.
969 512 1027 571 Id
1073 523 1156 571 est
1183 529 1538 586 supernorum
1566 516 1851 586 spirituum
1877 510 1933 572 Α
1954 523 2169 563 omnem
2201 509 2437 578 quietem
2465 506 2629 562 animi
2659 507 2726 562 ab
2755 505 2840 562 his
2864 503 2955 576 qui
2995 514 3121 562 sunt
3160 507 3391 564 terrenis
3431 507 3528 564 de-

287 603 374 674 qui
395 601 690 658 Ecclesiam
711 604 961 660 muniunt
979 613 1034 659 ct
1053 606 1382 672 custodiunt,
1405 606 1496 675 qui
1517 606 1582 660 de
1603 611 1854 674 reparato

284 705 590 752 sanctorum
629 697 902 752 consortio
950 698 1316 769 gratulantur,
1359 699 1449 768 qui
1490 696 1853 752 testimonium

282 787 565 859 perhibent
589 784 826 855 Christo,
851 797 906 844 et
930 789 984 844 in
1021 790 1316 856 nativitate,
1350 790 1562 860 quando
1591 785 1854 859 apparue-

282 887 404 934 runt
429 879 734 949 pastoribus
755 890 811 935 et
837 880 890 935 in
921 881 1192 952 passione,
1220 888 1276 937 et
1301 882 1355 936 in
1383 880 1772 937 resurrectione
1797 887 1852 934 et

279 970 595 1024 ascensione
626 969 805 1024 testati
826 980 952 1025 sunt
965 971 1202 1041 judicem
1227 979 1534 1025 venturum.
1559 969 1656 1024 Vel
1677 968 1850 1040 angeli

279 1067 402 1115 sunt
438 1060 677 1116 minores
710 1060 908 1116 subditi
950 1062 1005 1116 in
1043 1061 1308 1126 Ecclesia,
1345 1060 1645 1130 angelicam
1683 1059 1849 1114 vitam

277 1151 555 1215 ducentes,
584 1152 676 1222 qui
700 1153 1038 1208 circumdant
1063 1161 1117 1208 et
1142 1154 1410 1208 honorant
1440 1167 1567 1208 suos
1591 1151 1850 1222 praedica-

278 1249 420 1297 tores
446 1250 500 1297 et
527 1257 653 1297 suos
675 1239 882 1311 iudices
909 1243 1212 1298 testimonio
1237 1258 1426 1298 corum
1451 1243 1848 1298 consentientes

272 1339 323 1386 ct
351 1347 410 1387 se
442 1332 860 1390 conformantes.
904 1333 1192 1388 Multorum
1239 1333 1297 1388 in
1339 1334 1561 1388 circuitu
1594 1335 1765 1388 throni
1798 1342 1847 1388 et

269 1424 582 1480 animalium
631 1435 680 1481 et
725 1428 1010 1495 seniorum,
1053 1436 1158 1482 etc.
1201 1427 1411 1494 Quanto
1457 1427 1653 1496 plures,
1698 1435 1846 1483 tanto

265 1515 442 1584 major
467 1517 760 1584 attestatio,
801 1526 855 1572 et
889 1516 1065 1587 majus
1093 1517 1368 1588 gaudium.
1399 1516 1570 1570 Millia
1600 1515 1841 1571 millium.

264 1602 422 1660 Hunc
451 1621 731 1662 numerum
763 1608 961 1679 posuit,
991 1609 1115 1678 quia
1143 1608 1351 1663 ﬁnitum
1385 1617 1470 1665 est
1503 1608 1643 1682 apud
1671 1607 1843 1666 Deum

145 1748 159 1762 ,
261 1698 408 1766 quod
441 1700 747 1756 hominibus
778 1701 1069 1757 inﬁnitum.

337 1787 504 1844 Vens.
562 1790 648 1845 12.
693 1821 766 1834 -
807 1791 1163 1864 Sapientiam,
1212 1802 1260 1848 et
1298 1792 1686 1864 fortitudinem,
1733 1801 1838 1850 etc.

1955 600 2071 654 diti.
2110 598 2178 652 Et
2201 599 2354 652 datus
2377 608 2452 653 est
2481 600 2527 653 ei
2549 597 2755 668 gladius
2783 615 3025 668 magnus.
3075 598 3262 670 Magna
3285 607 3526 668 potestas

1956 690 2328 758 interﬁciendi,
2358 690 2484 761 quia
2510 705 2616 746 non
2645 691 2816 747 solum
2854 691 2909 745 in
2943 693 3202 757 minores,
3230 692 3326 748 sed
3357 693 3523 748 etiam

1954 779 2008 834 in
2032 779 2286 850 majores,
2315 788 2377 834 ut
2396 781 2451 834 in
2480 778 2726 847 Petrum,
2750 781 2940 837 saevire
2967 797 3133 837 ausus
3161 789 3263 838 est.

2023 873 2184 929 Vens.
2227 872 2372 929 5.-
2397 873 2469 928 Et
2489 891 2602 930 ecce
2631 892 2790 946 equus
2833 876 2999 948 niger.
3030 877 3233 933 Videns
3275 873 3523 932 diabolus

1950 980 2009 1020 se
2045 980 2142 1035 per
2169 974 2386 1036 apertas
2409 969 2812 1037 persecutiones
2839 984 2946 1024 non
2972 969 3284 1039 profecisse.
3317 970 3523 1025 immit-

1950 1058 2015 1110 tit
2063 1058 2366 1124 hzereticos,
2394 1059 2485 1128 qui
2534 1059 2684 1116 falsis
2732 1061 3034 1118 rationibus
3077 1067 3408 1119 contendant
3460 1071 3524 1120 ut

1949 1149 2165 1204 facilius
2197 1151 2482 1220 decipiant.

2018 1239 2304 1296 Stateram.
2351 1242 2485 1309 Quia
2517 1243 2702 1299 dicunt
2752 1259 2811 1300 se
2837 1245 3040 1302 habere
3083 1262 3268 1304 veram
3309 1246 3518 1304 discre-

1948 1333 2146 1388 tionem
2171 1334 2223 1387 in
2249 1333 2565 1404 Scripturis.

2017 1425 2178 1479 Vnns.
2204 1426 2256 1480 6.
2286 1457 2358 1466 —
2381 1426 2450 1480 Et
2471 1427 2648 1482 audivi
2679 1437 2948 1499 tanquam.
2986 1429 3122 1497 Quia
3148 1429 3238 1485 hic
3260 1429 3315 1484 in
3341 1443 3517 1503 pugna

1945 1515 2339 1580 haereticorum,
2368 1517 2460 1572 ubi
2499 1527 2584 1574 est
2620 1517 2794 1586 majus
2823 1519 3139 1588 periculum,
3170 1521 3519 1590 praetenditur

1944 1609 2223 1663 auxilium.
2243 1608 2482 1663 Bilibris.
2505 1609 2668 1676 Quasi
2691 1609 2866 1665 dicat:
2893 1610 2938 1666 Ο
2968 1610 3168 1675 fideles,
3197 1624 3264 1666 ne
3281 1610 3518 1667 timentis

1941 1711 2035 1754 eos
2059 1699 2325 1769 quiantea
2350 1716 2445 1755 vos
2467 1709 2718 1770 poterant
2743 1699 2966 1768 laedere;
2993 1709 3048 1758 et
3070 1717 3166 1758 vos
3193 1702 3411 1768 diaboli,
3445 1717 3516 1758 ne

1940 1789 2147 1847 laudatis
2197 1792 2349 1858 istos,
2382 1793 2506 1863 quia
2537 1808 2644 1848 non
2679 1793 2992 1862 proﬁcietis,
3023 1794 3146 1864 quia
3191 1793 3389 1848 bilibris
3416 1794 3515 1847 tri-

259 1877 636 1948 Cognitionem
685 1857 924 1940 omnium
974 1857 1179 1952 rerum,
1227 1857 1364 1942 sicut
1409 1885 1570 1942 habet
1605 1857 1839 1942 Verbum
1867 1857 1916 1920 Β
1943 1883 2055 1949 tici,
2086 1893 2192 1939 etc.
2248 1857 2450 1938 Tritici.
2482 1883 2586 1938 Per
2638 1857 2878 1938 triticum
2928 1857 3296 1954 intelliguntur
3337 1883 3516 1956 perfe-

170 1958 174 1961 ’
259 1968 360 2024 sibi
406 1971 636 2026 unitum.

332 2059 498 2116 Vens.
544 2064 629 2118 l3.
655 2095 724 2104 —
750 2064 1068 2120 Benedictio.
1094 2065 1149 2120 ld
1175 2075 1259 2122 est
1283 2067 1648 2138 augmentatio
1677 2083 1838 2137 quam

233 2153 524 2208 habemus
550 2155 603 2208 in
635 2156 791 2211 bonis
815 2158 1086 2226 operibus,
1114 2168 1161 2212 et
1189 2159 1356 2215 honor
1379 2160 1471 2230 qui
1498 2159 1623 2215 inde
1653 2161 1837 2230 sequi-

254 2253 364 2313 tur,
398 2256 450 2300 et
477 2247 643 2317 gloria
686 2249 751 2304 de
777 2251 1067 2307 virtutibus
1093 2267 1228 2321 quas
1257 2253 1311 2305 in
1339 2252 1609 2321 baptismo
1633 2253 1838 2324 accipi-

252 2351 398 2402 mus,
435 2347 482 2391 et
506 2348 732 2408 potestas
757 2355 862 2408 qua
890 2342 1342 2412 concupiscentiis
1369 2342 1692 2411 resistimus,
1727 2359 1836 2399 non

251 2428 439 2493 nobis,
469 2429 561 2484 sed
591 2430 683 2484 tibi
711 2431 1054 2485 attribuatur.

328 2519 492 2576 Vens.
536 2522 620 2576 14.
653 2553 722 2562 —
747 2522 816 2576 Et
857 2535 1082 2594 quatuor
1105 2525 1379 2580 animalia.
1433 2525 1630 2583 Omnes
1659 2529 1835 2584 senio-

252 2624 344 2664 res
365 2621 422 2665 et
452 2612 701 2666 animalia
725 2613 1030 2669 testimonio
1053 2615 1368 2686 angelorum
1394 2631 1670 2672 assensum
1698 2634 1834 2688 pra:-

247 2702 402 2757 bent.
443 2702 750 2760 Ceciderunt
773 2707 826 2759 in
850 2706 1032 2776 facies,
1057 2715 1164 2762 etc.
1196 2707 1314 2764 Non
1341 2709 1658 2779 superbiunt
1686 2709 1830 2780 quod

249 2793 396 2851 alios
419 2794 682 2866 judicant,
712 2797 807 2854 sed
835 2798 1122 2854 humiliant
1143 2814 1220 2855 se.

870 2931 1096 2989 CAPUT
1137 2932 1221 2989 Vl.

326 3067 496 3121 Vens.
527 3067 722 3121 L—Et
745 3069 866 3124 vidi.
888 3068 1177 3139 Postquam
1199 3069 1382 3140 Agnus
1402 3087 1520 3142 qua:
1540 3073 1604 3128 de
1627 3088 1684 3129 se
1702 3089 1834 3144 prte-

243 3158 402 3213 dicta
451 3168 607 3214 erant
645 3160 882 3230 implevit
913 3170 968 3216 et
999 3161 1295 3217 Ecclesiam
1330 3179 1481 3218 suam
1516 3165 1824 3222 testimonio

236 3250 644 3319 prophetarum
691 3261 745 3307 et
776 3252 1084 3323 angelorum
1108 3253 1161 3307 in
1186 3253 1289 3309 ﬁde
1321 3254 1591 3321 solidavit,
1616 3259 1827 3327 aperuit

236 3341 328 3395 eis
357 3355 581 3395 sensum
606 3351 665 3396 ut
690 3343 1326 3414 intelligantScripturas,
1361 3355 1415 3400 et
1443 3363 1539 3418 per
1561 3349 1824 3418 praedica-

235 3439 402 3489 tores
412 3434 648 3491 exterius
661 3435 912 3491 demmtja
922 3445 960 3503 ι,
981 3437 1122 3508 quod
1135 3452 1232 3508 pro
1258 3438 1358 3493 hac
1376 3437 1477 3496 ﬁde
1490 3441 1600 3508 pati
1617 3441 1822 3509 deceat,

229 3536 294 3584 et
317 3543 449 3598 quae
472 3529 689 3595 auxilia,
715 3529 797 3584 vel
825 3546 960 3600 quas
988 3546 1216 3586 coronas
1242 3533 1354 3587 suis
1386 3533 1636 3604 praeferat
1653 3576 1668 3599 ,
1699 3537 1825 3605 quia

234 3615 396 3672 facta
425 3620 684 3674 memoria
716 3620 784 3675 de
812 3621 1175 3691 reparatione,
1205 3623 1252 3677 si
1288 3623 1355 3678 de
1385 3625 1825 3685 tribulationibus

230 3718 479 3777 taceret,
486 3709 599 3780 jam
613 3713 1092 3782 possentdeﬁcere,
1109 3716 1153 3770 si
1169 3715 1235 3771 de
1247 3718 1538 3787 improviso
1553 3721 1826 3777 tribulatio

231 3801 577 3873 insurgeret.
611 3803 764 3869 Quod
786 3805 1090 3874 aperuisset.
1123 3806 1375 3878 Signatus
1396 3819 1516 3864 erat
1540 3810 1638 3865 iste
1659 3811 1816 3876 liber,

227 3896 367 3966 quia
399 3895 586 3950 omnia
627 3895 872 3952 Christus
917 3898 998 3952 vel
1024 3899 1076 3952 in
1116 3914 1196 3964 se,
1224 3901 1309 3954 vel
1351 3901 1404 3955 in
1451 3901 1563 3958 suis
1591 3907 1818 3974 aperuit.

225 3983 358 4055 Ipse
387 3984 538 4040 enim
563 3985 674 4040 suis
693 3989 905 4054 aperuit
928 4000 1137 4050 sensus,
1159 3998 1219 4042 ut
1245 3991 1360 4044 haec
1386 3991 1561 4061 sigilla
1587 3994 1641 4046 in
1674 3993 1821 4048 Scri-

225 4078 422 4149 pturis
473 4077 854 4148 intelligerent.
900 4079 958 4132 In
1005 4079 1180 4148 primo
1225 4081 1399 4149 sigillo
1439 4091 1644 4152 aperto,
1680 4084 1822 4138 unde

223 4183 503 4238 egressus
523 4179 608 4225 est
647 4185 818 4240 equus
840 4170 1013 4236 albus,
1043 4171 1356 4241 intelligitur
1380 4173 1634 4229 Ecclesiae
1669 4175 1818 4229 deal-

220 4261 387 4318 hatio
415 4276 520 4331 per
546 4263 891 4332 baptismum.
922 4262 980 4318 In
1013 4266 1248 4320 secundo
1272 4281 1411 4337 equo
1433 4265 1556 4322 rufo
1582 4267 1820 4324 insinua-

220 4357 320 4405 tur
351 4359 552 4421 aperta
590 4353 892 4421 persecutio
923 4354 1258 4410 fundentium
1299 4359 1640 4429 sanguinem,
1675 4360 1819 4416 unde

217 4441 534 4511 baptizatis
571 4441 856 4513 insurgunt
905 4445 1295 4502 tribulationes.
1342 4448 1398 4501 ln
1438 4450 1598 4504 tertio
1641 4451 1814 4520 nigro,

217 4534 619 4590 hareticorum
649 4538 957 4606 persecutio
992 4539 1221 4593 occulta.
1268 4539 1326 4594 ln
1353 4550 1547 4610 quarto
1592 4543 1810 4613 pallido,
1843 4583 1876 4613 π

214 4621 501 4680 falsorum
523 4635 770 4680 reatuum
793 4637 983 4697 aperta
1011 4636 1067 4682 et
1086 4629 1294 4683 occulta
1325 4631 1648 4698 persecutio.
1689 4629 1813 4684 Vetti

212 4724 266 4770 et
301 4716 451 4769 vide.
481 4716 526 4768 A
549 4717 809 4785 mysterio
839 4718 1028 4785 transi,
1056 4726 1111 4774 et
1156 4720 1476 4790 completam
1500 4723 1622 4777 vide
1669 4723 1812 4777 veri-

214 4812 400 4860 tatem
438 4805 521 4860 vel
538 4804 828 4874 justitiam.
1303 4825 1312 4834 '

289 4897 474 4953 Vens.
521 4896 578 4950 2.
611 4927 676 4938 --
699 4897 835 4955 Ecce
861 4916 1021 4971 equus
1047 4901 1219 4957 albus.
1251 4902 1495 4959 Ecclesia
1531 4905 1585 4959 in
1630 4906 1808 4976 hapti-

208 5003 340 5044 smo
385 4987 662 5055 dealbata,
691 4989 775 5045 vel
802 4992 1024 5046 maximi
1052 4993 1454 5062 praedicatores,
1477 4995 1569 5064 qui
1609 4994 1808 5066 ubique

209 5080 402 5138 Deum
435 5079 862 5136 ferunt.Arcum.
887 5082 1136 5139 Christus
1161 5085 1322 5142 habet
1351 5087 1684 5158 Scripturam
1702 5103 1806 5158 qua

205 5171 505 5230 illuminat
529 5188 678 5239 suos,
701 5181 758 5229 et
782 5174 980 5230 occidit
1006 5175 1276 5232 inimicos.

245 5307 250 5312 .
285 5263 474 5320 Vens.
515 5263 568 5318 '5.
593 5295 666 5308 —-
693 5265 762 5320 Et
783 5283 904 5321 cum
925 5269 1210 5339 aperuisset
1241 5268 1472 5338 sigillum
1499 5273 1804 5328 secundum.

205 5359 435 5416 Videns
475 5356 719 5412 diabolus
763 5357 1058 5414 Ecclesiam
1112 5359 1320 5416 institui
1357 5361 1422 5415 ad
1466 5361 1643 5418 locum
1675 5379 1804 5434 sup-

198 5451 510 5523 plendum,
541 5451 681 5506 unde
706 5451 822 5522 ipse
845 5453 1136 5520 ceciderat,
1173 5468 1292 5509 eam
1321 5455 1636 5511 subvertere
1666 5457 1800 5511 niti-

199 5555 299 5603 tnr
329 5544 500 5616 prius
521 5554 723 5616 aperte.
754 5546 933 5617 Equus
955 5547 1126 5616 rufus.
1160 5545 1436 5616 Superiori
1467 5551 1796 5616 contrarius,

194 5639 439 5696 scilicet
465 5638 637 5708 aperti
665 5648 1038 5708 persecutores
1066 5647 1120 5694 et
1150 5639 1567 5710 sanguinolenti.

192 5735 205 5767 '-
275 5728 463 5783 Vcns.
511 5727 564 5782 4.
590 5725 915 5782 —Sumeret
960 5744 1139 5798 pacem
1179 5729 1244 5782 de
1285 5738 1516 5794 terra,et
1559 5737 1616 5782 ut
1663 5730 1803 5785 indi-

183 5837 338 5901 qm,
376 5827 494 5874 etc.
544 5820 600 5877 ld
632 5829 717 5876 cst
743 5835 1058 5878 concessum
1101 5828 1185 5876 est
1231 5835 1262 5874 a
1295 5819 1426 5887 Deo,
1455 5829 1514 5876 ut
1563 5821 1801 5878 auferret

1939 1977 2158 2041 ctiores,
2191 1977 2282 2046 qui
2326 1992 2424 2047 per
2469 1959 2877 2032 tribulaﬁonem
2924 1976 3097 2030 attriti
3132 1976 3254 2047 igne
3303 1974 3512 2032 decocti

1935 2078 2078 2129 sunt,
2109 2066 2220 2121 Deo
2245 2067 2395 2122 cibus
2423 2068 2622 2121 suavis.
2674 2065 2948 2122 Hordeum
2998 2073 3123 2121 sunt
3167 2065 3403 2120 minores
3455 2064 3511 2120 in

1935 2157 2121 2212 eodem
2145 2171 2360 2227 genere.
2386 2157 2604 2222 Vinum,
2625 2156 2791 2226 praelo
2811 2157 3028 2226 quidem
3051 2155 3246 2221 attriti,
3279 2155 3374 2211 sed
3403 2172 3510 2212 non

1935 2247 2009 2301 ita
2039 2248 2268 2313 excocti,
2311 2263 2466 2304 acres
2512 2257 2724 2302 tantum
2772 2248 2826 2302 in
2874 2264 2954 2313 se,
3014 2255 3069 2302 et
3098 2248 3231 2303 alios
3278 2247 3346 2302 ad
3372 2247 3512 2302 bene

1933 2341 2266 2408 operandum
2314 2341 2882 2396 inebrianteswleum
2931 2348 3056 2396 sunt
3082 2355 3190 2395 non
3246 2338 3380 2394 alios
3421 2338 3508 2393 in-

1881 2465 1891 2470 -
1933 2428 2332 2492 ebriantes,scd
2347 2431 2494 2500 prius
2516 2420 3142 2500 orationibusungentes.
3175 2427 3246 2482 Et
3269 2430 3436 2484 vivum
3459 2439 3508 2484 et

1934 2519 2103 2573 oleum
2131 2537 2192 2574 ne
2217 2520 2475 2576 lteseritis.
2514 2521 2570 2574 ld
2597 2529 2683 2576 est
2711 2521 2842 2576 istos
2867 2522 2960 2591 qui
2990 2529 3116 2576 sunt
3143 2519 3328 2576 refecti
3359 2521 3508 2586 vino,

1934 2609 1987 2665 id
2035 2619 2119 2665 est
2158 2611 2418 2681 sanguine
2447 2626 2598 2678 meo,
2621 2621 2677 2667 et
2704 2612 2853 2678 oleo,
2877 2611 2932 2666 id
2971 2619 3056 2667 est
3077 2610 3280 2681 Spiritu
3319 2619 3508 2666 sancto

1931 2702 2099 2756 uncti.
2127 2700 2323 2757 Vinum
2351 2703 2600 2759 similiter
2624 2705 2825 2760 emitur
2844 2704 3069 2760 denario
3092 2719 3220 2760 uno.

2003 2793 2167 2848 Vens.
2199 2795 2254 2848 8.
2283 2824 2354 2834 —
2390 2793 2524 2850 Ecce
2549 2812 2708 2866 equus
2739 2795 2988 2866 pallidus.
3023 2793 3224 2850 Videns
3264 2793 3508 2851 diabolus

1929 2897 2032 2940 nec
2056 2899 2152 2954 per
2173 2895 2386 2956 apertas
2409 2887 2804 2953 tribulationes,
2837 2903 2938 2943 nec
2962 2901 3059 2957 per
3079 2895 3297 2958 apertas
3329 2889 3505 2944 haere-

1931 2991 2018 3032 ses
2043 2992 2199 3046 posse
2233 2977 2510 3048 proﬁcere,
2536 2979 2815 3048 praemittit
2844 2977 3007 3034 falsos
3034 2977 3264 3034 fratres:
3287 2978 3378 3049 qui
3403 2979 3504 3034 sub

1931 3067 2119 3122 habitu
2141 3068 2420 3140 religionis
2441 3069 2688 3124 obtinent
2711 3077 2961 3124 naturam
2985 3069 3087 3124 ruﬁ
3111 3069 3235 3140 equi
3262 3078 3316 3126 et
3340 3069 3502 3141 nigri,

1932 3159 2290 3228 pervertendo
2315 3159 2494 3215 ﬁdem.
2534 3159 2741 3214 Nomen
2771 3160 2850 3214 illi
2876 3177 3034 3215 mors.
3069 3160 3206 3226 Quia
3254 3176 3351 3230 per
3377 3176 3502 3215 eum

1932 3261 2080 3302 mors
2107 3248 2355 3314 accessit,
2378 3249 2460 3302 vel
2490 3249 2556 3303 ad
2585 3249 2820 3304 litteram
2852 3251 2975 3318 quia
3005 3249 3203 3305 occidit
3232 3250 3497 3319 quosdam

1929 3338 1983 3394 in
2006 3353 2191 3404 carne,
2216 3339 2478 3408 quosdam
2507 3339 2560 3393 in
2597 3339 2796 3393 anima.
2826 3337 2895 3393 Et
2916 3340 3173 3410 infernus.
3213 3341 3270 3395 ld
3297 3349 3381 3395 cst
3421 3342 3502 3395 in-

1929 3431 2204 3488 satiabiles
2228 3432 2459 3487 terrenis
2483 3447 2605 3487 eum
2626 3433 2927 3498 imitantur,
2950 3433 3081 3488 etin
3107 3433 3321 3488 inferno
3341 3448 3500 3503 appo-

1926 3533 2148 3578 nuntur.
2194 3523 2366 3595 Super
2399 3533 2644 3594 quatuor.
2675 3523 2732 3578 1d
2774 3534 2856 3580 est
2879 3540 3041 3595 super
3085 3540 3275 3581 omnes
3323 3525 3497 3582 malos

1926 3615 2124 3684 ubique
2174 3624 2488 3682 morantes,
2536 3615 2620 3670 vel
2667 3630 2829 3686 super
2873 3614 3082 3672 Judtcos
3131 3626 3186 3672 et
3229 3617 3494 3688 gentiles,

1923 3705 2206 3761 haereticos
2225 3715 2281 3761 et
2307 3704 2472 3761 falsos
2498 3705 2854 3763 Christianos.

1993 3797 2159 3854 Vens.
2185 3798 2239 3854 9.
2268 3830 2340 3840 —
2369 3798 2438 3853 Et
2459 3815 2596 3854 cum.
2628 3798 2871 3856 Ostensis
2903 3799 3341 3857 tribulationibus
3377 3815 3496 3872 qua:

1924 3891 1978 3946 in
2007 3892 2258 3962 praesenti
2282 3891 2564 3948 imminent
2593 3892 2861 3959 ﬁdelibus,
2889 3909 2956 3948 nc
2983 3893 3262 3961 deﬁciant,
3293 3893 3492 3963 aliqua-

1923 3990 2081 4036 tenus
2106 3982 2412 4037 certilicans
2439 3983 2504 4038 de
2525 3983 2828 4054 propinqua
2849 4000 3048 4040 corona
3076 3988 3344 4055 patientes
3370 4001 3496 4042 con~

1923 4074 2142 4129 solatur.
2194 4073 2314 4127 Vidi
2339 4075 2518 4129 subtus
2550 4075 2735 4130 altare.
2769 4076 2824 4130 ld
2853 4083 2936 4132 est
2961 4078 3125 4148 capiti
3170 4093 3266 4133 suo
3314 4079 3495 4133 humi-

1920 4166 2111 4221 liantes
2149 4181 2228 4232 sc,
2252 4165 2353 4230 vel,
2383 4167 2498 4232 sub,
2530 4167 2584 4221 in
2620 4169 2882 4225 absconso
2903 4171 3077 4242 ,quia
3106 4184 3266 4226 nemo
3304 4171 3355 4226 in
3388 4170 3491 4228 hac

1919 4259 2026 4313 vita
2060 4259 2289 4329 percipit
2310 4258 2580 4328 quomodo
2603 4258 2676 4314 ibi
2709 4262 2836 4315 sint.

1989 4352 2188 4406 Altare.
2218 4351 2466 4407 Christus
2492 4367 2654 4422 super
2679 4368 2837 4423 quem
2877 4370 2934 4409 se
2975 4369 3163 4410 omnes
3201 4355 3375 4411 sancti
3409 4355 3492 4412 of-

1918 4443 2117 4510 ferunt,
2147 4453 2203 4500 et
2233 4460 2392 4514 quem
2420 4445 2622 4500 habent
2650 4448 3063 4504 munimentum.
3096 4447 3190 4505 Vel
3221 4450 3348 4520 ipsae
3375 4428 3492 4506 ani2

1919 4547 2020 4592 ma:
2067 4538 2233 4594 altare
2277 4547 2401 4593 sunt
2447 4539 2512 4593 de
2557 4541 2753 4609 quibus
2785 4540 2961 4598 fumus
2985 4543 3230 4614 procedit
3257 4544 3366 4598 Deo
3393 4545 3487 4601 de-

1920 4627 2223 4694 lectabilis,
2274 4629 2495 4698 et‘quia
2551 4629 2765 4684 fuerunt
2815 4632 3074 4703 sanguine
3119 4630 3279 4696 liniti,
3331 4633 3489 4689 modo

1919 4727 2045 4772 sunt
2072 4717 2393 4773 exsistuntes
2437 4719 2646 4785 subtus,
2676 4719 2731 4773 id
2771 4728 2854 4774 est
2900 4721 2951 4774 in
2989 4721 3184 4776 minori
3229 4710 3509 4793 dignitate

1917 4824 2078 4878 quam
2105 4807 2213 4862 sint
2234 4807 2447 4873 futurae,
2486 4807 2611 4876 quia
2654 4810 2888 4864 nondum
2927 4809 3030 4864 nisi
3079 4825 3243 4865 unam
3295 4811 3488 4868 stolam

1917 4906 2256 4968 acceperunt.
2276 4897 2676 4966 Interfectorunt
2698 4908 2905 4969 propter
2921 4899 3150 4954 verbum.
3173 4900 3269 4956 Vel
3300 4911 3488 4972 aperto

1917 4991 2199 5061 martyrio,
2226 4989 2309 5045 vel
2336 4989 2604 5058 aliquibus
2625 4990 2989 5046 anxietatibus

1987 5082 2147 5137 Vens.
2175 5082 2262 5137 l0.
2291 5111 2360 5122 -—-
2392 5077 2689 5150 Usquequo.
2723 5081 3042 5138 Desiderant
3083 5085 3258 5141 sancti
3311 5083 3487 5155 majus

1910 5173 2163 5244 gaudium
2189 5179 2245 5225 et
2273 5169 2602 5226 consortium
2641 5180 2986 5240 sanctorum,
3035 5180 3091 5229 et
3131 5171 3355 5243 iustitiae
3389 5175 3485 5230 Dei

1909 5262 2252 5320 consentiunt
2277 5262 2330 5315 in
2362 5261 2708 5316 damnatione
2733 5262 3044 5333 impiorum.

1979 5356 2198 5412 Judicas
2236 5363 2284 5409 et
2332 5371 2434 5407 non
2461 5355 2690 5410 vindicas
2725 5359 3051 5428 sanguinem.
3079 5358 3350 5416 Faciendo
3374 5359 3484 5414 dist

1908 5449 2202 5505 cretionem
2232 5448 2494 5504 bonorum
2525 5456 2578 5502 et
2606 5448 2890 5504 malorum.

1980 5539 2142 5595 Vens.
2176 5538 2262 5592 11.
2285 5565 2356 5577 --
2376 5535 2620 5592 Conservi
2647 5557 2846 5596 eorum.
2871 5541 3025 5598 Servi
3046 5543 3299 5598 dicuntur
3319 5559 3481 5599 causa

1910 5632 2077 5703 ipsius
2103 5630 2349 5698 Domini,
2384 5629 2580 5687 fratres
2616 5647 2684 5687 ex
2721 5633 3008 5692 dilectione
3047 5635 3246 5692 debent
3291 5652 3482 5706 exspe-

1908 5733 1994 5780 cta
2001 5738 2075 5779 re.

1980 5817 2146 5874 Vens.
2183 5815 2270 5873 l2.
2310 5848 2378 5859 ——
2424 5816 2518 5876 Sol
2563 5818 2734 5889 factus
2772 5829 2847 5875 est
2879 5821 3043 5892 niger.
3077 5819 3133 5878 ld
3173 5831 3257 5880 est
3302 5820 3379 5878 illi
3420 5819 3480 5879 in
