3948 6314
413 322 517 378 ηδ
913 339 1301 406 WALAFRiDi
1343 350 1590 410 STRABI
1620 353 1825 411 rum.
1872 350 2039 410 non.
2079 349 2231 407 ore.
2272 348 2454 406 rans
2486 350 2642 422 ιη.-
2678 350 3136 411 Τιιεοιοειεε.
3567 357 3676 414 'm

384 434 611 541 aquibus
635 446 783 507 lucet
804 462 1202 526 reputabuntur
1225 466 1300 523 rei
1339 478 1393 525 et
1429 484 1744 541 peccatores
1766 469 1990 526 ciarita—
2014 466 2069 532 Α
2091 481 2231 523 onus
2264 438 2465 521 Christi
2502 474 2698 537 portet.
2730 465 2789 521 ln
2816 468 3043 533 vertice,
3069 476 3131 521 ut
3155 467 3423 523 rationem
3451 481 3675 523 conser-

409 539 703 633 temsuam
727 556 787 598 se
812 550 1124 620 retinentes,
1156 557 1239 612 vel
1261 561 1384 630 quia
1404 539 1621 633 quidam
1645 565 1713 620 ad
1738 566 1992 621 tenebras

2119 565 2204 623 νει,
2239 571 2358 629 qua:
2384 565 2469 612 est
2496 565 2685 613 vertex
2707 566 2761 612 et
2788 567 2951 628 caput
2973 559 3208 615 hominis
3232 560 3534 615 interioris.

384 620 680 721 .decident.
713 633 810 690 Vel
843 637 1093 700 Christus
1136 648 1215 702 sol
1258 620 1456 721 verus,
1496 665 1553 710 et
1598 656 1758 712 modo
1786 656 1987 721 clarus,

406 712 733 811 Antichristi
760 735 1000 800 tempore
1023 736 1127 790 erit
1152 712 1456 811 obscurus,
1504 745 1556 801 id
1599 755 1683 801 est
1712 746 1871 802 nullis
1896 712 1992 801 mi;

2167 644 2331 704 Vens.
2372 649 2427 703 4.
2452 647 2755 704 —Centum
2803 651 3176 722 quadraginta.
3208 651 3446 708 Finitum
3495 653 3673 724 ponit,

2094 741 2222 814 quia
2292 742 2436 797 Deus
2488 740 2592 797 sibi
2649 741 2775 818 sub.
2804 752 2957 799 certo
3008 760 3235 800 numero
3287 760 3483 803 omnes
3532 764 3685 804 com-

410 808 613 906 !‘aculis
658 827 970 877 coruscans.
1011 824 1283 899 Tanquam
1328 849 1534 892 saccus.
1584 838 1697 893 Lux
1744 840 1797 893 in
1832 854 1993 895 sacco
2090 833 2395 906 prehendit.

388 900 766 1001 apositaMextra
805 926 911 967 non
947 914 1124 985 lucet,
1167 921 1353 982 ﬁdeles
1390 926 1561 983 lucem
1594 932 1993 1001 praedicationis

406 996 519 1049 Mn
545 992 825 1056 effundent
844 1002 897 1057 in
919 1005 1026 1062 isto
1054 1025 1265 1083 magnae
1293 992 1658 1077 tribulationis
1680 1022 1785 1078 die.

418 1134 425 1147 .
483 1084 649 1183 Ϊεεε.
679 1092 769 1148 15.
803 1096 1127 1159 -—.Grossos
1163 1124 1306 1181 suos.
1341 1109 1396 1165 id
1427 1121 1508 1168 est
1543 1115 1730 1171 inanes
1759 1115 1987 1183 fructus,

409 1174 614 1235 nullum
652 1185 798 1241 enim
843 1193 1111 1259 permittit
1162 1178 1305 1258 Deus
1348 1205 1565 1274 cadere,
1596 1209 1687 1277 qui
1727 1210 1776 1265 ei
1824 1174 1994 1267 servit

404 1280 539 1331 vero
563 1284 771 1333 amore.

483 1359 641 1421 Vens.
670 1368 757 1424 M.
781 1403 855 1413 —
873 1371 1090 1434 Caelum.
1125 1381 1180 1438 id
1205 1394 1290 1441 est
1319 1387 1557 1446 Ecclesia
1582 1392 1800 1449 recedet
1826 1409 1855 1448 a
1881 1411 1996 1450 ma-

400 1452 497 1522 lis,
526 1455 718 1518 ﬁdeet
739 1468 922 1535 Opere.
958 1471 1109 1530 Unde
1135 1495 1148 1530 :
1178 1471 1333 1535 Exite
1374 1483 1438 1537 de
1458 1482 1745 1556 Babylone,
1771 1487 1995 1557 populus
2072 1476 2077 1485 ’

398 1562 576 1617 ηοω,
596 1563 647 1607 et
669 1556 999 1618 immundum
1031 1583 1094 1621 ne
1116 1572 1410 1641 tetigeritis.

481 1642 647 1701 Vitas.
686 1649 773 1704 15.
800 1683 872 1694 -
891 1653 1060 1727 Reges
1082 1669 1256 1718 terrm.
1286 1663 1599 1726 Secundum
1629 1674 1872 1730 diversos
1898 1675 1998 1732 ho-

406 1753 571 1832 nores
592 1746 774 1800 saaculi
805 1762 943 1818 quos
984 1754 1231 1813 nolentes
1269 1764 1498 1830 perdere
1523 1808 1537 1832 ,
1586 1768 1769 1828 delent
1807 1775 1989 1832 ﬁdem.

2166 923 2253 979 Ea:
2294 924 2435 979 omni
2468 925 2628 979 tribu.
2670 924 2731 981 Id
2758 932 2842 981 est
2892 941 2959 983 ex
3013 927 3264 985 omnibus
3309 928 3472 986 ﬁdem
3514 928 3687 989 Iacob

2093 1016 2452 1074 imitantibus.

2164 1109 2331 1165 Vens.
2388 1109 2854 1167 5.-——Duodeeim.
2904 1111 3024 1189 ‘Per
3074 1113 3358 1169 duodecim
3418 1113 3692 1171 habemus

2096 1216 2190 1259 eos
2231 1202 2322 1274 qui
2366 1201 2471 1257 ﬁde
2519 1203 2805 1259 Trinitatis
2834 1203 2889 1258 in
2928 1214 3165 1275 quatuor
3204 1207 3389 1261 mundi
3441 1207 3691 1278 partibus

2097 1305 2225 1352 sunt
2259 1296 2476 1368 signati,
2508 1304 2561 1351 et
2610 1305 2669 1351 ut
2697 1297 2797 1352 hos
2836 1297 3109 1367 perfectos
3146 1299 3524 1365 ostendamus,
3558 1299 3692 1354 duo-

2097 1387 2270 1444 decim
2316 1404 2415 1460 per
2448 1397 2681 1459 quatuor
2712 1389 3151 1460 multiplicamus,
3193 1402 3247 1447 et
3278 1391 3416 1446 ﬁunt
3443 1393 3687 1463 quadra-

2099 1482 2247 1554 ginta
2282 1489 2445 1549 octo;
2497 1484 2738 1537 ut'vero
2778 1482 2845 1538 ad
2895 1481 3214 1539 Trinitatem
3250 1484 3367 1541 haec
3419 1483 3689 1554 perfectio

2096 1572 2387 1638 referatur,
2446 1573 2804 1644 quadraginta
2856 1583 2979 1629 octo
3035 1574 3482 1647 multiplicamus,
3514 1582 3573 1629 et
3611 1574 3693 1631 sic

2098 1664 2238 1721 ﬁunt
2260 1673 2496 1733 _centum
2525 1668 2803 1738 sexaginta
2832 1675 3087 1738 quatuor.

2172 1759 2334 1815 Vens.
2368 1758 2746 1816 7.—Simeon.
2780 1758 3033 1818 Tristitia:
3073 1760 3190 1819 sive
3229 1764 3486 1823 mereris
3523 1779 3696 1819 exau-

410 1831 626 1892 Dirites.
662 1840 933 1914 Quidquid
963 1850 1091 1905 mali
1120 1853 1305 1912 volunt
1344 1857 1652 1931 implentes.
1684 1863 1894 1925 Fortes.
1938 1871 1995 1927 in

2119 1846 2259 1916 lilio,
2296 1850 2355 1906 id
2388 1858 2470 1906 est
2496 1851 2562 1907 de
2589 1850 2878 1922 praeteritis
2903 1853 3143 1925 peccatis
3183 1853 3371 1909 dolens
3402 1863 3459 1908 et
3487 1856 3561 1909 ad
3590 1856 3699 1911 vir-

405 1930 785 2028 subvertentiis
815 1939 957 1996 aliis.
985 1941 1189 2002 Servus
1202 1953 1460 2028 peccati,
1492 1952 1630 2012 liber
1654 1956 1901 2028 justitiae.
1930 1963 1996 2020 lii

405 2023 762 2096 desperantes
796 2048 825 2086 a
856 2037 1095 2104 sanctis,
1128 2023 1325 2098 auxilia
1357 2023 1670 2105 daemonum
1698 2063 1950 2123 quaerunt
1976 2097 1994 2125 ,

406 2127 467 2174 ut
501 2137 559 2177 se
590 2123 666 2179 illi
696 2125 926 2185 liberent
957 2131 1011 2186 in
1045 2134 1241 2202 quibus
1263 2139 1625 2197 conﬁdebant.

478 2211 645 2309 Vens.
679 2216 767 2270 16.
792 2250 859 2259 -
885 2219 956 2274 Et
977 2223 1154 2278 dicunt
1177 2230 1457 2309 montibus.
1503 2231 1700 2290 Petant
1737 2236 1997 2309 suffragia

408 2305 745 2400 angelorum,
776 2313 869 2383 qui
898 2323 1025 2370 sunt
1054 2304 1266 2375 montes
1302 2322 1722 2395 eminentiores,
1753 2340 1808 2385 et
1830 2304 1998 2400 petrae

409 2395 669 2493 ﬁrmitate
698 2421 711 2456 :
745 2411 806 2459 ut
838 2421 1027 2462 eorum
1067 2412 1322 2482 precibus
1348 2413 1779 2478 misericordiam
1799 2395 2000 2493 judicis

405 2491 717 2564 impetrent.

1016 2572 1245 2634 CAPUT
1280 2580 1393 2636 VII.

481 2679 651 2739 Vnus.
677 2685 729 2740 1.
746 2684 960 2743 -Ροει
981 2691 1238 2757 Ιτιεε,ειιε.
1264 2692 1543 2765 Multiplici
1571 2697 1830 2755 Ecclesia!
1854 2701 1999 2761 bello

408 2772 703 2848 descripto,
745 2779 960 2850 subjicit
992 2791 1234 2856 tempore
1264 2784 1424 2856 hujus
1451 2789 1579 2845 belli
1606 2792 1879 2848 diabolum
1900 2809 1999 2850 no-

410 2880 540 2923 cere
563 2876 834 2940 paratum,
877 2874 971 2929 sed
997 2892 1029 2929 a
1059 2874 1171 2931 Deo
1201 2877 1560 2949 refrenatum,
1589 2898 1659 2940 ne
1680 2885 1761 2943 sui
1795 2886 2004 2958 aliqua-

410 2974 573 3051 tenus
600 2973 853 3036 torpeant
879 2969 963 3024 vel
992 2971 1302 3042 desperent.
1337 2974 1584 3041 Quatuor
1627 2980 1861 3051 angelos.
1891 2980 2001 3039 Pro

410 3066 647 3128 quatuor
675 3060 920 3130 partibus
954 3064 1141 3120 mundi
1174 3066 1229 3121 in
1279 3066 1477 3138 quibus
1502 3080 1718 3127 nocent.
1749 3071 1997 3145 Angelos.

412 3148 673 3211 Diabolus
702 3154 926 3226 angelus
962 3157 1162 3214 dicitur
1185 3200 1200 3227 ,
1244 3160 1297 3217 id
1347 3172 1431 3218 est
1467 3165 1665 3221 missus
1705 3181 1737 3221 a
1784 3168 1895 3224 Deo
1929 3168 1999 3224 ad

407 3245 787 3317 probationem
810 3249 1096 3315 bonorum,
1120 3260 1175 3308 et
1200 3256 1501 3324 permissus
1532 3257 1599 3313 ad
1626 3258 1998 3331 deceptionem
2027 3245 2051 3305 Ὗ

408 3337 681 3393 malorum
716 3348 774 3395 et
825 3357 857 3396 a
906 3344 1155 3416 principe
1195 3345 1410 3404 diabolo
1459 3350 1528 3405 ad
1591 3351 2002 3411 subversionem

412 3437 732 3485 cunctorum
783 3433 1008 3490 missus.
1059 3433 1330 3492 Tenentes.
1375 3437 1434 3494 In
1473 3446 1717 3511 tempore
1773 3443 2004 3500 tribula-

410 3520 578 3607 tionis
599 3522 735 3578 nihil
756 3526 930 3596 magis
960 3534 1045 3581 est
1073 3530 1443 3585 necessarium
1471 3548 1632 3601 quam
1660 3536 2003 3604 praedicatio.
2032 3592 2035 3597 .

409 3619 466 3666 et
514 3613 636 3670 ideo
676 3616 870 3671 nititur
924 3617 1172 3675 diabolus
1217 3620 1463 3677 detinere
1511 3638 1632 3679 eam
1672 3626 1820 3681 omni
1854 3627 1998 3685 loco.

421 3697 635 3762 Ventos.
667 3708 876 3765 Ventus
904 3712 1076 3767 nubes
1104 3714 1325 3784 excitat,
1359 3724 1561 3773 terram
1592 3720 1776 3790 rigans
1805 3720 1999 3779 fructi-

410 3798 587 3867 feram
639 3801 793 3870 facit,
845 3804 1040 3867 faciem
1073 3807 1192 3878 ejus
1215 3810 1442 3867 hilarem
1472 3815 1666 3881 reddit,
1696 3818 1776 3873 sic
1803 3818 1998 3889 praedi-

412 3893 559 3954 catio
607 3904 819 3954 mentes
858 3899 1162 3957 hominum.
1201 3900 1372 3973 Super
1413 3921 1576 3962 mare.
1617 3906 2003 3969 Habitantibus

411 3983 469 4040 in
496 3986 688 4044 insulis
716 3988 1064 4050 vei-diversis
1091 3995 1240 4052 vitiis
1269 3995 1631 4058 aliluentibus.

489 4078 648 4136 Vens.
687 4079 743 4135 2.
768 4113 839 4124 -—
866 4082 937 4139 Et
970 4085 1077 4140 vidi
1114 4086 1359 4144 alterum.
1404 4089 1504 4147 Hic
1547 4093 1773 4164 angelus
1798 4102 1883 4151 est
1907 4095 1998 4152 ille

409 4170 548 4257 lapis
596 4174 715 4231 sine
757 4177 1010 4251 manibus
1055 4181 1344 4251 praecisus,
1375 4185 1469 4254 qui
1499 4194 1735 4241 statuam
1763 4196 1998 4258 quatuor

409 4264 647 4321 metallis
673 4277 1016 4325 constantem
1064 4274 1351 4346 confregit,
1402 4277 1491 4333 hic
1531 4287 1766 4347 quatuor
1806 4289 1998 4339 ventos

409 4357 593 4434 solvit.
647 4360 1041 4419 Ascendentem.
1096 4365 1177 4420 Ex
1230 4382 1340 4437 quo
1390 4368 1643 4427 Christus
1696 4375 1997 4442 exspiravit

408 4451 674 4520 ascendit,
706 4454 833 4511 dum
864 4456 1136 4513 diabolum
1175 4458 1382 4530 ligavit,
1410 4468 1466 4516 et
1488 4477 1589 4533 per
1611 4466 1995 4534 praedicatores

408 4544 673 4619 mundum
729 4546 1057 4604 illuminavit
1106 4548 1248 4618 ﬁde,
1299 4552 1442 4609 sicut
1503 4553 1581 4609 sol
1627 4554 1849 4614 lumine.
1898 4558 1995 4614 Vel

384 4640 655 4726 zascendit
680 4641 749 4697 ab
768 4650 917 4709 ortu,
944 4642 998 4699 id
1019 4652 1104 4699 est
1126 4659 1157 4697 a
1184 4642 1369 4711 Patre,
1410 4648 1697 4716 proﬁciens
1726 4652 1993 4722 sapientia

384 4731 463 4785 ἐι
488 4740 668 4788 aetate.
697 4733 797 4789 Vel
827 4728 859 4790 ε
888 4750 949 4791 se
982 4736 1262 4791 descendit
1284 4778 1298 4805 ,
1326 4739 1454 4809 quia
1483 4755 1593 4796 non
1620 4756 1719 4813 per
1737 4744 1995 4801 concubi-

384 4822 526 4878 'tum
561 4822 664 4877 viri
693 4839 917 4885 carnem
940 4827 1257 4897 assumpsit,
1285 4830 1381 4883 sed
1410 4830 1525 4902 ipse
1552 4833 1759 4888 creavit
1785 4833 1877 4903 qui
1907 4842 1992 4890 est

407 4920 561 4966 ortus
592 4911 758 4981 solis,
796 4914 849 4979 id
886 4924 973 4970 est
1022 4915 1221 4974 Patris.
1272 4918 1514 4991 Signum.
1570 4922 1628 4979 id
1659 4932 1745 4979 est
1771 4939 1990 4981 crucem

405 5019 512 5073 qua
567 5020 695 5061 suos
731 5007 992 5078 signaret,
1040 5010 1125 5066 vel
1160 5014 1456 5081 potentiam
1490 5015 1639 5070 Patri
1684 5017 1948 5087 :equalem
1972 5056 1988 5087 ,

405 5098 491 5153 vel
519 5100 969 5157 immunitatema
997 5115 1219 5172 peccato
1247 5123 1346 5177 per
1373 5123 1540 5178 quam
1570 5108 1713 5163 Deus
1742 5118 1989 5179 apparet,

404 5193 533 5263 quia
570 5194 752 5251 omnis
802 5196 964 5251 homo
1001 5206 1275 5266 peccator.
1324 5199 1440 5255 Hoc
1484 5199 1700 5271 signum
1746 5202 1852 5256 etsi
1882 5216 1993 5258 non

400 5298 488 5348 re,
520 5282 625 5340 ﬁde
657 5292 838 5341 tamen
878 5288 1087 5360 antiqui
1136 5300 1323 5361 patres
1352 5289 1726 5361 praetulerunt.
1762 5290 1990 5366 Signum

402 5377 613 5449 geritur
657 5378 713 5435 in
756 5379 934 5439 fronte
971 5398 1041 5439 ne
1081 5384 1289 5440 celetur
1330 5382 1385 5437 in
1436 5382 1822 5444 tribulatione.
1864 5400 1991 5441 nam

400 5470 636 5541 signatio
684 5475 950 5544 pectoris,
985 5475 1257 5531 confessio
1290 5484 1374 5530 est
1408 5475 1607 5533 cordis.
1662 5477 1798 5534 Cum
1841 5486 1991 5536 cate-

400 5558 647 5620 chizatur
697 5563 906 5633 infans,
956 5566 1242 5637 inungitur
1287 5566 1342 5621 in
1393 5577 1643 5638 pectore,
1714 5578 1774 5626 ut
1825 5570 1990 5628 ﬁdem

399 5655 579 5711 cordis
605 5655 842 5723 habeat:
869 5660 923 5715 in
956 5658 1135 5717 {notae
1157 5674 1227 5714 ne
1254 5660 1574 5729 erubescat,
1600 5667 1694 5720 sed
1720 5665 1987 5721 conﬁtea-

400 5756 489 5801 tur
522 5763 535 5802 :
568 5747 738 5807 Corde
793 5753 931 5807 enim
985 5752 1217 5806 creditur
1245 5752 1316 5807 ad
1336 5752 1626 5825 justitiam,
1673 5772 1763 5812 ore
1809 5767 1987 5813 autem

400 5841 659 5912 confessio
694 5843 756 5916 ﬁt
804 5844 875 5907 ad
919 5844 1143 5917 aluum
1173 5844 1356 5921 (Bon.
1382 5846 1463 5922 ι).
1503 5846 1565 5905 ln
1594 5848 1832 5921 scapulis
1864 5891 1878 5919 ,
1925 5859 1987 5906 ut

2101 1944 2233 2000 tutis
2270 1944 2735 2000 conversationem
2767 1944 3034 2017 aspirans.
3073 1945 3215 2001 Levi.
3253 1946 3313 2001 ld
3341 1955 3424 2003 est
3455 1948 3694 2015 additus,

2100 2039 2156 2095 id
2182 2047 2267 2094 est
2299 2039 2467 2093 etiam
2503 2053 2611 2093 non
2641 2036 2880 2107 iniuncta
2908 2039 3013 2095 sibi
3052 2038 3275 2095 faciens.
3319 2039 3600 2096 Issacnar.
3639 2039 3696 2095 id

2100 2142 2184 2190 est
2220 2149 2446 2201 merces,
2481 2132 2535 2189 id
2561 2141 2646 2189 est
2680 2132 2747 2188 ad
2777 2134 3264 2189 remunerationem
3293 2134 3550 2200 tendens,
3602 2143 3693 2189 ut:

2102 2222 2269 2297 Cupio
2295 2223 2531 2291 dissolvi,
2562 2233 2609 2279 et
2636 2241 2746 2279 esse
2783 2241 2903 2278 cum
2933 2223 3162 2280 Christo.

2172 2316 2338 2373 Vens.
2371 2317 2425 2373 8.
2448 2315 2796 2373 —Zabulon.
2850 2317 2907 2373 id
2935 2326 3020 2374 est
3056 2317 3427 2375 habitaculum
3477 2318 3698 2375 fortitu-

2101 2411 2266 2478 dinis,
2296 2410 2349 2465 id
2377 2420 2463 2474 est
2491 2410 2731 2467 laborem
2772 2426 2879 2466 non
2908 2419 3243 2477 recusantes,
3272 2413 3368 2467 sed
3398 2410 3696 2483 aliquando

2099 2519 2201 2575 pro
2248 2503 2572 2559 necessitate
2623 2502 2853 2558 fratrum
2878 2502 2944 2559 de
2992 2501 3161 2557 Maria
3187 2501 3257 2557 ad
3307 2501 3585 2557 Martham
3602 2500 3697 2556 de»

2101 2595 2440 2651 scendentes.
2484 2593 2701 2667 Joseplt.
2728 2594 2787 2650 id
2823 2602 2907 2651 est
2955 2605 3326 2666 augmentum,
3364 2594 3421 2649 id
3465 2604 3555 2650 est
3592 2593 3695 2650 Et:-

2102 2686 2322 2743 clesiam
2352 2703 2577 2743 numero
2604 2694 2917 2742 sanctorum
2938 2685 3351 2757 iocupletantes.
3381 2684 3693 2756 Benjmitt.

2100 2779 2159 2837 id
2187 2791 2270 2836 est
2303 2779 2443 2836 ﬁlius
2474 2781 2729 2847 dexterae,
2760 2780 2814 2836 id
2841 2789 2928 2838 est
2952 2795 2987 2837 a
3022 2779 3405 2855 propitiatione
3436 2777 3534 2835 Dei
3581 2793 3697 2834 om-

2102 2874 2215 2939 nia,
2251 2882 2308 2930 et
2344 2873 2477 2928 nihil
2513 2889 2545 2929 a
2576 2888 2635 2929 se
2663 2882 2994 2944 reputantes.

2174 2968 2335 3027 Vens.
2369 2968 2651 3027 9.—Post
2685 2971 2817 3026 lues.
2848 2970 2985 3027 Cum
3009 2970 3306 3027 secundum
3343 2967 3583 3041 ﬁguram
3608 2967 3699 3022 de-

2104 3060 2392 3133 signandos
2426 3063 2527 3118 sub
2567 3070 2720 3119 certo
2777 3076 3005 3118 numero
3056 3061 3303 3125 vidisset,
3356 3068 3412 3115 et
3450 3065 3696 3115 tantum

2102 3151 2266 3209 modo
2293 3154 2359 3209 de
2386 3154 2512 3209 ﬁliis
2551 3154 2749 3220 israel,
2786 3170 2932 3210 nunc
2979 3162 3170 3225 aperte
3215 3153 3376 3210 docet
3405 3151 3557 3223 quod
3602 3164 3701 3221 per

2106 3245 2254 3301 illum
2293 3262 2600 3315 numerum,
2639 3247 2880 3303 universi
2929 3245 3137 3312 fideles,
3182 3253 3240 3302 et
3274 3260 3377 3317 per
3402 3242 3700 3301 duodeci-

2103 3336 2278 3393 tribus
2319 3337 2645 3410 accipiendae
2680 3346 2808 3395 sunt
2848 3348 3038 3395 omnes
3063 3345 3275 3409 gentes.
3315 3334 3552 3392 Statua.
3582 3332 3702 3390 Sci~

2104 3427 2232 3485 licet
2272 3430 2449 3500 parati
2484 3430 2596 3486 Deo
2623 3429 2843 3486 obedire
2864 3416 3056 3501 judici,
3085 3427 3172 3485 vel
3198 3427 3369 3487 etiam
3394 3426 3514 3484 suis
3550 3440 3700 3497 pra-

2101 3516 2247 3575 iatis.
2281 3518 2397 3574 iloc
2417 3519 2472 3574 in
2496 3519 2768 3590 praesenti.

2177 3610 2336 3669 Vens.
2388 3611 2756 3668 i0.—-Salus
2806 3611 2920 3668 Deo
2968 3620 3145 3667 nostro
3196 3610 3288 3682 qui
3333 3608 3503 3667 sedet.
3561 3606 3688 3669 Non

2100 3718 2200 3777 per
2237 3720 2353 3772 nos,
2407 3706 2503 3762 sed
2547 3720 2647 3776 per
2678 3720 2876 3778 agnum
2928 3704 3194 3761 habemus
3232 3701 3495 3768 salutem,
3528 3699 3589 3759 id
3614 3706 3703 3769 ω

2101 3799 2480 3855 remissionem
2540 3807 2913 3871 peccatorum,
2941 3807 2999 3855 et
3044 3798 3243 3857 bonam
3293 3795 3701 3867 operationem.

2100 3896 2155 3946 et
2180 3896 2442 3945 aeternam
2470 3887 2721 3959 gloriam.

2172 4002 2339 4059 Vsus.
2375 3998 2636 4057 ll.—Et
2674 4017 2874 4057 omnes.
2930 3999 3037 4055 Per
3074 3996 3417 4070 supradictus
3451 3993 3705 4067 angelos,

2099 4092 2327 4163 intelligi
2354 4101 2583 4163 possunt
2612 4093 2844 4165 majores
2871 4091 3076 4162 punisti
3100 4107 3118 4157 ;
3144 4104 3245 4161 per
3268 4089 3428 4154 istos,
3453 4088 3704 4145 minores

2098 4185 2328 4258 praelati,
2360 4185 2447 4241 vel
2482 4186 2681 4243 subditi
2732 4193 2965 4251 tantum,
2995 4184 3135 4240 sicut
3163 4189 3294 4238 sunt
3320 4180 3500 4252 angeli
3526 4189 3585 4235 et
3606 4195 3703 4235 aro

2098 4278 2369 4350 changeii,
2405 4287 2461 4334 et
2490 4285 2670 4335 tamen
2710 4292 2901 4333 omnes
2934 4275 3130 4348 angeli,
3155 4274 3210 4330 id
3234 4281 3321 4330 est
3347 4272 3551 4327 nuntii.
3582 4269 3702 4328 Sed

2099 4380 2154 4430 et
2194 4372 2356 4428 modo
2400 4381 2530 4428 sunt
2573 4370 2808 4442 majores
2845 4378 2904 4427 et
2950 4370 3191 4426 minores
3235 4365 3466 4440 pmiati,
3519 4364 3574 4421 id
3616 4369 3704 4421 est

2099 4464 2498 4534 archiepiscopi
2543 4471 2599 4519 et
2634 4462 2894 4533 episcopi.

2171 4558 2335 4615 Vens.
2394 4556 2481 4612 {2.
2501 4556 2769 4611 ——Anten.
2812 4553 2975 4623 Quasi
3026 4553 3174 4609 dicat
3220 4569 3236 4607 :
3282 4549 3342 4607 Si
3393 4547 3701 4604 attrituitis

2105 4651 2237 4716 Deo,
2276 4647 2618 4707 benefacitis.
2657 4646 2755 4703 Vel
2792 4662 2969 4712 amen,
3010 4644 3080 4700 ad
3124 4641 3408 4714 sequentia
3437 4640 3652 4712 legetur
3674 4652 3699 4694 :

2102 4744 2289 4808 Amen,
2319 4741 2374 4797 id
2418 4750 2502 4798 est
2542 4740 2749 4801 veritas
2775 4739 2831 4794 in
2858 4736 3173 4809 praemissis,
3203 4744 3260 4791 et
3299 4732 3612 4798 benedictio,
3642 4728 3700 4787 id

2102 4844 2188 4891 est
2222 4834 2478 4891 exaltatio
2520 4848 2681 4906 quam
2711 4830 2874 4888 habet
2910 4845 3073 4901 super
3109 4842 3330 4885 omnem
3356 4834 3693 4888 creauit-am,

2100 4926 2188 4983 vel
2225 4935 2412 4982 nostra
2433 4923 2691 4981 ex'altatio
2713 4923 2768 4977 in
2792 4920 3085 4977 virtutibus
3117 4926 3216 4975 :et
3240 4918 3487 4983 claritas,
3518 4915 3575 4971 id
3608 4921 3698 4970 est

2101 5017 2530 5090 impassibilitas,
2560 5017 2646 5072 vel
2676 5023 2856 5072 vestra
2895 5015 2950 5070 in
2973 5012 3253 5084 operibus.

2163 5109 2333 5177 Vsus.
2386 5109 2474 5166 15.
2505 5107 2659 5163 -Ει
2706 5106 2975 5178 respondit
3024 5120 3179 5160 unus.
3244 5100 3374 5159 Visa
3430 5102 3591 5156 turba
3635 5098 3692 5152 in

2099 5211 2250 5260 tanta
2288 5203 2571 5275 dignitate,
2613 5209 2858 5258 movetur
2896 5199 3178 5254 attendere
3221 5210 3331 5268 qua
3376 5194 3469 5250 via
3518 5189 3697 5264 potuit

2095 5294 2226 5352 illuc
2271 5294 2590 5361 ascendere,
2616 5302 2679 5349 ut
2715 5293 2857 5348 idem
2899 5291 3036 5349 alios
3062 5290 3257 5346 doceat
3294 5286 3591 5359 inspicere.

2169 5387 2335 5445 Vens.
2373 5387 2462 5443 14.
2485 5416 2558 5430 —-
2599 5386 2777 5444 Stolas
2831 5402 2993 5452 suas,
3042 5391 3151 5441 etc.
3198 5381 3577 5438 innocentiam
3629 5383 3691 5443 in

2096 5481 2366 5552 baptismo
2395 5488 2696 5551 acceptam,
2724 5476 2811 5534 vel
2839 5490 3067 5549 corpora
3092 5490 3213 5532 sua.

2167 5571 2332 5629 Vsus.
2366 5573 2454 5629 16.
2481 5560 2695 5627 ὲ-Νοιι
2727 5571 2980 5637 esuriem,
3021 5584 3185 5641 neque
3209 5564 3409 5632 sitiant,
3448 5577 3561 5627 etc.
3586 5568 3689 5639 Qm'

2094 5665 2242 5720 dedit
2280 5665 2646 5738 cognitionem
2674 5661 2903 5735 angelis,
2934 5659 3083 5717 dabit
3109 5660 3275 5717 etiam
3307 5657 3563 5720 eamdem
3586 5661 3694 5719 this

2095 5756 2479 5827 cognitionem.

2169 5849 2330 5907 Vsus.
2358 5849 2777 5906 i7.-—Dedueet
2803 5864 2892 5906 eos
2931 5848 3005 5904 ad
3042 5850 3185 5917 uiue,
3213 5856 3317 5905 etc.
3352 5847 3424 5909 Et
3462 5849 3687 5924 perhn:
