3948 6314
249 325 355 387 725
638 389 647 397 ,
1160 330 1427 390 GLOSSA
1467 330 1868 390 ORDINARIA.
1908 358 1979 373 υ-
2011 329 2213 388 APOC.
2253 329 2555 389 JOANNIS.
3424 333 3529 393 726

251 450 304 505 in
336 446 520 513 futuro
543 447 773 504 deducet
816 447 884 504 ad
918 448 1285 504 omnimodam
1313 450 1678 507 refectionem.
1704 449 1835 504 Abs-
1860 452 1913 525 Α
1938 446 2064 503 boui
2116 463 2306 504 omnes
2338 450 2681 505 crediderunt
2717 467 2729 503 :
2765 452 2952 517 tertia,
2986 452 3040 508 id
3077 463 3163 510 est
3205 471 3396 513 omnes
3437 473 3524 532 re-

249 553 409 615 terget
452 541 594 597 Deus
626 560 829 599 omnem
860 542 1166 615 lacrymam.
1195 543 1422 600 Omnem
1453 544 1692 601 dolorem
1719 544 1831 599 sive
1932 537 2088 609 probi
2119 539 2227 595 dati
2260 551 2385 595 sunt
2415 541 2467 595 in
2496 543 2786 612 reprobum
2814 558 3051 600 sensum.

246 653 347 708 pro
385 636 593 693 delictis
629 636 763 703 suis,
806 637 919 694 sive
946 653 1047 709 pro
1074 636 1336 706 adversis,
1364 637 1451 695 vel
1489 637 1703 704 exsilio,
1746 636 1835 692 vel
2007 631 2138 697 Quae
2159 631 2415 687 habebant
2439 634 2664 700 animas,
2685 644 2789 691 etc.
2814 636 2869 691 Id
2885 646 2970 692 est
3002 638 3213 694 illorum
3241 641 3520 713 gentilium

246 727 458 787 caneris
501 726 827 801 hujusmodi.
1932 723 2024 794 qui
2068 723 2134 777 ab
2182 722 2303 778 aliis
2342 723 2617 796 digniores
2649 727 3040 798 reputabantur
3065 746 3165 803 pro
3193 732 3518 802 quibusdam

1274 858 1283 863 _
1932 814 2088 870 bonis
2118 815 2391 887 operibus.

837 862 1067 922 CAPUT
1103 863 1235 922 νω.
1274 862 1283 863 ί

1936 862 2087 870 νη..-
2122 862 2391 887 vrum--.

2000 906 2168 962 VERS.
2202 907 2289 962 10.
2306 940 2376 949 —
2402 908 2473 962 Et
2494 912 2676 962 tertius
2705 913 2943 962 anaelus-
2971 915 3163 962 ordine.
3187 917 3485 962 narrationi

2050 923 2168 962 ens.
2202 907 2376 963 lO.—
2402 908 2473 964 Et
2494 912 2676 965 tertius
2705 913 2944 983 angelus,
2971 915 3163 971 ordine
3187 917 3518 975 narrationis

312 996 480 1055 Vens.
519 998 576 1055 1.
604 1028 677 1041 ——
700 995 916 1057 Etcum
956 999 1260 1071 aperuisset.
1293 996 1346 1053 ln
1385 997 1488 1053 hac
1527 996 1635 1052 vita
1665 997 1827 1054 tertia
1930 1010 1985 1057 et
2004 1003 2129 1073 quia
2176 1002 2319 1059 istud
2347 1012 2469 1074 post
2510 1004 2599 1059 illa
2632 1005 2739 1061 duo
2766 1007 3012 1079 contigit.
3052 1008 3345 1080 Postquam
3368 1011 3515 1067 enim

237 1092 453 1149 visione
480 1098 606 1149 sunt
629 1100 837 1163 septem
865 1090 1041 1163 angeli
1070 1100 1325 1146 canentes
1356 1088 1499 1145 tubis
1528 1088 1595 1142 ad
1622 1087 1831 1143 destru-
1928 1092 2176 1148 diabolus
2197 1109 2387 1150 omnes
2415 1093 2628 1152 Judazos
2654 1105 2709 1152 et
2731 1098 2956 1168 gentiles
2984 1115 3260 1157 excaecare
3286 1118 3393 1157 non
3424 1118 3517 1172 po-

239 1188 476 1243 ctionem
525 1187 892 1253 inimicorum,
931 1187 996 1241 ad
1030 1185 1437 1242 similitudinem
1490 1183 1701 1267 illorum
1731 1182 1825 1254 qui
1929 1183 2050 1245 tuit,
2094 1183 2321 1239 immisit
2354 1185 2435 1240 eis
2466 1186 2771 1253 haereticos,
2808 1196 2864 1243 et
2909 1191 3168 1259 quosdam
3223 1194 3510 1248 subvertit.

237 1289 499 1336 canentes
526 1281 670 1337 tubis
713 1280 1100 1336 destruxerunt
1138 1278 1336 1344 moenia
1387 1276 1623 1332 Iericho.
1658 1275 1824 1343 Quasi
1928 1272 2144 1330 Fontes.
2179 1276 2443 1332 Dicuntur
2483 1276 2554 1332 illi
2598 1294 2719 1334 esse
2755 1277 2949 1345 fontes,
2984 1281 3036 1336 in
3079 1282 3273 1352 quibus
3300 1299 3512 1340 summa

235 1371 380 1428 dicat
418 1392 432 1427 :
469 1372 604 1429 Cum
631 1371 1016 1430 intellexissem
1045 1370 1399 1429 salvatiouem
1429 1368 1721 1440 iustorum,
1754 1383 1822 1423 ex
1926 1375 1982 1423 et
2008 1370 2160 1437 quasi
2201 1371 2364 1425 totius
2399 1368 2520 1426 fidei
2550 1372 2702 1441 origo
2729 1373 3233 1441 comprehenditur,
3264 1375 3405 1431 sicut
3428 1387 3513 1432 est

233 1463 338 1518 alia
370 1474 526 1536 parte
554 1464 790 1520 intellexi
821 1464 1222 1521 damnationem
1251 1462 1541 1534 impiorum
1576 1475 1673 1534 per
1707 1458 1822 1515 olll-
1926 1459 2300 1529 Evangelium.
2326 1461 2595 1528 Flumina,
2621 1478 2741 1531 qua:
2770 1464 2895 1517 inde
2920 1465 3229 1533 trahuntur,
3254 1466 3509 1522 sicutex—

232 1552 379 1607 cium
398 1555 799 1624 prazdicationis
826 1554 984 1610 bonis
1011 1552 1335 1624 injunctum.
1924 1553 2219 1620 positiones
2248 1568 2436 1609 eorum
2473 1564 2615 1621 sunt,
2642 1555 2695 1611 in
2716 1558 2912 1627 quibus
2932 1566 3059 1613 sunt
3089 1559 3196 1614 duo
3225 1575 3415 1615 sensus
3444 1560 3508 1615 ﬁ—

309 1645 468 1702 Vens.
499 1646 554 1701 2.
585 1678 656 1688 -—
690 1645 893 1718 Septem
930 1648 1161 1721 angelos.
1202 1648 1512 1714 Universos,
1544 1644 1628 1702 vel
1656 1645 1823 1715 septi-
1924 1641 2149 1709 delium,
2174 1644 2471 1701 historialis
2492 1656 2547 1703 et
2572 1648 2910 1720 allegoricus.
2946 1648 3161 1706 Tertius
3193 1661 3277 1707 est
3302 1652 3511 1707 haereti-

228 1734 393 1793 formi
418 1737 619 1811 Spiritu
642 1741 894 1797 imbutos.
917 1720 1149 1796 tltlala:
1169 1750 1308 1796 sunt.
1334 1740 1471 1809 Quia
1498 1755 1604 1795 non
1627 1737 1817 1809 displi-
1926 1751 2137 1804 comm,
2177 1754 2300 1794 cum
2341 1741 2576 1798 haereses
2611 1757 2737 1799 suas
2766 1743 3089 1801 confirmant
3128 1744 3311 1815 pravis
3344 1760 3510 1816 expo-

226 1839 318 1885 cet
347 1830 457 1885 Deo
478 1832 752 1888 damnatio
772 1832 1082 1904 impiorum.
1320 1888 1323 1891 ,
1844 1820 1896 1883 Β
1926 1830 2217 1887 sitionibus
2242 1832 2667 1903 Scripturarum.
3108 1822 3116 1829 ⁸

305 1923 468 1979 Vnus.
499 1923 534 1978 5
572 1955 643 1965 -
679 1924 746 1979 Et
789 1924 928 1980 alius
961 1924 1197 1997 angelus.
1242 1924 1404 1980 Stetit
1439 1922 1664 1995 angelus
1690 1930 1818 1976 ante
1990 1923 2155 1980 Vens.
2192 1924 2279 1979 i2.
2310 1956 2377 1969 —
2404 1927 2469 1981 Et
2501 1937 2723 1999 quartus
2767 1930 3001 2001 angelus.
3031 1929 3267 1997 Quartus
3309 1931 3511 1987 dicitur

224 2017 402 2073 altare
431 2027 656 2088 paratus
688 2018 1001 2085 immolare,
1035 2019 1099 2074 ad
1130 2018 1537 2074 similitudinem
1563 2016 1817 2072 sacerdo—
1919 2006 2110 2070 ordine
2156 2018 2507 2084 narrationis,
2549 2029 2603 2075 et
2628 2014 2820 2077 omine
2849 2022 2947 2077 rei.
2974 2021 3108 2076 Cum
3138 2021 3282 2077 enim
3314 2022 3505 2077 diabo-

224 2116 320 2183 tis,
367 2110 452 2170 vel
491 2109 738 2173 Christus
765 2118 848 2170 est
876 2110 1042 2173 altare
1071 2109 1163 2188 qui
1204 2107 1515 2177 seobtulit,
1552 2117 1609 2167 et
1649 2122 1816 2182 super
1918 2109 2003 2167 lus
2054 2110 2318 2181 quosdam
2362 2112 2427 2166 de
2470 2110 2671 2167 Iudaeis
2709 2120 2765 2167 et
2818 2110 3107 2185 gentilibus
3156 2123 3534 2185 cxceecasset,

220 2223 387 2279 quem
414 2207 654 2264 Ecclesia
681 2208 838 2263 offert
865 2210 976 2264 Deo
1017 2223 1229 2280 preces.
1262 2206 1416 2262 Stetit
1464 2215 1585 2260 ante
1619 2203 1810 2270 altare,
1917 2203 2136 2259 tandem
2185 2204 2330 2276 ipsos
2387 2202 2525 2260 ﬁlios
2574 2203 2829 2261 Ecclesia:
2889 2220 3201 2278 expugnare
3254 2223 3508 2279 egressus

218 2300 280 2356 id
315 2310 399 2358 est
424 2311 551 2357 ante
576 2302 828 2373 seipsum,
862 2301 988 2372 quia
1017 2318 1123 2356 non
1147 2300 1309 2355 habet
1342 2298 1692 2354 mediatorem
1715 2309 1814 2365 per
1917 2306 2018 2361 est,
2050 2305 2104 2353 et
2131 2298 2392 2368 quosdam
2419 2300 2620 2370 rapuit,
2644 2309 2754 2354 tam
2778 2300 3012 2370 majores
3039 2316 3200 2370 quam
3243 2301 3502 2355 minores.

217 2410 386 2464 quem
440 2395 667 2466 placeat.
718 2393 955 2448 Habens.
1007 2393 1259 2448 Dicturus
1307 2408 1373 2447 ex
1426 2388 1813 2462 praedicatione
1915 2388 2026 2445 Has
2060 2399 2294 2460 quatuor
2329 2391 2707 2446 damnationes
2730 2400 2789 2445 ut
2814 2392 3409 2462 prieteritasnarravit,
3448 2399 3508 2445 ut

209 2488 489 2560 justorum
526 2496 839 2544 eventuram
880 2486 1283 2542 damnationem
1318 2484 1627 2555 impiorum,
1666 2497 1810 2552 prte-
1913 2488 2039 2552 pote
2069 2495 2188 2550 quae
2216 2480 2459 2549 quotidie
2510 2469 2777 2536 videntur.
2804 2481 2858 2536 in
2892 2481 3156 2538 ecclesiis.
3197 2479 3333 2538 Tres
3374 2498 3506 2538 vero

216 2581 389 2636 mittit
427 2581 581 2652 quasi
617 2581 1042 2646 excusationem,
1073 2595 1140 2636 ne
1170 2577 1251 2634 eis
1284 2576 1441 2647 culpa
1466 2576 1533 2630 de
1578 2575 1806 2630 damna-
1913 2573 2126 2629 futuras
2164 2573 2514 2644 praenuntiari
2559 2572 2706 2639 facit,
2756 2581 2816 2628 ut
2857 2575 3050 2630 doceat
3101 2575 3153 2629 in
3193 2574 3505 2630 novissimis

218 2673 371 2728 tione
414 2673 700 2744 impiorum
738 2673 1052 2745 imputetur,
1099 2671 1223 2740 quia
1256 2677 1515 2741 quantum
1556 2667 1625 2721 ad
1663 2667 1808 2736 ipsos
1912 2663 2269 2736 temporibus,
2319 2665 2483 2721 etiam
2539 2667 2816 2737 graviores
2859 2666 3149 2737 praeteritis
3195 2666 3499 2732 imminere,

209 2764 531 2835 prtedicatio
552 2780 740 2821 eorum
778 2764 937 2829 bona,
964 2773 1021 2821 et
1042 2778 1073 2817 a
1093 2763 1238 2819 bono
1282 2762 1504 2817 doctore
1538 2757 1803 2828 injuncta.
1912 2759 2056 2830 quod
2080 2760 2247 2815 etiam
2273 2760 2343 2815 ad
2373 2759 2800 2816 consolationem
2828 2759 3176 2830 praesentium
3204 2766 3383 2830 potest
3416 2773 3505 2814 re-

214 2857 590 2913 Tliuribulum.
642 2857 698 2913 ld
740 2867 823 2914 est
863 2857 1166 2928 apostolos,
1199 2854 1292 2926 qui
1332 2862 1459 2908 sunt
1484 2867 1610 2907 vasa
1642 2850 1807 2923 ignis,
1911 2852 2042 2926 digi.

207 2949 274 3004 id
302 2961 388 3006 est
416 2950 649 3021 Spiritus
670 2951 874 3018 sancti,
902 2958 958 3006 et
982 2951 1048 3005 de
1071 2948 1265 3020 quibus
1297 2954 1501 3001 exeunt
1529 2944 1807 3000 orationes
1980 2947 2146 3003 Vens.
2176 2947 2265 3003 15.
2299 2979 2370 2989 -
2405 2946 2575 3004 Unius
2617 2948 2830 3019 aquiltv.
2861 2948 3054 3020 Aquila
3082 2962 3273 3004 omnes
3300 2946 3500 3018 praedi-

207 3055 343 3111 quae
381 3040 660 3097 elevantur
693 3056 879 3096 coram
917 3039 1047 3095 Deo.
1082 3040 1160 3093 De
1188 3035 1533 3093 orationibus.
1567 3034 1714 3089 Dixit
1742 3034 1811 3088 de
1909 3048 2149 3108 catores,
2187 3041 2279 3113 qui
2311 3051 2495 3099 mente
2521 3042 2810 3114 longinqua
2836 3044 3199 3114 conspiciunt,
3234 3051 3286 3100 et
3314 3043 3502 3100 Eccle-

205 3132 567 3201 orationibus,
600 3141 656 3189 et
688 3148 805 3190 non
826 3130 1120 3197 orationes,
1153 3131 1279 3201 quia
1305 3145 1415 3186 non
1463 3143 1653 3184 omnes
1680 3141 1806 3182 οω-
1837 3199 1877 3208 _
1910 3134 2046 3189 siam
2078 3135 2491 3199 circumeuntes,
2518 3135 2859 3208 praedicendo
2888 3134 3086 3203 futura,
3110 3135 3389 3193 muniunt:
3413 3136 3501 3194 hic

205 3230 397 3284 tiones
420 3235 775 3299 repraesentat
793 3227 958 3289 Patri,
994 3226 1088 3282 sed
1109 3240 1202 3282 eas
1220 3224 1438 3281 exaudit
1466 3239 1586 3294 quae
1615 3223 1680 3278 ad
1710 3237 1801 3277 sa-
1829 3199 1878 3267 ο
1910 3244 2101 3287 omnes
2131 3246 2292 3299 unus,
2320 3230 2445 3301 quia
2467 3199 2536 3285 ad
2565 3231 2705 3286 idem
2731 3231 2977 3285 tendum,

204 3319 383 3375 lutem
412 3320 707 3390 pertinent.
754 3319 833 3373 De
862 3320 1206 3382 orationibus,
1246 3317 1371 3388 quia
1410 3317 1483 3371 illi
1516 3316 1805 3386 aliquando
2515 3347 2745 3405 CAPUT
2796 3347 2887 3403 ιχ,

204 3420 409 3484 petunt
444 3413 588 3484 quod
626 3413 916 3485 petendum
956 3426 1067 3467 non
1094 3419 1255 3476 esset,
1298 3418 1360 3466 ut
1384 3410 1599 3466 Paulus-
1635 3406 1808 3480 Super
1978 3418 2143 3476 Vens.
2178 3421 2322 3476 1.-
2351 3418 2414 3473 Et
2445 3419 2655 3491 quintus
2682 3410 2916 3490 angelus.
2949 3416 3153 3476 Ordine
3170 3419 3499 3479 narrationis

206 3522 437 3560 aureum
467 3503 656 3562 altare.
690 3507 745 3561 id
769 3515 852 3562 est
881 3505 957 3561 illi
992 3506 1085 3576 qui
1111 3514 1196 3561 est
1229 3521 1391 3576 supra
1419 3521 1478 3561 se
1503 3503 1799 3561 secundum

1908 3522 1965 3572 et
2002 3515 2195 3570 ordine
2220 3514 2481 3584 temporis
2509 3514 2599 3569 hic
2629 3512 2854 3584 angelus
2883 3513 3082 3569 dicitur
3102 3530 3221 3570 esse
3246 3524 3493 3585 quartus.

207 3597 635 3666 δυωίιηῖιδιθωυ
664 3599 958 3655 secundum
982 3613 1147 3669 (illam
1173 3608 1260 3654 εει
1297 3599 1468 3655 auare
1494 3596 1798 3653 Τι’ίηίῐεὶῑίεο
1906 3604 2007 3662 Hic
2029 3615 2114 3662 est
2141 3606 2285 3661 enim
2317 3605 2591 3660 damnatio
2628 3620 2814 3661 eorum
2852 3621 2989 3678 quos
3021 3607 3262 3663 diabolus
3294 3608 3496 3663 immit-

304 3708 539 3767 VeusJ.
564 3709 875 3767 —Fumus.
907 3711 1262 3785 Compunctio
1289 3722 1573 3785 procreata
1602 3712 1799 3769 oratio-

1906 3699 1974 3753 tit
2000 3700 2067 3754 ad
2096 3698 2483 3770 praeparandus
2515 3697 2630 3754 vias
2657 3708 2781 3755 ante
2824 3698 3015 3756 faciem
3051 3700 3393 3757 Antichristi.
3425 3702 3497 3758 Et

205 3806 302 3863 nis
330 3807 524 3873 studio,
552 3806 675 3880 igne
703 3807 927 3864 visionis
957 3807 1052 3863 Dei
1081 3808 1313 3864 interius
1337 3822 1585 3864 accensa.

1906 3792 2014 3847 vidi
2054 3791 2278 3847 stellam.
2335 3790 2390 3846 ld
2431 3800 2513 3846 est
2552 3790 2826 3846 ﬂammam
2872 3792 3252 3850 haereticorum
3294 3795 3359 3850 de
3388 3809 3496 3866 qua

1905 3898 2079 3955 pauca
2131 3881 2379 3949 dixerat,
2432 3890 2487 3937 et
2534 3898 2641 3953 quo
2701 3883 2888 3939 fomite
2947 3888 3198 3954 creverit,
3254 3888 3491 3958 exponit.

1908 3972 2151 4029 Stellam.
2200 3971 2256 4026 Id
2286 3981 2369 4028 est
2405 3973 2676 4027 diabolum
2712 3975 3017 4043 cadentem,
3072 3986 3128 4034 et
3172 3994 3241 4035 ne
3279 3980 3401 4051 quis
3439 3980 3495 4037 in

1906 4063 2085 4120 locum
2113 4065 2247 4136 ejus,
2284 4065 2335 4119 id
2369 4070 2454 4118 est
2480 4063 2533 4117 in
2563 4065 2872 4134 paradisum
2902 4074 3007 4132 eat,
3034 4067 3391 4125 laborantem.
3423 4069 3495 4125 Et

1906 4156 2034 4209 data
2064 4164 2157 4210 est.
2192 4156 2466 4227 Abyssus,
2512 4155 2563 4209 id
2601 4163 2683 4210 est
2713 4156 3003 4213 tenebrosi.
3046 4159 3269 4229 Puteus,
3315 4163 3368 4215 id
3412 4171 3496 4219 est

1906 4248 2285 4320 profundiores
2324 4248 2585 4314 haeretici,
2634 4248 2760 4321 quia
2822 4251 2957 4305 alios
3017 4261 3268 4321 mergunt
3309 4255 3495 4323 pravis

285 4309 353 4365 E‘
396 4312 870 4414 Ρνξηιπδναῖξθθιηθ
915 4312 1118 4414 Ordine
1158 4315 1642 4414 “i‘rfafionissnvel
1672 4316 1798 4414 (ξυίίδ
1906 4309 2212 4395 sententiis.
2237 4339 2293 4395 In
2324 4339 2421 4395 hos
2443 4309 2670 4406 clavem;
2702 4340 2755 4397 id
2783 4349 2867 4396 est
2894 4309 3215 4410 potestatem
3246 4309 3495 4414 acbipere

205 4402 330 4459 hinc
358 4404 573 4500 εἶξείίθδ
599 4402 906 4463 “amorum
940 4406 1092 4477 Prius
1126 4406 1355 4479 θοίηίῧίί
1382 4407 1803 4479 Pmdicamibus
1908 4430 2127 4495 dicitur,
2153 4431 2279 4500 quia
2302 4439 2430 4486 tunc
2452 4446 2560 4486 non
2575 4402 2715 4486 sicut
2735 4402 2952 4485 modo-tt
2976 4427 3087 4486 Deo
3109 4402 3489 4488 refrenabitur.

289 3919 453 3978 Vens.
483 3922 536 3977 6.
566 3920 1116 3993 —-Prteparaverunt.
1141 3923 1200 3979 Id
1228 3932 1333 3989 est,
1364 3923 1515 3993 prius
1541 3923 1798 3995 impleve-

206 4024 345 4070 runt
377 4031 539 4086 opere
574 4031 695 4087 qua:
723 4016 917 4072 dicturi
957 4025 1113 4072 erant
1148 4032 1261 4073 ore.
1300 4017 1428 4081 Vel,
1472 4033 1800 4088 praeparave-

205 4115 359 4172 runt,
401 4105 453 4162 id
480 4114 565 4163 est
597 4108 963 4178 praeviderunt
998 4108 1128 4181 quid
1158 4108 1476 4164 conveniret
1509 4108 1800 4179 unicuique

204 4210 477 4269 personae.

205 4496 491 4567 θυοδῑοηεο
1826 4563 1887 4626 D
1912 4518 2009 4577 Vel
2040 4496 2207 4577 clavis
2245 4522 2337 4578 illa
2368 4531 2493 4579 sunt
2525 4524 2621 4594 ipsi
2647 4523 2922 4597 principes
2952 4538 3053 4599 per
3083 4538 3218 4595 quos
3248 4508 3493 4582 haeretici

284 4614 450 4672 Vsus.
478 4614 533 4671 7.
556 4645 628 4658 -—
652 4612 723 4671 Et
750 4615 892 4687 facta
920 4624 995 4670 est
1023 4615 1249 4686 grando.
1286 4614 1345 4672 ld
1373 4622 1458 4673 est
1484 4614 1800 4687 praedicatio
1826 4612 1882 4626 ”
1908 4628 2217 4688 operantur.

204 4707 335 4765 aliis
371 4708 571 4777 suavis,
609 4708 724 4765 visa
749 4716 834 4766 est
861 4708 943 4766 eis
967 4708 1242 4765 condensa
1270 4716 1325 4763 et
1364 4708 1565 4779 gravis.
1593 4706 1659 4761 In
1688 4715 1794 4761 tero
1974 4705 2139 4763 Vens.
2171 4706 2224 4762 2.
2254 4739 2327 4751 -—
2350 4707 2566 4780 Aperuit
2594 4717 2805 4780 puteum
2844 4711 3039 4781 abyssi.
3084 4707 3331 4763 Hmreses
3371 4724 3491 4778 quae

203 4818 351 4857 ram.
377 4800 547 4859 Judaei
582 4810 711 4860 sunt
737 4814 995 4873 tanquam
1015 4811 1159 4859 terra
1182 4802 1385 4859 exculti
1412 4818 1510 4874 per
1536 4801 1707 4873 legem
1739 4809 1800 4856 et
1902 4801 2144 4858 latebant
2190 4801 2242 4856 in
2282 4801 2537 4858 cordibus
2572 4817 2759 4857 eorum
2805 4801 3035 4874 proferri
3086 4800 3231 4857 fecit.
3284 4800 3490 4857 Fumus

96 4934 104 4940 .
200 4895 527 4966 ρωρῄθιιε,
1904 4893 2153 4964 fornacis.
2198 4893 2454 4949 Doctrina
2496 4892 2814 4949 Antichristi
2864 4900 3013 4950 recte
3060 4892 3259 4949 dicitur
3312 4892 3491 4950 fumus

282 4986 561 5042 Arborum.
578 4987 683 5045 Per
696 4988 921 5046 arbores
945 4988 1319 5061 intelliguntur
1333 4987 1567 5059 majores
1586 4985 1791 5054 Judaei;
1906 4988 2161 5057 quoniam
2192 4987 2305 5058 ipse
2326 4986 2692 5042 Antichristus
2710 4995 2792 5041 est
2816 4986 3006 5041 fornax
3030 5002 3270 5059 purgans
3293 4985 3487 5057 bonos,

201 5078 305 5148 qui
334 5078 389 5134 in
417 5078 534 5150 lege
561 5079 679 5136 sine
705 5078 925 5149 querela
950 5081 1435 5136 conversabantur.
1905 5090 1961 5136 et
2000 5080 2052 5134 in
2082 5080 2318 5134 cinerem
2359 5078 2609 5148 redigens
2636 5079 2825 5134 malos.
2858 5076 3184 5135 Obscuratus
3219 5090 3292 5135 est
3331 5079 3411 5135 sol
3440 5088 3491 5136 et

282 5170 448 5228 Vens.
476 5170 532 5228 8.
553 5203 623 5214 --
660 5172 730 5229 Et
756 5174 1015 5233 secundus
1045 5173 1279 5243 angelus,
1319 5173 1611 5231 secundum
1640 5169 1790 5225 ordi-
1905 5187 2015 5224 aer.
2046 5169 2112 5224 Et
2146 5185 2245 5239 per
2283 5170 2386 5223 hoc
2420 5169 2663 5238 percussi
2705 5178 2847 5225 sunt
2872 5168 3091 5241 quidam
3122 5169 3491 5227 illuminantes

200 5280 335 5321 netu
371 5265 713 5329 narrationis,
758 5274 815 5322 et
858 5267 1155 5322 secundum
1181 5265 1325 5336 quod
1358 5263 1638 5335 impletum
1664 5263 1785 5318 fuit.
1904 5261 2061 5324 alios,
2093 5271 2147 5317 et
2181 5259 2398 5331 quidam
2425 5259 2709 5314 illuminati
2730 5262 2797 5317 ab
2818 5262 2916 5318 eis.

197 5356 410 5413 Jndteis
433 5358 580 5414 enim
600 5358 915 5424 excaecatis,
948 5357 1174 5429 apostoli
1204 5366 1329 5414 sunt
1363 5358 1431 5413 ad
1451 5367 1639 5428 gentes
1661 5372 1795 5412 oon-
1978 5353 2142 5409 Vens.
2184 5351 2237 5406 5.
2265 5382 2338 5393 —
2365 5350 2622 5405 Exierunt
2653 5351 2885 5408 locustae.
2916 5353 3175 5427 Discipuli
3206 5352 3491 5409 baretico-

197 5434 373 5505 versi.
410 5448 479 5503 In
507 5466 670 5505 mare.
714 5449 956 5507 Gentiles
988 5460 1119 5507 sunt
1146 5466 1329 5517 mare,
1367 5450 1421 5505 id
1448 5457 1532 5504 est
1560 5447 1793 5505 ﬂuentes
1906 5461 2027 5502 rum
2058 5442 2280 5499 locustis
2313 5452 2717 5513 comparantur,
2758 5445 2883 5516 quia
2913 5460 3086 5517 neque
3115 5445 3299 5500 volant
3327 5447 3381 5499 in
3410 5441 3490 5497 al-

198 5540 264 5596 in
298 5539 464 5596 multa
492 5540 653 5606 vitia;
686 5541 738 5595 in
777 5540 974 5612 quibus
1005 5558 1128 5597 cum
1165 5553 1291 5597 ante
1330 5549 1477 5597 esset
1516 5540 1785 5607 diabolus,
1905 5545 2053 5604 tum;
2093 5536 2240 5603 sive,
2271 5535 2778 5606 contemplationem
2826 5552 2924 5609 per
2958 5536 3337 5608 cognitionem,
3386 5547 3489 5588 nec

196 5644 334 5686 vere
370 5639 551 5687 tamen
596 5632 792 5687 missus
840 5632 1055 5698 dicitur,
1099 5632 1225 5702 quia
1264 5632 1589 5703 quibusdam
1632 5647 1790 5689 rece-
1905 5630 2139 5685 ﬁrmiter
2183 5630 2508 5700 gradiuntur
2545 5644 2642 5701 per
2685 5631 2881 5686 bonam
2925 5629 3292 5699 operationem
3343 5644 3355 5679 :
3390 5631 3486 5682 sed

196 5720 458 5780 dentibus
479 5722 614 5779 alios
639 5724 871 5779 retinere
905 5723 1117 5779 nititur.
1188 5736 1193 5741 ‘
1903 5723 2156 5795 superbia
2185 5723 2404 5793 saliunt,
2436 5732 2491 5782 et
2513 5724 2568 5780 in
2599 5725 2751 5798 pejus
2776 5723 3046 5793 recidunt,
3068 5730 3125 5778 et
3148 5729 3275 5781 sunt
3299 5734 3491 5807 eorm-

206 5896 215 5907 ι
282 5814 440 5872 Vens.
475 5814 530 5872 9.
555 5845 626 5856 —
656 5813 867 5869 Mortua
894 5825 967 5870 est
1000 5816 1172 5871 tertia.
1213 5817 1343 5874 Duae
1375 5826 1581 5897 partes,
1618 5817 1673 5874 id
1701 5826 1789 5876 est
1841 5867 1871 5907 ᾗ
1901 5830 2058 5873 seres
2082 5815 2366 5873 honorum.

1818 5867 1871 6003 ,ξ
