3948 6314
421 362 525 422 727

914 348 1307 418 WALAFRIDI
1346 359 1596 418 STRABI
1632 360 1840 419 FULD.
1884 360 2049 419 MON.
2090 352 2241 419 OPP.
2278 356 2462 416 PARS
2494 358 2535 415 I.
2576 378 2645 401 -ε-
2683 353 3137 416 THEOLOGICA.

3597 356 3703 416 ἠε

493 472 643 530 Sicut
682 473 872 530 habent
915 473 1232 542 scorpiones.
1286 471 1547 544 Scorpius
1580 472 1813 530 blandus
1862 472 2002 531 facie
2028 476 2084 540 Α
2178 446 2342 528 Vens.
2381 472 2469 527 15.
2496 502 2567 513 —-
2599 471 2684 527 Ea:
2719 483 2950 544 quatuor
2996 473 3263 527 cornibus.
3315 469 3423 529 Per
3463 482 3705 545 quatuor

423 566 597 626 cauda
623 565 814 637 pungit
836 550 1083 631 occulte;
1125 563 1211 617 vel
1238 565 1510 635 scorpioni
1549 572 1847 638 comparat,
1880 566 2006 637 quia

425 661 567 718 sicut
606 657 852 729 scorpius
906 657 1096 722 cauda,
1155 656 1236 713 sic
1294 658 1537 714 haeretici
1587 657 1862 729 decipiunt
1911 673 2009 728 per

424 750 765 821 temporalia,
790 765 908 821 quae
934 750 1134 805 debent
1154 756 1278 819 post
1298 763 1442 816 esse,
1468 750 1609 806 sicut
1633 750 1807 806 cauda
1829 756 2011 819 poste-

426 843 541 900 rior
568 857 698 914 pars
724 841 777 896 in
802 839 1040 895 animali.
1074 839 1171 895 Vel
1197 840 1319 896 ideo
1343 847 1625 910 comparat
1645 840 1770 910 quia
1795 838 2009 909 quando

424 935 671 1005 scorpius
694 932 912 1004 pungit,
941 947 1049 987 non
1070 931 1322 998 sentitur,
1354 939 1543 1002 postea
1565 930 1815 987 diffundit
1842 945 2009 985 vene-

427 1040 554 1080 num
576 1065 590 1088 ,
624 1023 703 1078 sic
735 1021 941 1093 decepti
971 1022 1039 1078 ab
1062 1020 1331 1078 hmreticis
1360 1036 1466 1077 non
1493 1020 1757 1087 sentiunt,
1793 1019 2010 1076 tandem

425 1115 788 1187 perimuntur.

497 1210 660 1265 Vsus.
690 1206 747 1263 4.
777 1238 849 1249 -
870 1205 1198 1279 Praeceptum
1226 1214 1303 1263 est
1340 1205 1448 1263 illis
1487 1223 1551 1262 ne
1589 1205 1860 1273 laederent,
1901 1216 2007 1262 etc.

427 1299 562 1369 Quia
600 1300 753 1357 dolos
778 1300 1007 1356 istorum
1035 1299 1274 1355 refrenat
1296 1299 1459 1369 Deus,
1498 1298 1626 1356 licet
1655 1298 1756 1371 ipsi
1791 1315 1899 1355 non
1934 1299 2014 1354 in-

430 1395 693 1469 tclligant.

501 1487 666 1544 Vsus.
720 1486 772 1544 5.
801 1519 875 1530 —
919 1488 1005 1545 Ne
1048 1489 1362 1551 occiderent.
1407 1489 1541 1545 Cum
1594 1504 1693 1561 per
1733 1488 1883 1545 dolos
1920 1503 2016 1545 ne-

429 1590 634 1650 queunt
660 1580 901 1636 haeretici
929 1581 984 1635 in
1015 1580 1196 1651 aliqua
1229 1581 1544 1637 subvertere
1582 1580 1784 1645 volunt,
1826 1590 2014 1636 contra

428 1687 566 1743 quos
589 1687 619 1725 a
647 1672 758 1727 Deo
786 1672 1096 1728 ordinatum
1125 1681 1231 1739 est,
1270 1680 1331 1727 ut
1354 1673 1458 1728 etsi
1486 1687 1714 1743 corpora
1737 1672 2011 1737 occidant,

428 1761 638 1818 animas
662 1769 843 1817 tamen
871 1779 979 1818 non
1004 1763 1295 1835 decipiant.
1328 1760 1598 1818 Mensibus
1617 1764 1861 1834 quinque.
1894 1762 2014 1818 Alia

2052 594 2067 609 -
2110 577 2315 620 cornua
2342 561 2582 635 intellige
2604 562 2692 617 illa
2717 570 2956 633 quatuor
2985 576 3107 633 quae
3147 561 3215 619 de
3238 560 3465 619 Christo
3501 563 3705 633 praedi-

2109 665 2320 723 cantur,
2360 672 2480 727 quas
2526 664 2653 712 sunt
2698 655 2970 722 nativitas,
3005 656 3207 726 passio,
3239 656 3603 722 resurrectio,
3646 667 3701 712 et

2109 750 2356 806 ascensio
2392 767 2405 803 :
2437 749 2583 805 circa
2605 764 2727 820 quae
2755 748 2862 804 alia
2894 755 3039 805 sunt.
3074 746 3275 804 Altart's
3304 749 3477 804 aurei.
3514 749 3704 805 Altare

2113 841 2386 908 Christus,
2413 855 2616 898 cornua
2641 841 2832 898 altaris
2859 847 2986 897 sunt
3002 840 3395 913 praedicatores
3418 839 3707 898 Christum

2111 936 2476 1001 sublevantes,
2520 944 2577 992 et
2618 950 2722 1005 pro
2770 949 2837 992 eo
2879 934 3021 991 mori
3050 934 3251 1006 parati,
3302 934 3445 990 sicut
3483 934 3711 1005 sanguis

2110 1029 2415 1100 ponebatur
2452 1029 2507 1083 in
2534 1027 2793 1084 cornibus
2836 1026 3045 1083 altaris.
3079 1026 3175 1083 Vel
3209 1026 3377 1083 altare
3401 1035 3490 1083 est
3516 1025 3710 1082 Eccle-

2113 1123 2214 1188 sia,
2245 1123 2300 1177 in
2327 1136 2435 1193 qua
2459 1129 2586 1176 sunt
2613 1135 2839 1187 cornua,
2877 1121 2933 1175 id
2961 1129 3046 1176 est
3081 1120 3399 1176 defensores
3443 1119 3707 1185 aliorum,

2113 1214 2207 1286 qui
2227 1229 2416 1270 omnes
2444 1215 2510 1269 ad
2533 1213 2675 1270 idem
2706 1213 2954 1270 tendunt.
2986 1214 3084 1269 Vel
3120 1228 3220 1285 per
3235 1222 3471 1285 quatuor
3497 1228 3710 1270 cornua

2113 1306 2413 1377 intelligere
2442 1322 2733 1378 possumus
2754 1307 3008 1378 dogmata
3030 1306 3351 1376 evangelica
3372 1322 3491 1376 qua:
3504 1307 3713 1362 docent

2114 1395 2291 1467 detegi
2329 1395 2548 1452 fraudes
2584 1395 2927 1452 Antichristi.
2963 1393 3154 1451 Vocem
3192 1412 3375 1451 unam.
3415 1395 3713 1452 Przecones

2112 1488 2377 1557 praeteriti
2416 1487 2676 1558 temporis
2717 1493 3058 1557 praemonent
3087 1485 3209 1543 illos
3245 1487 3337 1557 qui
3375 1496 3539 1543 erunt
3566 1495 3711 1544 tetu-

2114 1593 2246 1651 pore
2264 1578 2614 1635 Antichristi.

2188 1667 2353 1723 Vsus.
2390 1668 2478 1723 14.
2502 1700 2574 1710 -
2595 1667 2754 1725 Solve
2782 1677 3031 1742 quatuor.
3059 1668 3169 1726 Pro
3199 1678 3437 1741 quatuor
3454 1670 3712 1740 partibus

2114 1760 2321 1827 mundi,
2348 1759 2430 1816 vel
2470 1761 2597 1831 quia
2637 1768 2871 1832 quatuor
2911 1761 2979 1816 de
3019 1760 3237 1817 Christo
3272 1763 3575 1832 praedicata
3605 1763 3714 1817 im-

426 1851 608 1909 littera
656 1854 787 1912 dicit
830 1856 1093 1911 mensibus
1132 1872 1248 1923 sex,
1280 1844 1503 1929 propter
1535 1872 1627 1912 sex
1658 1866 1845 1912 retates
1883 1856 2006 1926 qui-
2038 1853 2373 1926 Bpugnant.
2428 1853 2532 1921 Qui
2575 1853 2781 1926 alligati
2828 1863 2949 1910 sunt
2996 1854 3053 1908 in
3100 1855 3316 1925 ﬂumine
3356 1872 3556 1925 magno
3598 1853 3715 1909 Es-

425 1944 530 2001 bus
555 1944 670 2001 haec
702 1945 811 2003 vita
841 1946 1209 2018 distinguitur.
1224 1944 1317 2003 ~Ut
1347 1949 1611 2003 cruciatus
1640 1948 1852 2020 scorpii.
1880 1946 2016 2003 Cum

428 2036 554 2091 data
582 2036 654 2092 sit
678 2046 922 2108 potestas
956 2039 1256 2107 cruciandi,
1296 2054 1407 2095 non
1437 2048 1626 2111 aperte
1662 2049 2017 2107 tormentum,

431 2125 528 2181 sed
550 2126 693 2196 apud
724 2127 908 2182 seculi
935 2128 1213 2201 principes
1233 2138 1515 2185 accusant.

500 2217 667 2274 Vens.
701 2219 753 2275 6.
781 2250 856 2262 -
880 2220 951 2275 Et
972 2220 1134 2293 fugiet
1157 2238 1298 2278 mors
1325 2221 1390 2278 ab
1409 2223 1505 2278 eis.
1533 2222 1669 2291 Quia
1691 2238 1822 2280 cura
1839 2224 2017 2296 gregis

427 2325 524 2369 eos
551 2312 802 2385 astringit
824 2312 1013 2371 labori.

498 2402 664 2472 Vsus.
697 2406 750 2462 7.
788 2437 856 2450 --
898 2406 1283 2466 Similitudines
1325 2410 1678 2479 locustarum,
1730 2420 1835 2468 etc.
1880 2387 2016 2468 Cu.m

425 2495 756 2554 ostendisset
788 2499 1022 2570 qualiter
1056 2508 1343 2569 nocerent,
1394 2510 1450 2558 et
1488 2518 1587 2573 per
1633 2501 1783 2559 dolos
1823 2511 1879 2558 et
1920 2517 2018 2572 per

426 2586 693 2643 occultam
729 2589 1206 2661 impugnationem,
1239 2592 1375 2648 etin
1398 2602 1633 2664 utroque
1655 2591 1752 2648 Dei
1778 2590 2019 2649 refrena-

429 2678 659 2746 tionem,
685 2697 829 2736 nunc
860 2684 1097 2738 ostendit
1131 2684 1317 2754 quales
1342 2685 1443 2756 ipsi
1476 2686 1583 2741 sint
1607 2700 1704 2757 per
1727 2702 1864 2757 quos
1888 2700 2017 2757 ope-

424 2769 536 2823 rari
580 2782 825 2840 possunt.
879 2770 1088 2828 Similes
1129 2776 1292 2846 equis.
1340 2775 1478 2842 Quia
1524 2784 1652 2831 sunt
1696 2776 1908 2833 veloces
1946 2777 2015 2834 ad

428 2863 883 2930 discurrendum,
935 2865 1145 2923 feroces
1191 2869 1261 2923 ad
1311 2868 1758 2940 impugnandum,
1808 2878 1863 2925 et
1905 2885 2015 2926 non

425 2957 712 3026 provident
753 2974 889 3029 quos
928 2959 1232 3028 incurrant,
1280 2961 1396 3017 sive
1434 2962 1489 3017 in
1519 2962 1762 3027 vicinos,
1803 2963 1915 3018 sive
1959 2964 2014 3018 in

427 3034 636 3103 hostes.
678 3045 951 3120 Tanquam
992 3066 1218 3105 coronre.
1251 3049 1308 3106 Id
1329 3059 1415 3107 est
1452 3052 1694 3123 victoria;
1725 3054 1792 3110 de
1824 3052 2015 3125 praeci-

425 3137 612 3207 pitatis
632 3146 686 3196 et
709 3140 984 3199 subversis
1005 3140 1303 3214 acquisitﬁe,
1322 3160 1430 3202 non
1460 3161 1561 3218 per
1588 3162 1771 3203 veram
1802 3148 2016 3220 sapien-

428 3230 581 3286 tiam.

501 3321 665 3379 Vsus.
693 3324 748 3382 8.
768 3356 839 3366 —
863 3325 935 3382 Et
958 3328 1216 3384 habebant
1242 3330 1480 3403 capillos.
1524 3332 1581 3390 Id
1605 3342 1690 3389 est
1714 3349 1898 3392 mores
1932 3333 2012 3391 Ia-

431 3420 610 3476 scivos
638 3428 694 3476 et
724 3420 1083 3491 etl'eminatos,
1108 3426 1200 3496 qui
1228 3425 1310 3482 eis
1340 3427 1639 3493 adhaerent,
1667 3435 1722 3484 et
1749 3430 1815 3485 ab
1841 3428 1922 3484 eis
1942 3427 2013 3484 ad

425 3510 805 3584 deceptionem
849 3514 1081 3571 aliorum
1126 3517 1453 3588 dependent.
1516 3518 1609 3574 Vel
1660 3520 1839 3591 capilli
1885 3529 2013 3576 sunt

428 3601 678 3661 homines
721 3605 982 3675 minores,
1013 3623 1151 3678 quos
1193 3608 1519 3667 adherentes
1563 3611 1666 3666 sibi
1711 3612 2006 3683 decipiunt.

424 3694 617 3779 Dentes
639 3696 867 3752 leonum.
908 3697 1195 3755 Laniatum
1223 3700 1425 3761 habent
1462 3708 1518 3757 et
1539 3700 1787 3758 fetorem.

496 3791 665 3845 Vsus.
694 3791 747 3846 9.
781 3789 1015 3848 Loricas.
1047 3792 1109 3853 Id,
1133 3803 1216 3850 est
1245 3795 1408 3851 corda
1433 3795 1731 3863 obstinata,
1779 3811 1901 3867 quae
1929 3811 2012 3852 sa-

426 3881 541 3953 gita
571 3881 818 3955 veritatis
841 3899 948 3940 non
978 3895 1245 3957 penetrat.
1277 3887 1375 3944 Vel
1413 3889 1712 3945 sententias
1739 3888 2012 3959 deceptio«

424 3974 587 4030 nibus
617 3975 887 4045 munitas,
917 3993 1054 4049 quas
1076 3974 1565 4052 infringitveritas.
1583 3980 1735 4038 Sicut
1763 3999 1864 4037 vox
1882 3999 2007 4036 cur—

425 4079 604 4135 ruum,
624 4074 731 4124 etc.
757 4069 967 4126 Diversi
996 4087 1192 4128 currus
1214 4074 1444 4130 diversis
1484 4075 1588 4131 viis
1622 4082 1680 4131 et
1708 4091 1740 4130 a
1780 4074 2008 4132 diversis

426 4159 584 4231 equis
624 4159 695 4217 ad
740 4161 887 4218 idem
937 4163 1137 4219 bellum
1178 4166 1482 4237 rapiuntur,
1529 4165 1611 4221 sic
1651 4165 1743 4221 isti
1780 4165 2009 4222 diversis

430 4248 734 4309 hteresibus
756 4254 1089 4311 unanimiter
1114 4256 1414 4313 Ecclesium
1448 4257 1786 4329 impugnant.

494 4341 661 4401 Vsus.
689 4344 776 4401 10.
797 4377 871 4387 -
893 4345 964 4401 Et
1002 4346 1261 4403 habebant
1287 4347 1509 4403 caudas.
1558 4347 1849 4418 Postquam
1897 4362 2007 4403 non

419 4435 569 4499 valet
595 4436 736 4493 ratio
778 4437 864 4493 vel
913 4439 1176 4496 tumultus
1217 4455 1427 4509 eorum,
1455 4450 1706 4511 quaerunt
1748 4441 2009 4499 auxilium

420 4526 746 4600 principum,
775 4529 871 4596 qui
896 4531 1083 4586 cauda:
1106 4531 1384 4599 dicuntur,
1416 4534 1545 4603 quia
1576 4542 1636 4588 ut
1661 4534 2003 4606 astringant,

2041 3219 2088 3285 C

2117 1946 2322 2016 parate.
2349 1945 2656 2017 Euphrates
2681 1944 2877 2001 ﬂuvius
2900 1944 3229 2001 circumiens
3265 1945 3629 2017 Babylonem,
3658 1946 3713 2001 id

2118 2048 2202 2097 est
2250 2040 2524 2111 principes
2569 2040 2828 2095 mundani
2873 2054 2973 2110 per
3011 2055 3148 2109 quos
3174 2038 3448 2105 diabolus,
3488 2055 3616 2095 cum
3656 2040 3709 2093 in

2118 2132 2255 2202 ipsis
2281 2141 2449 2198 esset,
2481 2131 2695 2187 occulte
2734 2132 3084 2203 operabatur.
3106 2117 3303 2187 Dicens
3326 2140 3515 2186 autem
3550 2130 3711 2196 solre,

2118 2224 2221 2280 bos
2245 2224 2401 2296 jubet
2441 2218 2926 2292 excommunicari,
2952 2232 3012 2279 ut
3047 2224 3140 2295 qui
3183 2224 3239 2279 in
3287 2224 3368 2280 eis
3397 2231 3522 2279 erat
3551 2223 3709 2295 quasi

2118 2317 2341 2389 ligatus,
2370 2333 2470 2389 per
2513 2334 2606 2374 eos
2632 2318 2734 2373 sibi
2779 2316 3009 2372 traditos
3036 2316 3278 2387 apertius
3300 2325 3588 2386 operetur.
3616 2314 3713 2372 Vel

2119 2418 2352 2478 quatuor
2377 2409 2549 2481 angeli
2577 2417 2705 2465 sunt
2731 2424 2922 2465 omnes
2954 2407 3216 2465 immundi
3243 2407 3470 2479 spiritus
3495 2408 3555 2462 in
3582 2423 3712 2479 qua-

2119 2510 2243 2556 tuor
2269 2502 2511 2571 partibus
2552 2500 2739 2557 mundi
2793 2508 3104 2573 regnantes,
3145 2499 3241 2572 qui
3280 2499 3504 2556 fuerunt
3546 2498 3713 2556 reire-

2122 2594 2237 2650 nati
2268 2596 2321 2650 in
2348 2597 2600 2666 passione
2635 2595 2862 2652 Christi.
3557 2589 3565 2595 ’

2190 2706 2354 2763 Vsus.
2386 2707 2744 2763 15.—-Soluti
2772 2716 2919 2774 sunt,
2947 2716 3052 2764 etc.
3086 2704 3275 2764 Soluto
3297 2707 3518 2765 diabolo
3558 2708 3713 2765 multi

2116 2802 2551 2875 praecipitantur,
2583 2804 2678 2874 qui
2707 2802 2779 2859 ad
2822 2802 2960 2860 alios
2994 2802 3350 2858 excaecandos
3383 2802 3710 2858 moliuntur.

2122 2891 2191 2947 In
2240 2892 2426 2947 horam
2471 2902 2520 2947 et
2568 2892 2726 2947 diem.
2769 2890 2876 2949 Per
2911 2892 3099 2947 horam
3127 2892 3313 2964 accipe
3358 2892 3712 2948 medietatem

2120 2985 2278 3051 anni;
2308 3000 2408 3055 per
2431 2986 2592 3054 diem,
2637 2999 2807 3041 unum
2852 2999 3088 3052 annum;
3129 3000 3228 3056 per
3250 3000 3506 3051 mensem,
3545 2983 3710 3040 alium

2119 3091 2350 3143 annum;
2378 3088 2432 3133 et
2456 3093 2554 3147 per
2574 3093 2793 3144 annum,
2817 3077 3035 3132 tertium
3068 3094 3082 3132 :
3113 3092 3238 3132 nam
3265 3092 3364 3148 per
3393 3086 3512 3134 tres
3538 3092 3713 3134 annos

2119 3177 2176 3226 et
2195 3170 2479 3225 dimidium
2507 3170 2723 3226 durabit
2743 3170 3053 3242 persecutio
3076 3169 3417 3228 Antichristi.

2190 3285 2356 3341 Vsus.
2385 3285 2474 3341 16.
2504 3284 2773 3341 —Vicies
2821 3285 3032 3341 millies.
3082 3283 3269 3343 Sancti
3324 3286 3519 3342 decem
3566 3302 3715 3357 pra:-

2116 3378 2285 3448 ceptis
2314 3377 2449 3450 legis
2480 3377 2729 3448 perfecti,
2780 3385 2971 3434 contra
3019 3392 3157 3448 quos
3202 3376 3405 3448 duplex
3443 3392 3711 3433 numerus

2116 3470 2338 3541 ponitur
2361 3469 2649 3537 malorum,
2678 3468 2807 3539 quia
2852 3462 2982 3523 mali
3009 3468 3205 3540 plures
3236 3476 3367 3523 sunt
3411 3468 3601 3524 bonis.
3640 3466 3709 3522 Et

2116 3562 2317 3628 audivi,
2349 3571 2450 3618 etc.
2484 3561 2649 3629 Quasi
2689 3562 2870 3619 dicat:
2898 3561 3046 3621 Bene
3083 3576 3228 3633 pono
3270 3561 3371 3616 sub
3405 3569 3565 3617 certo
3607 3574 3710 3616 uu-

2116 3669 2291 3720 mero,
2332 3653 2460 3725 quia
2491 3654 2691 3722 audivi,
2721 3653 2776 3709 id
2804 3662 2891 3710 est
2912 3652 3183 3723 intellexi,
3219 3650 3367 3724 quod
3402 3651 3601 3724 plures
3626 3665 3713 3707 es-

2118 3753 2240 3801 sent
2268 3745 2396 3800 mali
2423 3761 2586 3817 quam
2612 3746 2758 3802 boni.

2186 3859 2352 3914 Vsus.
2380 3859 2467 3914 17.
2485 3857 2637 3912 -Ει
2662 3859 2738 3913 ita
2764 3859 2890 3914 vidi.
2928 3857 2988 3916 Id
3018 3865 3105 3915 est
3130 3859 3273 3915 sicut
3326 3857 3713 3916 intellexeram

2116 3953 2257 4023 quod
2290 3951 2357 4007 ad
2389 3951 2813 4008 destructionem
2845 3950 3079 4007 aliorum
3121 3952 3465 4022 equitabant,
3499 3951 3583 4007 sic
3620 3951 3711 4006 in~

2113 4045 2349 4113 tellexit,’
2362 4046 2504 4116 quod
2529 4060 2627 4117 per
2654 4045 2926 4103 diabolum
2951 4045 3059 4102 hoc
3081 4043 3375 4109 faciebant,
3403 4059 3571 4116 quem
3605 4043 3713 4100 sic-

2112 4145 2174 4190 ut
2218 4136 2341 4208 equi
2384 4137 2694 4207 portabant,
2712 4136 2797 4191 vel
2815 4137 2940 4208 equi
2965 4134 3191 4207 intelligi
3230 4144 3457 4208 possunt
3477 4136 3709 4203 diaboli,

2114 4243 2278 4299 super
2304 4244 2441 4301 quos
2471 4229 2600 4287 mali
2628 4228 2946 4285 fundantur.
2975 4228 3255 4285 Habebam
3279 4229 3475 4284 loricas
3502 4231 3704 4301 igneas.

2111 4317 2168 4375 Id
2194 4326 2277 4375 est
2302 4319 2621 4376 muniebant
2662 4335 2755 4378 eos
2782 4319 3064 4377 sententiis
3102 4320 3170 4376 de
3211 4320 3409 4392 quibus
3456 4322 3711 4391 sequitur

2113 4422 2314 4473 interna
2341 4429 2521 4484 poena,
2560 4414 2651 4469 ubi
2696 4422 2781 4470 est
2812 4414 2954 4485 ignis
2994 4422 3051 4469 et
3081 4412 3226 4469 fetor
3262 4421 3320 4470 et
3363 4412 3572 4469 fumus.
3614 4411 3708 4468 Vel

2113 4508 2368 4563 habebant
2396 4507 2586 4564 loricas
2607 4509 2807 4579 igneas,
2833 4507 2887 4562 id
2909 4516 2993 4563 est
3014 4515 3276 4563 aeternam
3307 4519 3554 4578 prunam,
3585 4521 3721 4576 quae

423 4593 634 4677 terrent
658 4628 715 4677 et
734 4593 1115 4681 blandiuntur.
1146 4625 1244 4682 Vel
1267 4593 1459 4693 cauda-2,
1483 4635 1612 4683 sunt
1638 4593 1870 4697 dolosae“
1883 4593 2004 4685 seu;

2122 4614 2387 4671 nunquam
2416 4599 2638 4655 dimittit
2664 4614 2801 4670 quos
2828 4598 3359 4671 accipitrTunqu'ans
3389 4600 3568 4669 capita
3586 4596 3708 4654 leo-

422 4713 629 4783 tentite,
660 4715 861 4786 quibus
888 4732 1075 4774 coram
1122 4718 1480 4777 blandiuntur
1521 4729 1576 4776 et
1611 4721 1846 4780 latenter
1871 4739 2010 4795 pun-

420 4811 576 4876 gunt.

490 4893 661 4953 Vens.
693 4898 781 4955 II.
804 4931 877 4942 —
898 4900 968 4956 Et
997 4901 1257 4957 habebant
1282 4920 1439 4975 super
1463 4922 1518 4959 se
1548 4894 1739 4976 regem.
1758 4903 2006 4971 Ostenso

420 4986 613 5056 quales
639 4989 694 5045 in
725 5004 785 5047 se
809 4991 935 5057 sint,
965 5001 1235 5049 monstrat
1258 5009 1357 5065 per
1396 5010 1558 5065 quem
1593 4996 1711 5052 haec
1756 5004 2003 5066 possunt.

340 5068 355 5077 ’
422 5075 523 5133 Cui
548 5095 734 5134 nomen
760 5078 1017 5138 Hebraice
1047 5084 1325 5140 Abaddon.
1359 5085 1523 5154 Quasi
1567 5087 1713 5143 dicat
1742 5104 1755 5141 :
1785 5086 1869 5142 Ad
1897 5087 2005 5143 hoc

400 5179 610 5225 .cavete
637 5172 809 5237 vobis,
842 5172 1074 5241 Hebrzei,
1101 5174 1276 5233 Graeci
1304 5185 1359 5233 et
1382 5176 1587 5246 Latini,
1617 5177 1672 5234 id
1712 5186 1797 5234 est
1825 5178 2005 5234 omnis

419 5257 682 5317 Ecclesia.
728 5261 919 5320 Posuit
963 5274 1144 5321 autem
1195 5277 1309 5324 tres
1347 5268 1583 5340 linguas,
1625 5270 1754 5340 quia
1798 5267 2003 5325 Christi

417 5347 767 5424 Evangelium
794 5355 975 5427 aliqua
1001 5358 1195 5412 harum
1223 5360 1386 5415 trium
1415 5360 1725 5432 linguarum
1759 5370 1843 5418 est
1863 5361 2002 5417 scri-

417 5448 573 5513 ptum
600 5453 654 5499 et
686 5457 987 5519 receptum.

491 5529 653 5591 Vens.
691 5536 954 5594 12.—V¢e
986 5557 1148 5595 unum
1173 5542 1322 5597 abiit.
1353 5543 1410 5599 Id
1440 5553 1525 5600 est
1548 5544 1783 5617 primum
1817 5544 2012 5600 ordine

416 5628 749 5684 narrationis
767 5637 824 5684 et
853 5630 1043 5685 ordine
1073 5634 1352 5702 temporis.
1382 5633 1507 5689 llme
1533 5644 1620 5691 est
1653 5635 1798 5713 enim
1830 5633 2013 5690 deela-

414 5714 561 5863 crgno
586 5728 642 5775 et
670 5718 949 5777 damnatio
977 5721 1245 5779 malorum
1274 5740 1395 5798 qum
1432 5726 1537 5782 erit
1569 5733 1814 5797 tempore
1849 5724 2009 5780 Anti—

492 5806 628 5863 rtsli.

492 5806 628 5869 risti.

1989 5927 2024 5952 ,ι

1984 5957 2012 5988 J

2114 4709 2262 4748 num.
2299 4692 2559 4765 Superius
2581 4694 2636 4749 in
2664 4693 2818 4765 plaga
2848 4693 3182 4749 locustarum
3219 4692 3358 4747 vidit
3400 4689 3574 4747 facies
3602 4691 3709 4745 ho-

2114 4787 2350 4854 minum,
2382 4788 2474 4843 hic
2494 4787 2708 4844 leonum
2736 4806 2749 4842 :
2774 4788 2905 4859 quia
2932 4787 3174 4845 haeretici
3204 4786 3411 4858 aliquid
3443 4785 3709 4841 humani-

2115 4879 2245 4934 tatis
2279 4879 2593 4947 ostendunt,
2635 4879 2873 4935 ministri
2917 4888 3103 4937 autem
3143 4878 3503 4944 Antechristi,
3556 4877 3709 4949 quod

2113 4970 2382 5027 docebunt
2426 4971 2584 5027 dictis
2629 4979 2688 5026 et
2726 4971 2898 5042 signis
2942 4971 3237 5028 boc‘etiam
3276 4970 3467 5041 paruis
3503 4977 3706 5041 cogent

2114 5063 2382 5120 conﬁteri.
2408 5063 2730 5120 Procedebat
2758 5066 2917 5135 ignis.
2948 5064 3124 5121 Causa
3144 5071 3361 5121 aeterna»
3383 5077 3582 5135 ptume.
3608 5060 3707 5116 Vel

2112 5156 2272 5227 ignis,
2307 5157 2359 5211 id
2386 5165 2471 5213 est
2496 5158 2799 5228 cupiditas;
2834 5158 3033 5229 fumus,
3065 5158 3120 5214 id
3153 5157 3557 5229 est'supet'bia;
3595 5156 3706 5212 sul-

2113 5245 2272 5316 phur,
2290 5247 2342 5301 id
2364 5256 2449 5303 est
2464 5247 2607 5304 fetor
2617 5248 2881 5304 malorum
2894 5264 3142 5321 operum.
3161 5248 3369 5305 Fumus
3382 5247 3699 5320 et-sulphur.

2115 5336 2255 5393 Caeci
2301 5347 2428 5394 sunt
2456 5348 2511 5393 ct
2541 5340 2594 5395 in
2635 5340 2870 5397 tenebris
2903 5341 3087 5412 positi,
3108 5349 3327 5413 propter
3350 5340 3705 5397 .l‘etoremvi-

2116 5430 2317 5485 tiorum
2366 5441 2421 5486 et
2466 5433 2731 5489 malorum
2776 5448 3021 5504 operum.
3286 5474 3291 5481 .
3374 5440 3387 5446 “

2185 5542 2348 5597 Vsus.
2384 5543 2470 5599 18.
2497 5574 2565 5584 —-
2598 5542 2787 5599 Occisa
2812 5554 2887 5599 est
2927 5546 3082 5600 tertia
3109 5560 3253 5617 pars.
3280 5545 3339 5601 Id
3361 5554 3466 5611 est,
3499 5558 3689 5601 omnes

2113 5635 2330 5705 reprobi
2371 5638 2435 5691 de
2490 5637 2752 5703 Ecclesia,
2802 5648 2857 5693 et
2896 5637 3148 5693 similiter
3192 5652 3382 5693 omnes
3411 5636 3581 5693 ,ἰυᾶεί
3613 5634 3701 5691 vel

2113 5728 2333 5796 pagani,
2361 5729 2451 5796 qui
2487 5744 2759 5800 nunquam
2790 5728 3009 5785 fuerunt
3047 5729 3331 5801 baptizati,
3365 5728 3468 5786 nec
3496 5729 3565 5787 ab
3595 5724 3698 5783 Ec-

2050 5868 2055 5875 .
2120 5817 2286 5875 etesia
2312 5823 2566 5892 separati.
