3948 6314
182 343 278 400 729

1105 341 1370 399 GLOSSA
1407 339 1810 398 ORDINARIA.
1848 369 1918 382 -—
1954 339 2153 398 APOC.
2191 337 2497 398 JOANNIS.

3323 335 3425 392 750

249 457 407 512 Vens.
441 456 528 513 19.
550 461 620 498 —°
645 456 857 515 Similes
893 460 1238 530 serpentibus.
1263 460 1368 527 Qui
1396 459 1745 516 blandiuntur
1771 460 1825 521 Α
1922 457 2086 512 Vens.
2109 458 2164 513 8.
2189 488 2261 498 —-
2293 458 2442 514 Sicut
2467 455 2860 527 evangelizavit.
2891 453 3122 512 Intentio
3145 452 3430 526 propheta-

186 551 336 618 facie,
364 556 420 606 et
445 550 654 606 occulte
679 551 981 608 immittunt
1007 568 1300 610 venenum.

792 708 1018 766 CAPUT
1056 709 1127 765 X.

253 817 412 875 Vens.
438 821 489 874 1.
515 851 587 862 —-
613 819 682 876 Et
710 823 816 878 vidi
862 823 1027 878 alium
1075 824 1318 895 angelum
1361 825 1570 895 fortem.
1614 821 1753 890 Quia

188 911 334 966 lorus
355 917 598 967 armatus
618 912 811 968 fortem
836 913 1108 969 diabolum
1127 914 1498 984 exsuperavit.
1514 912 1591 968 De
1603 912 1752 968 caelo.

188 1003 240 1057 Id
260 1010 340 1057 est
371 1005 680 1076 cognitione
710 1007 1046 1078 angelorum.
1079 1009 1340 1062 Amictum
1372 1009 1524 1062 nube.
1556 1007 1617 1063 Id
1651 1016 1755 1076 est,

189 1112 242 1152 se
266 1096 640 1154 humiliantem
679 1103 1046 1173 assumptione
1066 1102 1268 1167 carnis,
1299 1101 1384 1157 vel
1409 1101 1533 1172 quia
1561 1115 1759 1172 cogno-

188 1188 422 1245 scibilem
463 1191 608 1247 fecit.
657 1192 939 1250 Latentem
993 1195 1049 1250 in
1093 1211 1278 1260 carne,
1327 1210 1445 1264 qua:
1477 1202 1560 1251 est
1602 1194 1760 1250 nobis

187 1281 522 1352 refrigerium
562 1296 750 1340 contra
795 1287 948 1341 vitia.
995 1286 1066 1341 Et
1099 1288 1195 1342 iris
1222 1288 1279 1341 in
1306 1287 1495 1357 capite.
1528 1285 1631 1353 Qui
1667 1299 1762 1340 ve-

188 1386 298 1424 ram
337 1371 408 1428 de
431 1371 542 1428 Deo
568 1375 731 1430 habet
755 1376 1143 1446 cognitionem,
1173 1384 1392 1446 reputat
1428 1392 1552 1432 eum
1590 1375 1761 1430 Deum

189 1475 318 1517 esse.
379 1463 653 1536 Tanquam
692 1465 936 1521 columna
973 1467 1129 1538 ignis.
1172 1467 1252 1521 Illi
1299 1466 1353 1521 in
1399 1466 1596 1536 quibus
1637 1479 1764 1520 vere

187 1553 323 1608 lucet
345 1554 524 1626 imago
545 1557 659 1622 Dei,
684 1565 745 1612 ut
765 1558 818 1612 in
841 1558 1296 1629 contemplativis,
1319 1558 1401 1613 vel
1428 1558 1762 1628 praedicatio.

257 1644 419 1699 Vens.
449 1644 672 1701 2.—Et
703 1648 925 1704 habebat
950 1651 1004 1704 in
1032 1667 1191 1704 manu
1217 1668 1318 1705 sua
1347 1649 1580 1704 libellum
1613 1665 1766 1719 aper-

188 1743 311 1788 tum.
345 1734 410 1804 Id
443 1746 529 1791 est
569 1752 760 1795 omnes
804 1738 1115 1810 Scripturas
1139 1741 1454 1810 operatione
1490 1757 1586 1796 sua
1611 1756 1763 1795 com-

1807 559 1970 606 °rum
1999 550 2174 620 prima
2200 549 2305 605 fuit
2342 551 2410 605 de
2452 550 2687 605 adventu
2717 547 2955 616 Domini,
2989 555 3048 602 et
3093 547 3160 602 de
3184 559 3432 603 consum-

1850 644 2091 700 matione
2109 641 2314 698 saeculi.

1925 741 2088 797 Vens.
2119 740 2175 797 9.
2211 771 2283 781 —
2312 739 2382 794 Et
2421 739 2618 796 audivi.
2647 737 2813 806 Quasi
2850 738 2995 793 dicat
3026 738 3046 793 ξ
3077 735 3304 793 Ostensa
3342 735 3437 791 de-

1854 838 2150 893 structione
2205 850 2325 906 quae
2367 833 2472 888 erit
2527 842 2770 903 tempore
2818 832 3158 897 Antichristi,
3210 839 3267 887 et
3309 830 3436 885 inde

1836 930 2020 985 etiam
2066 926 2451 999 praedicatione
2500 927 2798 990 subtracta,
2828 933 2884 980 et
2926 925 2996 980 ob
3041 925 3148 979 hoc
3189 921 3439 978 ﬁdelibus

1855 1022 2225 1079 consolatione
2277 1019 2540 1084 adhibita,
2591 1026 2846 1072 monetur
2887 1033 3006 1088 quae
3046 1015 3180 1072 vidit
3221 1013 3438 1070 interim

1857 1115 2171 1187 prtedicare,
2195 1113 2349 1187 quasi
2378 1112 2589 1168 dicatur
2621 1118 2806 1182 aperte
2844 1110 2947 1166 sibi
2982 1124 2997 1164 :
3028 1110 3168 1166 Ecce
3207 1106 3441 1164 revelavi

1859 1206 1959 1262 tibi
1999 1206 2202 1272 omnia,
2241 1207 2401 1261 modo
2441 1204 2581 1259 vade
2625 1213 2682 1259 et
2716 1203 2970 1274 prmdica,
3019 1219 3121 1259 nec
3145 1202 3273 1274 quia
3319 1208 3446 1256 sunt

1861 1314 2076 1369 aspera,
2129 1298 2307 1352 devita
2339 1312 2354 1350 :
2386 1311 2488 1352 nec
2533 1296 2792 1351 terrearis
2818 1310 2918 1366 pro
2957 1293 3310 1348 tribulatione
3341 1290 3446 1345 ali-

1863 1407 1994 1462 qua,
2021 1391 2144 1461 quia
2188 1405 2296 1444 non
2327 1397 2475 1444 tanta
2521 1388 2746 1466 patieris
2789 1396 2991 1457 quanta
3033 1384 3310 1456 patientur
3353 1383 3447 1452 qui

1864 1481 2292 1553 perseverabunt
2312 1489 2554 1548 tempore
2581 1476 2921 1532 Antichristi.
2955 1474 3070 1530 Hoc
3103 1474 3172 1529 ad
3201 1470 3448 1528 consola-

1867 1575 2068 1629 tionem
2097 1573 2377 1644 praesentis
2402 1571 2659 1626 Ecclesiae
2693 1570 2784 1624 hic
2817 1569 3129 1640 apponitur,
3156 1566 3248 1621 ubi
3275 1563 3451 1632 major

1868 1666 2146 1722 tribulatio
2170 1666 2574 1748 pronuntiatur.
2609 1661 2771 1718 Vade.
2805 1663 2958 1730 Quod
2973 1664 3111 1717 bene
3126 1658 3452 1725 sciebat,in-

1870 1761 2116 1831 telligere
2155 1769 2425 1825 monetur,
2455 1768 2514 1813 ut
2539 1773 2639 1829 per
2669 1756 3091 1813 admonitionem
3127 1753 3221 1808 alii
3257 1749 3454 1822 przedi-

189 1825 380 1908 pietas,
416 1829 611 1900 partim
642 1831 1005 1900 praedicando,
1035 1834 1234 1904 partim
1263 1849 1384 1903 qua:
1421 1833 1489 1887 de
1518 1847 1578 1887 se
1621 1831 1764 1887 dicta

1900 1825 2043 1909 aturi
2093 1852 2477 1908 informentur.
2513 1825 2714 1906 Stantis
2763 1866 2918 1921 super
2958 1864 3122 1902 mare.
3157 1845 3272 1901 Hoc
3298 1845 3451 1910 dicit,

189 1926 363 1998 erant,
399 1921 716 1990 complendo
747 1939 761 1975 :
792 1923 1008 1978 tandem
1036 1925 1150 1980 suis
1180 1940 1400 1981 sensum
1446 1923 1759 1995 aperiendo.

193 2003 384 2063 Pedem
407 2027 583 2064 suum.
608 2011 666 2068 Id
689 2020 773 2069 est
795 2024 1101 2084 portatores
1126 2015 1314 2072 ﬁrmos
1344 2017 1398 2071 in
1427 2017 1532 2072 ﬁde
1557 2026 1614 2073 et
1645 2033 1768 2072 sus-

191 2099 426 2156 tinentes
452 2102 607 2158 alios.
646 2102 932 2160 Sinistrum
957 2116 1132 2161 autem
1157 2124 1313 2177 super
1349 2088 1568 2164 terram:
1596 2092 1656 2163 Id
1683 2116 1767 2164 est

194 2203 353 2258 super
376 2205 495 2257 eos,
542 2193 635 2262 qui
675 2210 892 2266 quoquo
921 2197 1081 2252 modo
1107 2199 1482 2254 sustentabant
1510 2200 1612 2255 etsi
1659 2215 1769 2256 non

194 2283 507 2337 credebant.
525 2281 637 2339 Hoc
651 2293 735 2340 est
751 2302 763 2338 :
781 2287 959 2356 posuit
972 2286 1202 2356 majores
1215 2296 1272 2344 et
1287 2289 1556 2345 ﬁrmiores
1577 2291 1770 2360 praedi-

197 2381 411 2431 catores
448 2391 613 2448 super
667 2377 901 2448 majores
948 2389 1287 2450 peceatores,
1342 2384 1578 2440 minores
1612 2398 1774 2454 super

195 2478 454 2521 minores.

267 2553 436 2613 Vens.
487 2557 1113 2627 5.-—Quemadmodum
1159 2583 1278 2621 cum
1319 2567 1399 2622 leo
1452 2568 1612 2638 rugit.
1659 2567 1776 2622 Vox

195 2642 370 2703 leonis
396 2651 639 2706 ostendit
658 2652 773 2722 ejus
793 2655 1045 2711 virtutem
1073 2666 1129 2712 et
1155 2658 1319 2714 infert
1340 2667 1624 2716 terrorem.
1643 2659 1778 2714 Cum

197 2734 281 2793 leo
306 2740 479 2795 cauda
511 2742 654 2798 circa
686 2745 882 2802 silvam
916 2748 1125 2804 sulcum
1149 2749 1341 2806 fecerit
1369 2758 1423 2806 et
1444 2751 1608 2822 rugit,
1633 2750 1780 2807 nulla

197 2822 440 2886 ferarum
475 2835 636 2890 audet
667 2837 817 2893 exire
846 2854 860 2890 :
894 2839 968 2892 ita
996 2839 1247 2897 Christus
1275 2856 1402 2900 suos
1439 2841 1494 2897 in
1522 2841 1629 2898 ﬁde
1650 2857 1782 2897 con-

197 2919 446 2993 eludens,
479 2929 622 2998 rugit
657 2944 726 2984 ne
755 2929 949 3001 aliquis
977 2943 1154 2988 exeat.

269 3011 436 3069 Vens.
488 3015 543 3070 4.
567 3048 636 3058 -
659 3019 961 3090 Scripturus
1005 3040 1170 3077 eram.
1219 3024 1318 3081 llic
1348 3026 1457 3081 fert
1491 3041 1782 3096 personam

196 3115 396 3158 eorum
430 3107 522 3176 qui
572 3107 890 3166 Antichristi
920 3120 1161 3184 tempore
1185 3114 1367 3170 volent
1395 3117 1690 3186 praedicare
1713 3132 1780 3171 ex.

194 3194 625 3263 praecedentium
649 3199 970 3258 imitatione.
986 3204 1152 3274 Signa
1171 3222 1288 3276 qua:
1309 3204 1484 3259 locuta
1507 3221 1524 3260 :
1549 3206 1784 3276 inspira-

199 3284 411 3341 tionem
443 3288 698 3358 divinam,
728 3292 813 3347 vel
835 3293 1137 3363 angelicam
1159 3296 1606 3352 admonitionem.

270 3379 441 3437 Vens.
493 3383 546 3438 5.
573 3415 644 3424 --
669 3383 876 3440 Levavit
905 3403 1119 3440 manum
1148 3404 1300 3442 suam
1322 3389 1390 3442 ad
1418 3388 1622 3444 caelum.
1649 3388 1786 3445 Cum

200 3488 354 3535 tanta
383 3481 645 3536 desolatio
674 3484 780 3537 erit
811 3483 864 3536 in
906 3483 1170 3550 Ecclesia,
1215 3485 1360 3554 quod
1393 3487 1557 3540 etiam
1586 3487 1786 3557 praedi-

202 3571 346 3627 ratio
372 3571 475 3626 erit
501 3573 712 3639 ablata;
743 3589 810 3629 ne
837 3573 1023 3630 ﬁdeles
1069 3577 1376 3647 desperent,
1417 3577 1645 3632 audiunt
1683 3595 1784 3649 pro

201 3677 299 3717 sua
332 3665 726 3732 consolatione,
759 3682 868 3722 non
896 3669 964 3723 ad
1007 3668 1393 3726 detrimentum
1437 3688 1549 3728 suae
1590 3672 1783 3729 salutis

199 3757 640 3824 praedicationem
672 3759 938 3816 subtrahi.

271 3848 442 3907 Vens.
512 3853 930 3921 6.—Juravit,
981 3863 1088 3912 etc.
1148 3856 1216 3912 Et
1255 3873 1352 3927 per
1400 3860 1507 3915 hoc
1558 3858 1788 3916 ﬁrmiter

202 3943 416 4010 statuit,
460 3943 586 4014 quia
615 3944 758 4000 Deus
784 3955 900 4000 erat
931 3964 943 3998 :
980 3946 1122 4002 Nam
1153 3949 1196 4003 si
1217 3947 1457 4004 Christus
1485 3951 1785 4018 resurrexit,

201 4043 249 4087 et
280 4051 376 4088 nos
423 4052 751 4107 resurgemus
803 4037 854 4107 (Ι
885 4035 1006 4092 Cor.
1036 4038 1147 4109 xv).
1189 4039 1258 4093 Et
1311 4057 1373 4094 ea
1415 4057 1534 4111 qua:
1584 4043 1642 4095 in
1670 4040 1785 4095 illo.

203 4125 340 4183 Cum
373 4129 514 4185 dicis
543 4149 556 4184 :
586 4129 789 4185 Creavit
820 4147 882 4185 ea
904 4149 1022 4201 qua:
1043 4133 1098 4187 in
1129 4150 1188 4187 eo
1209 4141 1351 4199 sunt,
1381 4133 1632 4190 haeresim
1656 4149 1792 4204 quo-

205 4219 458 4276 rumdam
500 4222 789 4289 destruxit,
834 4225 928 4294 qui
961 4232 1210 4280 astruunt
1239 4241 1328 4282 res
1369 4227 1636 4297 quasdam
1681 4241 1791 4282 non

206 4323 424 4370 creatas
451 4329 480 4369 a
515 4315 648 4380 Deo,
674 4316 769 4371 sed
797 4331 826 4370 a
863 4317 1114 4373 daemone
1144 4328 1205 4373 ut
1225 4318 1506 4374 bufonem.

280 4403 510 4476 Tempus
565 4404 788 4476 amplius
824 4423 939 4463 non.
971 4408 1092 4463 erit.
1124 4408 1181 4463 Id
1225 4418 1309 4464 est
1356 4409 1502 4463 nulla
1528 4408 1790 4475 varietas,

179 4495 303 4550 sed
331 4506 541 4554 aeterna
568 4496 856 4564 stabilitas,
895 4499 1197 4554 animarum
1233 4500 1631 4556 immortalitas.
1676 4498 1792 4555 Hoc

209 4585 496 4664 illiultimi
518 4588 925 4645 considerantes
940 4629 956 4655 ,
983 4590 1256 4658 patientur
1282 4591 1532 4646 libenter.

279 4679 454 4736 Vsus.
487 4680 540 4734 7.
581 4709 651 4719 --
679 4678 1138 4736 Consummabitur
1175 4683 1497 4754 mysterium.
1531 4683 1800 4755 Tempore

210 4773 560 4841 Antichristi,
588 4784 738 4831 tanta
771 4776 874 4830 erit
904 4776 1209 4846 persecutio
1244 4778 1386 4848 quod
1422 4778 1801 4848 prohibebitur

209 4867 317 4928 illis
367 4868 466 4940 qui
496 4854 654 4923 erunt
684 4878 925 4939 tempore
973 4869 1144 4940 ipsius
1186 4871 1521 4940 praedicatio,
1551 4871 1800 4941 quamvis

211 4961 516 5028 prtedicare
543 4961 728 5025 velint,
755 4961 967 5034 etiamsi
995 4977 1062 5016 ex
1090 4962 1525 5018 antecessoribus
1555 4963 1668 5018 suis
1701 4964 1801 5018 ha-

213 5056 384 5114 bituri
425 5057 536 5114 sint
580 5056 813 5113 olﬁcium
861 5057 1220 5127 pradicandi;
1274 5057 1364 5112 alii
1422 5065 1601 5112 autem
1655 5057 1799 5113 idem

161 5134 180 5151 ’
213 5151 677 5219 praedicaverunt,
703 5150 830 5221 quia
861 5165 892 5204 a
920 5149 1138 5205 Christo
1171 5150 1240 5204 ad
1269 5149 1639 5204 hoc-instituti
1677 5149 1797 5204 fue-

215 5252 364 5298 runt.
397 5242 647 5298 Christus
680 5259 810 5297 vero
853 5258 947 5298 eos
976 5242 1229 5308 instituit,
1258 5242 1383 5312 quia
1411 5251 1540 5297 tunc
1587 5250 1800 5312 tempus

216 5336 556 5406 praedicandi
589 5343 730 5401 erat,
759 5343 816 5390 et
845 5335 959 5405 ipse
1001 5335 1070 5389 ad
1108 5335 1212 5390 hoc
1250 5341 1494 5399 venerat,
1519 5334 1614 5388 sed
1642 5335 1802 5389 modo

217 5429 345 5483 vide
372 5427 796 5484 destructionem
833 5428 1090 5499 temporis
1111 5425 1433 5482 Antichristi
1467 5426 1803 5481 contrariam

218 5520 590 5594 destructioni.
620 5537 787 5592 quam
817 5504 1083 5578 Christus
1109 5519 1279 5586 fecit,
1333 5527 1390 5574 et
1428 5533 1527 5589 per
1551 5519 1656 5574 hoc
1681 5533 1805 5588 per-

217 5613 399 5682 pende
421 5614 852 5684 prmdicationem
869 5613 1064 5675 merito
1078 5611 1343 5668 subtrahi.
1361 5611 1415 5666 Μ
1423 5611 1670 5682 ysterium
1682 5609 1806 5666 Dei.

211 5700 277 5778 _Id
312 5710 401 5757 est
433 5705 805 5780 remuneratio,
834 5713 1168 5776 sanctorum,
1213 5704 1367 5773 quod
1392 5710 1478 5760 est
1515 5712 1803 5771 secretum,

217 5793 367 5867 quod
401 5811 493 5852 nec
523 5796 704 5852 oculus
727 5796 873 5865 vidit,
899 5812 988 5851 nec
1017 5796 1162 5853 auris
1186 5794 1387 5854 audivit
1413 5792 1464 5852 ll
1496 5791 1622 5850 Cor.
1645 5792 1732 5867 Il).

1868 1946 1997 2016 quia
2047 1944 2270 2015 implere
2299 1960 2463 2016 grave
2503 1952 2587 1999 est
2635 1941 2982 2007 humanitati,
3022 1956 3143 2011 quae
3169 1947 3254 1995 est
3277 1937 3454 1994 mollis

1869 2052 1925 2097 et
1951 2040 2174 2112 fragilis.

1913 2133 2106 2188 Vens.
2159 2131 2246 2187 10.
2297 2161 2369 2172 -
2418 2130 2489 2185 Et
2534 2130 2658 2184 abii.
2704 2127 2818 2185 Hoc
2857 2128 3009 2194 dicit,
3055 2126 3183 2197 quia
3220 2123 3388 2188 Deus‘,
3409 2123 3457 2177 si

1872 2241 2034 2297 quem
2054 2233 2302 2296 paratum
2330 2222 2495 2291 videt,
2546 2220 2690 2293 quod
2742 2219 3112 2276 necessarium
3149 2223 3234 2272 est
3271 2221 3460 2285 sponte

1872 2316 2050 2373 oﬂ'ert.

1946 2411 2028 2464 Ad
2053 2409 2318 2480 angelum.
2345 2409 2405 2464 Id
2448 2418 2532 2465 est
2556 2409 2624 2464 ad
2653 2387 2992 2478 Scripturam
3027 2420 3059 2462 a
3093 2406 3205 2461 Deo
3231 2402 3464 2473 comple-

1876 2511 2012 2569 tam,
2040 2520 2070 2558 a
2095 2502 2344 2558 ﬁdelibus
2373 2503 2702 2558 intimatam.

1950 2599 2110 2653 Vnus.
2165 2598 2252 2651 11.
2293 2627 2364 2636 —
2402 2596 2472 2650 Et
2522 2596 2656 2650 dixit
2689 2595 2817 2649 mihi
2855 2614 2876 2650 :
2917 2593 3154 2665 Oportet,
3185 2600 3291 2649 etc.
3329 2590 3466 2646 Cum

1879 2705 1979 2763 ego
2002 2690 2199 2746 librum
2229 2690 2544 2761 reciperem,
2571 2686 2701 2742 licet
2731 2701 2913 2741 amara
2944 2684 3324 2756 intelligerem,
3355 2695 3470 2735 mo-

1881 2786 1999 2840 nuit
2034 2793 2215 2842 utnec
2245 2800 2343 2855 pro
2372 2791 2546 2839 morte
2571 2781 2920 2837 dimitterem.

2503 2932 2731 2991 CAPUT
2767 2931 2861 2988 XI.

1955 3050 2118 3107 Vens.
2147 3052 2198 3105 1.
2231 3081 2302 3093 -ρ
2332 3049 2537 3105 Metire.
2569 3049 2629 3106 Id
2657 3057 2741 3104 est
2773 3049 2845 3104 ita
2887 3046 3187 3126 secundum
3210 3044 3472 3100 uniuscu-

1814 3143 2078 3256 cjusque
2123 3143 2481 3213 capacitatem
2528 3141 2787 3210 praedica,
2833 3147 2894 3194 ut
2934 3137 3236 3196 constituas
3278 3135 3469 3191 Eccle-

1895 3235 2026 3256 -2-__
2057 3241 2102 3256 ,ι
2135 3233 2184 3256 2-
2221 3248 2277 3256 ..Α
2313 3231 2480 3256 Ala---
2545 3238 2627 3256 ,ιιι-

1893 3235 2030 3290 siam
2051 3241 2107 3288 et
2135 3233 2187 3287 in
2217 3248 2282 3287 ea
2312 3231 2503 3296 altare,
2542 3238 2647 3286 etc.

1963 3326 2126 3382 Vens.
2173 3325 2227 3378 2.
2255 3355 2322 3364 -
2348 3322 2575 3377 Atrium.
2605 3320 2663 3376 Id
2693 3327 2774 3375 est
2799 3318 2964 3376 falsos
2997 3316 3359 3381 Christianos,
3381 3313 3474 3386 qui

1891 3435 1950 3475 se
1987 3417 2283 3472 Ecclesiam
2306 3413 2579 3480 simulant,
2613 3411 2708 3468 sed
2750 3411 2909 3466 factis
2953 3411 3246 3481 abnegant.
3281 3407 3476 3462 Civita-

1893 3519 1992 3564 tem
2021 3518 2280 3563 sanctam.
2331 3506 2389 3561 Id
2435 3514 2519 3560 est
2565 3503 2864 3560 Ecclesiam
2894 3502 2960 3556 ad
2999 3501 3146 3570 juste
3187 3498 3476 3554 vivendum

1892 3607 2295 3670 congregatam,
2340 3605 2394 3652 et
2433 3596 2726 3650 virtutibus
2777 3594 3042 3649 imbutam
3077 3598 3474 3662 persequentur

1890 3692 2169 3746 mensibus
2217 3688 2570 3760 quadraginta
2618 3689 2742 3753 duo,
2793 3686 2849 3741 id
2894 3693 2977 3740 est
3018 3685 3192 3739 tribus
3228 3682 3385 3736 annis
3422 3687 3479 3735 et

1891 3781 2134 3846 dimidio,
2173 3781 2371 3850 quibus
2403 3778 2652 3850 regnabit
2673 3777 3072 3842 Antichristus;
3103 3773 3260 3845 quasi
3283 3772 3428 3828 dicat
3459 3791 3474 3826 :

1893 3872 2090 3928 Sciatis
2129 3887 2317 3927 omnes
2344 3871 2748 3940 persecutiones
2787 3883 2906 3938 quae
2953 3875 3079 3923 sunt
3108 3867 3161 3920 in
3199 3863 3476 3936 praesenti,

1891 3976 1948 4022 et
1976 3981 2096 4035 quae
2141 3964 2357 4019 fuerunt
2384 3963 2438 4016 in
2468 3963 2742 4032 praeterito
2792 3963 2859 4015 ab
2910 3959 3247 4013 Antichristo
3287 3971 3479 4027 proce-

1893 4058 2041 4121 dere,
2072 4056 2212 4109 sicut
2233 4054 2352 4108 illas
2380 4069 2501 4122 qua:
2521 4061 2681 4108 erunt
2714 4052 2768 4105 in
2794 4059 3039 4119 tempore
3071 4063 3192 4103 suo.

1966 4149 2129 4203 Vens.
2158 4145 2211 4200 '5.
2255 4175 2328 4185 —
2368 4145 2434 4199 Et
2465 4144 2600 4198 dabo
2650 4143 2873 4197 duobus.
2921 4139 3086 4208 Quasi
3132 4140 3312 4194 dicat:
3343 4137 3480 4194 Cum

1891 4241 2070 4297 minor
2095 4246 2179 4294 est
2205 4237 2502 4302 tribulatio,
2533 4251 2640 4291 non
2678 4235 2885 4292 debetis
2915 4246 3150 4297 cessare,
3181 4231 3307 4302 quia
3343 4238 3482 4284 tem-

1891 4346 2026 4404 pore
2047 4345 2156 4401 quo
2185 4329 2400 4402 gravior
2422 4327 2606 4393 fuerit,
2631 4327 2826 4382 faciam
2858 4325 2978 4380 illos
3009 4323 3328 4393 praedicare.
3493 4315 3497 4320 ⁷

1962 4421 2183 4478 Duobus
2226 4421 2460 4475 testibus.
2515 4421 2593 4477 De
2640 4417 2755 4473 Elia
2805 4415 3076 4473 etEuoch
3122 4414 3322 4485 agitur,
3378 4427 3480 4484 per

1894 4527 2034 4586 quos
2061 4511 2447 4583 praedicatores
2493 4508 2586 4563 alii
2633 4507 3029 4578 intelliguntur.
3066 4503 3264 4559 Diebus
3315 4501 3476 4558 mille.

1898 4606 2035 4663 Nota
2059 4604 2203 4675 quod
2239 4603 2293 4657 hi
2342 4602 2459 4657 dies
2504 4616 2609 4656 non
2645 4599 2935 4670 perﬁciunt
2963 4603 3077 4670 tres
3122 4609 3294 4650 annos
3322 4604 3377 4648 et
3400 4593 3480 4648 di-

1899 4696 2147 4759 midium,
2179 4695 2320 4749 sicut
2345 4701 2402 4749 et
2438 4687 2688 4748 Christus
2713 4705 2819 4747 non
2868 4687 3158 4757 complevit
3198 4683 3481 4740 dimidium

1899 4803 2102 4844 annum
2131 4785 2528 4856 praedicationis
2551 4799 2662 4839 suae
2692 4796 2853 4852 supra
2881 4779 3194 4835 triennium.

1974 4883 2141 4939 Vsus.
2183 4880 2236 4935 6.
2266 4909 2334 4920 —-
2374 4877 2543 4949 Super
2585 4862 2772 4948 aquai.
2805 4873 2863 4928 Id
2891 4879 2976 4928 est
3001 4885 3163 4942 super
3183 4867 3480 4937 doctrinas,
3516 4873 3527 4883 '

1906 4990 2027 5046 quae
2058 4982 2184 5030 sunt
2228 4970 2476 5026 ﬁdelibus
2516 4983 2669 5038 aqua:
2707 4965 3017 5036 irrigantes.
3051 4961 3119 5017 In
3154 4961 3482 5033 sanguinem,

1907 5076 2013 5124 etc.
2045 5067 2103 5121 In
2124 5072 2425 5136 peccatum,
2456 5060 2542 5116 vel
2565 5073 2690 5116 cum
2717 5057 2902 5112 audita
2921 5053 3228 5128 negligitur,
3254 5053 3341 5110 vel
3361 5063 3485 5108 cum

1907 5161 2079 5216 audiri
2105 5159 2268 5214 etiam
2297 5154 2680 5213 contemnitur.
2710 5153 2712 5156 ’

1977 5252 2138 5308 Vens.
2181 5250 2234 5305 8.
2270 5277 2335 5288 —-
2367 5245 2654 5317 Egyptus.
2697 5240 2757 5298 Id
2795 5251 2880 5300 est
2903 5242 3192 5300 tenebrosa
3232 5237 3352 5295 sine
3391 5251 3487 5294 co-

1906 5344 2148 5417 gnitione
2171 5341 2306 5397 Dei.‘
2499 5351 2520 5364 "
3276 5335 3278 5338 ’

1977 5433 2142 5489 Vens.
2176 5432 2262 5486 10.
2289 5459 2360 5471 -
2384 5427 2457 5483 Et
2485 5444 2705 5484 munera
2739 5427 2961 5483 mittent.
3000 5425 3066 5484 Id
3100 5435 3183 5482 est
3207 5423 3367 5488 dona,
3400 5419 3492 5476 lit-

1908 5526 2151 5585 teraliter
2176 5543 2189 5578 :
2213 5523 2299 5579 vel
2321 5520 2813 5593 congratulationes
2836 5528 2891 5576 et
2913 5515 3378 5576 confabulationes
3420 5510 3488 5565 ad

1910 5611 2142 5682 invicem
2171 5621 2238 5676 de
2266 5620 2346 5676 eis
2375 5619 2675 5690 loquentes.
2741 5629 2744 5631 λ
2886 5611 2909 5618 ’⁴
3431 5689 3436 5694 ὑ

1982 5717 2147 5773 Vens.
2199 5714 2288 5769 11.
2333 5719 2416 5754 -’
2449 5709 2519 5766 Et
2565 5721 2680 5783 post
2710 5701 3092 5768 diesQOSIensa
3146 5702 3491 5761 tribulatione

1916 5826 2124 5879 eorum,
2177 5821 2274 5882 per
2329 5820 2558 5880 quorum
2603 5804 2909 5878 exemplum
2964 5799 3183 5874 angelus
3227 5795 3492 5860 Joannem
