  <div class='ocr_page' id='page_1' title='image "/cluster/home/n/w/nwhite01/storage/ocr_20150623/114/hvd.32044018909580/373.png"; bbox 0 0 3948 6314; ppageno 0'>
   <div class='ocr_carea' id='block_1_1' title="bbox 470 380 571 439">
    <p class='ocr_par' dir='ltr' id='par_1_1' title="bbox 470 380 571 439">
     <span class='ocr_line' id='line_1_1' title="bbox 470 380 571 439; baseline 0 0"><span class='ocrx_word' id='word_1_1' title='bbox 470 380 571 439; x_wconf 68' lang='grc'><strong>751</strong></span> 
     </span>
    </p>
   </div>
   <div class='ocr_carea' id='block_1_2' title="bbox 972 341 3171 428">
    <p class='ocr_par' dir='ltr' id='par_1_2' title="bbox 972 341 3171 428">
     <span class='ocr_line' id='line_1_2' title="bbox 972 341 3171 428; baseline -0.014 -2"><span class='ocrx_word' id='word_1_2' title='bbox 972 366 1356 428; x_wconf 70' lang='lat' dir='ltr'><strong>WALAFlllDl</strong></span> <span class='ocrx_word' id='word_1_3' title='bbox 1392 361 1643 420; x_wconf 79' lang='lat' dir='ltr'><strong>STRABI</strong></span> <span class='ocrx_word' id='word_1_4' title='bbox 1672 357 1877 416; x_wconf 79' lang='lat' dir='ltr'><strong>FULD.</strong></span> <span class='ocrx_word' id='word_1_5' title='bbox 1917 352 2084 411; x_wconf 75' lang='lat' dir='ltr'><strong>MON.</strong></span> <span class='ocrx_word' id='word_1_6' title='bbox 2118 351 2272 409; x_wconf 87' lang='lat' dir='ltr'><strong>OPP.</strong></span> <span class='ocrx_word' id='word_1_7' title='bbox 2309 348 2489 406; x_wconf 80' lang='lat' dir='ltr'><strong>PARS</strong></span> <span class='ocrx_word' id='word_1_8' title='bbox 2524 347 2569 403; x_wconf 82' lang='grc' dir='ltr'><strong>Ι.</strong></span> <span class='ocrx_word' id='word_1_9' title='bbox 2608 376 2680 388; x_wconf 91' lang='grc'><strong><em>--</em></strong></span> <span class='ocrx_word' id='word_1_10' title='bbox 2713 341 3171 400; x_wconf 78' lang='lat' dir='ltr'><strong>THEOLOGICA.</strong></span> 
     </span>
    </p>
   </div>
   <div class='ocr_carea' id='block_1_3' title="bbox 3622 332 3724 390">
    <p class='ocr_par' dir='ltr' id='par_1_3' title="bbox 3622 332 3724 390">
     <span class='ocr_line' id='line_1_3' title="bbox 3622 332 3724 390; baseline 0 -2"><span class='ocrx_word' id='word_1_11' title='bbox 3622 332 3724 390; x_wconf 65' lang='lat'><strong>732</strong></span> 
     </span>
    </p>
   </div>
   <div class='ocr_carea' id='block_1_4' title="bbox 468 455 3726 562">
    <p class='ocr_par' dir='ltr' id='par_1_4' title="bbox 468 455 3726 562">
     <span class='ocr_line' id='line_1_4' title="bbox 468 455 3726 562; baseline -0.014 -8"><span class='ocrx_word' id='word_1_12' title='bbox 468 497 733 561; x_wconf 74' lang='lat' dir='ltr'><strong>invitabat</strong></span> <span class='ocrx_word' id='word_1_13' title='bbox 778 494 847 549; x_wconf 85' lang='lat' dir='ltr'><strong>ad</strong></span> <span class='ocrx_word' id='word_1_14' title='bbox 890 485 1314 562; x_wconf 67' lang='lat' dir='ltr'><strong>praedicandum,</strong></span> <span class='ocrx_word' id='word_1_15' title='bbox 1361 483 1464 537; x_wconf 89' lang='lat' dir='ltr'><strong>etsi</strong></span> <span class='ocrx_word' id='word_1_16' title='bbox 1520 492 1741 534; x_wconf 86' lang='lat' dir='ltr'><strong>necesse</strong></span> <span class='ocrx_word' id='word_1_17' title='bbox 1787 472 1949 530; x_wconf 76' lang='lat' dir='ltr'><strong>fuerit</strong></span> <span class='ocrx_word' id='word_1_18' title='bbox 1977 468 2047 524; x_wconf 86' lang='lat' dir='ltr'><strong>ad</strong></span> <span class='ocrx_word' id='word_1_19' title='bbox 2070 472 2127 531; x_wconf 76' lang='grc' dir='ltr'><strong>Α</strong></span> <span class='ocrx_word' id='word_1_20' title='bbox 2151 467 2527 562; x_wconf 87' lang='lat' dir='ltr'><strong>tia,ostendat</strong></span> <span class='ocrx_word' id='word_1_21' title='bbox 2550 460 2982 562; x_wconf 41' lang='lat' dir='ltr'><strong>pendere-Luna</strong></span> <span class='ocrx_word' id='word_1_22' title='bbox 3002 460 3099 514; x_wconf 73' lang='lat' dir='ltr'><strong>sub</strong></span> <span class='ocrx_word' id='word_1_23' title='bbox 3125 457 3368 527; x_wconf 81' lang='lat' dir='ltr'><strong>pedibus.</strong></span> <span class='ocrx_word' id='word_1_24' title='bbox 3394 455 3726 562; x_wconf 60' lang='lat' dir='ltr'><strong>Licet-umn-</strong></span> 
     </span>
    </p>
   </div>
   <div class='ocr_carea' id='block_1_5' title="bbox 468 572 2081 659">
    <p class='ocr_par' dir='ltr' id='par_1_5' title="bbox 468 572 2081 659">
     <span class='ocr_line' id='line_1_5' title="bbox 468 572 2081 659; baseline -0.018 -11"><span class='ocrx_word' id='word_1_25' title='bbox 468 584 900 659; x_wconf 71' lang='lat' dir='ltr'><strong>compatiendum</strong></span> <span class='ocrx_word' id='word_1_26' title='bbox 932 600 946 636; x_wconf 91' lang='lat'><strong>:</strong></span> <span class='ocrx_word' id='word_1_27' title='bbox 977 578 1214 636; x_wconf 84' lang='lat' dir='ltr'><strong>ostendit</strong></span> <span class='ocrx_word' id='word_1_28' title='bbox 1240 587 1422 634; x_wconf 88' lang='lat' dir='ltr'><strong>tamen</strong></span> <span class='ocrx_word' id='word_1_29' title='bbox 1443 589 1499 633; x_wconf 87' lang='lat' dir='ltr'><strong>et</strong></span> <span class='ocrx_word' id='word_1_30' title='bbox 1523 578 1763 646; x_wconf 86' lang='lat' dir='ltr'><strong>ipsorum</strong></span> <span class='ocrx_word' id='word_1_31' title='bbox 1783 572 2081 633; x_wconf 72' lang='lat' dir='ltr'><strong>coronas,‘</strong></span> 
     </span>
    </p>
   </div>
   <div class='ocr_carea' id='block_1_6' title="bbox 466 664 2043 741">
    <p class='ocr_par' dir='ltr' id='par_1_6' title="bbox 466 664 2043 741">
     <span class='ocr_line' id='line_1_6' title="bbox 466 664 2043 741; baseline -0.012 -4"><span class='ocrx_word' id='word_1_32' title='bbox 466 691 526 737; x_wconf 92' lang='lat' dir='ltr'><strong>ut</strong></span> <span class='ocrx_word' id='word_1_33' title='bbox 555 677 809 736; x_wconf 81' lang='lat' dir='ltr'><strong>similiter</strong></span> <span class='ocrx_word' id='word_1_34' title='bbox 835 677 995 731; x_wconf 89' lang='lat' dir='ltr'><strong>istum</strong></span> <span class='ocrx_word' id='word_1_35' title='bbox 1016 674 1301 737; x_wconf 80' lang='lat' dir='ltr'><strong>Joannem,</strong></span> <span class='ocrx_word' id='word_1_36' title='bbox 1345 672 1429 726; x_wconf 87' lang='lat' dir='ltr'><strong>vel</strong></span> <span class='ocrx_word' id='word_1_37' title='bbox 1460 669 1753 741; x_wconf 86' lang='lat' dir='ltr'><strong>quemlibet</strong></span> <span class='ocrx_word' id='word_1_38' title='bbox 1787 667 1950 728; x_wconf 86' lang='lat' dir='ltr'><strong>alium</strong></span> <span class='ocrx_word' id='word_1_39' title='bbox 1974 664 2043 718; x_wconf 87' lang='lat' dir='ltr'><strong>de</strong></span> 
     </span>
    </p>
   </div>
   <div class='ocr_carea' id='block_1_7' title="bbox 464 757 2044 840">
    <p class='ocr_par' dir='ltr' id='par_1_7' title="bbox 464 757 2044 840">
     <span class='ocr_line' id='line_1_7' title="bbox 464 757 2044 840; baseline -0.013 -9"><span class='ocrx_word' id='word_1_40' title='bbox 464 789 669 831; x_wconf 84' lang='lat' dir='ltr'><strong>corona</strong></span> <span class='ocrx_word' id='word_1_41' title='bbox 695 786 794 827; x_wconf 77' lang='lat' dir='ltr'><strong>sua</strong></span> <span class='ocrx_word' id='word_1_42' title='bbox 822 783 920 840; x_wconf 89' lang='lat' dir='ltr'><strong>pro</strong></span> <span class='ocrx_word' id='word_1_43' title='bbox 964 767 1125 823; x_wconf 89' lang='lat' dir='ltr'><strong>modo</strong></span> <span class='ocrx_word' id='word_1_44' title='bbox 1169 782 1269 821; x_wconf 87' lang='lat' dir='ltr'><strong>suo</strong></span> <span class='ocrx_word' id='word_1_45' title='bbox 1305 772 1512 819; x_wconf 88' lang='lat' dir='ltr'><strong>certum</strong></span> <span class='ocrx_word' id='word_1_46' title='bbox 1540 763 1724 816; x_wconf 88' lang='lat' dir='ltr'><strong>l&#39;aciat.</strong></span> <span class='ocrx_word' id='word_1_47' title='bbox 1756 757 1925 827; x_wconf 85' lang='lat' dir='ltr'><strong>Super</strong></span> <span class='ocrx_word' id='word_1_48' title='bbox 1955 773 2044 827; x_wconf 82' lang='lat' dir='ltr'><strong>pe-</strong></span> 
     </span>
    </p>
   </div>
   <div class='ocr_carea' id='block_1_8' title="bbox 466 850 2045 932">
    <p class='ocr_par' dir='ltr' id='par_1_8' title="bbox 466 850 2045 932">
     <span class='ocr_line' id='line_1_8' title="bbox 466 850 2045 932; baseline -0.013 -9"><span class='ocrx_word' id='word_1_49' title='bbox 466 869 577 923; x_wconf 82' lang='lat' dir='ltr'><strong>des.</strong></span> <span class='ocrx_word' id='word_1_50' title='bbox 602 866 660 922; x_wconf 88' lang='lat' dir='ltr'><strong>Id</strong></span> <span class='ocrx_word' id='word_1_51' title='bbox 680 872 764 920; x_wconf 82' lang='lat' dir='ltr'><strong>est</strong></span> <span class='ocrx_word' id='word_1_52' title='bbox 787 850 951 932; x_wconf 77' lang='lat' dir='ltr'><strong>super</strong></span> <span class='ocrx_word' id='word_1_53' title='bbox 971 861 1177 930; x_wconf 85' lang='lat' dir='ltr'><strong>seipsos</strong></span> <span class='ocrx_word' id='word_1_54' title='bbox 1200 858 1291 928; x_wconf 85' lang='lat' dir='ltr'><strong>qui</strong></span> <span class='ocrx_word' id='word_1_55' title='bbox 1320 858 1472 928; x_wconf 86' lang='lat' dir='ltr'><strong>prius</strong></span> <span class='ocrx_word' id='word_1_56' title='bbox 1500 854 1718 909; x_wconf 77' lang='lat' dir='ltr'><strong>luerunt</strong></span> <span class='ocrx_word' id='word_1_57' title='bbox 1742 851 2045 919; x_wconf 76' lang='lat' dir='ltr'><strong>indigentes</strong></span> 
     </span>
    </p>
   </div>
   <div class='ocr_carea' id='block_1_9' title="bbox 468 946 1723 1028">
    <p class='ocr_par' dir='ltr' id='par_1_9' title="bbox 468 946 1723 1028">
     <span class='ocr_line' id='line_1_9' title="bbox 468 946 1723 1028; baseline -0.012 -13"><span class='ocrx_word' id='word_1_58' title='bbox 468 960 651 1028; x_wconf 88' lang='lat' dir='ltr'><strong>aliquo</strong></span> <span class='ocrx_word' id='word_1_59' title='bbox 674 971 784 1027; x_wconf 88' lang='lat' dir='ltr'><strong>quo</strong></span> <span class='ocrx_word' id='word_1_60' title='bbox 812 956 1072 1017; x_wconf 88' lang='lat' dir='ltr'><strong>nitantur,</strong></span> <span class='ocrx_word' id='word_1_61' title='bbox 1101 952 1197 1007; x_wconf 86' lang='lat' dir='ltr'><strong>sed</strong></span> <span class='ocrx_word' id='word_1_62' title='bbox 1224 958 1384 1004; x_wconf 84' lang='lat' dir='ltr'><strong>erunt</strong></span> <span class='ocrx_word' id='word_1_63' title='bbox 1408 958 1535 1003; x_wconf 90' lang='lat' dir='ltr'><strong>tunc</strong></span> <span class='ocrx_word' id='word_1_64' title='bbox 1560 946 1723 1001; x_wconf 83' lang='lat' dir='ltr'><strong>ﬁrmi.</strong></span> 
     </span>
    </p>
   </div>
   <div class='ocr_carea' id='block_1_10' title="bbox 536 1032 2075 1112">
    <p class='ocr_par' dir='ltr' id='par_1_10' title="bbox 536 1032 2075 1112">
     <span class='ocr_line' id='line_1_10' title="bbox 536 1032 2075 1112; baseline -0.01 -7"><span class='ocrx_word' id='word_1_65' title='bbox 536 1049 705 1105; x_wconf 74' lang='lat' dir='ltr'><strong>VIus.</strong></span> <span class='ocrx_word' id='word_1_66' title='bbox 740 1046 833 1103; x_wconf 67' lang='grc'><strong>12.</strong></span> <span class='ocrx_word' id='word_1_67' title='bbox 860 1074 930 1085; x_wconf 90' lang='grc'><strong><em>-</em></strong></span> <span class='ocrx_word' id='word_1_68' title='bbox 965 1042 1153 1099; x_wconf 80' lang='lat' dir='ltr'><strong>Vocem</strong></span> <span class='ocrx_word' id='word_1_69' title='bbox 1194 1055 1457 1112; x_wconf 73' lang='lat' dir='ltr'><strong>magnam.</strong></span> <span class='ocrx_word' id='word_1_70' title='bbox 1487 1039 1618 1106; x_wconf 65' lang='lat' dir='ltr'><strong>Quae</strong></span> <span class='ocrx_word' id='word_1_71' title='bbox 1662 1036 1782 1093; x_wconf 76' lang='lat' dir='ltr'><strong>illos</strong></span> <span class='ocrx_word' id='word_1_72' title='bbox 1816 1032 2045 1104; x_wconf 63' lang='lat' dir='ltr'><strong>refrigev</strong></span> <span class='ocrx_word' id='word_1_73' title='bbox 2074 1094 2075 1097; x_wconf 30' lang='grc' dir='ltr'><strong>η</strong></span> 
     </span>
    </p>
   </div>
   <div class='ocr_carea' id='block_1_11' title="bbox 467 1141 1177 1210">
    <p class='ocr_par' dir='ltr' id='par_1_11' title="bbox 467 1141 1177 1210">
     <span class='ocr_line' id='line_1_11' title="bbox 467 1141 1177 1210; baseline -0.013 -10"><span class='ocrx_word' id='word_1_74' title='bbox 467 1149 572 1210; x_wconf 76' lang='lat' dir='ltr'><strong>ret,</strong></span> <span class='ocrx_word' id='word_1_75' title='bbox 600 1151 656 1198; x_wconf 81' lang='lat' dir='ltr'><strong>et</strong></span> <span class='ocrx_word' id='word_1_76' title='bbox 673 1141 926 1198; x_wconf 79' lang='lat' dir='ltr'><strong>inimicos</strong></span> <span class='ocrx_word' id='word_1_77' title='bbox 954 1146 1177 1194; x_wconf 86' lang='lat' dir='ltr'><strong>terreat.</strong></span> 
     </span>
    </p>
   </div>
   <div class='ocr_carea' id='block_1_12' title="bbox 539 1216 2047 1293">
    <p class='ocr_par' dir='ltr' id='par_1_12' title="bbox 539 1216 2047 1293">
     <span class='ocr_line' id='line_1_12' title="bbox 539 1216 2047 1293; baseline -0.012 -4"><span class='ocrx_word' id='word_1_78' title='bbox 539 1232 705 1290; x_wconf 74' lang='lat' dir='ltr'><strong>Vm.</strong></span> <span class='ocrx_word' id='word_1_79' title='bbox 738 1233 825 1289; x_wconf 78' lang='grc'><strong>15.</strong></span> <span class='ocrx_word' id='word_1_80' title='bbox 856 1261 927 1272; x_wconf 92' lang='grc'><strong><em>-</em></strong></span> <span class='ocrx_word' id='word_1_81' title='bbox 977 1229 1325 1285; x_wconf 71' lang='lat' dir='ltr'><strong>Terrwmotus</strong></span> <span class='ocrx_word' id='word_1_82' title='bbox 1358 1238 1603 1293; x_wconf 76' lang='lat' dir='ltr'><strong>magnus.</strong></span> <span class='ocrx_word' id='word_1_83' title='bbox 1638 1220 1696 1276; x_wconf 84' lang='lat' dir='ltr'><strong>Id</strong></span> <span class='ocrx_word' id='word_1_84' title='bbox 1728 1228 1815 1275; x_wconf 88' lang='lat' dir='ltr'><strong>est</strong></span> <span class='ocrx_word' id='word_1_85' title='bbox 1845 1216 2047 1274; x_wconf 79' lang='lat' dir='ltr'><strong>terreni</strong></span> 
     </span>
    </p>
   </div>
   <div class='ocr_carea' id='block_1_13' title="bbox 467 1312 2050 1392">
    <p class='ocr_par' dir='ltr' id='par_1_13' title="bbox 467 1312 2050 1392">
     <span class='ocr_line' id='line_1_13' title="bbox 467 1312 2050 1392; baseline -0.012 -10"><span class='ocrx_word' id='word_1_86' title='bbox 467 1326 602 1383; x_wconf 91' lang='lat' dir='ltr'><strong>moti</strong></span> <span class='ocrx_word' id='word_1_87' title='bbox 642 1332 793 1389; x_wconf 82' lang='lat' dir='ltr'><strong>sunt,</strong></span> <span class='ocrx_word' id='word_1_88' title='bbox 821 1332 882 1378; x_wconf 89' lang='lat' dir='ltr'><strong>ut</strong></span> <span class='ocrx_word' id='word_1_89' title='bbox 908 1322 1202 1392; x_wconf 89' lang='lat' dir='ltr'><strong>puniantur</strong></span> <span class='ocrx_word' id='word_1_90' title='bbox 1226 1318 1279 1374; x_wconf 89' lang='lat' dir='ltr'><strong>in</strong></span> <span class='ocrx_word' id='word_1_91' title='bbox 1325 1315 1577 1379; x_wconf 80' lang='lat' dir='ltr'><strong>inferno;</strong></span> <span class='ocrx_word' id='word_1_92' title='bbox 1625 1312 1706 1366; x_wconf 89' lang='lat' dir='ltr'><strong>vel</strong></span> <span class='ocrx_word' id='word_1_93' title='bbox 1740 1312 1806 1367; x_wconf 89' lang='lat' dir='ltr'><strong>ad</strong></span> <span class='ocrx_word' id='word_1_94' title='bbox 1836 1312 2050 1366; x_wconf 86' lang='lat' dir='ltr'><strong>destru-</strong></span> 
     </span>
    </p>
   </div>
   <div class='ocr_carea' id='block_1_14' title="bbox 468 1404 2043 1480">
    <p class='ocr_par' dir='ltr' id='par_1_14' title="bbox 468 1404 2043 1480">
     <span class='ocr_line' id='line_1_14' title="bbox 468 1404 2043 1480; baseline -0.012 -6"><span class='ocrx_word' id='word_1_95' title='bbox 468 1417 704 1474; x_wconf 83' lang='lat' dir='ltr'><strong>ctionem</strong></span> <span class='ocrx_word' id='word_1_96' title='bbox 736 1415 994 1472; x_wconf 81' lang='lat' dir='ltr'><strong>Ecclesiae</strong></span> <span class='ocrx_word' id='word_1_97' title='bbox 1020 1412 1218 1469; x_wconf 88' lang='lat' dir='ltr'><strong>occisis</strong></span> <span class='ocrx_word' id='word_1_98' title='bbox 1245 1408 1536 1480; x_wconf 71' lang='lat' dir='ltr'><strong>magistris.</strong></span> <span class='ocrx_word' id='word_1_99' title='bbox 1563 1404 1633 1461; x_wconf 84' lang='lat' dir='ltr'><strong>Et</strong></span> <span class='ocrx_word' id='word_1_100' title='bbox 1661 1406 1863 1461; x_wconf 86' lang='lat' dir='ltr'><strong>decima</strong></span> <span class='ocrx_word' id='word_1_101' title='bbox 1901 1418 2043 1473; x_wconf 81' lang='lat' dir='ltr'><strong>pars.</strong></span> 
     </span>
    </p>
   </div>
   <div class='ocr_carea' id='block_1_15' title="bbox 468 1494 2049 1576">
    <p class='ocr_par' dir='ltr' id='par_1_15' title="bbox 468 1494 2049 1576">
     <span class='ocr_line' id='line_1_15' title="bbox 468 1494 2049 1576; baseline -0.011 -11"><span class='ocrx_word' id='word_1_102' title='bbox 468 1508 527 1564; x_wconf 75' lang='lat' dir='ltr'><strong>Id</strong></span> <span class='ocrx_word' id='word_1_103' title='bbox 550 1518 634 1564; x_wconf 89' lang='lat' dir='ltr'><strong>est</strong></span> <span class='ocrx_word' id='word_1_104' title='bbox 654 1510 838 1573; x_wconf 86' lang='lat' dir='ltr'><strong>homo,</strong></span> <span class='ocrx_word' id='word_1_105' title='bbox 860 1506 951 1576; x_wconf 90' lang='lat' dir='ltr'><strong>qui</strong></span> <span class='ocrx_word' id='word_1_106' title='bbox 973 1506 1039 1560; x_wconf 89' lang='lat' dir='ltr'><strong>ad</strong></span> <span class='ocrx_word' id='word_1_107' title='bbox 1067 1506 1168 1560; x_wconf 88' lang='lat' dir='ltr'><strong>hoc</strong></span> <span class='ocrx_word' id='word_1_108' title='bbox 1191 1503 1517 1558; x_wconf 87' lang='lat' dir='ltr'><strong>constitutus</strong></span> <span class='ocrx_word' id='word_1_109' title='bbox 1552 1498 1785 1559; x_wconf 88' lang='lat' dir='ltr'><strong>videtur,</strong></span> <span class='ocrx_word' id='word_1_110' title='bbox 1814 1503 1874 1550; x_wconf 91' lang='lat' dir='ltr'><strong>ut</strong></span> <span class='ocrx_word' id='word_1_111' title='bbox 1899 1494 2049 1549; x_wconf 85' lang='lat' dir='ltr'><strong>deci-</strong></span> 
     </span>
    </p>
   </div>
   <div class='ocr_carea' id='block_1_16' title="bbox 470 1593 2047 1657">
    <p class='ocr_par' dir='ltr' id='par_1_16' title="bbox 470 1593 2047 1657">
     <span class='ocr_line' id='line_1_16' title="bbox 470 1593 2047 1657; baseline -0.01 -1"><span class='ocrx_word' id='word_1_112' title='bbox 470 1617 595 1657; x_wconf 83' lang='lat' dir='ltr'><strong>mus</strong></span> <span class='ocrx_word' id='word_1_113' title='bbox 638 1601 773 1656; x_wconf 91' lang='lat' dir='ltr'><strong>ordo</strong></span> <span class='ocrx_word' id='word_1_114' title='bbox 826 1607 1180 1655; x_wconf 83' lang='lat' dir='ltr'><strong>restauretur.</strong></span> <span class='ocrx_word' id='word_1_115' title='bbox 1230 1594 1417 1652; x_wconf 79' lang='lat' dir='ltr'><strong>Occisa</strong></span> <span class='ocrx_word' id='word_1_116' title='bbox 1463 1603 1583 1649; x_wconf 82' lang='lat' dir='ltr'><strong>sunt</strong></span> <span class='ocrx_word' id='word_1_117' title='bbox 1631 1593 1689 1646; x_wconf 90' lang='lat' dir='ltr'><strong>in</strong></span> <span class='ocrx_word' id='word_1_118' title='bbox 1726 1597 2047 1645; x_wconf 70' lang='lat' dir='ltr'><strong>terrwmotu.</strong></span> 
     </span>
    </p>
   </div>
   <div class='ocr_carea' id='block_1_17' title="bbox 473 1670 2050 1752">
    <p class='ocr_par' dir='ltr' id='par_1_17' title="bbox 473 1670 2050 1752">
     <span class='ocr_line' id='line_1_17' title="bbox 473 1670 2050 1752; baseline -0.01 -5"><span class='ocrx_word' id='word_1_119' title='bbox 473 1690 710 1747; x_wconf 78' lang='lat' dir='ltr'><strong>Omnino</strong></span> <span class='ocrx_word' id='word_1_120' title='bbox 748 1670 1017 1747; x_wconf 79' lang='lat' dir='ltr'><strong>destructa</strong></span> <span class='ocrx_word' id='word_1_121' title='bbox 1044 1680 1098 1742; x_wconf 91' lang='lat' dir='ltr'><strong>in</strong></span> <span class='ocrx_word' id='word_1_122' title='bbox 1144 1685 1377 1750; x_wconf 85' lang='lat' dir='ltr'><strong>inferno,</strong></span> <span class='ocrx_word' id='word_1_123' title='bbox 1430 1683 1515 1738; x_wconf 90' lang='lat' dir='ltr'><strong>vel</strong></span> <span class='ocrx_word' id='word_1_124' title='bbox 1550 1689 1738 1752; x_wconf 89' lang='lat' dir='ltr'><strong>postea</strong></span> <span class='ocrx_word' id='word_1_125' title='bbox 1768 1693 1875 1734; x_wconf 86' lang='lat' dir='ltr'><strong>non</strong></span> <span class='ocrx_word' id='word_1_126' title='bbox 1910 1677 2050 1733; x_wconf 88' lang='lat' dir='ltr'><strong>resi-</strong></span> 
     </span>
    </p>
   </div>
   <div class='ocr_carea' id='block_1_18' title="bbox 472 1772 2052 1857">
    <p class='ocr_par' dir='ltr' id='par_1_18' title="bbox 472 1772 2052 1857">
     <span class='ocr_line' id='line_1_18' title="bbox 472 1772 2052 1857; baseline -0.008 -18"><span class='ocrx_word' id='word_1_127' title='bbox 472 1792 723 1857; x_wconf 88' lang='lat' dir='ltr'><strong>puerunt.</strong></span> <span class='ocrx_word' id='word_1_128' title='bbox 766 1782 1003 1839; x_wconf 75' lang='lat' dir='ltr'><strong>Gloriam</strong></span> <span class='ocrx_word' id='word_1_129' title='bbox 1040 1782 1171 1837; x_wconf 86' lang='lat' dir='ltr'><strong>Deo.</strong></span> <span class='ocrx_word' id='word_1_130' title='bbox 1222 1781 1279 1836; x_wconf 89' lang='lat' dir='ltr'><strong>ld</strong></span> <span class='ocrx_word' id='word_1_131' title='bbox 1307 1790 1392 1835; x_wconf 89' lang='lat' dir='ltr'><strong>est</strong></span> <span class='ocrx_word' id='word_1_132' title='bbox 1434 1778 1620 1833; x_wconf 88' lang='lat' dir='ltr'><strong>laudes</strong></span> <span class='ocrx_word' id='word_1_133' title='bbox 1648 1775 1759 1832; x_wconf 88' lang='lat' dir='ltr'><strong>Deo</strong></span> <span class='ocrx_word' id='word_1_134' title='bbox 1786 1774 1853 1830; x_wconf 88' lang='lat' dir='ltr'><strong>de</strong></span> <span class='ocrx_word' id='word_1_135' title='bbox 1873 1772 2052 1842; x_wconf 82' lang='lat' dir='ltr'><strong>justo-</strong></span> 
     </span>
    </p>
   </div>
   <div class='ocr_carea' id='block_1_19' title="bbox 473 1868 1677 1933">
    <p class='ocr_par' dir='ltr' id='par_1_19' title="bbox 473 1868 1677 1933">
     <span class='ocr_line' id='line_1_19' title="bbox 473 1868 1677 1933; baseline -0.007 -3"><span class='ocrx_word' id='word_1_136' title='bbox 473 1889 593 1931; x_wconf 89' lang='lat' dir='ltr'><strong>rum</strong></span> <span class='ocrx_word' id='word_1_137' title='bbox 619 1873 918 1933; x_wconf 77' lang='lat' dir='ltr'><strong>salvatioue</strong></span> <span class='ocrx_word' id='word_1_138' title='bbox 941 1881 997 1927; x_wconf 92' lang='lat' dir='ltr'><strong>et</strong></span> <span class='ocrx_word' id='word_1_139' title='bbox 1021 1871 1284 1927; x_wconf 87' lang='lat' dir='ltr'><strong>malorum</strong></span> <span class='ocrx_word' id='word_1_140' title='bbox 1309 1868 1677 1924; x_wconf 83' lang='lat' dir='ltr'><strong>damnatione.</strong></span> 
     </span>
    </p>
   </div>
   <div class='ocr_carea' id='block_1_20' title="bbox 544 1953 2053 2034">
    <p class='ocr_par' dir='ltr' id='par_1_20' title="bbox 544 1953 2053 2034">
     <span class='ocr_line' id='line_1_20' title="bbox 544 1953 2053 2034; baseline -0.01 -11"><span class='ocrx_word' id='word_1_141' title='bbox 544 1967 707 2025; x_wconf 69' lang='lat' dir='ltr'><strong>Vatis.</strong></span> <span class='ocrx_word' id='word_1_142' title='bbox 734 1966 823 2021; x_wconf 85' lang='grc'><strong>15.</strong></span> <span class='ocrx_word' id='word_1_143' title='bbox 847 1995 918 2007; x_wconf 88' lang='lat'><strong>-—</strong></span> <span class='ocrx_word' id='word_1_144' title='bbox 952 1963 1021 2019; x_wconf 85' lang='lat' dir='ltr'><strong>Et</strong></span> <span class='ocrx_word' id='word_1_145' title='bbox 1051 1963 1299 2034; x_wconf 74' lang='lat' dir='ltr'><strong>septimus</strong></span> <span class='ocrx_word' id='word_1_146' title='bbox 1333 1959 1573 2031; x_wconf 78' lang='lat' dir='ltr'><strong>angelus,</strong></span> <span class='ocrx_word' id='word_1_147' title='bbox 1603 1966 1707 2015; x_wconf 85' lang='lat' dir='ltr'><strong>etc.</strong></span> <span class='ocrx_word' id='word_1_148' title='bbox 1759 1954 1869 2012; x_wconf 68' lang='lat' dir='ltr'><strong>Sex</strong></span> <span class='ocrx_word' id='word_1_149' title='bbox 1909 1953 2053 2011; x_wconf 63' lang='lat' dir='ltr'><strong>tuba</strong></span> 
     </span>
    </p>
   </div>
   <div class='ocr_carea' id='block_1_21' title="bbox 472 2048 2056 2129">
    <p class='ocr_par' dir='ltr' id='par_1_21' title="bbox 472 2048 2056 2129">
     <span class='ocr_line' id='line_1_21' title="bbox 472 2048 2056 2129; baseline -0.008 -16"><span class='ocrx_word' id='word_1_150' title='bbox 472 2060 703 2129; x_wconf 87' lang='lat' dir='ltr'><strong>priores,</strong></span> <span class='ocrx_word' id='word_1_151' title='bbox 751 2057 931 2113; x_wconf 63' lang='lat' dir='ltr'><strong>saeculi</strong></span> <span class='ocrx_word' id='word_1_152' title='bbox 970 2056 1254 2128; x_wconf 70' lang='lat' dir='ltr'><strong>prmsentis</strong></span> <span class='ocrx_word' id='word_1_153' title='bbox 1293 2054 1545 2109; x_wconf 73' lang='lat' dir='ltr'><strong>aetatibus</strong></span> <span class='ocrx_word' id='word_1_154' title='bbox 1574 2048 1919 2120; x_wconf 63' lang='lat' dir='ltr'><strong>comparata},</strong></span> <span class='ocrx_word' id='word_1_155' title='bbox 1960 2063 2056 2101; x_wconf 85' lang='lat' dir='ltr'><strong>va-</strong></span> 
     </span>
    </p>
   </div>
   <div class='ocr_carea' id='block_1_22' title="bbox 478 2144 2050 2209">
    <p class='ocr_par' dir='ltr' id='par_1_22' title="bbox 478 2144 2050 2209">
     <span class='ocr_line' id='line_1_22' title="bbox 478 2144 2050 2209; baseline -0.009 -3"><span class='ocrx_word' id='word_1_156' title='bbox 478 2151 590 2207; x_wconf 85' lang='lat' dir='ltr'><strong>rios</strong></span> <span class='ocrx_word' id='word_1_157' title='bbox 646 2149 910 2209; x_wconf 88' lang='lat' dir='ltr'><strong>bellorum</strong></span> <span class='ocrx_word' id='word_1_158' title='bbox 964 2147 1218 2203; x_wconf 69' lang='lat' dir='ltr'><strong>Ecclesiae</strong></span> <span class='ocrx_word' id='word_1_159' title='bbox 1278 2144 1667 2201; x_wconf 86' lang='lat' dir='ltr'><strong>denuntiavere</strong></span> <span class='ocrx_word' id='word_1_160' title='bbox 1721 2153 2050 2204; x_wconf 84' lang='lat' dir='ltr'><strong>concursus;</strong></span> 
     </span>
    </p>
   </div>
   <div class='ocr_carea' id='block_1_23' title="bbox 479 2233 2057 2313">
    <p class='ocr_par' dir='ltr' id='par_1_23' title="bbox 479 2233 2057 2313">
     <span class='ocr_line' id='line_1_23' title="bbox 479 2233 2057 2313; baseline -0.009 -14"><span class='ocrx_word' id='word_1_161' title='bbox 479 2244 713 2313; x_wconf 81' lang='lat' dir='ltr'><strong>septima</strong></span> <span class='ocrx_word' id='word_1_162' title='bbox 755 2257 888 2301; x_wconf 85' lang='lat' dir='ltr'><strong>vero</strong></span> <span class='ocrx_word' id='word_1_163' title='bbox 914 2240 1126 2296; x_wconf 90' lang='lat' dir='ltr'><strong>sabbati</strong></span> <span class='ocrx_word' id='word_1_164' title='bbox 1164 2238 1354 2295; x_wconf 64' lang='lat' dir='ltr'><strong>aeterni</strong></span> <span class='ocrx_word' id='word_1_165' title='bbox 1386 2236 1594 2302; x_wconf 86' lang='lat' dir='ltr'><strong>nuntia,</strong></span> <span class='ocrx_word' id='word_1_166' title='bbox 1621 2233 1905 2289; x_wconf 80' lang='lat' dir='ltr'><strong>victoriam</strong></span> <span class='ocrx_word' id='word_1_167' title='bbox 1939 2240 2057 2285; x_wconf 80' lang='lat' dir='ltr'><strong>tan-</strong></span> 
     </span>
    </p>
   </div>
   <div class='ocr_carea' id='block_1_24' title="bbox 481 2322 2058 2402">
    <p class='ocr_par' dir='ltr' id='par_1_24' title="bbox 481 2322 2058 2402">
     <span class='ocr_line' id='line_1_24' title="bbox 481 2322 2058 2402; baseline -0.006 -15"><span class='ocrx_word' id='word_1_168' title='bbox 481 2342 595 2387; x_wconf 90' lang='lat' dir='ltr'><strong>tum</strong></span> <span class='ocrx_word' id='word_1_169' title='bbox 631 2342 686 2388; x_wconf 90' lang='lat' dir='ltr'><strong>et</strong></span> <span class='ocrx_word' id='word_1_170' title='bbox 722 2332 1009 2402; x_wconf 91' lang='lat' dir='ltr'><strong>imperium</strong></span> <span class='ocrx_word' id='word_1_171' title='bbox 1039 2331 1151 2385; x_wconf 89' lang='lat' dir='ltr'><strong>veri</strong></span> <span class='ocrx_word' id='word_1_172' title='bbox 1180 2330 1340 2400; x_wconf 85' lang='lat' dir='ltr'><strong>Regis</strong></span> <span class='ocrx_word' id='word_1_173' title='bbox 1389 2328 1610 2383; x_wconf 90' lang='lat' dir='ltr'><strong>indicat.</strong></span> <span class='ocrx_word' id='word_1_174' title='bbox 1664 2324 1912 2379; x_wconf 82' lang='lat' dir='ltr'><strong>Factum.</strong></span> <span class='ocrx_word' id='word_1_175' title='bbox 1953 2322 2058 2389; x_wconf 85' lang='lat' dir='ltr'><strong>Qui</strong></span> 
     </span>
    </p>
   </div>
   <div class='ocr_carea' id='block_1_25' title="bbox 480 2414 2059 2497">
    <p class='ocr_par' dir='ltr' id='par_1_25' title="bbox 480 2414 2059 2497">
     <span class='ocr_line' id='line_1_25' title="bbox 480 2414 2059 2497; baseline -0.006 -18"><span class='ocrx_word' id='word_1_176' title='bbox 480 2425 631 2497; x_wconf 86' lang='lat' dir='ltr'><strong>prius</strong></span> <span class='ocrx_word' id='word_1_177' title='bbox 669 2424 793 2481; x_wconf 82' lang='lat' dir='ltr'><strong>vilis</strong></span> <span class='ocrx_word' id='word_1_178' title='bbox 835 2432 957 2489; x_wconf 74' lang='lat' dir='ltr'><strong>erat</strong></span> <span class='ocrx_word' id='word_1_179' title='bbox 996 2432 1054 2479; x_wconf 83' lang='lat' dir='ltr'><strong>et</strong></span> <span class='ocrx_word' id='word_1_180' title='bbox 1097 2414 1342 2493; x_wconf 66' lang='lat' dir='ltr'><strong>abiectus</strong></span> <span class='ocrx_word' id='word_1_181' title='bbox 1379 2419 1494 2489; x_wconf 82' lang='lat' dir='ltr'><strong>jam</strong></span> <span class='ocrx_word' id='word_1_182' title='bbox 1533 2427 1743 2489; x_wconf 82' lang='lat' dir='ltr'><strong>regnat,</strong></span> <span class='ocrx_word' id='word_1_183' title='bbox 1787 2431 2059 2474; x_wconf 83' lang='lat' dir='ltr'><strong>coronans</strong></span> 
     </span>
    </p>
   </div>
   <div class='ocr_carea' id='block_1_26' title="bbox 482 2509 2060 2583">
    <p class='ocr_par' dir='ltr' id='par_1_26' title="bbox 482 2509 2060 2583">
     <span class='ocr_line' id='line_1_26' title="bbox 482 2509 2060 2583; baseline -0.004 -12"><span class='ocrx_word' id='word_1_184' title='bbox 482 2518 672 2581; x_wconf 91' lang='lat' dir='ltr'><strong>honos,</strong></span> <span class='ocrx_word' id='word_1_185' title='bbox 695 2526 749 2572; x_wconf 92' lang='lat' dir='ltr'><strong>et</strong></span> <span class='ocrx_word' id='word_1_186' title='bbox 778 2516 947 2571; x_wconf 88' lang='lat' dir='ltr'><strong>malos</strong></span> <span class='ocrx_word' id='word_1_187' title='bbox 969 2517 1355 2572; x_wconf 73' lang='lat' dir='ltr'><strong>condemnatis.</strong></span> <span class='ocrx_word' id='word_1_188' title='bbox 1386 2512 1457 2567; x_wconf 85' lang='lat' dir='ltr'><strong>Et</strong></span> <span class='ocrx_word' id='word_1_189' title='bbox 1484 2511 1736 2583; x_wconf 75' lang='lat' dir='ltr'><strong>regnabit.</strong></span> <span class='ocrx_word' id='word_1_190' title='bbox 1752 2509 1810 2565; x_wconf 87' lang='lat' dir='ltr'><strong>Id</strong></span> <span class='ocrx_word' id='word_1_191' title='bbox 1828 2518 1912 2564; x_wconf 90' lang='lat' dir='ltr'><strong>est</strong></span> <span class='ocrx_word' id='word_1_192' title='bbox 1938 2523 2060 2578; x_wconf 83' lang='lat' dir='ltr'><strong>per-</strong></span> 
     </span>
    </p>
   </div>
   <div class='ocr_carea' id='block_1_27' title="bbox 480 2601 2057 2681">
    <p class='ocr_par' dir='ltr' id='par_1_27' title="bbox 480 2601 2057 2681">
     <span class='ocr_line' id='line_1_27' title="bbox 480 2601 2057 2681; baseline -0.006 -17"><span class='ocrx_word' id='word_1_193' title='bbox 480 2608 721 2665; x_wconf 86' lang='lat' dir='ltr'><strong>manebit</strong></span> <span class='ocrx_word' id='word_1_194' title='bbox 741 2624 964 2681; x_wconf 83' lang='lat' dir='ltr'><strong>regnum</strong></span> <span class='ocrx_word' id='word_1_195' title='bbox 988 2607 1161 2678; x_wconf 89' lang='lat' dir='ltr'><strong>ipsius</strong></span> <span class='ocrx_word' id='word_1_196' title='bbox 1191 2607 1246 2662; x_wconf 90' lang='lat' dir='ltr'><strong>in</strong></span> <span class='ocrx_word' id='word_1_197' title='bbox 1274 2606 1691 2681; x_wconf 87' lang='lat' dir='ltr'><strong>sempiternum,</strong></span> <span class='ocrx_word' id='word_1_198' title='bbox 1721 2617 1831 2657; x_wconf 86' lang='lat' dir='ltr'><strong>non</strong></span> <span class='ocrx_word' id='word_1_199' title='bbox 1855 2609 1913 2656; x_wconf 91' lang='lat' dir='ltr'><strong>ut</strong></span> <span class='ocrx_word' id='word_1_200' title='bbox 1935 2601 2057 2670; x_wconf 91' lang='lat' dir='ltr'><strong>qui-</strong></span> 
     </span>
    </p>
   </div>
   <div class='ocr_carea' id='block_1_28' title="bbox 482 2678 2064 2771">
    <p class='ocr_par' dir='ltr' id='par_1_28' title="bbox 482 2678 2064 2771">
     <span class='ocr_line' id='line_1_28' title="bbox 482 2678 2064 2771; baseline -0.003 -19"><span class='ocrx_word' id='word_1_201' title='bbox 482 2698 605 2753; x_wconf 87' lang='lat' dir='ltr'><strong>dam</strong></span> <span class='ocrx_word' id='word_1_202' title='bbox 645 2678 884 2754; x_wconf 61' lang='lat' dir='ltr'><strong>heretici</strong></span> <span class='ocrx_word' id='word_1_203' title='bbox 925 2706 1117 2771; x_wconf 77' lang='lat' dir='ltr'><strong>putant</strong></span> <span class='ocrx_word' id='word_1_204' title='bbox 1149 2705 1367 2753; x_wconf 86' lang='lat' dir='ltr'><strong>sanctos</strong></span> <span class='ocrx_word' id='word_1_205' title='bbox 1392 2703 1515 2767; x_wconf 89' lang='lat' dir='ltr'><strong>post</strong></span> <span class='ocrx_word' id='word_1_206' title='bbox 1544 2678 1823 2751; x_wconf 79' lang='lat' dir='ltr'><strong>deﬁnitum</strong></span> <span class='ocrx_word' id='word_1_207' title='bbox 1852 2701 2064 2764; x_wconf 86' lang='lat' dir='ltr'><strong>tempus</strong></span> 
     </span>
    </p>
   </div>
   <div class='ocr_carea' id='block_1_29' title="bbox 482 2788 1248 2844">
    <p class='ocr_par' dir='ltr' id='par_1_29' title="bbox 482 2788 1248 2844">
     <span class='ocr_line' id='line_1_29' title="bbox 482 2788 1248 2844; baseline 0 -2"><span class='ocrx_word' id='word_1_208' title='bbox 482 2789 536 2842; x_wconf 94' lang='lat' dir='ltr'><strong>in</strong></span> <span class='ocrx_word' id='word_1_209' title='bbox 562 2789 743 2843; x_wconf 87' lang='lat' dir='ltr'><strong>mundi</strong></span> <span class='ocrx_word' id='word_1_210' title='bbox 763 2788 930 2843; x_wconf 88' lang='lat' dir='ltr'><strong>vitam</strong></span> <span class='ocrx_word' id='word_1_211' title='bbox 960 2790 1248 2844; x_wconf 85' lang='lat' dir='ltr'><strong>redituros.</strong></span> 
     </span>
    </p>
   </div>
   <div class='ocr_carea' id='block_1_30' title="bbox 558 2876 2067 2951">
    <p class='ocr_par' dir='ltr' id='par_1_30' title="bbox 558 2876 2067 2951">
     <span class='ocr_line' id='line_1_30' title="bbox 558 2876 2067 2951; baseline -0.005 -14"><span class='ocrx_word' id='word_1_212' title='bbox 558 2882 723 2937; x_wconf 75' lang='lat' dir='ltr'><strong>Vsus.</strong></span> <span class='ocrx_word' id='word_1_213' title='bbox 755 2879 839 2936; x_wconf 86' lang='grc'><strong>16.</strong></span> <span class='ocrx_word' id='word_1_214' title='bbox 868 2912 940 2921; x_wconf 93' lang='lat'><strong><em>—</em></strong></span> <span class='ocrx_word' id='word_1_215' title='bbox 967 2881 1037 2935; x_wconf 87' lang='lat' dir='ltr'><strong>Et</strong></span> <span class='ocrx_word' id='word_1_216' title='bbox 1066 2882 1244 2951; x_wconf 76' lang='lat' dir='ltr'><strong>viginti</strong></span> <span class='ocrx_word' id='word_1_217' title='bbox 1264 2889 1493 2951; x_wconf 79' lang='lat' dir='ltr'><strong>quatuor</strong></span> <span class='ocrx_word' id='word_1_218' title='bbox 1516 2880 1765 2934; x_wconf 74' lang='lat' dir='ltr'><strong>seniores.</strong></span> <span class='ocrx_word' id='word_1_219' title='bbox 1795 2876 1912 2935; x_wconf 86' lang='lat' dir='ltr'><strong>Non</strong></span> <span class='ocrx_word' id='word_1_220' title='bbox 1945 2884 2067 2931; x_wconf 86' lang='lat' dir='ltr'><strong>tan-</strong></span> 
     </span>
    </p>
   </div>
   <div class='ocr_carea' id='block_1_31' title="bbox 487 2965 2065 3042">
    <p class='ocr_par' dir='ltr' id='par_1_31' title="bbox 487 2965 2065 3042">
     <span class='ocr_line' id='line_1_31' title="bbox 487 2965 2065 3042; baseline -0.001 -17"><span class='ocrx_word' id='word_1_221' title='bbox 487 2980 599 3025; x_wconf 88' lang='lat' dir='ltr'><strong>tum</strong></span> <span class='ocrx_word' id='word_1_222' title='bbox 638 2971 877 3027; x_wconf 84' lang='lat' dir='ltr'><strong>minores</strong></span> <span class='ocrx_word' id='word_1_223' title='bbox 902 2972 974 3026; x_wconf 90' lang='lat' dir='ltr'><strong>ita</strong></span> <span class='ocrx_word' id='word_1_224' title='bbox 1005 2971 1308 3042; x_wconf 87' lang='lat' dir='ltr'><strong>glorillcant</strong></span> <span class='ocrx_word' id='word_1_225' title='bbox 1332 2971 1524 3034; x_wconf 88' lang='lat' dir='ltr'><strong>Deum,</strong></span> <span class='ocrx_word' id='word_1_226' title='bbox 1548 2970 1643 3025; x_wconf 91' lang='lat' dir='ltr'><strong>sed</strong></span> <span class='ocrx_word' id='word_1_227' title='bbox 1686 2969 1849 3024; x_wconf 89' lang='lat' dir='ltr'><strong>etiam</strong></span> <span class='ocrx_word' id='word_1_228' title='bbox 1898 2965 2065 3035; x_wconf 87' lang='lat' dir='ltr'><strong>majo-</strong></span> 
     </span>
    </p>
   </div>
   <div class='ocr_carea' id='block_1_32' title="bbox 464 3059 2065 3132">
    <p class='ocr_par' dir='ltr' id='par_1_32' title="bbox 464 3059 2065 3132">
     <span class='ocr_line' id='line_1_32' title="bbox 464 3059 2065 3132; baseline -0.004 -11"><span class='ocrx_word' id='word_1_229' title='bbox 464 3076 595 3121; x_wconf 82' lang='lat' dir='ltr'><strong>-res.</strong></span> <span class='ocrx_word' id='word_1_230' title='bbox 623 3060 930 3118; x_wconf 73' lang='lat' dir='ltr'><strong>Ceciderunt</strong></span> <span class='ocrx_word' id='word_1_231' title='bbox 959 3062 1016 3117; x_wconf 87' lang='lat' dir='ltr'><strong>in</strong></span> <span class='ocrx_word' id='word_1_232' title='bbox 1044 3062 1225 3132; x_wconf 79' lang='lat' dir='ltr'><strong>facies.</strong></span> <span class='ocrx_word' id='word_1_233' title='bbox 1254 3060 1537 3117; x_wconf 85' lang='lat' dir='ltr'><strong>ln‘l&#39;aciem</strong></span> <span class='ocrx_word' id='word_1_234' title='bbox 1565 3060 1712 3114; x_wconf 89' lang='lat' dir='ltr'><strong>cadit</strong></span> <span class='ocrx_word' id='word_1_235' title='bbox 1755 3059 1846 3129; x_wconf 89' lang='lat' dir='ltr'><strong>qui</strong></span> <span class='ocrx_word' id='word_1_236' title='bbox 1870 3059 1925 3113; x_wconf 94' lang='lat' dir='ltr'><strong>in</strong></span> <span class='ocrx_word' id='word_1_237' title='bbox 1961 3059 2065 3114; x_wconf 89' lang='lat' dir='ltr'><strong>hac</strong></span> 
     </span>
    </p>
   </div>
   <div class='ocr_carea' id='block_1_33' title="bbox 488 3148 2064 3227">
    <p class='ocr_par' dir='ltr' id='par_1_33' title="bbox 488 3148 2064 3227">
     <span class='ocr_line' id='line_1_33' title="bbox 488 3148 2064 3227; baseline -0.003 -19"><span class='ocrx_word' id='word_1_238' title='bbox 488 3154 597 3208; x_wconf 86' lang='lat' dir='ltr'><strong>vita</strong></span> <span class='ocrx_word' id='word_1_239' title='bbox 618 3152 832 3227; x_wconf 86' lang='lat' dir='ltr'><strong>culpam</strong></span> <span class='ocrx_word' id='word_1_240' title='bbox 855 3153 1123 3224; x_wconf 78' lang='lat' dir='ltr'><strong>agnoscit,</strong></span> <span class='ocrx_word' id='word_1_241' title='bbox 1148 3168 1377 3223; x_wconf 86' lang='lat' dir='ltr'><strong>eamque</strong></span> <span class='ocrx_word' id='word_1_242' title='bbox 1404 3150 1716 3223; x_wconf 72' lang='lat' dir='ltr'><strong>paenitendo</strong></span> <span class='ocrx_word' id='word_1_243' title='bbox 1754 3148 1933 3205; x_wconf 85' lang='lat' dir='ltr'><strong>deﬂet.</strong></span> <span class='ocrx_word' id='word_1_244' title='bbox 1959 3149 2064 3204; x_wconf 79' lang='lat' dir='ltr'><strong>Re-</strong></span> 
     </span>
    </p>
   </div>
   <div class='ocr_carea' id='block_1_34' title="bbox 2144 549 3725 619">
    <p class='ocr_par' dir='ltr' id='par_1_34' title="bbox 2144 549 3725 619">
     <span class='ocr_line' id='line_1_34' title="bbox 2144 549 3725 619; baseline -0.006 -4"><span class='ocrx_word' id='word_1_245' title='bbox 2144 561 2300 616; x_wconf 89' lang='lat' dir='ltr'><strong>danis</strong></span> <span class='ocrx_word' id='word_1_246' title='bbox 2328 567 2662 614; x_wconf 84' lang='lat' dir='ltr'><strong>sustentetur</strong></span> <span class='ocrx_word' id='word_1_247' title='bbox 2700 555 2967 619; x_wconf 79' lang='lat' dir='ltr'><strong>Ecclesia,</strong></span> <span class='ocrx_word' id='word_1_248' title='bbox 3013 568 3080 609; x_wconf 89' lang='lat' dir='ltr'><strong>ea</strong></span> <span class='ocrx_word' id='word_1_249' title='bbox 3124 560 3310 607; x_wconf 81' lang='lat' dir='ltr'><strong>tamen</strong></span> <span class='ocrx_word' id='word_1_250' title='bbox 3338 566 3449 606; x_wconf 87' lang='lat' dir='ltr'><strong>non</strong></span> <span class='ocrx_word' id='word_1_251' title='bbox 3492 549 3725 606; x_wconf 71' lang='lat' dir='ltr'><strong>allectat.</strong></span> 
     </span>
    </p>
   </div>
   <div class='ocr_carea' id='block_1_35' title="bbox 2144 643 3730 721">
    <p class='ocr_par' dir='ltr' id='par_1_35' title="bbox 2144 643 3730 721">
     <span class='ocr_line' id='line_1_35' title="bbox 2144 643 3730 721; baseline -0.006 -16"><span class='ocrx_word' id='word_1_252' title='bbox 2144 651 2213 705; x_wconf 87' lang='lat' dir='ltr'><strong>Et</strong></span> <span class='ocrx_word' id='word_1_253' title='bbox 2244 653 2298 705; x_wconf 86' lang='lat' dir='ltr'><strong>in</strong></span> <span class='ocrx_word' id='word_1_254' title='bbox 2322 651 2488 721; x_wconf 87' lang='lat' dir='ltr'><strong>capite</strong></span> <span class='ocrx_word' id='word_1_255' title='bbox 2514 649 2628 719; x_wconf 79' lang='lat' dir='ltr'><strong>ejus</strong></span> <span class='ocrx_word' id='word_1_256' title='bbox 2668 664 2885 713; x_wconf 86' lang='lat' dir='ltr'><strong>corona,</strong></span> <span class='ocrx_word' id='word_1_257' title='bbox 2923 654 3031 701; x_wconf 88' lang='lat' dir='ltr'><strong>etc.</strong></span> <span class='ocrx_word' id='word_1_258' title='bbox 3069 644 3129 700; x_wconf 91' lang='lat' dir='ltr'><strong>ld</strong></span> <span class='ocrx_word' id='word_1_259' title='bbox 3154 652 3237 699; x_wconf 89' lang='lat' dir='ltr'><strong>est</strong></span> <span class='ocrx_word' id='word_1_260' title='bbox 3276 643 3569 700; x_wconf 87' lang='lat' dir='ltr'><strong>duodecim</strong></span> <span class='ocrx_word' id='word_1_261' title='bbox 3607 657 3730 713; x_wconf 89' lang='lat' dir='ltr'><strong>apo-</strong></span> 
     </span>
    </p>
   </div>
   <div class='ocr_carea' id='block_1_36' title="bbox 2144 737 3728 812">
    <p class='ocr_par' dir='ltr' id='par_1_36' title="bbox 2144 737 3728 812">
     <span class='ocr_line' id='line_1_36' title="bbox 2144 737 3728 812; baseline -0.004 -15"><span class='ocrx_word' id='word_1_262' title='bbox 2144 744 2289 807; x_wconf 89' lang='lat' dir='ltr'><strong>stoli,</strong></span> <span class='ocrx_word' id='word_1_263' title='bbox 2323 744 2519 812; x_wconf 85' lang='lat' dir='ltr'><strong>quibus</strong></span> <span class='ocrx_word' id='word_1_264' title='bbox 2546 741 2778 796; x_wconf 90' lang='lat' dir='ltr'><strong>mundus</strong></span> <span class='ocrx_word' id='word_1_265' title='bbox 2818 737 3073 805; x_wconf 86' lang='lat' dir='ltr'><strong>credidit,</strong></span> <span class='ocrx_word' id='word_1_266' title='bbox 3118 738 3203 795; x_wconf 83' lang='lat' dir='ltr'><strong>vel</strong></span> <span class='ocrx_word' id='word_1_267' title='bbox 3229 738 3285 794; x_wconf 88' lang='lat' dir='ltr'><strong>in</strong></span> <span class='ocrx_word' id='word_1_268' title='bbox 3327 739 3534 808; x_wconf 85' lang='lat' dir='ltr'><strong>quibus</strong></span> <span class='ocrx_word' id='word_1_269' title='bbox 3576 752 3728 791; x_wconf 76' lang='lat' dir='ltr'><strong>mua-</strong></span> 
     </span>
    </p>
   </div>
   <div class='ocr_carea' id='block_1_37' title="bbox 2143 833 2953 900">
    <p class='ocr_par' dir='ltr' id='par_1_37' title="bbox 2143 833 2953 900">
     <span class='ocr_line' id='line_1_37' title="bbox 2143 833 2953 900; baseline -0.006 -10"><span class='ocrx_word' id='word_1_270' title='bbox 2143 834 2272 890; x_wconf 86' lang='lat' dir='ltr'><strong>dum</strong></span> <span class='ocrx_word' id='word_1_271' title='bbox 2296 835 2425 889; x_wconf 81' lang='lat' dir='ltr'><strong>vicit</strong></span> <span class='ocrx_word' id='word_1_272' title='bbox 2452 833 2715 889; x_wconf 85' lang='lat' dir='ltr'><strong>Ecclesia.</strong></span> <span class='ocrx_word' id='word_1_273' title='bbox 2943 891 2953 900; x_wconf 39' lang='lat'><em>.</em></span> 
     </span>
    </p>
   </div>
   <div class='ocr_carea' id='block_1_38' title="bbox 2220 921 3730 995">
    <p class='ocr_par' dir='ltr' id='par_1_38' title="bbox 2220 921 3730 995">
     <span class='ocr_line' id='line_1_38' title="bbox 2220 921 3730 995; baseline -0.003 -14"><span class='ocrx_word' id='word_1_274' title='bbox 2220 927 2385 983; x_wconf 71' lang='lat' dir='ltr'><strong>Vatis.</strong></span> <span class='ocrx_word' id='word_1_275' title='bbox 2413 927 2469 981; x_wconf 74' lang='lat'><strong>2.</strong></span> <span class='ocrx_word' id='word_1_276' title='bbox 2491 957 2562 968; x_wconf 90' lang='lat'><strong>--</strong></span> <span class='ocrx_word' id='word_1_277' title='bbox 2583 926 2866 980; x_wconf 76' lang='lat' dir='ltr'><strong>Cruciatur</strong></span> <span class='ocrx_word' id='word_1_278' title='bbox 2885 933 2945 978; x_wconf 86' lang='lat' dir='ltr'><strong>ut</strong></span> <span class='ocrx_word' id='word_1_279' title='bbox 2968 924 3165 995; x_wconf 81' lang='lat' dir='ltr'><strong>pariat.</strong></span> <span class='ocrx_word' id='word_1_280' title='bbox 3194 922 3581 988; x_wconf 65' lang='lat' dir='ltr'><strong>Praedicando,</strong></span> <span class='ocrx_word' id='word_1_281' title='bbox 3641 921 3730 977; x_wconf 62' lang='lat' dir='ltr'><strong>ad.</strong></span> 
     </span>
    </p>
   </div>
   <div class='ocr_carea' id='block_1_39' title="bbox 2145 1016 3737 1089">
    <p class='ocr_par' dir='ltr' id='par_1_39' title="bbox 2145 1016 3737 1089">
     <span class='ocr_line' id='line_1_39' title="bbox 2145 1016 3737 1089; baseline -0.003 -14"><span class='ocrx_word' id='word_1_282' title='bbox 2145 1034 2302 1075; x_wconf 64' lang='lat' dir='ltr'><strong>tersa</strong></span> <span class='ocrx_word' id='word_1_283' title='bbox 2324 1019 2548 1089; x_wconf 91' lang='lat' dir='ltr'><strong>patitur.</strong></span> <span class='ocrx_word' id='word_1_284' title='bbox 2572 1019 2668 1074; x_wconf 77' lang='lat' dir='ltr'><strong>Vel</strong></span> <span class='ocrx_word' id='word_1_285' title='bbox 2692 1020 2971 1074; x_wconf 82' lang='lat' dir='ltr'><strong>cruciatur</strong></span> <span class='ocrx_word' id='word_1_286' title='bbox 2993 1032 3026 1073; x_wconf 89' lang='lat' dir='ltr'><strong>a</strong></span> <span class='ocrx_word' id='word_1_287' title='bbox 3053 1018 3250 1088; x_wconf 75' lang='lat' dir='ltr'><strong>seipse,</strong></span> <span class='ocrx_word' id='word_1_288' title='bbox 3273 1016 3327 1071; x_wconf 89' lang='lat' dir='ltr'><strong>id</strong></span> <span class='ocrx_word' id='word_1_289' title='bbox 3370 1026 3458 1073; x_wconf 88' lang='lat' dir='ltr'><strong>est</strong></span> <span class='ocrx_word' id='word_1_290' title='bbox 3518 1027 3737 1071; x_wconf 71' lang='lat' dir='ltr'><strong>carnem</strong></span> 
     </span>
    </p>
   </div>
   <div class='ocr_carea' id='block_1_40' title="bbox 2144 1110 3341 1182">
    <p class='ocr_par' dir='ltr' id='par_1_40' title="bbox 2144 1110 3341 1182">
     <span class='ocr_line' id='line_1_40' title="bbox 2144 1110 3341 1182; baseline -0.003 -14"><span class='ocrx_word' id='word_1_291' title='bbox 2144 1127 2303 1168; x_wconf 84' lang='lat' dir='ltr'><strong>suam</strong></span> <span class='ocrx_word' id='word_1_292' title='bbox 2334 1120 2594 1177; x_wconf 80' lang='lat' dir='ltr'><strong>macerat,</strong></span> <span class='ocrx_word' id='word_1_293' title='bbox 2618 1120 2677 1167; x_wconf 87' lang='lat' dir='ltr'><strong>ut</strong></span> <span class='ocrx_word' id='word_1_294' title='bbox 2701 1111 3017 1182; x_wconf 63' lang='lat' dir='ltr'><strong>praedicatio</strong></span> <span class='ocrx_word' id='word_1_295' title='bbox 3037 1110 3109 1166; x_wconf 90' lang='lat' dir='ltr'><strong>sit</strong></span> <span class='ocrx_word' id='word_1_296' title='bbox 3130 1110 3341 1165; x_wconf 86' lang='lat' dir='ltr'><strong>idonea.</strong></span> 
     </span>
    </p>
   </div>
   <div class='ocr_carea' id='block_1_41' title="bbox 2222 1197 3737 1271">
    <p class='ocr_par' dir='ltr' id='par_1_41' title="bbox 2222 1197 3737 1271">
     <span class='ocr_line' id='line_1_41' title="bbox 2222 1197 3737 1271; baseline -0.003 -14"><span class='ocrx_word' id='word_1_297' title='bbox 2222 1201 2388 1257; x_wconf 67' lang='lat' dir='ltr'><strong>Vnus.</strong></span> <span class='ocrx_word' id='word_1_298' title='bbox 2410 1202 2465 1256; x_wconf 77' lang='grc'><strong>5.</strong></span> <span class='ocrx_word' id='word_1_299' title='bbox 2492 1231 2565 1242; x_wconf 83' lang='grc'><strong>--</strong></span> <span class='ocrx_word' id='word_1_300' title='bbox 2583 1201 2759 1256; x_wconf 80' lang='lat' dir='ltr'><strong>Draco</strong></span> <span class='ocrx_word' id='word_1_301' title='bbox 2784 1217 3025 1271; x_wconf 79' lang='lat' dir='ltr'><strong>magnus.</strong></span> <span class='ocrx_word' id='word_1_302' title='bbox 3052 1199 3168 1254; x_wconf 83' lang='lat' dir='ltr'><strong>Non</strong></span> <span class='ocrx_word' id='word_1_303' title='bbox 3199 1200 3266 1254; x_wconf 90' lang='lat' dir='ltr'><strong>de</strong></span> <span class='ocrx_word' id='word_1_304' title='bbox 3298 1214 3502 1271; x_wconf 83' lang='lat' dir='ltr'><strong>magno</strong></span> <span class='ocrx_word' id='word_1_305' title='bbox 3526 1197 3737 1263; x_wconf 79' lang='lat' dir='ltr'><strong>eﬁ‘ectu,</strong></span> 
     </span>
    </p>
   </div>
   <div class='ocr_carea' id='block_1_42' title="bbox 2148 1293 3522 1365">
    <p class='ocr_par' dir='ltr' id='par_1_42' title="bbox 2148 1293 3522 1365">
     <span class='ocr_line' id='line_1_42' title="bbox 2148 1293 3522 1365; baseline -0.004 -12"><span class='ocrx_word' id='word_1_306' title='bbox 2148 1297 2246 1352; x_wconf 89' lang='lat' dir='ltr'><strong>sed</strong></span> <span class='ocrx_word' id='word_1_307' title='bbox 2273 1297 2341 1349; x_wconf 90' lang='lat' dir='ltr'><strong>de</strong></span> <span class='ocrx_word' id='word_1_308' title='bbox 2365 1296 2603 1365; x_wconf 79' lang='lat' dir='ltr'><strong>potentia</strong></span> <span class='ocrx_word' id='word_1_309' title='bbox 2625 1306 2682 1350; x_wconf 89' lang='lat' dir='ltr'><strong>et</strong></span> <span class='ocrx_word' id='word_1_310' title='bbox 2706 1295 2958 1363; x_wconf 88' lang='lat' dir='ltr'><strong>superbia</strong></span> <span class='ocrx_word' id='word_1_311' title='bbox 2984 1294 3236 1349; x_wconf 84' lang='lat' dir='ltr'><strong>draconis</strong></span> <span class='ocrx_word' id='word_1_312' title='bbox 3262 1293 3522 1363; x_wconf 90' lang='lat' dir='ltr'><strong>loquitur.</strong></span> 
     </span>
    </p>
   </div>
   <div class='ocr_carea' id='block_1_43' title="bbox 2224 1383 3741 1456">
    <p class='ocr_par' dir='ltr' id='par_1_43' title="bbox 2224 1383 3741 1456">
     <span class='ocr_line' id='line_1_43' title="bbox 2224 1383 3741 1456; baseline -0.002 -15"><span class='ocrx_word' id='word_1_313' title='bbox 2224 1387 2292 1441; x_wconf 88' lang='lat' dir='ltr'><strong>Et</strong></span> <span class='ocrx_word' id='word_1_314' title='bbox 2316 1404 2513 1441; x_wconf 87' lang='lat' dir='ltr'><strong>cornua</strong></span> <span class='ocrx_word' id='word_1_315' title='bbox 2539 1387 2734 1451; x_wconf 78' lang='lat' dir='ltr'><strong>decem,</strong></span> <span class='ocrx_word' id='word_1_316' title='bbox 2765 1396 2874 1442; x_wconf 89' lang='lat' dir='ltr'><strong>etc.</strong></span> <span class='ocrx_word' id='word_1_317' title='bbox 2904 1386 2961 1441; x_wconf 90' lang='lat' dir='ltr'><strong>ld</strong></span> <span class='ocrx_word' id='word_1_318' title='bbox 2981 1395 3065 1441; x_wconf 90' lang='lat' dir='ltr'><strong>est</strong></span> <span class='ocrx_word' id='word_1_319' title='bbox 3091 1401 3253 1455; x_wconf 81' lang='lat' dir='ltr'><strong>regna</strong></span> <span class='ocrx_word' id='word_1_320' title='bbox 3276 1395 3331 1439; x_wconf 89' lang='lat' dir='ltr'><strong>et</strong></span> <span class='ocrx_word' id='word_1_321' title='bbox 3367 1384 3594 1439; x_wconf 78' lang='lat' dir='ltr'><strong>divitias</strong></span> <span class='ocrx_word' id='word_1_322' title='bbox 3633 1383 3741 1456; x_wconf 81' lang='lat' dir='ltr'><strong>qui-</strong></span> 
     </span>
    </p>
   </div>
   <div class='ocr_carea' id='block_1_44' title="bbox 2149 1476 3414 1550">
    <p class='ocr_par' dir='ltr' id='par_1_44' title="bbox 2149 1476 3414 1550">
     <span class='ocr_line' id='line_1_44' title="bbox 2149 1476 3414 1550; baseline -0.002 -17"><span class='ocrx_word' id='word_1_323' title='bbox 2149 1478 2254 1533; x_wconf 88' lang='lat' dir='ltr'><strong>bus</strong></span> <span class='ocrx_word' id='word_1_324' title='bbox 2274 1477 2543 1546; x_wconf 85' lang='lat' dir='ltr'><strong>principes</strong></span> <span class='ocrx_word' id='word_1_325' title='bbox 2567 1476 2881 1548; x_wconf 85' lang='lat' dir='ltr'><strong>decalogum</strong></span> <span class='ocrx_word' id='word_1_326' title='bbox 2910 1477 3045 1548; x_wconf 89' lang='lat' dir='ltr'><strong>legis</strong></span> <span class='ocrx_word' id='word_1_327' title='bbox 3074 1479 3414 1550; x_wconf 76' lang='lat' dir='ltr'><strong>impugnant.</strong></span> 
     </span>
    </p>
   </div>
   <div class='ocr_carea' id='block_1_45' title="bbox 2224 1569 3742 1644">
    <p class='ocr_par' dir='ltr' id='par_1_45' title="bbox 2224 1569 3742 1644">
     <span class='ocr_line' id='line_1_45' title="bbox 2224 1569 3742 1644; baseline 0.002 -18"><span class='ocrx_word' id='word_1_328' title='bbox 2224 1571 2468 1626; x_wconf 68' lang='lat' dir='ltr'><strong>Vsus.4.</strong></span> <span class='ocrx_word' id='word_1_329' title='bbox 2500 1571 2651 1625; x_wconf 85' lang='lat' dir='ltr'><strong>-—Et</strong></span> <span class='ocrx_word' id='word_1_330' title='bbox 2679 1569 2871 1626; x_wconf 80' lang='lat' dir='ltr'><strong>cauda.</strong></span> <span class='ocrx_word' id='word_1_331' title='bbox 2898 1571 2955 1626; x_wconf 88' lang='lat' dir='ltr'><strong>Id</strong></span> <span class='ocrx_word' id='word_1_332' title='bbox 3003 1580 3086 1627; x_wconf 85' lang='lat' dir='ltr'><strong>est</strong></span> <span class='ocrx_word' id='word_1_333' title='bbox 3129 1572 3501 1642; x_wconf 87' lang='lat' dir='ltr'><strong>deceptiones,</strong></span> <span class='ocrx_word' id='word_1_334' title='bbox 3548 1574 3742 1644; x_wconf 88' lang='lat' dir='ltr'><strong>quibus</strong></span> 
     </span>
    </p>
   </div>
   <div class='ocr_carea' id='block_1_46' title="bbox 2151 1660 3744 1732">
    <p class='ocr_par' dir='ltr' id='par_1_46' title="bbox 2151 1660 3744 1732">
     <span class='ocr_line' id='line_1_46' title="bbox 2151 1660 3744 1732; baseline 0.003 -16"><span class='ocrx_word' id='word_1_335' title='bbox 2151 1660 2509 1727; x_wconf 82' lang='lat' dir='ltr'><strong>celaut&#39;vitia,</strong></span> <span class='ocrx_word' id='word_1_336' title='bbox 2539 1670 2600 1716; x_wconf 87' lang='lat' dir='ltr'><strong>ut</strong></span> <span class='ocrx_word' id='word_1_337' title='bbox 2628 1662 2797 1716; x_wconf 85' lang='lat' dir='ltr'><strong>cauda</strong></span> <span class='ocrx_word' id='word_1_338' title='bbox 2820 1661 3065 1716; x_wconf 87' lang='lat' dir='ltr'><strong>celantur</strong></span> <span class='ocrx_word' id='word_1_339' title='bbox 3087 1663 3284 1732; x_wconf 89' lang='lat' dir='ltr'><strong>turpia.</strong></span> <span class='ocrx_word' id='word_1_340' title='bbox 3320 1662 3648 1718; x_wconf 76' lang='lat' dir='ltr'><strong>Stellarum.</strong></span> <span class='ocrx_word' id='word_1_341' title='bbox 3693 1664 3744 1720; x_wconf 85' lang='lat' dir='ltr'><strong>id</strong></span> 
     </span>
    </p>
   </div>
   <div class='ocr_carea' id='block_1_47' title="bbox 2155 1752 3744 1824">
    <p class='ocr_par' dir='ltr' id='par_1_47' title="bbox 2155 1752 3744 1824">
     <span class='ocr_line' id='line_1_47' title="bbox 2155 1752 3744 1824; baseline 0.001 -16"><span class='ocrx_word' id='word_1_342' title='bbox 2155 1762 2239 1808; x_wconf 90' lang='lat' dir='ltr'><strong>est</strong></span> <span class='ocrx_word' id='word_1_343' title='bbox 2266 1753 2481 1808; x_wconf 89' lang='lat' dir='ltr'><strong>illorum</strong></span> <span class='ocrx_word' id='word_1_344' title='bbox 2519 1753 2612 1824; x_wconf 89' lang='lat' dir='ltr'><strong>qui</strong></span> <span class='ocrx_word' id='word_1_345' title='bbox 2639 1752 2944 1809; x_wconf 82' lang='lat' dir='ltr'><strong>illuminant</strong></span> <span class='ocrx_word' id='word_1_346' title='bbox 2981 1752 3275 1809; x_wconf 79' lang='lat' dir='ltr'><strong>Ecclesium</strong></span> <span class='ocrx_word' id='word_1_347' title='bbox 3318 1755 3599 1821; x_wconf 88' lang='lat' dir='ltr'><strong>doctrina,</strong></span> <span class='ocrx_word' id='word_1_348' title='bbox 3651 1771 3744 1810; x_wconf 86' lang='lat' dir='ltr'><strong>non</strong></span> 
     </span>
    </p>
   </div>
   <div class='ocr_carea' id='block_1_48' title="bbox 2076 1840 3743 1917">
    <p class='ocr_par' dir='ltr' id='par_1_48' title="bbox 2076 1840 3743 1917">
     <span class='ocr_line' id='line_1_48' title="bbox 2076 1840 3743 1917; baseline 0.001 -16"><span class='ocrx_word' id='word_1_349' title='bbox 2076 1840 2128 1902; x_wconf 77' lang='grc' dir='ltr'><strong>Β</strong></span> <span class='ocrx_word' id='word_1_350' title='bbox 2151 1844 2283 1900; x_wconf 78' lang='lat' dir='ltr'><strong>vita.</strong></span> <span class='ocrx_word' id='word_1_351' title='bbox 2311 1844 2465 1899; x_wconf 78' lang='lat' dir='ltr'><strong>Stetit</strong></span> <span class='ocrx_word' id='word_1_352' title='bbox 2489 1855 2609 1899; x_wconf 84' lang='lat' dir='ltr'><strong>ante</strong></span> <span class='ocrx_word' id='word_1_353' title='bbox 2639 1846 2928 1900; x_wconf 81' lang='lat' dir='ltr'><strong>mulierem.</strong></span> <span class='ocrx_word' id='word_1_354' title='bbox 2954 1846 3085 1913; x_wconf 69' lang='lat' dir='ltr'><strong>Quze</strong></span> <span class='ocrx_word' id='word_1_355' title='bbox 3132 1847 3445 1917; x_wconf 88' lang='lat' dir='ltr'><strong>patiebatur</strong></span> <span class='ocrx_word' id='word_1_356' title='bbox 3480 1847 3743 1914; x_wconf 86' lang='lat' dir='ltr'><strong>dolorem,</strong></span> 
     </span>
    </p>
   </div>
   <div class='ocr_carea' id='block_1_49' title="bbox 2154 1936 3746 2009">
    <p class='ocr_par' dir='ltr' id='par_1_49' title="bbox 2154 1936 3746 2009">
     <span class='ocr_line' id='line_1_49' title="bbox 2154 1936 3746 2009; baseline 0.003 -20"><span class='ocrx_word' id='word_1_357' title='bbox 2154 1950 2255 2006; x_wconf 88' lang='lat' dir='ltr'><strong>per</strong></span> <span class='ocrx_word' id='word_1_358' title='bbox 2278 1936 2421 2005; x_wconf 90' lang='lat' dir='ltr'><strong>quod</strong></span> <span class='ocrx_word' id='word_1_359' title='bbox 2467 1936 2727 1991; x_wconf 88' lang='lat' dir='ltr'><strong>credebat</strong></span> <span class='ocrx_word' id='word_1_360' title='bbox 2778 1936 2886 1990; x_wconf 92' lang='lat' dir='ltr'><strong>cito</strong></span> <span class='ocrx_word' id='word_1_361' title='bbox 2925 1952 3227 1992; x_wconf 87' lang='lat' dir='ltr'><strong>cessuram.</strong></span> <span class='ocrx_word' id='word_1_362' title='bbox 3286 1936 3395 1991; x_wconf 88' lang='lat' dir='ltr'><strong>Per</strong></span> <span class='ocrx_word' id='word_1_363' title='bbox 3435 1939 3746 2009; x_wconf 76' lang='lat' dir='ltr'><strong>passionem</strong></span> 
     </span>
    </p>
   </div>
   <div class='ocr_carea' id='block_1_50' title="bbox 2156 2029 3747 2101">
    <p class='ocr_par' dir='ltr' id='par_1_50' title="bbox 2156 2029 3747 2101">
     <span class='ocr_line' id='line_1_50' title="bbox 2156 2029 3747 2101; baseline 0 -17"><span class='ocrx_word' id='word_1_364' title='bbox 2156 2030 2412 2085; x_wconf 83' lang='lat' dir='ltr'><strong>credebat</strong></span> <span class='ocrx_word' id='word_1_365' title='bbox 2455 2029 2696 2085; x_wconf 83' lang='lat' dir='ltr'><strong>diabolus</strong></span> <span class='ocrx_word' id='word_1_366' title='bbox 2746 2029 3042 2085; x_wconf 84' lang='lat' dir='ltr'><strong>Ecclesiam</strong></span> <span class='ocrx_word' id='word_1_367' title='bbox 3086 2029 3450 2101; x_wconf 77' lang='lat' dir='ltr'><strong>subiugatum.</strong></span> <span class='ocrx_word' id='word_1_368' title='bbox 3519 2030 3747 2084; x_wconf 72' lang='lat' dir='ltr'><strong>Deroru-</strong></span> 
     </span>
    </p>
   </div>
   <div class='ocr_carea' id='block_1_51' title="bbox 2157 2121 3751 2194">
    <p class='ocr_par' dir='ltr' id='par_1_51' title="bbox 2157 2121 3751 2194">
     <span class='ocr_line' id='line_1_51' title="bbox 2157 2121 3751 2194; baseline 0.001 -18"><span class='ocrx_word' id='word_1_369' title='bbox 2157 2131 2253 2176; x_wconf 87' lang='lat' dir='ltr'><strong>ret.</strong></span> <span class='ocrx_word' id='word_1_370' title='bbox 2289 2121 2518 2177; x_wconf 86' lang='lat' dir='ltr'><strong>Paratus</strong></span> <span class='ocrx_word' id='word_1_371' title='bbox 2545 2132 2664 2176; x_wconf 88' lang='lat' dir='ltr'><strong>erat</strong></span> <span class='ocrx_word' id='word_1_372' title='bbox 2687 2122 2855 2177; x_wconf 90' lang='lat' dir='ltr'><strong>draco</strong></span> <span class='ocrx_word' id='word_1_373' title='bbox 2877 2123 2943 2177; x_wconf 87' lang='lat' dir='ltr'><strong>ad</strong></span> <span class='ocrx_word' id='word_1_374' title='bbox 2973 2123 3371 2191; x_wconf 83' lang='lat' dir='ltr'><strong>devorandum;</strong></span> <span class='ocrx_word' id='word_1_375' title='bbox 3403 2124 3507 2179; x_wconf 89' lang='lat' dir='ltr'><strong>sed</strong></span> <span class='ocrx_word' id='word_1_376' title='bbox 3535 2139 3647 2178; x_wconf 89' lang='lat' dir='ltr'><strong>non</strong></span> <span class='ocrx_word' id='word_1_377' title='bbox 3666 2138 3751 2194; x_wconf 89' lang='lat' dir='ltr'><strong>po-</strong></span> 
     </span>
    </p>
   </div>
   <div class='ocr_carea' id='block_1_52' title="bbox 2160 2208 3153 2285">
    <p class='ocr_par' dir='ltr' id='par_1_52' title="bbox 2160 2208 3153 2285">
     <span class='ocr_line' id='line_1_52' title="bbox 2160 2208 3153 2285; baseline 0.001 -18"><span class='ocrx_word' id='word_1_378' title='bbox 2160 2214 2281 2277; x_wconf 90' lang='lat' dir='ltr'><strong>tuit,</strong></span> <span class='ocrx_word' id='word_1_379' title='bbox 2309 2215 2434 2283; x_wconf 85' lang='lat' dir='ltr'><strong>quia</strong></span> <span class='ocrx_word' id='word_1_380' title='bbox 2458 2224 2617 2269; x_wconf 86' lang='lat' dir='ltr'><strong>natus</strong></span> <span class='ocrx_word' id='word_1_381' title='bbox 2634 2224 2718 2269; x_wconf 90' lang='lat' dir='ltr'><strong>est</strong></span> <span class='ocrx_word' id='word_1_382' title='bbox 2745 2208 2835 2284; x_wconf 88' lang='lat' dir='ltr'><strong>qui</strong></span> <span class='ocrx_word' id='word_1_383' title='bbox 2858 2214 3153 2285; x_wconf 89' lang='lat' dir='ltr'><strong>prohibuit.</strong></span> 
     </span>
    </p>
   </div>
   <div class='ocr_carea' id='block_1_53' title="bbox 2235 2307 3747 2378">
    <p class='ocr_par' dir='ltr' id='par_1_53' title="bbox 2235 2307 3747 2378">
     <span class='ocr_line' id='line_1_53' title="bbox 2235 2307 3747 2378; baseline 0.001 -16"><span class='ocrx_word' id='word_1_384' title='bbox 2235 2307 2396 2362; x_wconf 70' lang='lat' dir='ltr'><strong>Vsus.</strong></span> <span class='ocrx_word' id='word_1_385' title='bbox 2426 2308 2480 2362; x_wconf 81' lang='lat'><strong>5.</strong></span> <span class='ocrx_word' id='word_1_386' title='bbox 2502 2338 2573 2348; x_wconf 95' lang='lat'><strong>—</strong></span> <span class='ocrx_word' id='word_1_387' title='bbox 2606 2307 2673 2361; x_wconf 83' lang='lat' dir='ltr'><strong>Et</strong></span> <span class='ocrx_word' id='word_1_388' title='bbox 2697 2309 2912 2378; x_wconf 84' lang='lat' dir='ltr'><strong>peperit.</strong></span> <span class='ocrx_word' id='word_1_389' title='bbox 2943 2307 3158 2363; x_wconf 84' lang='lat' dir='ltr'><strong>Carnali</strong></span> <span class='ocrx_word' id='word_1_390' title='bbox 3184 2308 3567 2378; x_wconf 76' lang='lat' dir='ltr'><strong>generatione,</strong></span> <span class='ocrx_word' id='word_1_391' title='bbox 3598 2307 3747 2364; x_wconf 50' lang='lat' dir='ltr'><strong>Chri.</strong></span> 
     </span>
    </p>
   </div>
   <div class='ocr_carea' id='block_1_54' title="bbox 2162 2399 3753 2470">
    <p class='ocr_par' dir='ltr' id='par_1_54' title="bbox 2162 2399 3753 2470">
     <span class='ocr_line' id='line_1_54' title="bbox 2162 2399 3753 2470; baseline 0.002 -17"><span class='ocrx_word' id='word_1_392' title='bbox 2162 2406 2279 2457; x_wconf 88' lang='lat' dir='ltr'><strong>stus</strong></span> <span class='ocrx_word' id='word_1_393' title='bbox 2304 2400 2371 2454; x_wconf 83' lang='lat' dir='ltr'><strong>de</strong></span> <span class='ocrx_word' id='word_1_394' title='bbox 2391 2400 2664 2454; x_wconf 82' lang='lat' dir='ltr'><strong>Abraham</strong></span> <span class='ocrx_word' id='word_1_395' title='bbox 2684 2409 2739 2454; x_wconf 88' lang='lat' dir='ltr'><strong>et</strong></span> <span class='ocrx_word' id='word_1_396' title='bbox 2766 2399 2930 2454; x_wconf 85' lang='lat' dir='ltr'><strong>David</strong></span> <span class='ocrx_word' id='word_1_397' title='bbox 2952 2400 3263 2469; x_wconf 62' lang='lat' dir='ltr'><strong>praecessit;</strong></span> <span class='ocrx_word' id='word_1_398' title='bbox 3293 2399 3380 2454; x_wconf 83' lang='lat' dir='ltr'><strong>vel</strong></span> <span class='ocrx_word' id='word_1_399' title='bbox 3412 2401 3636 2470; x_wconf 84' lang='lat' dir='ltr'><strong>peperit</strong></span> <span class='ocrx_word' id='word_1_400' title='bbox 3664 2400 3753 2456; x_wconf 77' lang='lat' dir='ltr'><strong>Ec-</strong></span> 
     </span>
    </p>
   </div>
   <div class='ocr_carea' id='block_1_55' title="bbox 2163 2491 3751 2559">
    <p class='ocr_par' dir='ltr' id='par_1_55' title="bbox 2163 2491 3751 2559">
     <span class='ocr_line' id='line_1_55' title="bbox 2163 2491 3751 2559; baseline 0 -12"><span class='ocrx_word' id='word_1_401' title='bbox 2163 2492 2329 2548; x_wconf 90' lang='lat' dir='ltr'><strong>clesia</strong></span> <span class='ocrx_word' id='word_1_402' title='bbox 2358 2492 2546 2559; x_wconf 83' lang='lat' dir='ltr'><strong>ﬁlium,</strong></span> <span class='ocrx_word' id='word_1_403' title='bbox 2587 2492 2643 2548; x_wconf 91' lang='lat' dir='ltr'><strong>id</strong></span> <span class='ocrx_word' id='word_1_404' title='bbox 2680 2502 2764 2549; x_wconf 88' lang='lat' dir='ltr'><strong>est</strong></span> <span class='ocrx_word' id='word_1_405' title='bbox 2792 2491 2953 2548; x_wconf 84' lang='lat' dir='ltr'><strong>iidem</strong></span> <span class='ocrx_word' id='word_1_406' title='bbox 2985 2491 3189 2547; x_wconf 86' lang='lat' dir='ltr'><strong>Christi</strong></span> <span class='ocrx_word' id='word_1_407' title='bbox 3217 2492 3272 2547; x_wconf 92' lang='lat' dir='ltr'><strong>in</strong></span> <span class='ocrx_word' id='word_1_408' title='bbox 3295 2493 3569 2548; x_wconf 86' lang='lat' dir='ltr'><strong>cordibus</strong></span> <span class='ocrx_word' id='word_1_409' title='bbox 3606 2492 3751 2549; x_wconf 89' lang='lat' dir='ltr'><strong>audi-</strong></span> 
     </span>
    </p>
   </div>
   <div class='ocr_carea' id='block_1_56' title="bbox 2164 2590 2365 2639">
    <p class='ocr_par' dir='ltr' id='par_1_56' title="bbox 2164 2590 2365 2639">
     <span class='ocr_line' id='line_1_56' title="bbox 2164 2590 2365 2639; baseline 0.01 -2"><span class='ocrx_word' id='word_1_410' title='bbox 2164 2590 2365 2639; x_wconf 88' lang='lat' dir='ltr'><strong>torum.</strong></span> 
     </span>
    </p>
   </div>
   <div class='ocr_carea' id='block_1_57' title="bbox 2241 2675 3757 2749">
    <p class='ocr_par' dir='ltr' id='par_1_57' title="bbox 2241 2675 3757 2749">
     <span class='ocr_line' id='line_1_57' title="bbox 2241 2675 3757 2749; baseline 0.001 -18"><span class='ocrx_word' id='word_1_411' title='bbox 2241 2676 2402 2731; x_wconf 77' lang='lat' dir='ltr'><strong>Vens.</strong></span> <span class='ocrx_word' id='word_1_412' title='bbox 2435 2675 2487 2730; x_wconf 84' lang='lat'><strong>6.</strong></span> <span class='ocrx_word' id='word_1_413' title='bbox 2514 2706 2585 2716; x_wconf 94' lang='lat'><strong>—</strong></span> <span class='ocrx_word' id='word_1_414' title='bbox 2613 2675 2804 2731; x_wconf 81' lang='lat' dir='ltr'><strong>Diebus</strong></span> <span class='ocrx_word' id='word_1_415' title='bbox 2826 2676 2988 2731; x_wconf 85' lang='lat' dir='ltr'><strong>mille.</strong></span> <span class='ocrx_word' id='word_1_416' title='bbox 3017 2676 3075 2732; x_wconf 87' lang='lat' dir='ltr'><strong>ld</strong></span> <span class='ocrx_word' id='word_1_417' title='bbox 3100 2685 3186 2734; x_wconf 89' lang='lat' dir='ltr'><strong>est</strong></span> <span class='ocrx_word' id='word_1_418' title='bbox 3210 2685 3324 2733; x_wconf 90' lang='lat' dir='ltr'><strong>toto</strong></span> <span class='ocrx_word' id='word_1_419' title='bbox 3358 2685 3617 2747; x_wconf 88' lang='lat' dir='ltr'><strong>tempore</strong></span> <span class='ocrx_word' id='word_1_420' title='bbox 3660 2693 3757 2749; x_wconf 87' lang='lat' dir='ltr'><strong>quo</strong></span> 
     </span>
    </p>
   </div>
   <div class='ocr_carea' id='block_1_58' title="bbox 2167 2767 3760 2839">
    <p class='ocr_par' dir='ltr' id='par_1_58' title="bbox 2167 2767 3760 2839">
     <span class='ocr_line' id='line_1_58' title="bbox 2167 2767 3760 2839; baseline 0.003 -18"><span class='ocrx_word' id='word_1_421' title='bbox 2167 2767 2417 2822; x_wconf 82' lang='lat' dir='ltr'><strong>subsistit</strong></span> <span class='ocrx_word' id='word_1_422' title='bbox 2438 2767 2679 2823; x_wconf 82' lang='lat' dir='ltr'><strong>Ecclesia</strong></span> <span class='ocrx_word' id='word_1_423' title='bbox 2698 2769 3081 2839; x_wconf 66' lang='lat' dir='ltr'><strong>praedicatione</strong></span> <span class='ocrx_word' id='word_1_424' title='bbox 3102 2769 3304 2826; x_wconf 88' lang='lat' dir='ltr'><strong>Christi</strong></span> <span class='ocrx_word' id='word_1_425' title='bbox 3327 2770 3508 2825; x_wconf 87' lang='lat' dir='ltr'><strong>tribus</strong></span> <span class='ocrx_word' id='word_1_426' title='bbox 3531 2771 3695 2825; x_wconf 86' lang='lat' dir='ltr'><strong>anuis</strong></span> <span class='ocrx_word' id='word_1_427' title='bbox 3713 2778 3760 2825; x_wconf 81' lang='lat' dir='ltr'><strong>et</strong></span> 
     </span>
    </p>
   </div>
   <div class='ocr_carea' id='block_1_59' title="bbox 2169 2856 2576 2912">
    <p class='ocr_par' dir='ltr' id='par_1_59' title="bbox 2169 2856 2576 2912">
     <span class='ocr_line' id='line_1_59' title="bbox 2169 2856 2576 2912; baseline 0 0"><span class='ocrx_word' id='word_1_428' title='bbox 2169 2856 2393 2912; x_wconf 88' lang='lat' dir='ltr'><strong>dimidio</strong></span> <span class='ocrx_word' id='word_1_429' title='bbox 2414 2856 2576 2912; x_wconf 78' lang='lat' dir='ltr'><strong>facta.</strong></span> 
     </span>
    </p>
   </div>
   <div class='ocr_carea' id='block_1_60' title="bbox 2241 2938 3759 3025">
    <p class='ocr_par' dir='ltr' id='par_1_60' title="bbox 2241 2938 3759 3025">
     <span class='ocr_line' id='line_1_60' title="bbox 2241 2938 3759 3025; baseline 0.001 -20"><span class='ocrx_word' id='word_1_430' title='bbox 2241 2938 2407 3005; x_wconf 75' lang='lat' dir='ltr'><strong>Vsus.</strong></span> <span class='ocrx_word' id='word_1_431' title='bbox 2433 2950 2832 3007; x_wconf 79' lang='lat' dir='ltr'><strong>7.—Micltael</strong></span> <span class='ocrx_word' id='word_1_432' title='bbox 2875 2963 2925 3008; x_wconf 86' lang='lat' dir='ltr'><strong>et</strong></span> <span class='ocrx_word' id='word_1_433' title='bbox 2972 2952 3144 3020; x_wconf 87' lang='lat' dir='ltr'><strong>angeli</strong></span> <span class='ocrx_word' id='word_1_434' title='bbox 3192 2954 3306 3025; x_wconf 83' lang='lat' dir='ltr'><strong>ejus</strong></span> <span class='ocrx_word' id='word_1_435' title='bbox 3355 2954 3759 3023; x_wconf 77' lang='lat' dir='ltr'><strong>pntiiabantur.</strong></span> 
     </span>
    </p>
   </div>
   <div class='ocr_carea' id='block_1_61' title="bbox 2170 3042 3756 3108">
    <p class='ocr_par' dir='ltr' id='par_1_61' title="bbox 2170 3042 3756 3108">
     <span class='ocr_line' id='line_1_61' title="bbox 2170 3042 3756 3108; baseline 0.001 -9"><span class='ocrx_word' id='word_1_436' title='bbox 2170 3042 2470 3099; x_wconf 78' lang='lat' dir='ltr'><strong>Ecclesium</strong></span> <span class='ocrx_word' id='word_1_437' title='bbox 2500 3054 2865 3101; x_wconf 88' lang='lat' dir='ltr'><strong>sustentantes</strong></span> <span class='ocrx_word' id='word_1_438' title='bbox 2915 3047 3143 3108; x_wconf 87' lang='lat' dir='ltr'><strong>orando,</strong></span> <span class='ocrx_word' id='word_1_439' title='bbox 3196 3046 3462 3101; x_wconf 83' lang='lat' dir='ltr'><strong>auxilium</strong></span> <span class='ocrx_word' id='word_1_440' title='bbox 3520 3045 3756 3103; x_wconf 78' lang='lat' dir='ltr'><strong>ferendo.</strong></span> 
     </span>
    </p>
   </div>
   <div class='ocr_carea' id='block_1_62' title="bbox 2243 3136 3761 3196">
    <p class='ocr_par' dir='ltr' id='par_1_62' title="bbox 2243 3136 3761 3196">
     <span class='ocr_line' id='line_1_62' title="bbox 2243 3136 3761 3196; baseline 0.002 -6"><span class='ocrx_word' id='word_1_441' title='bbox 2243 3136 2409 3191; x_wconf 74' lang='lat' dir='ltr'><strong>Vens.</strong></span> <span class='ocrx_word' id='word_1_442' title='bbox 2432 3139 2485 3192; x_wconf 90' lang='lat'><strong>8.</strong></span> <span class='ocrx_word' id='word_1_443' title='bbox 2512 3167 2585 3178; x_wconf 85' lang='lat'><strong>--</strong></span> <span class='ocrx_word' id='word_1_444' title='bbox 2616 3136 2739 3192; x_wconf 85' lang='lat' dir='ltr'><strong>Non</strong></span> <span class='ocrx_word' id='word_1_445' title='bbox 2768 3137 3059 3193; x_wconf 81' lang='lat' dir='ltr'><strong>valuerunt.</strong></span> <span class='ocrx_word' id='word_1_446' title='bbox 3094 3137 3396 3196; x_wconf 78' lang='lat' dir='ltr'><strong>Removere</strong></span> <span class='ocrx_word' id='word_1_447' title='bbox 3427 3140 3639 3194; x_wconf 75' lang='lat' dir='ltr'><strong>auxilia</strong></span> <span class='ocrx_word' id='word_1_448' title='bbox 3672 3158 3761 3193; x_wconf 81' lang='lat' dir='ltr'><strong>an-</strong></span> 
     </span>
    </p>
   </div>
   <div class='ocr_carea' id='block_1_63' title="bbox 490 3210 2060 3316">
    <p class='ocr_par' dir='ltr' id='par_1_63' title="bbox 490 3210 2060 3316">
     <span class='ocr_line' id='line_1_63' title="bbox 490 3210 2060 3316; baseline -0.002 -15"><span class='ocrx_word' id='word_1_449' title='bbox 490 3255 576 3301; x_wconf 90' lang='lat' dir='ltr'><strong>tro</strong></span> <span class='ocrx_word' id='word_1_450' title='bbox 604 3210 748 3301; x_wconf 74' lang='lat' dir='ltr'><strong>cadit</strong></span> <span class='ocrx_word' id='word_1_451' title='bbox 777 3247 870 3315; x_wconf 91' lang='lat' dir='ltr'><strong>qui</strong></span> <span class='ocrx_word' id='word_1_452' title='bbox 889 3210 964 3300; x_wconf 59' lang='lat' dir='ltr'><strong>vin</strong></span> <span class='ocrx_word' id='word_1_453' title='bbox 996 3210 1238 3301; x_wconf 40' lang='lat' dir='ltr'><strong>hac&#39;vita</strong></span> <span class='ocrx_word' id='word_1_454' title='bbox 1269 3210 1494 3316; x_wconf 68' lang='lat' dir='ltr'><strong>repente</strong></span> <span class='ocrx_word' id='word_1_455' title='bbox 1521 3243 1742 3309; x_wconf 86' lang='lat' dir='ltr'><strong>decidit,</strong></span> <span class='ocrx_word' id='word_1_456' title='bbox 1764 3249 1821 3299; x_wconf 90' lang='lat' dir='ltr'><strong>et</strong></span> <span class='ocrx_word' id='word_1_457' title='bbox 1848 3242 1918 3297; x_wconf 86' lang='lat' dir='ltr'><strong>ad</strong></span> <span class='ocrx_word' id='word_1_458' title='bbox 1944 3255 2060 3312; x_wconf 68' lang='lat' dir='ltr'><strong>qua!</strong></span> 
     </span>
    </p>
   </div>
   <div class='ocr_carea' id='block_1_64' title="bbox 2184 3210 3764 3316">
    <p class='ocr_par' dir='ltr' id='par_1_64' title="bbox 2184 3228 3764 3301">
     <span class='ocr_line' id='line_1_64' title="bbox 2184 3228 3764 3301; baseline 0.003 -19"><span class='ocrx_word' id='word_1_459' title='bbox 2184 3228 2435 3299; x_wconf 78' lang='lat' dir='ltr'><strong>gelorum,</strong></span> <span class='ocrx_word' id='word_1_460' title='bbox 2460 3230 2588 3299; x_wconf 87' lang='lat' dir='ltr'><strong>quia</strong></span> <span class='ocrx_word' id='word_1_461' title='bbox 2640 3244 2748 3286; x_wconf 90' lang='lat' dir='ltr'><strong>non</strong></span> <span class='ocrx_word' id='word_1_462' title='bbox 2807 3238 3061 3301; x_wconf 86' lang='lat' dir='ltr'><strong>poterunt</strong></span> <span class='ocrx_word' id='word_1_463' title='bbox 3099 3230 3398 3287; x_wconf 81' lang='lat' dir='ltr'><strong>Ecclesium</strong></span> <span class='ocrx_word' id='word_1_464' title='bbox 3455 3232 3664 3287; x_wconf 85' lang='lat' dir='ltr'><strong>ducere</strong></span> <span class='ocrx_word' id='word_1_465' title='bbox 3717 3232 3764 3286; x_wconf 78' lang='lat' dir='ltr'><strong>ia</strong></span> 
     </span>
    </p>
   </div>
   <div class='ocr_carea' id='block_1_65' title="bbox 466 3338 1236 3410">
    <p class='ocr_par' dir='ltr' id='par_1_65' title="bbox 466 3338 1236 3410">
     <span class='ocr_line' id='line_1_65' title="bbox 466 3338 1236 3410; baseline -0.003 -15"><span class='ocrx_word' id='word_1_466' title='bbox 466 3338 753 3410; x_wconf 63' lang='lat' dir='ltr'><strong>supplicia</strong></span> <span class='ocrx_word' id='word_1_467' title='bbox 785 3338 1011 3403; x_wconf 85' lang='lat' dir='ltr'><strong>ducatur</strong></span> <span class='ocrx_word' id='word_1_468' title='bbox 1042 3338 1236 3394; x_wconf 88' lang='lat' dir='ltr'><strong>nescit.</strong></span> 
     </span>
    </p>
   </div>
   <div class='ocr_carea' id='block_1_66' title="bbox 564 3427 2073 3501">
    <p class='ocr_par' dir='ltr' id='par_1_66' title="bbox 564 3427 2073 3501">
     <span class='ocr_line' id='line_1_66' title="bbox 564 3427 2073 3501; baseline -0.003 -15"><span class='ocrx_word' id='word_1_469' title='bbox 564 3432 727 3487; x_wconf 77' lang='lat' dir='ltr'><strong>Vsus.</strong></span> <span class='ocrx_word' id='word_1_470' title='bbox 793 3431 883 3488; x_wconf 86' lang='grc'><strong>18.</strong></span> <span class='ocrx_word' id='word_1_471' title='bbox 933 3462 1006 3473; x_wconf 88' lang='grc'><strong>-</strong></span> <span class='ocrx_word' id='word_1_472' title='bbox 1052 3430 1157 3497; x_wconf 82' lang='lat' dir='ltr'><strong>Qui</strong></span> <span class='ocrx_word' id='word_1_473' title='bbox 1216 3439 1559 3501; x_wconf 83' lang='lat' dir='ltr'><strong>corruperunt</strong></span> <span class='ocrx_word' id='word_1_474' title='bbox 1612 3438 1828 3483; x_wconf 87' lang='lat' dir='ltr'><strong>terram.</strong></span> <span class='ocrx_word' id='word_1_475' title='bbox 1879 3427 1937 3483; x_wconf 90' lang='lat' dir='ltr'><strong>ld</strong></span> <span class='ocrx_word' id='word_1_476' title='bbox 1987 3434 2073 3483; x_wconf 83' lang='lat' dir='ltr'><strong>est</strong></span> 
     </span>
    </p>
   </div>
   <div class='ocr_carea' id='block_1_67' title="bbox 485 3517 2071 3593">
    <p class='ocr_par' dir='ltr' id='par_1_67' title="bbox 485 3517 2071 3593">
     <span class='ocr_line' id='line_1_67' title="bbox 485 3517 2071 3593; baseline -0.003 -15"><span class='ocrx_word' id='word_1_477' title='bbox 485 3524 693 3592; x_wconf 85' lang='lat' dir='ltr'><strong>seipsos</strong></span> <span class='ocrx_word' id='word_1_478' title='bbox 718 3538 817 3593; x_wconf 85' lang='lat' dir='ltr'><strong>per</strong></span> <span class='ocrx_word' id='word_1_479' title='bbox 836 3522 1033 3578; x_wconf 83' lang='lat' dir='ltr'><strong>malam</strong></span> <span class='ocrx_word' id='word_1_480' title='bbox 1065 3522 1455 3593; x_wconf 88' lang='lat' dir='ltr'><strong>operationem,</strong></span> <span class='ocrx_word' id='word_1_481' title='bbox 1484 3529 1541 3576; x_wconf 90' lang='lat' dir='ltr'><strong>et</strong></span> <span class='ocrx_word' id='word_1_482' title='bbox 1581 3520 1715 3577; x_wconf 87' lang='lat' dir='ltr'><strong>alios</strong></span> <span class='ocrx_word' id='word_1_483' title='bbox 1739 3534 1838 3589; x_wconf 87' lang='lat' dir='ltr'><strong>per</strong></span> <span class='ocrx_word' id='word_1_484' title='bbox 1867 3517 2071 3574; x_wconf 87' lang='lat' dir='ltr'><strong>malum</strong></span> 
     </span>
    </p>
   </div>
   <div class='ocr_carea' id='block_1_68' title="bbox 484 3613 816 3683">
    <p class='ocr_par' dir='ltr' id='par_1_68' title="bbox 484 3613 816 3683">
     <span class='ocr_line' id='line_1_68' title="bbox 484 3613 816 3683; baseline -0.006 -14"><span class='ocrx_word' id='word_1_485' title='bbox 484 3613 816 3683; x_wconf 75' lang='lat' dir='ltr'><strong>exemplum.</strong></span> 
     </span>
    </p>
   </div>
   <div class='ocr_carea' id='block_1_69' title="bbox 556 3700 2093 3773">
    <p class='ocr_par' dir='ltr' id='par_1_69' title="bbox 556 3700 2093 3773">
     <span class='ocr_line' id='line_1_69' title="bbox 556 3700 2093 3773; baseline -0.002 -14"><span class='ocrx_word' id='word_1_486' title='bbox 556 3702 721 3773; x_wconf 55' lang='lat' dir='ltr'><strong>Natis.</strong></span> <span class='ocrx_word' id='word_1_487' title='bbox 772 3702 861 3759; x_wconf 85' lang='grc'><strong>19.</strong></span> <span class='ocrx_word' id='word_1_488' title='bbox 907 3731 980 3744; x_wconf 91' lang='grc'><strong>-</strong></span> <span class='ocrx_word' id='word_1_489' title='bbox 1023 3701 1093 3757; x_wconf 86' lang='lat' dir='ltr'><strong>Et</strong></span> <span class='ocrx_word' id='word_1_490' title='bbox 1117 3710 1353 3772; x_wconf 82' lang='lat' dir='ltr'><strong>apertum</strong></span> <span class='ocrx_word' id='word_1_491' title='bbox 1387 3709 1484 3757; x_wconf 86' lang='lat' dir='ltr'><strong>est.</strong></span> <span class='ocrx_word' id='word_1_492' title='bbox 1525 3700 1587 3757; x_wconf 87' lang='lat' dir='ltr'><strong>ln</strong></span> <span class='ocrx_word' id='word_1_493' title='bbox 1615 3700 1717 3756; x_wconf 83' lang='lat' dir='ltr'><strong>hac</strong></span> <span class='ocrx_word' id='word_1_494' title='bbox 1766 3707 1960 3771; x_wconf 87' lang='lat' dir='ltr'><strong>quarta</strong></span> <span class='ocrx_word' id='word_1_495' title='bbox 1992 3700 2093 3756; x_wconf 66' lang='lat' dir='ltr'><strong>vi-&#39;</strong></span> 
     </span>
    </p>
   </div>
   <div class='ocr_carea' id='block_1_70' title="bbox 489 3791 2067 3849">
    <p class='ocr_par' dir='ltr' id='par_1_70' title="bbox 489 3791 2067 3849">
     <span class='ocr_line' id='line_1_70' title="bbox 489 3791 2067 3849; baseline -0.001 -1"><span class='ocrx_word' id='word_1_496' title='bbox 489 3794 642 3848; x_wconf 90' lang='lat' dir='ltr'><strong>sione</strong></span> <span class='ocrx_word' id='word_1_497' title='bbox 668 3792 835 3848; x_wconf 86' lang='lat' dir='ltr'><strong>habes</strong></span> <span class='ocrx_word' id='word_1_498' title='bbox 872 3792 1154 3848; x_wconf 88' lang='lat' dir='ltr'><strong>materiam</strong></span> <span class='ocrx_word' id='word_1_499' title='bbox 1186 3793 1323 3849; x_wconf 88' lang='lat' dir='ltr'><strong>bene</strong></span> <span class='ocrx_word' id='word_1_500' title='bbox 1346 3800 1596 3847; x_wconf 88' lang='lat' dir='ltr'><strong>ornatam</strong></span> <span class='ocrx_word' id='word_1_501' title='bbox 1619 3800 1674 3846; x_wconf 91' lang='lat' dir='ltr'><strong>et</strong></span> <span class='ocrx_word' id='word_1_502' title='bbox 1688 3792 1839 3847; x_wconf 83' lang='lat' dir='ltr'><strong>bona</strong></span> <span class='ocrx_word' id='word_1_503' title='bbox 1868 3791 2067 3848; x_wconf 78' lang='lat' dir='ltr'><strong>auxilia</strong></span> 
     </span>
    </p>
   </div>
   <div class='ocr_carea' id='block_1_71' title="bbox 470 3883 2071 3957">
    <p class='ocr_par' dir='ltr' id='par_1_71' title="bbox 470 3883 2071 3957">
     <span class='ocr_line' id='line_1_71' title="bbox 470 3883 2071 3957; baseline 0.001 -18"><span class='ocrx_word' id='word_1_504' title='bbox 470 3885 804 3957; x_wconf 72' lang='lat' dir='ltr'><strong>habentem,</strong></span> <span class='ocrx_word' id='word_1_505' title='bbox 827 3884 1033 3941; x_wconf 82' lang='lat' dir='ltr'><strong>scilicet</strong></span> <span class='ocrx_word' id='word_1_506' title='bbox 1063 3886 1129 3941; x_wconf 91' lang='lat' dir='ltr'><strong>de</strong></span> <span class='ocrx_word' id='word_1_507' title='bbox 1159 3899 1337 3956; x_wconf 86' lang='lat' dir='ltr'><strong>pugna</strong></span> <span class='ocrx_word' id='word_1_508' title='bbox 1356 3883 1610 3939; x_wconf 65' lang='lat' dir='ltr'><strong>Ecclesiae</strong></span> <span class='ocrx_word' id='word_1_509' title='bbox 1639 3899 1760 3954; x_wconf 71' lang='lat' dir='ltr'><strong>qure</strong></span> <span class='ocrx_word' id='word_1_510' title='bbox 1789 3900 1820 3939; x_wconf 90' lang='lat' dir='ltr'><strong>a</strong></span> <span class='ocrx_word' id='word_1_511' title='bbox 1855 3884 2071 3941; x_wconf 85' lang='lat' dir='ltr'><strong>diabolo</strong></span> 
     </span>
    </p>
   </div>
   <div class='ocr_carea' id='block_1_72' title="bbox 490 3976 2069 4048">
    <p class='ocr_par' dir='ltr' id='par_1_72' title="bbox 490 3976 2069 4048">
     <span class='ocr_line' id='line_1_72' title="bbox 490 3976 2069 4048; baseline 0.001 -16"><span class='ocrx_word' id='word_1_512' title='bbox 490 3977 837 4047; x_wconf 81' lang='lat' dir='ltr'><strong>itnpuguatur</strong></span> <span class='ocrx_word' id='word_1_513' title='bbox 867 3985 925 4033; x_wconf 89' lang='lat' dir='ltr'><strong>et</strong></span> <span class='ocrx_word' id='word_1_514' title='bbox 953 3988 1139 4048; x_wconf 89' lang='lat' dir='ltr'><strong>aperte</strong></span> <span class='ocrx_word' id='word_1_515' title='bbox 1160 3984 1215 4033; x_wconf 91' lang='lat' dir='ltr'><strong>et</strong></span> <span class='ocrx_word' id='word_1_516' title='bbox 1238 3977 1471 4042; x_wconf 72' lang='lat' dir='ltr'><strong>occulte,</strong></span> <span class='ocrx_word' id='word_1_517' title='bbox 1515 3986 1569 4033; x_wconf 88' lang='lat' dir='ltr'><strong>et</strong></span> <span class='ocrx_word' id='word_1_518' title='bbox 1610 3977 1664 4031; x_wconf 91' lang='lat' dir='ltr'><strong>in</strong></span> <span class='ocrx_word' id='word_1_519' title='bbox 1703 3976 1954 4033; x_wconf 90' lang='lat' dir='ltr'><strong>omnibus</strong></span> <span class='ocrx_word' id='word_1_520' title='bbox 1984 3978 2069 4033; x_wconf 87' lang='lat' dir='ltr'><strong>his</strong></span> 
     </span>
    </p>
   </div>
   <div class='ocr_carea' id='block_1_73' title="bbox 490 4068 2071 4145">
    <p class='ocr_par' dir='ltr' id='par_1_73' title="bbox 490 4068 2071 4145">
     <span class='ocr_line' id='line_1_73' title="bbox 490 4068 2071 4145; baseline 0 -20"><span class='ocrx_word' id='word_1_521' title='bbox 490 4070 727 4145; x_wconf 84' lang='lat' dir='ltr'><strong>ostendit</strong></span> <span class='ocrx_word' id='word_1_522' title='bbox 770 4068 1005 4133; x_wconf 62' lang='lat' dir='ltr'><strong>Joannes</strong></span> <span class='ocrx_word' id='word_1_523' title='bbox 1053 4085 1174 4125; x_wconf 87' lang='lat' dir='ltr'><strong>eam</strong></span> <span class='ocrx_word' id='word_1_524' title='bbox 1206 4085 1462 4140; x_wconf 86' lang='lat' dir='ltr'><strong>superare</strong></span> <span class='ocrx_word' id='word_1_525' title='bbox 1504 4084 1602 4139; x_wconf 88' lang='lat' dir='ltr'><strong>per</strong></span> <span class='ocrx_word' id='word_1_526' title='bbox 1639 4068 1782 4139; x_wconf 89' lang='lat' dir='ltr'><strong>quod</strong></span> <span class='ocrx_word' id='word_1_527' title='bbox 1835 4068 2071 4125; x_wconf 79' lang='lat' dir='ltr'><strong>maxime</strong></span> 
     </span>
    </p>
   </div>
   <div class='ocr_carea' id='block_1_74' title="bbox 489 4156 2072 4228">
    <p class='ocr_par' dir='ltr' id='par_1_74' title="bbox 489 4156 2072 4228">
     <span class='ocr_line' id='line_1_74' title="bbox 489 4156 2072 4228; baseline -0.002 -14"><span class='ocrx_word' id='word_1_528' title='bbox 489 4168 667 4215; x_wconf 84' lang='lat' dir='ltr'><strong>armat</strong></span> <span class='ocrx_word' id='word_1_529' title='bbox 689 4159 960 4217; x_wconf 78' lang='lat' dir='ltr'><strong>ﬁdelesne</strong></span> <span class='ocrx_word' id='word_1_530' title='bbox 986 4158 1239 4215; x_wconf 83' lang='lat' dir='ltr'><strong>deﬁciant</strong></span> <span class='ocrx_word' id='word_1_531' title='bbox 1276 4158 1330 4213; x_wconf 90' lang='lat' dir='ltr'><strong>in</strong></span> <span class='ocrx_word' id='word_1_532' title='bbox 1369 4159 1548 4228; x_wconf 87' lang='lat' dir='ltr'><strong>aliqua</strong></span> <span class='ocrx_word' id='word_1_533' title='bbox 1585 4156 1949 4212; x_wconf 88' lang='lat' dir='ltr'><strong>tribulatione.</strong></span> <span class='ocrx_word' id='word_1_534' title='bbox 1996 4156 2072 4211; x_wconf 92' lang='lat' dir='ltr'><strong>De</strong></span> 
     </span>
    </p>
   </div>
   <div class='ocr_carea' id='block_1_75' title="bbox 2173 3330 2475 3391">
    <p class='ocr_par' dir='ltr' id='par_1_75' title="bbox 2173 3330 2475 3391">
     <span class='ocr_line' id='line_1_75' title="bbox 2173 3330 2475 3391; baseline 0 -16"><span class='ocrx_word' id='word_1_535' title='bbox 2173 3330 2475 3391; x_wconf 87' lang='lat' dir='ltr'><strong>peccatum.</strong></span> 
     </span>
    </p>
   </div>
   <div class='ocr_carea' id='block_1_76' title="bbox 2248 3414 3765 3472">
    <p class='ocr_par' dir='ltr' id='par_1_76' title="bbox 2248 3414 3765 3472">
     <span class='ocr_line' id='line_1_76' title="bbox 2248 3414 3765 3472; baseline 0.001 -2"><span class='ocrx_word' id='word_1_536' title='bbox 2248 3415 2411 3470; x_wconf 72' lang='lat' dir='ltr'><strong>VEBS.</strong></span> <span class='ocrx_word' id='word_1_537' title='bbox 2442 3414 2622 3469; x_wconf 86' lang='grc'><strong>10.-</strong></span> <span class='ocrx_word' id='word_1_538' title='bbox 2658 3414 2722 3469; x_wconf 84' lang='lat' dir='ltr'><strong>Et</strong></span> <span class='ocrx_word' id='word_1_539' title='bbox 2770 3417 2945 3472; x_wconf 79' lang='lat' dir='ltr'><strong>audiri</strong></span> <span class='ocrx_word' id='word_1_540' title='bbox 2999 3432 3191 3471; x_wconf 85' lang='lat' dir='ltr'><strong>vocem.</strong></span> <span class='ocrx_word' id='word_1_541' title='bbox 3246 3414 3383 3472; x_wconf 89' lang='lat' dir='ltr'><strong>Cum</strong></span> <span class='ocrx_word' id='word_1_542' title='bbox 3437 3416 3765 3472; x_wconf 77' lang='lat' dir='ltr'><strong>ostendisset</strong></span> 
     </span>
    </p>
   </div>
   <div class='ocr_carea' id='block_1_77' title="bbox 2175 3506 3769 3565">
    <p class='ocr_par' dir='ltr' id='par_1_77' title="bbox 2175 3506 3769 3565">
     <span class='ocr_line' id='line_1_77' title="bbox 2175 3506 3769 3565; baseline -0.003 0"><span class='ocrx_word' id='word_1_543' title='bbox 2175 3510 2446 3565; x_wconf 88' lang='lat' dir='ltr'><strong>diabolum</strong></span> <span class='ocrx_word' id='word_1_544' title='bbox 2482 3511 2533 3563; x_wconf 89' lang='lat' dir='ltr'><strong>in</strong></span> <span class='ocrx_word' id='word_1_545' title='bbox 2565 3510 2667 3565; x_wconf 90' lang='lat' dir='ltr'><strong>hoc</strong></span> <span class='ocrx_word' id='word_1_546' title='bbox 2692 3511 2989 3565; x_wconf 87' lang='lat' dir='ltr'><strong>certamine</strong></span> <span class='ocrx_word' id='word_1_547' title='bbox 3014 3508 3227 3564; x_wconf 86' lang='lat' dir='ltr'><strong>occulto</strong></span> <span class='ocrx_word' id='word_1_548' title='bbox 3267 3508 3335 3563; x_wconf 91' lang='lat' dir='ltr'><strong>ab</strong></span> <span class='ocrx_word' id='word_1_549' title='bbox 3382 3506 3644 3563; x_wconf 85' lang='lat' dir='ltr'><strong>Ecclesia</strong></span> <span class='ocrx_word' id='word_1_550' title='bbox 3700 3507 3769 3561; x_wconf 81' lang='lat' dir='ltr'><strong>vi-</strong></span> 
     </span>
    </p>
   </div>
   <div class='ocr_carea' id='block_1_78' title="bbox 2174 3598 3769 3673">
    <p class='ocr_par' dir='ltr' id='par_1_78' title="bbox 2174 3598 3769 3673">
     <span class='ocr_line' id='line_1_78' title="bbox 2174 3598 3769 3673; baseline -0.002 -16"><span class='ocrx_word' id='word_1_551' title='bbox 2174 3610 2319 3657; x_wconf 86' lang='lat' dir='ltr'><strong>ctum</strong></span> <span class='ocrx_word' id='word_1_552' title='bbox 2351 3601 2553 3656; x_wconf 78' lang='lat' dir='ltr'><strong>auxilio</strong></span> <span class='ocrx_word' id='word_1_553' title='bbox 2586 3601 2681 3655; x_wconf 85' lang='lat' dir='ltr'><strong>lilii</strong></span> <span class='ocrx_word' id='word_1_554' title='bbox 2707 3610 2763 3656; x_wconf 91' lang='lat' dir='ltr'><strong>et</strong></span> <span class='ocrx_word' id='word_1_555' title='bbox 2792 3602 3124 3673; x_wconf 80' lang='lat' dir='ltr'><strong>angelorum,</strong></span> <span class='ocrx_word' id='word_1_556' title='bbox 3151 3600 3425 3671; x_wconf 74' lang='lat' dir='ltr'><strong>subiungit</strong></span> <span class='ocrx_word' id='word_1_557' title='bbox 3452 3598 3769 3655; x_wconf 75' lang='lat' dir='ltr'><strong>exsultatio-</strong></span> 
     </span>
    </p>
   </div>
   <div class='ocr_carea' id='block_1_79' title="bbox 2174 3693 3768 3766">
    <p class='ocr_par' dir='ltr' id='par_1_79' title="bbox 2174 3693 3768 3766">
     <span class='ocr_line' id='line_1_79' title="bbox 2174 3693 3768 3766; baseline -0.003 -17"><span class='ocrx_word' id='word_1_558' title='bbox 2174 3710 2272 3750; x_wconf 91' lang='lat' dir='ltr'><strong>nes</strong></span> <span class='ocrx_word' id='word_1_559' title='bbox 2297 3695 2613 3765; x_wconf 82' lang='lat' dir='ltr'><strong>angelorum</strong></span> <span class='ocrx_word' id='word_1_560' title='bbox 2654 3696 2912 3766; x_wconf 89' lang='lat' dir='ltr'><strong>ipsorum,</strong></span> <span class='ocrx_word' id='word_1_561' title='bbox 2972 3693 3057 3748; x_wconf 88' lang='lat' dir='ltr'><strong>vel</strong></span> <span class='ocrx_word' id='word_1_562' title='bbox 3090 3702 3401 3749; x_wconf 83' lang='lat' dir='ltr'><strong>sanctarum</strong></span> <span class='ocrx_word' id='word_1_563' title='bbox 3463 3693 3768 3746; x_wconf 87' lang='lat' dir='ltr'><strong>animarum</strong></span> 
     </span>
    </p>
   </div>
   <div class='ocr_carea' id='block_1_80' title="bbox 2174 3787 3768 3859">
    <p class='ocr_par' dir='ltr' id='par_1_80' title="bbox 2174 3787 3768 3859">
     <span class='ocr_line' id='line_1_80' title="bbox 2174 3787 3768 3859; baseline -0.002 -16"><span class='ocrx_word' id='word_1_564' title='bbox 2174 3789 2241 3845; x_wconf 89' lang='lat' dir='ltr'><strong>de</strong></span> <span class='ocrx_word' id='word_1_565' title='bbox 2268 3790 2488 3845; x_wconf 83' lang='lat' dir='ltr'><strong>victoria</strong></span> <span class='ocrx_word' id='word_1_566' title='bbox 2520 3788 2770 3857; x_wconf 83' lang='lat' dir='ltr'><strong>fratrum,</strong></span> <span class='ocrx_word' id='word_1_567' title='bbox 2804 3798 2862 3845; x_wconf 90' lang='lat' dir='ltr'><strong>ut</strong></span> <span class='ocrx_word' id='word_1_568' title='bbox 2889 3789 3134 3844; x_wconf 86' lang='lat' dir='ltr'><strong>laborent</strong></span> <span class='ocrx_word' id='word_1_569' title='bbox 3181 3789 3397 3843; x_wconf 83' lang='lat' dir='ltr'><strong>vincere</strong></span> <span class='ocrx_word' id='word_1_570' title='bbox 3453 3790 3554 3859; x_wconf 89' lang='lat' dir='ltr'><strong>qui</strong></span> <span class='ocrx_word' id='word_1_571' title='bbox 3588 3789 3659 3842; x_wconf 88' lang='lat' dir='ltr'><strong>de</strong></span> <span class='ocrx_word' id='word_1_572' title='bbox 3692 3787 3768 3840; x_wconf 77' lang='lat' dir='ltr'><strong>vi-</strong></span> 
     </span>
    </p>
   </div>
   <div class='ocr_carea' id='block_1_81' title="bbox 2173 3866 3770 3953">
    <p class='ocr_par' dir='ltr' id='par_1_81' title="bbox 2173 3866 3770 3953">
     <span class='ocr_line' id='line_1_81' title="bbox 2173 3866 3770 3953; baseline -0.004 -14"><span class='ocrx_word' id='word_1_573' title='bbox 2173 3866 2345 3939; x_wconf 86' lang='lat' dir='ltr'><strong>ctoria</strong></span> <span class='ocrx_word' id='word_1_574' title='bbox 2372 3898 2469 3938; x_wconf 88' lang='lat' dir='ltr'><strong>sua</strong></span> <span class='ocrx_word' id='word_1_575' title='bbox 2494 3884 2713 3953; x_wconf 81' lang='lat' dir='ltr'><strong>angelos</strong></span> <span class='ocrx_word' id='word_1_576' title='bbox 2741 3884 2825 3938; x_wconf 84' lang='lat' dir='ltr'><strong>vel</strong></span> <span class='ocrx_word' id='word_1_577' title='bbox 2852 3891 3066 3938; x_wconf 89' lang='lat' dir='ltr'><strong>sanctas</strong></span> <span class='ocrx_word' id='word_1_578' title='bbox 3094 3882 3303 3938; x_wconf 87' lang='lat' dir='ltr'><strong>animas</strong></span> <span class='ocrx_word' id='word_1_579' title='bbox 3330 3881 3565 3936; x_wconf 89' lang='lat' dir='ltr'><strong>audiunt</strong></span> <span class='ocrx_word' id='word_1_580' title='bbox 3591 3880 3770 3937; x_wconf 79' lang='lat' dir='ltr'><strong>exsul-</strong></span> 
     </span>
    </p>
   </div>
   <div class='ocr_carea' id='block_1_82' title="bbox 2177 3974 3768 4035">
    <p class='ocr_par' dir='ltr' id='par_1_82' title="bbox 2177 3974 3768 4035">
     <span class='ocr_line' id='line_1_82' title="bbox 2177 3974 3768 4035; baseline -0.003 -3"><span class='ocrx_word' id='word_1_581' title='bbox 2177 3985 2309 4033; x_wconf 81' lang='lat' dir='ltr'><strong>tare.</strong></span> <span class='ocrx_word' id='word_1_582' title='bbox 2335 3976 2785 4031; x_wconf 81' lang='lat' dir='ltr'><strong>Accusabatillos.</strong></span> <span class='ocrx_word' id='word_1_583' title='bbox 2834 3974 3076 4032; x_wconf 84' lang='lat' dir='ltr'><strong>Ollicium</strong></span> <span class='ocrx_word' id='word_1_584' title='bbox 3106 3975 3301 4030; x_wconf 88' lang='lat' dir='ltr'><strong>diaboli</strong></span> <span class='ocrx_word' id='word_1_585' title='bbox 3346 3982 3431 4030; x_wconf 89' lang='lat' dir='ltr'><strong>est</strong></span> <span class='ocrx_word' id='word_1_586' title='bbox 3482 3989 3768 4035; x_wconf 85' lang='lat' dir='ltr'><strong>accusare,</strong></span> 
     </span>
    </p>
   </div>
   <div class='ocr_carea' id='block_1_83' title="bbox 2168 4065 3769 4139">
    <p class='ocr_par' dir='ltr' id='par_1_83' title="bbox 2168 4065 3769 4139">
     <span class='ocr_line' id='line_1_83' title="bbox 2168 4065 3769 4139; baseline -0.004 -14"><span class='ocrx_word' id='word_1_587' title='bbox 2168 4070 2227 4125; x_wconf 81' lang='lat' dir='ltr'><strong>id</strong></span> <span class='ocrx_word' id='word_1_588' title='bbox 2257 4076 2341 4124; x_wconf 87' lang='lat' dir='ltr'><strong>est</strong></span> <span class='ocrx_word' id='word_1_589' title='bbox 2369 4084 2468 4139; x_wconf 87' lang='lat' dir='ltr'><strong>per</strong></span> <span class='ocrx_word' id='word_1_590' title='bbox 2488 4077 2764 4139; x_wconf 62' lang='lat' dir='ltr'><strong>peccatum</strong></span> <span class='ocrx_word' id='word_1_591' title='bbox 2796 4066 3131 4122; x_wconf 76' lang='lat' dir='ltr'><strong>accusabiles</strong></span> <span class='ocrx_word' id='word_1_592' title='bbox 3167 4067 3410 4121; x_wconf 88' lang='lat' dir='ltr'><strong>reddere.</strong></span> <span class='ocrx_word' id='word_1_593' title='bbox 3456 4065 3559 4119; x_wconf 85' lang='lat' dir='ltr'><strong>Die</strong></span> <span class='ocrx_word' id='word_1_594' title='bbox 3586 4083 3653 4118; x_wconf 86' lang='lat' dir='ltr'><strong>ac</strong></span> <span class='ocrx_word' id='word_1_595' title='bbox 3677 4082 3769 4119; x_wconf 79' lang='lat' dir='ltr'><strong>no-</strong></span> 
     </span>
    </p>
   </div>
   <div class='ocr_carea' id='block_1_84' title="bbox 2166 4157 3769 4233">
    <p class='ocr_par' dir='ltr' id='par_1_84' title="bbox 2166 4157 3769 4233">
     <span class='ocr_line' id='line_1_84' title="bbox 2166 4157 3769 4233; baseline -0.002 -16"><span class='ocrx_word' id='word_1_596' title='bbox 2166 4172 2269 4218; x_wconf 81' lang='lat' dir='ltr'><strong>cte.</strong></span> <span class='ocrx_word' id='word_1_597' title='bbox 2293 4162 2349 4217; x_wconf 88' lang='lat' dir='ltr'><strong>In</strong></span> <span class='ocrx_word' id='word_1_598' title='bbox 2372 4162 2643 4233; x_wconf 89' lang='lat' dir='ltr'><strong>prosperis</strong></span> <span class='ocrx_word' id='word_1_599' title='bbox 2664 4161 2998 4226; x_wconf 86' lang='lat' dir='ltr'><strong>delectando,</strong></span> <span class='ocrx_word' id='word_1_600' title='bbox 3034 4161 3086 4215; x_wconf 90' lang='lat' dir='ltr'><strong>in</strong></span> <span class='ocrx_word' id='word_1_601' title='bbox 3109 4160 3347 4214; x_wconf 86' lang='lat' dir='ltr'><strong>adversis</strong></span> <span class='ocrx_word' id='word_1_602' title='bbox 3362 4157 3769 4214; x_wconf 81' lang='lat' dir='ltr'><strong>contristando.</strong></span> 
     </span>
    </p>
   </div>
   <div class='ocr_carea' id='block_1_85' title="bbox 2246 4249 3770 4308">
    <p class='ocr_par' dir='ltr' id='par_1_85' title="bbox 2246 4249 3770 4308">
     <span class='ocr_line' id='line_1_85' title="bbox 2246 4249 3770 4308; baseline -0.003 0"><span class='ocrx_word' id='word_1_603' title='bbox 2246 4254 2407 4308; x_wconf 73' lang='lat' dir='ltr'><strong>Vens.</strong></span> <span class='ocrx_word' id='word_1_604' title='bbox 2434 4252 2521 4307; x_wconf 73' lang='grc'><strong>12.</strong></span> <span class='ocrx_word' id='word_1_605' title='bbox 2546 4284 2619 4295; x_wconf 89' lang='grc'><strong><em>-</em></strong></span> <span class='ocrx_word' id='word_1_606' title='bbox 2649 4252 2923 4307; x_wconf 78' lang='lat' dir='ltr'><strong>Descendit</strong></span> <span class='ocrx_word' id='word_1_607' title='bbox 2953 4252 3213 4306; x_wconf 78' lang='lat' dir='ltr'><strong>diabolus.</strong></span> <span class='ocrx_word' id='word_1_608' title='bbox 3248 4251 3322 4306; x_wconf 88' lang='lat' dir='ltr'><strong>De</strong></span> <span class='ocrx_word' id='word_1_609' title='bbox 3349 4249 3496 4306; x_wconf 65' lang='lat' dir='ltr'><strong>coelo</strong></span> <span class='ocrx_word' id='word_1_610' title='bbox 3528 4270 3540 4304; x_wconf 89' lang='lat'><strong>:</strong></span> <span class='ocrx_word' id='word_1_611' title='bbox 3586 4250 3674 4305; x_wconf 76' lang='lat' dir='ltr'><strong>vel</strong></span> <span class='ocrx_word' id='word_1_612' title='bbox 3709 4250 3770 4304; x_wconf 88' lang='lat' dir='ltr'><strong>de</strong></span> 
     </span>
    </p>
   </div>
   <div class='ocr_carea' id='block_1_86' title="bbox 2173 4340 3769 4412">
    <p class='ocr_par' dir='ltr' id='par_1_86' title="bbox 2173 4340 3769 4412">
     <span class='ocr_line' id='line_1_86' title="bbox 2173 4340 3769 4412; baseline -0.004 -13"><span class='ocrx_word' id='word_1_613' title='bbox 2173 4342 2475 4399; x_wconf 82' lang='lat' dir='ltr'><strong>minoribus</strong></span> <span class='ocrx_word' id='word_1_614' title='bbox 2496 4345 2721 4410; x_wconf 86' lang='lat' dir='ltr'><strong>sanctis,</strong></span> <span class='ocrx_word' id='word_1_615' title='bbox 2769 4344 2823 4397; x_wconf 91' lang='lat' dir='ltr'><strong>in</strong></span> <span class='ocrx_word' id='word_1_616' title='bbox 2851 4343 3043 4412; x_wconf 87' lang='lat' dir='ltr'><strong>quibus</strong></span> <span class='ocrx_word' id='word_1_617' title='bbox 3067 4340 3180 4410; x_wconf 88' lang='lat' dir='ltr'><strong>jam</strong></span> <span class='ocrx_word' id='word_1_618' title='bbox 3218 4357 3323 4396; x_wconf 90' lang='lat' dir='ltr'><strong>non</strong></span> <span class='ocrx_word' id='word_1_619' title='bbox 3370 4341 3541 4395; x_wconf 87' lang='lat' dir='ltr'><strong>habet</strong></span> <span class='ocrx_word' id='word_1_620' title='bbox 3590 4341 3769 4394; x_wconf 75' lang='lat' dir='ltr'><strong>locum</strong></span> 
     </span>
    </p>
   </div>
   <div class='ocr_carea' id='block_1_87' title="bbox 492 4431 3772 4505">
    <p class='ocr_par' dir='ltr' id='par_1_87' title="bbox 492 4431 3772 4505">
     <span class='ocr_line' id='line_1_87' title="bbox 492 4431 3772 4505; baseline -0.001 -17"><span class='ocrx_word' id='word_1_621' title='bbox 492 4442 607 4489; x_wconf 89' lang='lat' dir='ltr'><strong>tum</strong></span> <span class='ocrx_word' id='word_1_622' title='bbox 637 4439 722 4487; x_wconf 86' lang='lat' dir='ltr'><strong>est</strong></span> <span class='ocrx_word' id='word_1_623' title='bbox 746 4431 1000 4501; x_wconf 88' lang='lat' dir='ltr'><strong>templum</strong></span> <span class='ocrx_word' id='word_1_624' title='bbox 1024 4432 1144 4499; x_wconf 87' lang='lat' dir='ltr'><strong>Dei,</strong></span> <span class='ocrx_word' id='word_1_625' title='bbox 1165 4433 1220 4489; x_wconf 90' lang='lat' dir='ltr'><strong>id</strong></span> <span class='ocrx_word' id='word_1_626' title='bbox 1240 4441 1348 4496; x_wconf 85' lang='lat' dir='ltr'><strong>est,</strong></span> <span class='ocrx_word' id='word_1_627' title='bbox 1371 4433 1531 4493; x_wconf 79' lang='lat' dir='ltr'><strong>datus</strong></span> <span class='ocrx_word' id='word_1_628' title='bbox 1566 4441 1651 4489; x_wconf 87' lang='lat' dir='ltr'><strong>est</strong></span> <span class='ocrx_word' id='word_1_629' title='bbox 1683 4431 1919 4504; x_wconf 89' lang='lat' dir='ltr'><strong>Spiritus</strong></span> <span class='ocrx_word' id='word_1_630' title='bbox 1942 4442 2070 4493; x_wconf 79' lang='lat' dir='ltr'><strong>san-</strong></span> <span class='ocrx_word' id='word_1_631' title='bbox 2168 4436 2419 4492; x_wconf 78' lang='lat' dir='ltr'><strong>tentatio.</strong></span> <span class='ocrx_word' id='word_1_632' title='bbox 2453 4432 2633 4489; x_wconf 79' lang='lat' dir='ltr'><strong>Sciens</strong></span> <span class='ocrx_word' id='word_1_633' title='bbox 2660 4435 2799 4505; x_wconf 75' lang='lat' dir='ltr'><strong>quod</strong></span> <span class='ocrx_word' id='word_1_634' title='bbox 2832 4434 3090 4488; x_wconf 83' lang='lat' dir='ltr'><strong>modicum</strong></span> <span class='ocrx_word' id='word_1_635' title='bbox 3138 4440 3341 4503; x_wconf 78' lang='lat' dir='ltr'><strong>tempus</strong></span> <span class='ocrx_word' id='word_1_636' title='bbox 3390 4431 3571 4486; x_wconf 80' lang='lat' dir='ltr'><strong>habet.</strong></span> <span class='ocrx_word' id='word_1_637' title='bbox 3638 4432 3772 4498; x_wconf 83' lang='lat' dir='ltr'><strong>Quia</strong></span> 
     </span>
    </p>
   </div>
   <div class='ocr_carea' id='block_1_88' title="bbox 491 4522 3771 4593">
    <p class='ocr_par' dir='ltr' id='par_1_88' title="bbox 491 4522 3771 4593">
     <span class='ocr_line' id='line_1_88' title="bbox 491 4522 3771 4593; baseline 0.001 -15"><span class='ocrx_word' id='word_1_638' title='bbox 491 4532 633 4590; x_wconf 86' lang='lat' dir='ltr'><strong>ctus,</strong></span> <span class='ocrx_word' id='word_1_639' title='bbox 677 4537 775 4593; x_wconf 84' lang='lat' dir='ltr'><strong>per</strong></span> <span class='ocrx_word' id='word_1_640' title='bbox 800 4536 959 4592; x_wconf 88' lang='lat' dir='ltr'><strong>quem</strong></span> <span class='ocrx_word' id='word_1_641' title='bbox 991 4522 1250 4593; x_wconf 78' lang='lat' dir='ltr'><strong>mysteria</strong></span> <span class='ocrx_word' id='word_1_642' title='bbox 1289 4522 1563 4588; x_wconf 67' lang='lat' dir='ltr'><strong>Ecclesiae,</strong></span> <span class='ocrx_word' id='word_1_643' title='bbox 1593 4537 1715 4591; x_wconf 68' lang='lat' dir='ltr'><strong>quae</strong></span> <span class='ocrx_word' id='word_1_644' title='bbox 1752 4537 1849 4591; x_wconf 83' lang='lat' dir='ltr'><strong>per</strong></span> <span class='ocrx_word' id='word_1_645' title='bbox 1873 4538 2068 4579; x_wconf 83' lang='lat' dir='ltr'><strong>secuu-</strong></span> <span class='ocrx_word' id='word_1_646' title='bbox 2095 4573 2146 4593; x_wconf 47' lang='grc' dir='ltr'><strong><em>Ἃ</em></strong></span> <span class='ocrx_word' id='word_1_647' title='bbox 2172 4529 2321 4583; x_wconf 80' lang='lat' dir='ltr'><strong>videt</strong></span> <span class='ocrx_word' id='word_1_648' title='bbox 2351 4528 2549 4583; x_wconf 91' lang='lat' dir='ltr'><strong>multos</strong></span> <span class='ocrx_word' id='word_1_649' title='bbox 2576 4527 2678 4583; x_wconf 90' lang='lat' dir='ltr'><strong>sibi</strong></span> <span class='ocrx_word' id='word_1_650' title='bbox 2708 4527 2974 4591; x_wconf 87' lang='lat' dir='ltr'><strong>subtrahi,</strong></span> <span class='ocrx_word' id='word_1_651' title='bbox 3004 4536 3060 4580; x_wconf 89' lang='lat' dir='ltr'><strong>et</strong></span> <span class='ocrx_word' id='word_1_652' title='bbox 3103 4527 3156 4580; x_wconf 93' lang='lat' dir='ltr'><strong>in</strong></span> <span class='ocrx_word' id='word_1_653' title='bbox 3202 4526 3377 4581; x_wconf 87' lang='lat' dir='ltr'><strong>locum</strong></span> <span class='ocrx_word' id='word_1_654' title='bbox 3432 4541 3599 4580; x_wconf 86' lang='lat' dir='ltr'><strong>suum</strong></span> <span class='ocrx_word' id='word_1_655' title='bbox 3650 4527 3771 4581; x_wconf 83' lang='lat' dir='ltr'><strong>sub-</strong></span> 
     </span>
    </p>
   </div>
   <div class='ocr_carea' id='block_1_89' title="bbox 493 4573 3770 4691">
    <p class='ocr_par' dir='ltr' id='par_1_89' title="bbox 493 4573 3770 4691">
     <span class='ocr_line' id='line_1_89' title="bbox 493 4573 3770 4691; baseline 0.001 -22"><span class='ocrx_word' id='word_1_656' title='bbox 493 4616 620 4677; x_wconf 83' lang='lat' dir='ltr'><strong>dum</strong></span> <span class='ocrx_word' id='word_1_657' title='bbox 650 4614 1054 4679; x_wconf 72' lang='lat' dir='ltr'><strong>tabernaculum</strong></span> <span class='ocrx_word' id='word_1_658' title='bbox 1083 4614 1472 4685; x_wconf 79' lang='lat' dir='ltr'><strong>ﬁgurabantur,</strong></span> <span class='ocrx_word' id='word_1_659' title='bbox 1512 4615 1749 4673; x_wconf 86' lang='lat' dir='ltr'><strong>revelata</strong></span> <span class='ocrx_word' id='word_1_660' title='bbox 1775 4625 1901 4672; x_wconf 90' lang='lat' dir='ltr'><strong>sunt</strong></span> <span class='ocrx_word' id='word_1_661' title='bbox 1930 4616 2066 4672; x_wconf 79' lang='lat' dir='ltr'><strong>[ide-</strong></span> <span class='ocrx_word' id='word_1_662' title='bbox 2092 4573 2149 4645; x_wconf 50' lang='grc' dir='ltr'><em>ὓ</em></span> <span class='ocrx_word' id='word_1_663' title='bbox 2175 4621 2342 4676; x_wconf 90' lang='lat' dir='ltr'><strong>stitui.</strong></span> <span class='ocrx_word' id='word_1_664' title='bbox 2379 4620 2444 4673; x_wconf 89' lang='lat' dir='ltr'><strong>Et</strong></span> <span class='ocrx_word' id='word_1_665' title='bbox 2464 4629 2738 4691; x_wconf 81' lang='lat' dir='ltr'><strong>postquam</strong></span> <span class='ocrx_word' id='word_1_666' title='bbox 2765 4618 2908 4673; x_wconf 79' lang='lat' dir='ltr'><strong>vidit.</strong></span> <span class='ocrx_word' id='word_1_667' title='bbox 2936 4615 3071 4673; x_wconf 87' lang='lat' dir='ltr'><strong>Cum</strong></span> <span class='ocrx_word' id='word_1_668' title='bbox 3116 4618 3248 4672; x_wconf 86' lang='lat' dir='ltr'><strong>vidit</strong></span> <span class='ocrx_word' id='word_1_669' title='bbox 3281 4617 3532 4672; x_wconf 89' lang='lat' dir='ltr'><strong>diabolus</strong></span> <span class='ocrx_word' id='word_1_670' title='bbox 3563 4633 3627 4672; x_wconf 88' lang='lat' dir='ltr'><strong>se</strong></span> <span class='ocrx_word' id='word_1_671' title='bbox 3678 4634 3770 4688; x_wconf 59' lang='lat' dir='ltr'><strong>per</strong></span> 
     </span>
    </p>
   </div>
   <div class='ocr_carea' id='block_1_90' title="bbox 482 4704 3770 4782">
    <p class='ocr_par' dir='ltr' id='par_1_90' title="bbox 482 4704 3770 4782">
     <span class='ocr_line' id='line_1_90' title="bbox 482 4704 3770 4782; baseline 0.002 -22"><span class='ocrx_word' id='word_1_672' title='bbox 482 4704 656 4775; x_wconf 71' lang='lat' dir='ltr'><strong>libus.</strong></span> <span class='ocrx_word' id='word_1_673' title='bbox 686 4706 844 4761; x_wconf 80' lang='lat' dir='ltr'><strong>Area.</strong></span> <span class='ocrx_word' id='word_1_674' title='bbox 866 4704 1220 4763; x_wconf 83' lang='lat' dir='ltr'><strong>Christusest</strong></span> <span class='ocrx_word' id='word_1_675' title='bbox 1242 4721 1371 4762; x_wconf 89' lang='lat' dir='ltr'><strong>arca</strong></span> <span class='ocrx_word' id='word_1_676' title='bbox 1398 4705 1453 4761; x_wconf 91' lang='lat' dir='ltr'><strong>in</strong></span> <span class='ocrx_word' id='word_1_677' title='bbox 1476 4722 1586 4777; x_wconf 90' lang='lat' dir='ltr'><strong>quo</strong></span> <span class='ocrx_word' id='word_1_678' title='bbox 1614 4722 1805 4763; x_wconf 88' lang='lat' dir='ltr'><strong>omnes</strong></span> <span class='ocrx_word' id='word_1_679' title='bbox 1824 4706 2066 4763; x_wconf 87' lang='lat' dir='ltr'><strong>thesauri</strong></span> <span class='ocrx_word' id='word_1_680' title='bbox 2166 4713 2436 4768; x_wconf 86' lang='lat' dir='ltr'><strong>occultam</strong></span> <span class='ocrx_word' id='word_1_681' title='bbox 2469 4713 2716 4767; x_wconf 78' lang='lat' dir='ltr'><strong>fraudem</strong></span> <span class='ocrx_word' id='word_1_682' title='bbox 2756 4727 2863 4766; x_wconf 90' lang='lat' dir='ltr'><strong>non</strong></span> <span class='ocrx_word' id='word_1_683' title='bbox 2896 4726 3054 4782; x_wconf 87' lang='lat' dir='ltr'><strong>posse</strong></span> <span class='ocrx_word' id='word_1_684' title='bbox 3093 4709 3377 4782; x_wconf 65' lang='lat' dir='ltr'><strong>prolicere,</strong></span> <span class='ocrx_word' id='word_1_685' title='bbox 3428 4723 3624 4781; x_wconf 81' lang='lat' dir='ltr'><strong>aperta</strong></span> <span class='ocrx_word' id='word_1_686' title='bbox 3676 4714 3770 4767; x_wconf 86' lang='lat' dir='ltr'><strong>tri-</strong></span> 
     </span>
    </p>
   </div>
   <div class='ocr_carea' id='block_1_91' title="bbox 493 4796 3773 4875">
    <p class='ocr_par' dir='ltr' id='par_1_91' title="bbox 493 4796 3773 4875">
     <span class='ocr_line' id='line_1_91' title="bbox 493 4796 3773 4875; baseline 0.002 -26"><span class='ocrx_word' id='word_1_687' title='bbox 493 4796 770 4864; x_wconf 73' lang='lat' dir='ltr'><strong>sapientite</strong></span> <span class='ocrx_word' id='word_1_688' title='bbox 792 4797 1117 4864; x_wconf 63' lang='lat' dir='ltr'><strong>abscondi“,</strong></span> <span class='ocrx_word' id='word_1_689' title='bbox 1141 4798 1235 4867; x_wconf 74' lang='lat' dir='ltr'><strong>qui</strong></span> <span class='ocrx_word' id='word_1_690' title='bbox 1263 4800 1551 4869; x_wconf 84' lang='lat' dir='ltr'><strong>complevit</strong></span> <span class='ocrx_word' id='word_1_691' title='bbox 1572 4799 1734 4857; x_wconf 84' lang='lat' dir='ltr'><strong>Vetus</strong></span> <span class='ocrx_word' id='word_1_692' title='bbox 1750 4800 2067 4858; x_wconf 72' lang='lat' dir='ltr'><strong>Testamen—</strong></span> <span class='ocrx_word' id='word_1_693' title='bbox 2167 4804 2440 4859; x_wconf 80' lang='lat' dir='ltr'><strong>bolatione</strong></span> <span class='ocrx_word' id='word_1_694' title='bbox 2479 4803 2787 4875; x_wconf 76' lang='lat' dir='ltr'><strong>aggreditur</strong></span> <span class='ocrx_word' id='word_1_695' title='bbox 2830 4817 3156 4874; x_wconf 78' lang='lat' dir='ltr'><strong>expugnare.</strong></span> <span class='ocrx_word' id='word_1_696' title='bbox 3209 4800 3275 4855; x_wconf 86' lang='lat' dir='ltr'><strong>Et</strong></span> <span class='ocrx_word' id='word_1_697' title='bbox 3308 4800 3446 4856; x_wconf 77' lang='lat' dir='ltr'><strong>datu:</strong></span> <span class='ocrx_word' id='word_1_698' title='bbox 3482 4816 3609 4857; x_wconf 76' lang='lat' dir='ltr'><strong>sunt</strong></span> <span class='ocrx_word' id='word_1_699' title='bbox 3670 4821 3773 4855; x_wconf 79' lang='lat' dir='ltr'><strong>mu-</strong></span> 
     </span>
    </p>
   </div>
   <div class='ocr_carea' id='block_1_92' title="bbox 432 4884 3769 4964">
    <p class='ocr_par' dir='ltr' id='par_1_92' title="bbox 432 4884 3769 4964">
     <span class='ocr_line' id='line_1_92' title="bbox 432 4884 3769 4964; baseline 0.003 -26"><span class='ocrx_word' id='word_1_700' title='bbox 432 4914 437 4921; x_wconf 95' lang='lat'><strong><em>-</em></strong></span> <span class='ocrx_word' id='word_1_701' title='bbox 496 4893 610 4939; x_wconf 89' lang='lat' dir='ltr'><strong>tum</strong></span> <span class='ocrx_word' id='word_1_702' title='bbox 636 4893 695 4939; x_wconf 88' lang='lat' dir='ltr'><strong>et</strong></span> <span class='ocrx_word' id='word_1_703' title='bbox 741 4884 976 4947; x_wconf 86' lang='lat' dir='ltr'><strong>instituit</strong></span> <span class='ocrx_word' id='word_1_704' title='bbox 993 4886 1227 4953; x_wconf 61' lang='lat' dir='ltr'><strong>Novum.</strong></span> <span class='ocrx_word' id='word_1_705' title='bbox 1276 4885 1347 4947; x_wconf 85' lang='lat' dir='ltr'><strong>Et</strong></span> <span class='ocrx_word' id='word_1_706' title='bbox 1391 4891 1849 4960; x_wconf 63' lang='lat' dir='ltr'><strong>grandomagua.</strong></span> <span class='ocrx_word' id='word_1_707' title='bbox 1899 4890 1959 4951; x_wconf 84' lang='lat' dir='ltr'><strong>id</strong></span> <span class='ocrx_word' id='word_1_708' title='bbox 1984 4899 2069 4947; x_wconf 87' lang='lat' dir='ltr'><strong>est</strong></span> <span class='ocrx_word' id='word_1_709' title='bbox 2166 4896 2307 4961; x_wconf 74' lang='lat' dir='ltr'><strong>lteri,</strong></span> <span class='ocrx_word' id='word_1_710' title='bbox 2345 4904 2451 4950; x_wconf 89' lang='lat' dir='ltr'><strong>etc.</strong></span> <span class='ocrx_word' id='word_1_711' title='bbox 2502 4894 2630 4961; x_wconf 72' lang='lat' dir='ltr'><strong>Quae</strong></span> <span class='ocrx_word' id='word_1_712' title='bbox 2664 4894 2825 4948; x_wconf 89' lang='lat' dir='ltr'><strong>etiam</strong></span> <span class='ocrx_word' id='word_1_713' title='bbox 2855 4903 3041 4948; x_wconf 89' lang='lat' dir='ltr'><strong>contra</strong></span> <span class='ocrx_word' id='word_1_714' title='bbox 3084 4903 3324 4964; x_wconf 88' lang='lat' dir='ltr'><strong>apertam</strong></span> <span class='ocrx_word' id='word_1_715' title='bbox 3356 4893 3769 4949; x_wconf 80' lang='lat' dir='ltr'><strong>tribulationem</strong></span> 
     </span>
    </p>
   </div>
   <div class='ocr_carea' id='block_1_93' title="bbox 495 4977 3769 5056">
    <p class='ocr_par' dir='ltr' id='par_1_93' title="bbox 495 4977 3769 5056">
     <span class='ocr_line' id='line_1_93' title="bbox 495 4977 3769 5056; baseline 0.002 -23"><span class='ocrx_word' id='word_1_716' title='bbox 495 4977 815 5049; x_wconf 83' lang='lat' dir='ltr'><strong>quibusdam</strong></span> <span class='ocrx_word' id='word_1_717' title='bbox 850 4980 971 5037; x_wconf 83' lang='lat' dir='ltr'><strong>visa</strong></span> <span class='ocrx_word' id='word_1_718' title='bbox 1000 4983 1417 5054; x_wconf 67' lang='lat' dir='ltr'><strong>estpraidicatio</strong></span> <span class='ocrx_word' id='word_1_719' title='bbox 1442 4982 1816 5045; x_wconf 76' lang='lat' dir='ltr'><strong>intolerabilis.</strong></span> <span class='ocrx_word' id='word_1_720' title='bbox 2170 4985 2335 5043; x_wconf 86' lang='lat' dir='ltr'><strong>habet</strong></span> <span class='ocrx_word' id='word_1_721' title='bbox 2377 4985 2634 5040; x_wconf 77' lang='lat' dir='ltr'><strong>auxilium</strong></span> <span class='ocrx_word' id='word_1_722' title='bbox 2673 4987 2740 5040; x_wconf 89' lang='lat' dir='ltr'><strong>ab</strong></span> <span class='ocrx_word' id='word_1_723' title='bbox 2772 4987 2961 5040; x_wconf 88' lang='lat' dir='ltr'><strong>eodem</strong></span> <span class='ocrx_word' id='word_1_724' title='bbox 2993 4983 3104 5040; x_wconf 81' lang='lat' dir='ltr'><strong>tilio</strong></span> <span class='ocrx_word' id='word_1_725' title='bbox 3128 5000 3158 5039; x_wconf 89' lang='lat' dir='ltr'><strong>a</strong></span> <span class='ocrx_word' id='word_1_726' title='bbox 3180 4999 3285 5056; x_wconf 90' lang='lat' dir='ltr'><strong>quo</strong></span> <span class='ocrx_word' id='word_1_727' title='bbox 3312 4983 3554 5041; x_wconf 86' lang='lat' dir='ltr'><strong>habebat</strong></span> <span class='ocrx_word' id='word_1_728' title='bbox 3578 4994 3769 5040; x_wconf 71' lang='lat' dir='ltr'><strong>contra</strong></span> 
     </span>
    </p>
   </div>
   <div class='ocr_carea' id='block_1_94' title="bbox 2170 5077 2939 5133">
    <p class='ocr_par' dir='ltr' id='par_1_94' title="bbox 2170 5077 2939 5133">
     <span class='ocr_line' id='line_1_94' title="bbox 2170 5077 2939 5133; baseline -0.001 -1"><span class='ocrx_word' id='word_1_729' title='bbox 2170 5077 2442 5132; x_wconf 79' lang='lat' dir='ltr'><strong>occultam</strong></span> <span class='ocrx_word' id='word_1_730' title='bbox 2462 5078 2939 5133; x_wconf 70' lang='lat' dir='ltr'><strong>imouanationem.</strong></span> 
     </span>
    </p>
   </div>
   <div class='ocr_carea' id='block_1_95' title="bbox 1104 5093 3770 5245">
    <p class='ocr_par' dir='ltr' id='par_1_95' title="bbox 1104 5093 3770 5245">
     <span class='ocr_line' id='line_1_95' title="bbox 1104 5093 2939 5195; baseline -0.001 -63"><span class='ocrx_word' id='word_1_731' title='bbox 1104 5134 1326 5195; x_wconf 61' lang='lat' dir='ltr'><strong>CAPUT</strong></span> <span class='ocrx_word' id='word_1_732' title='bbox 1362 5134 1456 5193; x_wconf 69' lang='lat' dir='ltr'><strong>xu</strong></span> <span class='ocrx_word' id='word_1_733' title='bbox 2170 5093 2442 5132; x_wconf 78' lang='lat' dir='ltr'><strong>occultam</strong></span> <span class='ocrx_word' id='word_1_734' title='bbox 2462 5093 2939 5150; x_wconf 77' lang='lat' dir='ltr'><strong>Impugnauonem.</strong></span> 
     </span>
     <span class='ocr_line' id='line_1_96' title="bbox 1461 5172 3770 5245; baseline 0.001 -19"><span class='ocrx_word' id='word_1_735' title='bbox 1461 5175 1478 5192; x_wconf 84' lang='lat'>&#39;</span> <span class='ocrx_word' id='word_1_736' title='bbox 2247 5172 2407 5229; x_wconf 75' lang='lat' dir='ltr'><strong>Vsus.</strong></span> <span class='ocrx_word' id='word_1_737' title='bbox 2439 5174 2527 5229; x_wconf 77' lang='lat' dir='ltr'><strong>M.</strong></span> <span class='ocrx_word' id='word_1_738' title='bbox 2551 5206 2622 5215; x_wconf 89' lang='lat'><strong>—-</strong></span> <span class='ocrx_word' id='word_1_739' title='bbox 2646 5175 2866 5241; x_wconf 69' lang='lat' dir='ltr'><strong>Aquilm.</strong></span> <span class='ocrx_word' id='word_1_740' title='bbox 2891 5173 2972 5227; x_wconf 82' lang='lat' dir='ltr'><strong>illi</strong></span> <span class='ocrx_word' id='word_1_741' title='bbox 3003 5173 3258 5228; x_wconf 90' lang='lat' dir='ltr'><strong>dicuntur</strong></span> <span class='ocrx_word' id='word_1_742' title='bbox 3276 5173 3492 5243; x_wconf 69' lang='lat' dir='ltr'><strong>aquilae,</strong></span> <span class='ocrx_word' id='word_1_743' title='bbox 3530 5175 3625 5245; x_wconf 88' lang='lat' dir='ltr'><strong>qui</strong></span> <span class='ocrx_word' id='word_1_744' title='bbox 3679 5188 3770 5243; x_wconf 71' lang='lat' dir='ltr'><strong>pa</strong></span> 
     </span>
    </p>
   </div>
   <div class='ocr_carea' id='block_1_96' title="bbox 572 5251 3769 5334">
    <p class='ocr_par' dir='ltr' id='par_1_96' title="bbox 572 5251 3769 5334">
     <span class='ocr_line' id='line_1_97' title="bbox 572 5251 3769 5334; baseline 0.003 -22"><span class='ocrx_word' id='word_1_745' title='bbox 572 5251 737 5313; x_wconf 66' lang='lat' dir='ltr'><strong>Vlla.</strong></span> <span class='ocrx_word' id='word_1_746' title='bbox 765 5254 818 5315; x_wconf 80' lang='grc' dir='ltr'><strong>1ο</strong></span> <span class='ocrx_word' id='word_1_747' title='bbox 847 5251 1009 5317; x_wconf 72' lang='grc' dir='ltr'><strong>-Εε</strong></span> <span class='ocrx_word' id='word_1_748' title='bbox 1048 5256 1279 5326; x_wconf 63' lang='lat' dir='ltr'><strong>lignum</strong></span> <span class='ocrx_word' id='word_1_749' title='bbox 1311 5254 1379 5311; x_wconf 83' lang='grc' dir='ltr'><strong>Ει</strong></span> <span class='ocrx_word' id='word_1_750' title='bbox 1417 5267 1485 5309; x_wconf 73' lang='grc' dir='ltr'><strong>ΘΧ</strong></span> <span class='ocrx_word' id='word_1_751' title='bbox 1524 5253 1610 5309; x_wconf 71' lang='lat' dir='ltr'><strong>his</strong></span> <span class='ocrx_word' id='word_1_752' title='bbox 1630 5253 1737 5309; x_wconf 71' lang='lat' dir='ltr'><strong>Vidi</strong></span> <span class='ocrx_word' id='word_1_753' title='bbox 1776 5253 1923 5310; x_wconf 74' lang='grc' dir='ltr'><strong>ίεῐιιά</strong></span> <span class='ocrx_word' id='word_1_754' title='bbox 1950 5270 2073 5326; x_wconf 79' lang='lat' dir='ltr'><strong>PI‘O-</strong></span> <span class='ocrx_word' id='word_1_755' title='bbox 2170 5266 2640 5320; x_wconf 82' lang='lat' dir='ltr'><strong>convcrsationem</strong></span> <span class='ocrx_word' id='word_1_756' title='bbox 2670 5266 2793 5318; x_wconf 67' lang='lat' dir='ltr'><strong>vitae</strong></span> <span class='ocrx_word' id='word_1_757' title='bbox 2822 5265 3016 5319; x_wconf 71' lang='lat' dir='ltr'><strong>cadum</strong></span> <span class='ocrx_word' id='word_1_758' title='bbox 3042 5273 3250 5334; x_wconf 90' lang='lat' dir='ltr'><strong>petunt,</strong></span> <span class='ocrx_word' id='word_1_759' title='bbox 3277 5275 3333 5321; x_wconf 89' lang='lat' dir='ltr'><strong>et</strong></span> <span class='ocrx_word' id='word_1_760' title='bbox 3376 5267 3499 5322; x_wconf 88' lang='lat' dir='ltr'><strong>ideo</strong></span> <span class='ocrx_word' id='word_1_761' title='bbox 3552 5268 3604 5321; x_wconf 89' lang='lat' dir='ltr'><strong>in</strong></span> <span class='ocrx_word' id='word_1_762' title='bbox 3660 5268 3769 5321; x_wconf 77' lang='lat' dir='ltr'><strong>Deo</strong></span> 
     </span>
    </p>
   </div>
   <div class='ocr_carea' id='block_1_97' title="bbox 500 5344 3763 5429">
    <p class='ocr_par' dir='ltr' id='par_1_97' title="bbox 500 5344 3763 5429">
     <span class='ocr_line' id='line_1_98' title="bbox 500 5344 3763 5429; baseline 0.003 -29"><span class='ocrx_word' id='word_1_763' title='bbox 500 5344 717 5409; x_wconf 87' lang='lat' dir='ltr'><strong>cedere,</strong></span> <span class='ocrx_word' id='word_1_764' title='bbox 742 5347 949 5403; x_wconf 84' lang='lat' dir='ltr'><strong>scilicet</strong></span> <span class='ocrx_word' id='word_1_765' title='bbox 996 5346 1118 5402; x_wconf 82' lang='lat' dir='ltr'><strong>ﬁdei</strong></span> <span class='ocrx_word' id='word_1_766' title='bbox 1161 5347 1413 5417; x_wconf 87' lang='lat' dir='ltr'><strong>gratiam,</strong></span> <span class='ocrx_word' id='word_1_767' title='bbox 1445 5347 1496 5402; x_wconf 92' lang='lat' dir='ltr'><strong>id</strong></span> <span class='ocrx_word' id='word_1_768' title='bbox 1535 5355 1623 5402; x_wconf 89' lang='lat' dir='ltr'><strong>est</strong></span> <span class='ocrx_word' id='word_1_769' title='bbox 1657 5348 1911 5418; x_wconf 80' lang='lat' dir='ltr'><strong>quiddam</strong></span> <span class='ocrx_word' id='word_1_770' title='bbox 1958 5364 2075 5403; x_wconf 68' lang='grc' dir='ltr'><strong>ωας-</strong></span> <span class='ocrx_word' id='word_1_771' title='bbox 2180 5357 2343 5411; x_wconf 85' lang='lat' dir='ltr'><strong>lixum</strong></span> <span class='ocrx_word' id='word_1_772' title='bbox 2373 5356 2567 5410; x_wconf 82' lang='lat' dir='ltr'><strong>habent</strong></span> <span class='ocrx_word' id='word_1_773' title='bbox 2602 5356 2874 5410; x_wconf 79' lang='lat' dir='ltr'><strong>intuitum.</strong></span> <span class='ocrx_word' id='word_1_774' title='bbox 2904 5354 3011 5411; x_wconf 85' lang='lat' dir='ltr'><strong>Per</strong></span> <span class='ocrx_word' id='word_1_775' title='bbox 3029 5368 3248 5428; x_wconf 79' lang='lat' dir='ltr'><strong>tempus,</strong></span> <span class='ocrx_word' id='word_1_776' title='bbox 3275 5370 3322 5411; x_wconf 86' lang='lat' dir='ltr'><strong>et</strong></span> <span class='ocrx_word' id='word_1_777' title='bbox 3365 5368 3625 5429; x_wconf 80' lang='lat' dir='ltr'><strong>tempora,</strong></span> <span class='ocrx_word' id='word_1_778' title='bbox 3660 5368 3763 5413; x_wconf 83' lang='lat' dir='ltr'><strong>etc.</strong></span> 
     </span>
    </p>
   </div>
   <div class='ocr_carea' id='block_1_98' title="bbox 503 5435 3766 5521">
    <p class='ocr_par' dir='ltr' id='par_1_98' title="bbox 503 5435 3766 5521">
     <span class='ocr_line' id='line_1_99' title="bbox 503 5435 3766 5521; baseline 0.004 -30"><span class='ocrx_word' id='word_1_779' title='bbox 503 5451 667 5511; x_wconf 74' lang='lat' dir='ltr'><strong>gnum</strong></span> <span class='ocrx_word' id='word_1_780' title='bbox 696 5437 1105 5508; x_wconf 79' lang='lat' dir='ltr'><strong>signiﬁcantem.</strong></span> <span class='ocrx_word' id='word_1_781' title='bbox 1132 5438 1229 5493; x_wconf 79' lang='lat' dir='ltr'><strong>llic</strong></span> <span class='ocrx_word' id='word_1_782' title='bbox 1250 5435 1379 5492; x_wconf 80' lang='lat' dir='ltr'><strong>facit</strong></span> <span class='ocrx_word' id='word_1_783' title='bbox 1405 5438 1735 5495; x_wconf 87' lang='lat' dir='ltr'><strong>mentionem</strong></span> <span class='ocrx_word' id='word_1_784' title='bbox 1764 5441 1830 5496; x_wconf 91' lang='lat' dir='ltr'><strong>de</strong></span> <span class='ocrx_word' id='word_1_785' title='bbox 1860 5442 2072 5497; x_wconf 85' lang='lat' dir='ltr'><strong>revela-</strong></span> <span class='ocrx_word' id='word_1_786' title='bbox 2182 5445 2239 5501; x_wconf 89' lang='lat' dir='ltr'><strong>Si</strong></span> <span class='ocrx_word' id='word_1_787' title='bbox 2262 5446 2524 5515; x_wconf 84' lang='lat' dir='ltr'><strong>accipitur</strong></span> <span class='ocrx_word' id='word_1_788' title='bbox 2551 5444 2692 5499; x_wconf 81' lang='lat' dir='ltr'><strong>illius</strong></span> <span class='ocrx_word' id='word_1_789' title='bbox 2721 5445 2975 5501; x_wconf 70' lang='lat' dir='ltr'><strong>Ecdesia:</strong></span> <span class='ocrx_word' id='word_1_790' title='bbox 3002 5455 3173 5501; x_wconf 78' lang='lat' dir='ltr'><strong>status</strong></span> <span class='ocrx_word' id='word_1_791' title='bbox 3195 5465 3317 5517; x_wconf 70' lang='lat' dir='ltr'><strong>qua:</strong></span> <span class='ocrx_word' id='word_1_792' title='bbox 3359 5450 3462 5503; x_wconf 82' lang='lat' dir='ltr'><strong>erit</strong></span> <span class='ocrx_word' id='word_1_793' title='bbox 3524 5459 3766 5521; x_wconf 79' lang='lat' dir='ltr'><strong>tempore</strong></span> 
     </span>
    </p>
   </div>
   <div class='ocr_carea' id='block_1_99' title="bbox 506 5524 3765 5608">
    <p class='ocr_par' dir='ltr' id='par_1_99' title="bbox 506 5524 3765 5608">
     <span class='ocr_line' id='line_1_100' title="bbox 506 5524 3765 5608; baseline 0.003 -25"><span class='ocrx_word' id='word_1_794' title='bbox 506 5524 651 5583; x_wconf 83' lang='lat' dir='ltr'><strong>tione</strong></span> <span class='ocrx_word' id='word_1_795' title='bbox 688 5530 1062 5601; x_wconf 84' lang='lat' dir='ltr'><strong>mysteriorum</strong></span> <span class='ocrx_word' id='word_1_796' title='bbox 1105 5541 1227 5596; x_wconf 72' lang='lat' dir='ltr'><strong>qua:</strong></span> <span class='ocrx_word' id='word_1_797' title='bbox 1244 5524 1461 5582; x_wconf 80' lang='lat' dir='ltr'><strong>fuerunt</strong></span> <span class='ocrx_word' id='word_1_798' title='bbox 1489 5528 1542 5583; x_wconf 91' lang='lat' dir='ltr'><strong>in</strong></span> <span class='ocrx_word' id='word_1_799' title='bbox 1586 5531 1819 5584; x_wconf 88' lang='lat' dir='ltr'><strong>secunda</strong></span> <span class='ocrx_word' id='word_1_800' title='bbox 1847 5530 2071 5597; x_wconf 86' lang='lat' dir='ltr'><strong>visione,</strong></span> <span class='ocrx_word' id='word_1_801' title='bbox 2180 5536 2519 5600; x_wconf 75' lang='lat' dir='ltr'><strong>Antichristi,</strong></span> <span class='ocrx_word' id='word_1_802' title='bbox 2549 5538 2756 5591; x_wconf 83' lang='lat' dir='ltr'><strong>dicetur</strong></span> <span class='ocrx_word' id='word_1_803' title='bbox 2785 5537 2944 5591; x_wconf 88' lang='lat' dir='ltr'><strong>aliter</strong></span> <span class='ocrx_word' id='word_1_804' title='bbox 2969 5555 3063 5604; x_wconf 80' lang='lat' dir='ltr'><strong>per</strong></span> <span class='ocrx_word' id='word_1_805' title='bbox 3085 5549 3287 5607; x_wconf 83' lang='lat' dir='ltr'><strong>tempus</strong></span> <span class='ocrx_word' id='word_1_806' title='bbox 3335 5550 3381 5593; x_wconf 91' lang='lat' dir='ltr'><strong>et</strong></span> <span class='ocrx_word' id='word_1_807' title='bbox 3435 5549 3673 5608; x_wconf 76' lang='lat' dir='ltr'><strong>tempora</strong></span> <span class='ocrx_word' id='word_1_808' title='bbox 3716 5550 3765 5594; x_wconf 81' lang='lat' dir='ltr'><strong>ct</strong></span> 
     </span>
    </p>
   </div>
   <div class='ocr_carea' id='block_1_100' title="bbox 505 5616 3758 5700">
    <p class='ocr_par' dir='ltr' id='par_1_100' title="bbox 505 5616 3758 5700">
     <span class='ocr_line' id='line_1_101' title="bbox 505 5616 3758 5700; baseline 0.005 -28"><span class='ocrx_word' id='word_1_809' title='bbox 505 5624 561 5672; x_wconf 89' lang='lat' dir='ltr'><strong>et</strong></span> <span class='ocrx_word' id='word_1_810' title='bbox 592 5619 657 5673; x_wconf 87' lang='lat' dir='ltr'><strong>de</strong></span> <span class='ocrx_word' id='word_1_811' title='bbox 678 5620 917 5690; x_wconf 86' lang='lat' dir='ltr'><strong>injuncto</strong></span> <span class='ocrx_word' id='word_1_812' title='bbox 952 5616 1125 5673; x_wconf 85' lang='lat' dir='ltr'><strong>ollicio</strong></span> <span class='ocrx_word' id='word_1_813' title='bbox 1158 5618 1578 5687; x_wconf 63' lang='lat' dir='ltr'><strong>praedicationis,</strong></span> <span class='ocrx_word' id='word_1_814' title='bbox 1606 5620 1748 5693; x_wconf 88' lang='lat' dir='ltr'><strong>quod</strong></span> <span class='ocrx_word' id='word_1_815' title='bbox 1787 5621 2077 5689; x_wconf 75' lang='lat' dir='ltr'><strong>habuimus</strong></span> <span class='ocrx_word' id='word_1_816' title='bbox 2174 5630 2480 5689; x_wconf 70' lang='lat' dir='ltr'><strong>dimidium,</strong></span> <span class='ocrx_word' id='word_1_817' title='bbox 2511 5639 2639 5694; x_wconf 88' lang='lat' dir='ltr'><strong>etc.,</strong></span> <span class='ocrx_word' id='word_1_818' title='bbox 2664 5646 2760 5699; x_wconf 83' lang='lat' dir='ltr'><strong>pro</strong></span> <span class='ocrx_word' id='word_1_819' title='bbox 2791 5631 3167 5700; x_wconf 69' lang='lat' dir='ltr'><strong>praedicatione</strong></span> <span class='ocrx_word' id='word_1_820' title='bbox 3211 5629 3376 5686; x_wconf 74' lang='lat' dir='ltr'><strong>Helia:</strong></span> <span class='ocrx_word' id='word_1_821' title='bbox 3427 5641 3484 5687; x_wconf 90' lang='lat' dir='ltr'><strong>et</strong></span> <span class='ocrx_word' id='word_1_822' title='bbox 3532 5632 3758 5697; x_wconf 76' lang='lat' dir='ltr'><strong>Enoch;</strong></span> 
     </span>
    </p>
   </div>
   <div class='ocr_carea' id='block_1_101' title="bbox 503 5708 3755 5793">
    <p class='ocr_par' dir='ltr' id='par_1_101' title="bbox 503 5708 3755 5793">
     <span class='ocr_line' id='line_1_102' title="bbox 503 5708 3755 5793; baseline 0.004 -26"><span class='ocrx_word' id='word_1_823' title='bbox 503 5708 559 5767; x_wconf 87' lang='lat' dir='ltr'><strong>in</strong></span> <span class='ocrx_word' id='word_1_824' title='bbox 588 5713 769 5777; x_wconf 86' lang='lat' dir='ltr'><strong>tertia,</strong></span> <span class='ocrx_word' id='word_1_825' title='bbox 811 5720 868 5766; x_wconf 90' lang='lat' dir='ltr'><strong>ut</strong></span> <span class='ocrx_word' id='word_1_826' title='bbox 898 5713 1054 5768; x_wconf 90' lang='lat' dir='ltr'><strong>istam</strong></span> <span class='ocrx_word' id='word_1_827' title='bbox 1101 5720 1353 5781; x_wconf 82' lang='lat' dir='ltr'><strong>quartam</strong></span> <span class='ocrx_word' id='word_1_828' title='bbox 1387 5726 1506 5781; x_wconf 64' lang='lat' dir='ltr'><strong>qua:</strong></span> <span class='ocrx_word' id='word_1_829' title='bbox 1532 5711 1597 5767; x_wconf 87' lang='lat' dir='ltr'><strong>de</strong></span> <span class='ocrx_word' id='word_1_830' title='bbox 1616 5728 1795 5783; x_wconf 86' lang='lat' dir='ltr'><strong>pugna</strong></span> <span class='ocrx_word' id='word_1_831' title='bbox 1828 5714 2080 5772; x_wconf 74' lang='lat' dir='ltr'><strong>Ecclesiae</strong></span> <span class='ocrx_word' id='word_1_832' title='bbox 2177 5722 2222 5776; x_wconf 89' lang='lat' dir='ltr'><strong>si</strong></span> <span class='ocrx_word' id='word_1_833' title='bbox 2253 5722 2518 5791; x_wconf 64' lang='lat' dir='ltr'><strong>generalis</strong></span> <span class='ocrx_word' id='word_1_834' title='bbox 2559 5722 2813 5777; x_wconf 66' lang='lat' dir='ltr'><strong>Ecclesiae</strong></span> <span class='ocrx_word' id='word_1_835' title='bbox 2840 5731 3049 5791; x_wconf 74' lang='lat' dir='ltr'><strong>tempus</strong></span> <span class='ocrx_word' id='word_1_836' title='bbox 3100 5722 3381 5791; x_wconf 77' lang='lat' dir='ltr'><strong>accipitur,</strong></span> <span class='ocrx_word' id='word_1_837' title='bbox 3438 5724 3635 5779; x_wconf 87' lang='lat' dir='ltr'><strong>dicitur</strong></span> <span class='ocrx_word' id='word_1_838' title='bbox 3674 5742 3755 5793; x_wconf 69' lang='lat' dir='ltr'><strong>per</strong></span> 
     </span>
    </p>
   </div>
   <div class='ocr_carea' id='block_1_102' title="bbox 488 5803 3761 5887">
    <p class='ocr_par' dir='ltr' id='par_1_102' title="bbox 488 5803 3761 5887">
     <span class='ocr_line' id='line_1_103' title="bbox 488 5803 3761 5887; baseline 0.003 -24"><span class='ocrx_word' id='word_1_839' title='bbox 488 5813 561 5887; x_wconf 33' lang='lat' dir='ltr'><strong>.ct</strong></span> <span class='ocrx_word' id='word_1_840' title='bbox 585 5804 777 5861; x_wconf 84' lang='lat' dir='ltr'><strong>diaboli</strong></span> <span class='ocrx_word' id='word_1_841' title='bbox 805 5813 913 5872; x_wconf 87' lang='lat' dir='ltr'><strong>cst,</strong></span> <span class='ocrx_word' id='word_1_842' title='bbox 950 5818 1019 5861; x_wconf 80' lang='lat' dir='ltr'><strong>ex</strong></span> <span class='ocrx_word' id='word_1_843' title='bbox 1048 5804 1134 5861; x_wconf 89' lang='lat' dir='ltr'><strong>his</strong></span> <span class='ocrx_word' id='word_1_844' title='bbox 1156 5803 1387 5870; x_wconf 85' lang='lat' dir='ltr'><strong>duabus,</strong></span> <span class='ocrx_word' id='word_1_845' title='bbox 1419 5804 1472 5861; x_wconf 88' lang='lat' dir='ltr'><strong>id</strong></span> <span class='ocrx_word' id='word_1_846' title='bbox 1504 5813 1591 5863; x_wconf 86' lang='lat' dir='ltr'><strong>est</strong></span> <span class='ocrx_word' id='word_1_847' title='bbox 1618 5820 1856 5865; x_wconf 63' lang='lat' dir='ltr'><strong>secunda</strong></span> <span class='ocrx_word' id='word_1_848' title='bbox 1887 5819 1942 5865; x_wconf 88' lang='lat' dir='ltr'><strong>et</strong></span> <span class='ocrx_word' id='word_1_849' title='bbox 1973 5820 2077 5865; x_wconf 82' lang='lat' dir='ltr'><strong>ter-</strong></span> <span class='ocrx_word' id='word_1_850' title='bbox 2180 5825 2397 5883; x_wconf 32' lang='lat' dir='ltr'><strong>tangunt,</strong></span> <span class='ocrx_word' id='word_1_851' title='bbox 2416 5819 2746 5882; x_wconf 56' lang='lat' dir='ltr'><strong>«tempore,</strong></span> <span class='ocrx_word' id='word_1_852' title='bbox 2773 5821 2823 5866; x_wconf 85' lang='lat' dir='ltr'><strong>et</strong></span> <span class='ocrx_word' id='word_1_853' title='bbox 2851 5812 3473 5882; x_wconf 77' lang='lat' dir='ltr'><strong>dimidium,etc.,aliter</strong></span> <span class='ocrx_word' id='word_1_854' title='bbox 3493 5830 3596 5887; x_wconf 87' lang='lat' dir='ltr'><strong>pro</strong></span> <span class='ocrx_word' id='word_1_855' title='bbox 3614 5832 3761 5887; x_wconf 66' lang='lat' dir='ltr'><strong>prae-</strong></span> 
     </span>
    </p>
   </div>
   <div class='ocr_carea' id='block_1_103' title="bbox 490 4248 2064 4324">
    <p class='ocr_par' dir='ltr' id='par_1_103' title="bbox 490 4248 2064 4324">
     <span class='ocr_line' id='line_1_104' title="bbox 490 4248 2064 4324; baseline -0.003 -18"><span class='ocrx_word' id='word_1_856' title='bbox 490 4266 669 4324; x_wconf 87' lang='lat' dir='ltr'><strong>pugna</strong></span> <span class='ocrx_word' id='word_1_857' title='bbox 711 4266 841 4322; x_wconf 89' lang='lat' dir='ltr'><strong>ergo</strong></span> <span class='ocrx_word' id='word_1_858' title='bbox 882 4249 1137 4313; x_wconf 70' lang='lat' dir='ltr'><strong>Ecclesia:</strong></span> <span class='ocrx_word' id='word_1_859' title='bbox 1165 4250 1361 4321; x_wconf 88' lang='lat' dir='ltr'><strong>pendet</strong></span> <span class='ocrx_word' id='word_1_860' title='bbox 1405 4249 1642 4319; x_wconf 82' lang='lat' dir='ltr'><strong>cognitio</strong></span> <span class='ocrx_word' id='word_1_861' title='bbox 1675 4264 1744 4303; x_wconf 76' lang='lat' dir='ltr'><strong>ex</strong></span> <span class='ocrx_word' id='word_1_862' title='bbox 1794 4249 1953 4304; x_wconf 90' lang='lat' dir='ltr'><strong>tertia</strong></span> <span class='ocrx_word' id='word_1_863' title='bbox 1980 4248 2064 4302; x_wconf 87' lang='lat' dir='ltr'><strong>vi-</strong></span> 
     </span>
    </p>
   </div>
   <div class='ocr_carea' id='block_1_104' title="bbox 496 4340 2072 4413">
    <p class='ocr_par' dir='ltr' id='par_1_104' title="bbox 496 4340 2072 4413">
     <span class='ocr_line' id='line_1_105' title="bbox 496 4340 2072 4413; baseline 0 -16"><span class='ocrx_word' id='word_1_864' title='bbox 496 4343 670 4407; x_wconf 89' lang='lat' dir='ltr'><strong>sione,</strong></span> <span class='ocrx_word' id='word_1_865' title='bbox 690 4357 812 4413; x_wconf 81' lang='lat' dir='ltr'><strong>quae</strong></span> <span class='ocrx_word' id='word_1_866' title='bbox 838 4350 924 4399; x_wconf 81' lang='lat' dir='ltr'><strong>est</strong></span> <span class='ocrx_word' id='word_1_867' title='bbox 955 4341 1022 4401; x_wconf 91' lang='lat' dir='ltr'><strong>de</strong></span> <span class='ocrx_word' id='word_1_868' title='bbox 1050 4342 1292 4412; x_wconf 71' lang='lat' dir='ltr'><strong>iniuncto</strong></span> <span class='ocrx_word' id='word_1_869' title='bbox 1315 4340 1491 4397; x_wconf 82' lang='lat' dir='ltr'><strong>cilicio</strong></span> <span class='ocrx_word' id='word_1_870' title='bbox 1518 4342 1868 4412; x_wconf 77' lang='lat' dir='ltr'><strong>praedicandi.</strong></span> <span class='ocrx_word' id='word_1_871' title='bbox 1899 4340 2072 4411; x_wconf 85' lang='lat' dir='ltr'><strong>Aper-</strong></span> 
     </span>
    </p>
   </div>
  </div>
