3948 6314
144 367 241 422 733

1083 361 1351 420 GLOSSA
1387 358 1780 418 ORDINAliIA.

1817 387 1890 400 —-
1922 353 2120 410 APOC.
2157 347 2457 408 JOANNIS.
3281 333 3386 390 73b

142 481 403 536 dicatione
424 480 627 538 Christi
647 481 786 536 facta
815 480 988 535 tribus
1011 481 1168 536 annis
1210 489 1264 534 et
1289 478 1530 544 dimidio,
1585 476 1712 548 quia
1735 479 1792 540 Α
1885 471 2046 526 Vens.
2080 467 2167 522 12.
2196 498 2267 507 ——
2295 466 2363 519 Et
2384 471 2708 535 potestatem,
2739 467 2843 515 etc.
2891 456 3027 526 Quia
3054 456 3109 510 in
3139 453 3390 511 omnibus

141 571 336 628 Christi
373 569 754 640 praedicatione
779 571 1020 640 pascitur
1043 569 1280 623 Ecclesia
1303 567 1562 636 quotidie.

208 663 370 720 Vsus.
421 661 507 718 16.
533 660 700 715 -Ει
753 663 956 732 adjuvit
997 672 1136 716 terra
1188 660 1476 713 mulierem.
1532 657 1588 713 Id
1626 665 1710 713 est

139 755 384 812 Christus
413 753 664 810 Ecclesia:
692 769 803 834 sua:
829 753 975 808 dedit
997 753 1141 807 vires
1169 751 1426 833 patiendi.
1479 747 1549 802 Et
1595 765 1712 818 ape-

139 848 258 912 ruit,
290 847 342 901 id
369 854 452 900 est
475 831 814 916 praeparavit,
849 853 907 901 et
938 845 1183 900 idoneam
1215 829 1286 898 se“
1304 842 1452 907 fecit,
1491 849 1549 895 ut
1574 840 1714 895 reci-

140 946 288 1009 peret
311 937 572 1007 quidquid
598 936 700 994 sibi
730 935 1014 1001 inferrent,
1069 937 1136 990 ad
1189 934 1600 990 similitudinem
1650 947 1712 988 os

141 1033 448 1102 aperientis.
478 1031 592 1088 Hoc
619 1031 868 1088 Christus
903 1033 960 1087 in
1011 1031 1264 1102 passione
1315 1045 1412 1086 sua
1459 1029 1607 1093 fecit,
1659 1028 1714 1083 in

141 1141 246 1196 quo
275 1125 392 1180 suis
410 1124 713 1195 exemplum
729 1125 967 1195 patiendi
995 1139 1055 1179 se
1087 1121 1387 1193 proposuit.
1413 1120 1714 1187 Absorbuit,

141 1217 192 1273 id
213 1226 319 1280 est,
341 1232 531 1272 omnes
556 1231 746 1287 poenas
776 1220 830 1271 in
858 1232 918 1272 se
933 1216 1223 1279 destruxit,
1244 1213 1420 1268 factus
1441 1213 1719 1270 immorta-

139 1309 203 1364 lis
239 1319 294 1364 et
324 1310 688 1378 impassibilis,
721 1310 864 1380 quod
888 1309 1026 1364 idem
1054 1308 1185 1364 facit
1209 1309 1264 1362 in
1289 1307 1420 1362 suis.

207 1399 370 1456 Vens.
403 1401 487 1454 l7.
517 1431 588 1442 -—
618 1399 796 1454 Iratus
819 1410 891 1454 est
935 1400 1095 1454 draco
1139 1401 1194 1453 in
1245 1396 1537 1451 mulierem.
1583 1394 1722 1462 Quia

138 1493 264 1549 licet
283 1509 390 1548 non
419 1493 589 1564 possit
612 1508 730 1547 eam
773 1491 1078 1556 devincere,
1126 1507 1235 1545 non
1281 1498 1460 1544 tamen
1510 1486 1724 1542 desistit

138 1586 398 1647 invidere,
429 1593 484 1639 et
510 1585 686 1640 loctnn
712 1583 998 1639 invadendi
1020 1595 1281 1652 querere.

207 1677 373 1732 Vens.
402 1679 489 1734 18.
513 1707 584 1718 -—
604 1676 674 1731 Et
694 1677 852 1730 stetit.
888 1675 1003 1730 Non
1035 1684 1216 1729 tamen
1247 1687 1437 1728 omnes
1474 1670 1593 1725 illos
1639 1669 1722 1723 vi-

136 1772 210 1827 cit
237 1771 499 1834 minores,
537 1771 633 1825 sed
662 1777 874 1823 tantum
925 1783 1086 1839 super
1131 1781 1372 1830 arenam,
1426 1763 1479 1817 id
1533 1769 1637 1828 est,
1670 1760 1726 1815 in

1810 571 1972 633 caput
1998 575 2153 615 suum
2176 557 2277 613 sibi
2308 554 2691 625 praeponebant
2711 549 3120 606 Anticliristum.

1886 651 2122 706 Terram.
2173 647 2230 702 ld
2257 654 2344 701 est
2372 653 2639 708 terrenos,
2662 649 2717 696 et
2745 641 2799 695 in
2834 653 3018 694 amore
3069 648 3227 692 terrae
3268 649 3393 705 per-

1813 751 2159 808 severantes;
2197 739 2283 796 vel
2313 756 2325 792 :
2353 748 2546 794 terram
2578 735 2873 791 secundum
2905 746 3118 802 corpus,
3152 729 3392 783 habitan-

1814 847 1888 892 tes
1909 838 1964 890 in
1988 853 2048 889 ea
2069 834 2362 890 secundum
2385 830 2640 884 animam.
2671 827 2925 881 Adorare.
2958 824 3093 892 Quia
3119 831 3172 877 et
3200 821 3277 887 hi,
3326 821 3399 874 si-

1815 929 2018 984 mulata
2043 923 2459 987 resurrectione,
2485 918 2884 991 praadicationis
2910 932 3020 971 suae
3044 914 3250 969 faciunt
3275 924 3396 966 tun-

1817 1021 2148 1083 datnentum,
2176 1018 2321 1074 sicut
2345 1014 2651 1086 et'apostoli
2681 1011 2881 1068 Christi
2908 1009 3171 1066 fecerunt.

1890 1113 2053 1169 Vsus.
2088 1111 2176 1167 15.
2199 1141 2272 1151 -
2301 1109 2507 1179 Ignem,
2537 1107 2590 1162 id
2612 1114 2696 1162 est
2723 1104 3016 1175 malignum
3045 1101 3292 1172 spiritum
3315 1114 3406 1155 su-

1818 1221 1918 1277 per
1938 1220 2066 1260 suos
2089 1203 2255 1258 faciet
2280 1200 2630 1264 descendere,
2654 1205 2714 1252 ut
2739 1197 3030 1265 loquantur
3077 1193 3244 1248 variis
3299 1191 3404 1245 lin-

1822 1296 1961 1367 guis.
2005 1294 2076 1350 Ut
2105 1293 2366 1364 apostolis
2399 1293 2556 1345 datus
2577 1298 2660 1345 est
2687 1288 2924 1357 Spiritus
2948 1293 3166 1340 sanctus
3193 1282 3244 1336 in
3288 1295 3409 1350 spe-

1823 1388 1905 1443 cie
1938 1387 2096 1458 ignis,
2137 1394 2200 1440 et
2230 1385 2308 1440 sic
2343 1384 2416 1439 illi
2449 1384 2653 1438 dabunt
2701 1380 2950 1450 spiritum
3013 1375 3304 1444 malignum
3353 1372 3407 1426 in

1821 1477 2004 1548 specie
2032 1477 2188 1547 ignis.
2231 1475 2299 1528 In
2324 1483 2619 1544 conspectu.
2667 1472 2734 1527 Ut
2761 1483 2948 1525 omnes
2987 1467 3171 1520 videre
3203 1463 3415 1534 possint

1822 1583 1946 1623 cum
1971 1567 2199 1637 apostoli
2218 1565 2477 1637 Spiritum
2499 1572 2742 1620 sanctum
2764 1562 2816 1616 in
2831 1557 3070 1617 conclavi
3088 1553 3410 1626 acceperint.
3485 1605 3487 1608 .

1899 1679 2062 1735 Vens.
2087 1662 2173 1732 1'5.
2204 1708 2276 1716 —
2304 1675 2373 1731 Ut
2409 1675 2865 1747 loquaturimago.
2917 1670 3016 1724 llic
3041 1667 3250 1739 magica
3298 1672 3417 1721 arte

1828 1771 1991 1826 faciet
2015 1780 2249 1825 statuam
2279 1768 2421 1838 loqui
2449 1775 2503 1822 et
2525 1766 2700 1821 futura
2730 1762 3044 1833 praedicere.

137 1862 447 1920 fructuosos
476 1877 686 1918 moram
728 1859 876 1926 fecit,
927 1861 981 1915 in
1025 1859 1221 1930 quibus
1269 1863 1531 1926 apparent
1575 1853 1730 1925 signa

1903 1861 2070 1917 Vsus.
2105 1860 2190 1913 16.
2221 1889 2293 1899 -
2322 1856 2529 1912 Habere
2573 1857 2945 1916 characterem,
2989 1859 3095 1906 etc.
3146 1849 3204 1904 In
3255 1862 3419 1903 manu

137 1956 371 2029 vestigii.

733 2062 962 2122 CAPUT
998 2062 1137 2118 XIII.

210 2222 378 2278 Vsus.
413 2223 463 2276 l.
497 2221 656 2275 —Et
683 2221 808 2286 vidi,
858 2227 962 2274 etc.
1006 2217 1185 2274 Bestia
1216 2217 1334 2273 haec
1375 2215 1734 2286 spiritualiter

138 2321 226 2369 est
254 2313 647 2377 Antichristus,
679 2311 762 2366 vel
802 2309 1128 2381 generaliter
1165 2316 1278 2363 tota
1315 2306 1564 2362 collectio
1613 2321 1730 2360 ma-

140 2407 344 2462 lorum.
375 2404 559 2475 Capita
581 2413 774 2474 septem
812 2412 860 2456 et
906 2417 1103 2455 cornua
1154 2399 1349 2453 decem.
1398 2398 1481 2453 Ad
1525 2397 1628 2451 hoc
1673 2403 1736 2451 ut

141 2499 286 2554 bene
314 2504 497 2568 posset
519 2497 655 2552 istos
681 2495 920 2559 vincere,
946 2492 1107 2547 talem
1129 2489 1391 2545 familiam
1441 2489 1544 2544 sibi
1574 2488 1734 2543 insti-

142 2592 270 2646 tuit.
307 2589 537 2644 Nomina
563 2587 914 2658 blasphemia.
948 2585 1128 2641 Variis
1150 2583 1449 2638 bzeresibus
1485 2590 1602 2637 erat
1642 2580 1738 2637 be-

141 2684 253 2740 stia
285 2682 460 2753 plena,
490 2682 577 2738 vel
603 2681 768 2738 variis
792 2679 1228 2736 simulationibus
1255 2676 1536 2732 occultans
1583 2673 1734 2728 vitia.

220 2773 392 2828 Vsus.
415 2773 470 2828 5.
490 2803 561 2813 -
587 2773 753 2839 Quasi
775 2774 1026 2826 occisum.
1064 2769 1354 2826 Simulabit
1375 2785 1434 2824 se
1455 2766 1738 2822 Antichri-

143 2873 269 2920 stus
298 2873 590 2929 mortuum,
619 2873 675 2920 et
696 2879 790 2934 per
818 2865 1054 2937 triduum
1085 2863 1258 2918 latens
1287 2869 1408 2931 post
1433 2859 1737 2930 apparebit,

143 2959 345 3016 dicens
365 2973 424 3012 se
446 2957 785 3012 suscitatum.
817 2955 882 3008 Et
903 2955 1058 3024 plaga
1086 2956 1270 3009 mortis
1290 2954 1404 3024 ejus
1433 2939 1619 3006 curata
1637 2960 1734 3005 est.

139 3048 288 3103 Arte
325 3046 531 3116 magica
555 3046 810 3100 ascendet
835 3045 889 3098 in
917 3060 1066 3107 aera,
1119 3043 1417 3099 ferentibus
1457 3057 1582 3096 eum
1633 3041 1741 3094 dre-

138 3141 431 3206 monibus,
457 3149 510 3196 et
543 3141 622 3196 sic
676 3140 954 3196 curabitur
991 3139 1145 3209 plaga
1199 3139 1381 3193 mortis
1425 3138 1564 3207 ejus,
1611 3136 1740 3205 quia

141 3237 312 3309 prius”
342 3243 588 3290 mortuus
615 3232 957 3297 credebatur,
982 3239 1103 3300 post
1148 3231 1334 3285 vivens
1383 3227 1740 3298 reputabitur.

222 3328 398 3383 Vens.
427 3326 479 3380 6.
509 3356 580 3368 σ-
608 3324 677 3379 Et
701 3325 905 3395 aperuit
932 3341 988 3378 os
1019 3339 1196 3378 suum.
1259 3322 1317 3376 In
1344 3329 1553 3374 tantam
1609 3319 1747 3374 fidu-

146 3425 302 3480 ciatu
331 3419 597 3490 prorupit,
629 3417 848 3486 utquod
879 3415 1090 3471 occulte
1127 3422 1272 3479 ante,
1311 3413 1424 3483 iam
1473 3421 1602 3466 tunc
1649 3425 1748 3480 pu-

149 3513 302 3569 blice
329 3511 522 3566 audeat
547 3509 942 3578 blasphemare.
985 3506 1058 3561 Et
1085 3504 1500 3561 tabernaculum.
1559 3503 1617 3557 id
1664 3509 1750 3558 est

151 3618 379 3660 omnem
402 3600 799 3657 institutionem
825 3599 964 3670 ejus,
992 3613 1090 3670 per
1126 3613 1292 3668 quam
1325 3593 1612 3652 laudabilis
1651 3608 1752 3664 ap-

152 3702 335 3766 paret.

227 3785 402 3844 Vsus.
429 3785 482 3844 8.
505 3816 578 3832 φ-
597 3771 814 3842 Occisus
839 3793 914 3838 est
941 3783 1005 3837 ab
1039 3782 1242 3852 origine
1283 3781 1486 3845 mundi,
1531 3780 1587 3834 in
1615 3778 1752 3845 suis,

155 3881 314 3941 utin
355 3879 512 3935 Abel.
561 3877 653 3932 Vel
700 3878 827 3948 quia
869 3885 994 3931 ante
1046 3876 1227 3930 omnia
1283 3873 1600 3944 dispositum
1647 3879 1751 3937 est,

155 3972 311 4044 quod
346 3971 398 4026 in
424 3972 531 4026 line
559 3978 865 4039 temporum
895 3967 1256 4023 occideretur.
1290 3965 1386 4020 Vel
1413 3965 1628 4019 occisus
1671 3971 1758 4018 est

158 4067 215 4122 in
246 4081 391 4136 agno
416 4065 644 4136 mystice
666 4079 830 4134 quem
859 4060 994 4117 Abel
1014 4060 1233 4127 obtulit,
1253 4058 1340 4115 vel
1367 4059 1421 4114 in
1458 4059 1577 4128 ipso
1624 4053 1760 4110 Abel

157 4177 191 4217 a
219 4161 400 4216 fratre
425 4159 611 4216 occiso
635 4157 1010 4228 prmﬂguiatus
1037 4164 1142 4210 est.

240 4255 414 4313 Vsus.
445 4252 537 4310 10.
555 4282 628 4294 -
657 4251 763 4319 Qui
789 4253 844 4306 in
869 4251 1242 4321 captivitatem.
1276 4247 1378 4315 Qui
1405 4245 1642 4316 captivat
1664 4243 1764 4298 ho-

161 4351 350 4407 mines
378 4365 523 4405 nunc
550 4363 581 4402 a
604 4347 729 4414 fide,
759 4347 978 4402 tandem
1001 4363 1030 4400 a
1052 4345 1245 4406 salute,
1269 4343 1476 4398 scilicet
1492 4338 1767 4394 Antichri-

164 4455 318 4511 stus,
338 4442 424 4498 vel
449 4443 562 4513 ipse
589 4441 853 4496 diabolus.
885 4439 988 4505 Qui
1019 4439 1072 4492 in
1097 4437 1273 4509 gladio
1295 4435 1562 4489 occiderit.
1612 4431 1766 4485 Anti-

163 4538 419 4594 Christus
446 4546 502 4591 et
529 4535 612 4591 sui
659 4535 913 4589 occident
950 4531 1127 4602 gladio
1171 4527 1435 4583 materiali
1465 4533 1518 4581 et
1544 4539 1766 4595 persua-

163 4631 370 4696 sionis,
396 4636 452 4684 et
500 4628 754 4698 peribunt
803 4625 980 4697 gladio
1023 4622 1213 4678 aeterni
1257 4619 1465 4690 iudicii.
1518 4617 1620 4671 Hic
1667 4627 1762 4681 est,

166 4736 281 4782 etc.
311 4723 366 4779 ld
394 4731 498 4788 est,
527 4721 843 4795 patientiam
864 4731 917 4776 et
940 4719 1097 4776 [idem
1120 4717 1292 4774 sancti
1320 4716 1594 4776 tenebunt,
1617 4712 1764 4783 quia,

169 4818 268 4872 illo
300 4817 598 4880 destructo,
627 4813 807 4869 sciunt
835 4827 894 4867 se
920 4809 1364 4865 remunerandos.
1411 4804 1769 4874 Respiciendo

169 4923 396 4982 penam
419 4906 686 4962 malorum
710 4913 764 4960 et
813 4905 1305 4958 remunerationem
1358 4900 1644 4961 bonorum,
1672 4909 1770 4964 pa-

91 5059 98 5066 _
169 5003 381 5058 tientes
406 4998 543 5054 fiunt
569 5008 624 5054 et
649 4997 810 5052 fldem
833 5003 1036 5050 tenent.

251 5092 424 5148 Vens.
453 5091 636 5145 ll.—
664 5089 731 5143 Et
756 5089 885 5144 uidi.
931 5086 1211 5156 Descripta
1257 5081 1601 5138 tribulatione
1650 5092 1773 5150 quae

1832 1951 1959 2007 etin
2009 1951 2186 2006 fronte
2240 1958 2443 2018 ponent
2484 1948 2656 2018 signa,
2713 1954 2772 1999 ut
2811 1958 2998 1998 omnes
3055 1940 3414 1998 confiteantur

1832 2057 1987 2097 suum
2022 2057 2144 2096 esse
2175 2043 2341 2096 Deum
2374 2043 2545 2110 verbo
2573 2047 2627 2093 et
2652 2052 2834 2107 opere.

1905 2135 2066 2190 Vens.
2100 2135 2187 2189 l7.
2216 2166 2285 2176 ——-
2314 2131 2629 2187 Numerum.
2659 2131 2714 2185 ld
2750 2128 2945 2198 estqui
2991 2130 3309 2196 exspectant
3353 2123 3422 2178 ab

1834 2243 1899 2282 eo
1929 2225 2419 2281 remunerationem
2442 2237 2507 2277 eo
2529 2221 2812 2286 minorem,
2840 2217 2924 2274 vel
2950 2217 3299 2280 mediocrem,
3344 2212 3426 2269 vel

1835 2319 2150 2374 maximam.
2680 2363 2692 2374 ,

1910 2409 2074 2464 Vens.
2102 2408 2187 2464 l8.
2209 2437 2282 2448 —
2317 2406 2421 2472 Qui
2450 2404 2622 2459 habet.
2655 2401 2786 2457 Cum
2809 2400 2948 2455 liber
2981 2413 3219 2470 praesens
3242 2394 3430 2450 Graece

1837 2501 1909 2557 sit
1929 2501 2127 2564 editus,
2151 2498 2444 2555 secundum
2467 2495 2682 2551 Grmcos
2705 2508 2962 2547 numerus
2990 2499 3074 2546 est
3111 2488 3430 2559 quaerendus

1840 2593 1983 2664 apud
2007 2607 2146 2662 quos
2170 2604 2358 2644 omnes
2386 2587 2580 2642 littera:
2617 2597 2902 2638 numerum
2950 2579 3273 2651 signiﬁcant.
3326 2575 3431 2629 No-

1841 2704 1965 2743 men
1996 2686 2111 2756 ejus
2140 2686 2388 2739 Antemos
2407 2682 2550 2752 quod
2574 2679 2624 2735 ei
2643 2677 2919 2747 competit,
2953 2675 3043 2745 qui
3065 2671 3282 2728 Christo
3304 2685 3433 2724 con-

1843 2781 2041 2835 trarius
2065 2777 2262 2831 dicitur
2288 2793 2300 2827 :
2327 2773 2390 2837 Α,
2422 2786 2586 2826 unum
2615 2785 2629 2835 ;
2660 2766 2736 2833 N,
2758 2764 3176 2837 quinquaginta;
3213 2759 3273 2825 Τ,
3304 2773 3428 2824 ccc;

1843 2872 1908 2936 E,
1941 2870 2208 2942 quinque;
2239 2864 2316 2931 Μ,
2346 2861 2734 2935 quadraginta;
2771 2857 2838 2923 0,
2867 2854 3236 2926 septuaginta;
3266 2849 3324 2915 S,
3349 2863 3429 2903 cc.

1843 2963 1942 3018 Vel
1974 2963 2256 3031 Arnoyme,
2289 2958 2341 3011 id
2363 2966 2445 3012 est
2469 2970 2624 3024 nego,
2649 2952 2739 3021 qui
2761 2949 3034 3004 Christum
3057 2953 3219 3016 negat
3243 2946 3434 3014 Deum,

1843 3056 1898 3110 in
1921 3070 2029 3123 quo
2055 3054 2195 3106 idem
2224 3064 2481 3105 numerus
2506 3066 2517 3099 :
2542 3049 2610 3110 Α,
2633 3060 2829 3107 unutn;
2864 3041 2926 3105 Β,
2952 3057 3042 3106 cc;
3077 3037 3148 3102 N,
3173 3038 3436 3108 quinqua-

1845 3148 2026 3217 ginta;
2051 3143 2117 3208 0,
2144 3160 2278 3207 Lxx;
2308 3141 2540 3206 Y,cccc;
2563 3137 2638 3203 Μ,
2656 3154 2752 3200 XL;
2772 3136 2843 3200 Ε,
2861 3135 3114 3203 quinque.
3135 3131 3228 3186 Vel
3251 3130 3434 3198 Teian,

1849 3242 1900 3296 id
1931 3249 2012 3294 est
2041 3239 2119 3292 sol
2153 3238 2328 3306 gigas,
2354 3234 2497 3304 quod
2531 3247 2659 3285 vero
2685 3229 2925 3292 Christo,
2961 3225 3270 3295 usurpative
3299 3237 3435 3276 con-

1850 3333 1997 3387 venit
2022 3323 2467 3388 Antichristoﬂ,
2499 3337 2626 3386 ccc;
2658 3319 2724 3384 E,
2757 3318 3026 3389 quinque;
3052 3314 3104 3380 Ι,
3145 3329 3208 3378 x;
3245 3313 3441 3366 iterum

1852 3423 1916 3489 Τ,
1938 3437 2065 3486 ccc;
2096 3421 2164 3485 A,
2184 3417 2383 3489 unnmz;
2417 3414 2490 3480 Ν,
2518 3413 2578 3468 L.
2605 3411 2701 3467 Vel
2739 3407 3163 3465 Latinis‘littcris
3192 3425 3203 3459 :
3229 3401 3440 3468 Diclux,

1851 3513 1974 3583 quia
2005 3513 2190 3582 ipsese
2217 3510 2390 3565 lucem
2416 3522 2536 3561 esse
2557 3505 2727 3559 dicet:
2749 3503 2815 3567 D,
2833 3499 3142 3571 quingenti;
3173 3496 3439 3564 I,unum;
3505 3553 3514 3562 ,

1852 3603 1912 3670 C,
1940 3612 2186 3668 centum;
2220 3600 2281 3665 L,
2305 3597 2724 3668 quinquaginta;
2762 3590 2824 3659 V,
2843 3592 3110 3663 quinque;
3135 3585 3208 3655 Χ,
3225 3587 3440 3654 decem;

1853 3704 1902 3750 et
1930 3698 2011 3750 sic
2035 3695 2223 3750 eadem
2256 3706 2486 3748 summa.

1925 3785 2034 3840 Sex
2066 3785 2272 3855 primus
2313 3780 2585 3852 perfectus
2626 3792 2884 3832 numerus
2931 3784 3034 3839 est,
3067 3781 3124 3828 et
3172 3769 3448 3843 signiﬁcat

1857 3878 1978 3933 illos
2027 3877 2208 3931 minus
2248 3873 2520 3944 perfectos
2565 3870 2657 3940 qui
2701 3867 2973 3938 coniugati
3035 3873 3192 3931 sunt,
3242 3873 3298 3918 et
3348 3876 3448 3931 pro

1860 3974 2019 4029 modo
2053 3987 2152 4028 suo
2178 3972 2364 4024 decem
2417 3974 2687 4036 praecepta
2745 3969 2982 4017 servant.
3039 3958 3335 4028 Sexaginta
3376 3955 3449 4010 si-

1859 4065 2080 4137 gnificat
2103 4060 2447 4116 mediocriter
2473 4057 2765 4128 perfectos,
2805 4053 2919 4122 qui,
2974 4049 3212 4105 dimissis
3263 4044 3451 4116 legali-

1862 4162 1962 4217 bus
1992 4157 2260 4228 coniugiis
2287 4156 2339 4208 in
2366 4153 2616 4208 castitate
2668 4154 3007 4221 permanent,
3039 4152 3096 4200 et
3127 4144 3321 4198 iterum
3357 4141 3451 4196 de-

1864 4267 1980 4306 cem
2005 4257 2268 4321 praecepta
2292 4261 2392 4318 pro
2422 4244 2581 4300 modo
2628 4257 2727 4297 suo
2766 4239 3055 4310 complent.
3103 4235 3330 4291 Centum
3380 4232 3451 4288 si-

1865 4345 2085 4416 gnilicat
2111 4339 2536 4411 perfectissimos
2586 4335 2678 4405 qui
2706 4332 2905 4388 mentis
2934 4339 2990 4386 et
3031 4326 3274 4399 corporis
3317 4325 3454 4381 inte.

1867 4437 2118 4506 gritatem
2160 4449 2268 4488 non
2295 4431 2575 4486 violantet
2618 4427 2803 4483 decem
2857 4431 3129 4496 prmeepta
3174 4419 3456 4491 perfectis-

1870 4529 2004 4583 sime
2028 4534 2264 4591 servant.
2291 4522 2362 4577 Hi
2407 4521 2630 4576 reddunt
2679 4519 2931 4589 fructum,
2974 4515 3068 4569 alii
3112 4512 3454 4577 tricesimum,

1873 4619 1965 4675 alii
1993 4619 2395 4688 sexagesimum,
2427 4613 2521 4668 alii
2559 4607 3002 4666 oentecimum.Et
3021 4603 3268 4674 discipuli
3305 4602 3457 4658 Aliti-

1873 4709 2062 4766 christi
2086 4718 2211 4762 tunc
2232 4707 2412 4762 dicent
2439 4704 2710 4759 neminem
2743 4715 2903 4770 posse
2933 4697 3152 4761 salvari,
3171 4693 3276 4749 nisi
3305 4692 3458 4747 Anti-

1875 4805 2083 4860 christo
2135 4800 2432 4857 obtulerint
2467 4797 2699 4867 aliquem
2727 4794 2793 4849 de
2823 4791 3090 4847 fructibus
3115 4787 3240 4845 illis.

2443 4953 2671 5012 CAPUT
2719 4950 2858 5006 XIV.

1946 5074 2115 5153 Vens.
2139 5072 2190 5125 1.
2212 5099 2282 5110 -—
2304 5067 2373 5123 Et
2401 5066 2508 5121 uidi
2533 5079 2551 5116 :
2582 5075 2630 5120 et
2657 5079 2773 5119 ecce
2800 5065 2980 5133 Agnus
3009 5059 3200 5115 stabat.
3231 5055 3461 5113 Ostensa

173 5187 291 5242 erit
317 5198 416 5255 per
438 5182 851 5243 Antichristum,
883 5187 941 5234 et
967 5192 1096 5232 suos
1120 5147 1451 5248 participes,
1499 5147 1776 5241 subiungit
1875 5150 2193 5238 gravissima
2263 5157 2656 5231 persecutione,
2715 5169 2876 5224 quam
2929 5151 3169 5222 patietur
3217 5147 3460 5203 Ecclesia

177 5242 348 5336 aliam
379 5292 500 5349 qua:
531 5276 623 5331 ﬁet
647 5291 746 5346 per
765 5242 894 5329 suos
921 5242 1194 5343 apostolos
1216 5242 1352 5338 quos
1390 5266 1506 5334 ipse
1551 5277 1646 5333 per
1693 5270 1778 5316 to-
1878 5260 1946 5314 ab
1967 5255 2304 5311 Antichristo
2331 5259 2386 5306 et
2420 5248 2536 5317 eius
2565 5247 2843 5317 apostolis,
2872 5260 3013 5300 nunc
3054 5242 3292 5299 ostendit
3327 5254 3462 5309 qua-

177 5382 303 5427 tum
336 5330 596 5425 mundum
621 5330 858 5438 sparget.
891 5330 1123 5418 llo-mna.
1158 5330 1295 5427 Quia
1341 5330 1673 5412 simulabunt
1716 5367 1777 5407 se
1879 5351 1986 5405 lem
2020 5348 2214 5402 habeat
2243 5341 2565 5411 adiutorem,
2595 5349 2649 5394 et
2673 5339 2889 5410 qualem
2919 5338 3032 5408 ipse
3069 5335 3264 5390 habeat
3306 5330 3464 5384 fami:

179 5464 391 5518 habere
419 5423 803 5523 innocentiam,
825 5465 882 5512 et
901 5469 1092 5527 puram
1133 5451 1321 5513 vitam,
1352 5456 1409 5503 et
1451 5460 1636 5501 veram
1677 5445 1774 5500 do-
1885 5441 2035 5505 liam,
2064 5448 2122 5493 ut
2153 5437 2326 5507 magis
2351 5435 2557 5490 electos
2603 5431 2826 5486 afﬂictos
2881 5427 3204 5484 consoletur.
3247 5423 3464 5477 Centum

179 5555 446 5618 etrinam,
491 5563 549 5610 et
587 5515 1055 5619 mi~racula,.quaa
1081 5545 1329 5602 Christus
1372 5541 1562 5597 habuit
1585 5547 1642 5594 et
1665 5537 1782 5594 suis
1884 5536 2256 5612 quadraginta,
2304 5541 2409 5588 etc.
2440 5531 2494 5586 ld
2543 5538 2627 5585 est
2678 5529 2732 5582 in
2785 5525 3092 5596 virginitate
3139 5515 3465 5590 perfectissi-

184 5648 377 5714 dedit;
404 5649 505 5713 vel,
539 5649 646 5702 duo
668 5609 1013 5701 Testamenta
1035 5641 1138 5696 sibi
1178 5636 1534 5707 usurpabant.
1582 5634 1652 5688 Et
1696 5633 1782 5687 lo-
1887 5609 2026 5697 mos,
2061 5631 2114 5684 in
2143 5629 2247 5683 ﬁde
2283 5625 2542 5681 trinitatis
2589 5638 2655 5677 ex
2700 5630 2932 5692 quatuor
2987 5614 3169 5670 mundi
3221 5609 3467 5681 partibus

181 5741 450 5815 quebatur
493 5742 627 5796 sicut
657 5739 841 5792 draco.
899 5735 954 5789 ld
984 5743 1067 5788 est
1094 5728 1528 5802 pseudoapostoli
1583 5729 1658 5781 ita
1702 5725 1782 5781 lo-
1888 5724 2162 5781 collectos.

183 5793 452 5916 queatur,
642 5828 890 5890 diabolus
925 5828 987 5886 in
1012 5793 1349 5885 Autichristd
1391 5831 1511 5879 erat
1550 5822 1778 5877 locutus.
1965 5815 2126 5872 Vens.
2156 5813 2210 5868 ἢ.
2237 5843 2308 5854 --
2337 5809 2594 5866 Tonitrui.
2624 5805 2762 5875 Quia
2785 5807 2952 5858 terret
2985 5811 3082 5858 eos
3111 5795 3204 5873 qui
3245 5793 3314 5851 ad
3341 5793 3475 5850 con;
