3948 6314
464 354 574 415 735

968 358 1363 416 WALAFRIDI
1402 360 1651 419 STRABI
1688 362 1893 422 FULD.
1934 360 2101 421 MON.
2141 363 2293 423 OPP.
2333 364 2514 425 PARS
2550 367 2593 424 l.
2629 398 2702 411 --
2740 365 3200 428 THEOLOCICA.

3656 367 3778 427 736

469 474 702 530 sortium
744 490 914 559 suum.
961 477 1147 534 venire
1215 478 1530 550 suilugiunt.
1605 472 2042 539 Citharcidorum.
2072 485 2130 547 Α
2223 482 2386 539 Vsus.
2434 485 2522 539 l5.
2562 515 2636 526 —
2675 484 2868 557 Opera.
2919 487 2980 541 ld
3030 495 3117 543 est
3176 488 3461 545 mercedes
3504 503 3777 559 operum

470 563 607 633 Quia
643 565 744 635 ipsi
797 567 866 623 ad
897 546 1018 624 lioc
1065 584 1126 625 se
1172 546 1541 639 instituerunt,
1590 579 1654 628 ut
1696 573 2049 651 extenderent

470 669 565 709 sua
589 655 752 712 corda
793 659 985 715 devota
1024 676 1186 732 super
1230 661 1437 733 lignum
1473 666 1670 721 crucis.
1714 665 2084 746 Citharizan-l

468 746 629 809 tium.
645 746 800 815 Quod
822 765 890 805 ex
923 750 1097 807 ollicio
1122 753 1415 822 habebant,
1464 771 1624 826 opere
1646 755 1960 825 implebant.

540 838 705 896 Vens.
732 839 787 896 5.
840 872 910 883 —
936 841 1008 897 Et
1053 845 1360 900 cantabant.
1406 846 1465 902 Id
1502 854 1585 903 est
1624 848 1689 904 de
1737 848 2050 919 integritate

471 932 668 989 anima:
696 943 753 991 et
779 936 1025 1007 corporis
1061 938 1410 995 exsultabunt
1438 959 1452 995 :
1476 942 1620 1011 quod
1644 940 1899 1012 gaudium
1918 958 2054 998 nun-

468 1039 633 1096 quam
664 1026 744 1083 eis
770 1036 1097 1096 veterascet,
1122 1030 1217 1086 sed
1253 1047 1465 1103 semper
1500 1040 1584 1088 est
1609 1033 1690 1088 eis
1731 1041 1793 1088 ut
1826 1018 2047 1089 novum.

543 1115 706 1171 Vens.
733 1117 786 1172 4.
803 1149 874 1159 -
899 1118 973 1173 Hi
1003 1130 1125 1176 sunt
1146 1122 1237 1193 qui
1263 1139 1382 1176 cum
1423 1122 1728 1179 mulieribus
1773 1142 1880 1180 non
1906 1135 2049 1182 sunt.

465 1208 525 1266 ld
549 1221 632 1267 est
655 1227 791 1282 quos
815 1215 881 1269 ad
912 1216 1016 1272 hoc
1052 1226 1113 1273 ut
1136 1227 1319 1273 essent
1358 1204 1596 1291 virgiiies
1639 1222 1860 1292 sanguis
1896 1221 2053 1280 Chri-

468 1303 538 1359 sti
562 1303 811 1360 elevavit.
837 1305 925 1360 Ea:
953 1307 1249 1365 hominibus
1281 1311 1550 1380 primitiaz,
1574 1320 1679 1368 etc.
1712 1312 1779 1369 Ut
1801 1328 1869 1370 ex
1892 1328 2052 1386 grege

466 1395 705 1465 optimus
730 1412 923 1467 equus,
950 1399 1037 1455 vel
1066 1416 1133 1455 ex
1161 1400 1427 1458 fructibus
1460 1404 1736 1475 primitias.

545 1483 709 1542 Vens.
740 1487 795 1543 6.
814 1519 887 1530 -—
914 1488 987 1544 Et
1014 1491 1141 1546 vidi.
1174 1492 1456 1567 Descripta
1480 1496 1887 1568 impugnatione
1908 1496 2053 1555 facta

467 1590 567 1646 per
593 1576 728 1634 duas
766 1580 986 1649 bestias,
1030 1585 1412 1657 suppositoque
1453 1588 1650 1643 auxilio
1687 1589 1826 1661 Agni
1854 1600 1912 1646 et
1962 1591 2051 1646 di-

379 1662 387 1671 ’
468 1671 675 1742 gnitatc
695 1672 911 1730 familia:
939 1675 1053 1746 eius
1078 1687 1314 1745 ostensa,
1342 1679 1684 1754 subjungitur
1728 1683 2049 1750 admonitio,

467 1773 530 1819 ut
552 1766 619 1821 ad
649 1766 788 1823 hanc
828 1768 1085 1826 familiam
1134 1773 1427 1840 accedant,
1476 1782 1533 1829 et
1574 1775 1953 1843 comminatio,
1990 1784 2050 1831 ut

2150 589 2269 644 qua:
2292 584 2608 645 sequuntur.
2643 576 2808 645 Quasi
2832 580 3006 635 :Dum
3033 580 3091 635 in
3112 580 3317 636 mundo
3346 591 3534 649 erant,
3568 581 3775 651 majo-

2150 679 2240 720 res
2268 665 2643 723 tribulationes
2666 668 2736 722 ad
2767 667 3030 738 majorem
3069 685 3329 726 coronam
3372 671 3772 743 ingruebant:

2148 757 2296 812 unde
2328 758 2466 815 adeo
2501 757 2701 829 abjecti
2740 761 3153 832 reputabuntur,
3191 763 3289 819 sed
3323 764 3444 835 jam
3473 764 3633 820 nihil
3660 780 3771 835 pa-

2150 848 2371 906 tientur.

2156 960 2185 1005 ες
2221 942 2387 1001 Vens.
2433 944 2524 1001 14.
2546 976 2622 988 -
2642 944 2717 1002 Et
2737 947 2865 1003 uidi.
2898 946 3129 1006 Ostensa
3157 952 3633 1009 remuneratione
3662 952 3773 1009 bo-

2148 1049 2368 1102 norum,
2408 1051 2507 1107 per
2534 1039 2681 1109 quod
2725 1040 2991 1097 invitabat
3030 1041 3100 1097 ad
3138 1040 3477 1098 consortium
3523 1059 3767 1111 eorum,

2150 1126 2405 1196 supponit
2446 1128 2849 1186 damnationem
2896 1131 3205 1202 impiomm,
3235 1142 3298 1187 ut
3334 1148 3438 1203 per
3470 1142 3767 1189 terrorem

2151 1216 2314 1273 ducat
2342 1218 2410 1273 ad
2435 1218 2579 1275 idem
2623 1222 2978 1291 propositum.
3032 1221 3271 1277 Similem
3304 1220 3452 1278 Filio
3485 1224 3762 1278 hminis.

2150 1305 2288 1374 Quia
2324 1322 2431 1363 non
2460 1307 2579 1378 jam
2603 1325 2732 1368 vere
2758 1320 2878 1368 erat
2900 1310 3072 1367 Filius
3099 1312 3359 1380 hominis,
3386 1314 3482 1385 qui
3515 1314 3767 1369 inimen-

2151 1396 2297 1455 talis.

2222 1490 2387 1548 Vsus.
2430 1493 2882 1568 45.—Angelus.
2934 1495 2993 1552 1d
3030 1505 3116 1553 est
3160 1497 3525 1568 sancti,'qui
3576 1512 3768 1567 usque

2149 1581 2256 1638 huc
2295 1582 2513 1640 fuerant
2562 1586 2618 1642 in
2647 1586 2897 1643 ﬁdelibus
2934 1587 3159 1654 occulu’,
3190 1588 3247 1642 in
3275 1588 3535 1643 claritate
3583 1603 3765 1659 appa-

2150 1673 2350 1731 rebunt
2383 1674 2698 1743 iudicaturi,
2738 1686 2959 1735 orantes
3005 1693 3129 1735 cum
3171 1679 3471 1746 desiderio,
3512 1689 3579 1734 ut
3610 1679 3765 1735 Dens

2154 1765 2552 1834 separationem
2596 1765 2763 1824 faciat
2803 1769 3072 1825 bonorum
3119 1777 3178 1824 et
3219 1769 3518 1825 malorum.
3563 1768 3759 1824 Exivi!

468 1854 537 1910 ab
567 1857 670 1912 alia
705 1857 992 1916 declinem.
1034 1861 1271 1918 Alterum
1291 1863 1553 1936 angelum.
1578 1865 1635 1921 ld
1662 1877 1749 1922 est
1782 1868 2045 1937 praedica-
2074 1844 2122 1905 Β
2148 1856 2213 1912 de
2258 1858 2468 1931 templo.
2517 1860 2678 1915 Exire
2728 1861 2981 1919 dicuntur
3022 1862 3199 1918 sancti
3235 1861 3304 1917 de
3344 1861 3579 1932 ιθωριον
3631 1876 3759 1917 ωτι

464 1952 614 2019 tores
646 1949 739 2019 qui
767 1961 894 2007 sunt
918 1953 1073 2009 alteri
1098 1971 1126 2009 a
1160 1954 1397 2022 Christo,
1432 1957 1485 2012 id
1521 1965 1605 2013 est
1622 1958 1796 2014 vicem
1820 1956 1938 2027 ejus
1960 1973 2050 2015 ex-

2159 1946 2257 2014 iam
2302 1957 2564 2019 apparent
2602 1965 2709 2005 non
2738 1951 2929 2021 quales
2969 1951 3101 2008 olim
3139 1950 3375 2018 fuerant,
3409 1953 3517 2007 sed
3554 1952 3761 2022 quales

467 2048 771 2109 sequentes.
805 2040 912 2096 Per
931 2043 1160 2100 medium
1183 2046 1315 2100 caili.
1346 2046 1452 2102 Per
1495 2047 1818 2103 catholicam
1859 2049 2049 2106 Eccle-

2150 2038 2208 2093 in
2252 2047 2513 2094 aeternum
2564 2041 2825 2097 mansuri.
2881 2040 3022 2108 Quia
3067 2043 3201 2097 venit
3249 2043 3406 2110 liora,
3430 2051 3551 2098 etc.
3618 2042 3757 2109 Quia

467 2130 625 2197 siam,
646 2146 810 2201 quam
830 2135 1011 2190 verbis
1040 2144 1097 2190 et
1116 2138 1380 2239 exemplis
1400 2154 1582 2195 secum
1607 2141 1848 2196 trahunt.
1870 2141 2051 2199 Evan—
2145 2129 2259 2200 iam
2289 2140 2374 2186 εει
2403 2140 2799 2204 Opportunum:
2842 2130 2967 2189 cum
3008 2134 3308 2206 οοωριθιυε
3354 2135 3431 2191 δίε
3482 2150 3756 2190 “amem

466 2220 662 2292 gelium
690 2233 960 2280 wternum.
992 2225 1052 2282 ld
1077 2237 1161 2284 est
1181 2220 1621 2299 praedicationem
1648 2241 1908 2291 aeternam
1932 2250 2054 2306 pro-

468 2311 795 2383 mittentem,
820 2324 876 2372 et
903 2316 989 2373 sui
1016 2318 1397 2377 observatores
1434 2321 1503 2377 ad
1541 2323 1899 2381 aeternitatem
1946 2325 2048 2381 du-

465 2414 713 2465 cantem.

538 2499 702 2556 Vens.
735 2499 786 2556 7.
810 2533 880 2543 —
903 2502 1099 2561 Timete
1121 2505 1426 2576 Dominum,
1450 2516 1557 2566 etc.
1579 2509 1727 2567 Bene
1752 2514 2048 2583 operando,

468 2597 523 2647 et
558 2590 695 2649 bene
716 2593 781 2649 de
806 2610 871 2650 eo
898 2599 1291 2665 annuntiando,
1316 2610 1376 2655 ut
1398 2616 1497 2672 per
1524 2618 1621 2659 vos
1643 2603 1912 2675 gloriosus
1949 2620 2047 2676 ap-

467 2692 678 2751 pareat.
704 2682 844 2750 Quia
872 2689 1026 2742 venit.
1057 2688 1223 2757 Quasi
1248 2690 1393 2746 dicat
1421 2710 1436 2747 :
1466 2692 1584 2749 Non
1612 2693 1900 2764 deﬁciatis,
1922 2698 2049 2767 quia

470 2789 581 2830 non
622 2790 782 2848 .ongo
814 2787 1058 2849 tempore
1091 2782 1393 2851 patiemini.

542 2863 706 2922 Vsus.
744 2868 799 2924 8.
828 2898 899 2909 -
926 2870 995 2923 Et
1032 2871 1170 2927 alius
1205 2875 1421 2946 angelus
1442 2888 1649 2935 secutus
1672 2888 1748 2935 est
1775 2897 1915 2937 eum.
1937 2880 2052 2939 Hoc

472 2955 644 3025 dicit,
689 2962 818 3031 quia
868 2965 1257 3036 praedicatores
1300 2970 1405 3026 sibi
1451 2972 1683 3029 invicem
1712 2974 2049 3043 succedunt.

471 3045 692 3106 Cecidit.
732 3050 823 3108 Bis
850 3056 1088 3124 positum
1119 3059 1442 3118 vocabulum
1481 3062 1695 3129 cecidit,
1728 3065 2050 3122 inﬁnitatem

470 3139 783 3212 signiﬁcat,
831 3146 887 3202 in
933 3164 1041 3219 quo
1098 3152 1411 3208 omnimoda
1458 3155 1756 3213 destructio
1800 3158 2051 3230 intelligi-

2150 2230 2391 2280 tuorum.

2223 2316 2390 2371 Vsus.
2438 2316 2527 2373 18.
2554 2347 2626 2359 —-
2657 2317 2729 2373 Et
2754 2317 2895 2373 alius
2933 2318 3175 2390 angelus,
3202 2326 3311 2376 etc.
3348 2319 3499 2376 Cum
3530 2329 3754 2377 sanctus

2149 2405 2386 2467 Joannes
2427 2409 2755 2466 ostendisset
2787 2409 2959 2466 Deum
2986 2418 3309 2481 potestatem
3324 2411 3629 2481 iudicandi
3658 2414 3757 2468 lia-

2149 2501 2372 2557 bentem
2406 2516 2441 2556 a
2477 2503 2683 2558 sanctis
2724 2502 3022 2573 implorari,
3059 2512 3119 2560 et
3157 2505 3241 2560 sic
3270 2503 3563 2574 judicium
3609 2507 3752 2570 ﬁeri,

2149 2593 2387 2649 ostendit
2433 2594 2684 2652 eamdem
2731 2602 3056 2665 potestatem
3104 2604 3324 2652 sanctos
3386 2596 3608 2653 habere
3632 2637 3650 2662 ,
3701 2605 3757 2652 et

2151 2691 2426 2748 Christum
2475 2701 2538 2749 ut
2581 2691 2828 2763 judicent
2880 2693 3149 2764 imperare
3172 2731 3190 2759 ,
3234 2700 3293 2749 et
3335 2692 3466 2749 illos
3516 2693 3757 2764 imperio

2150 2787 2393 2843 obedire.
2421 2785 2575 2841 Alius
2608 2784 2845 2857 angelus,
2889 2787 2944 2842 id
2990 2795 3075 2842 est
3112 2785 3389 2853 Christus,
3422 2787 3526 2857 qui
3574 2785 3756 2842 occul-

2149 2887 2240 2935 tus
2288 2886 2346 2934 et
2385 2877 2509 2933 vilis
2555 2877 2776 2945 fuerat,
2820 2878 2876 2933 in
2918 2876 3173 2934 ﬁdelibus
3218 2877 3405 2935 clarus
3451 2876 3747 2948 apparuit,

2150 2980 2208 3027 et
2237 2957 2459 3027 veniens
2485 2970 2552 3026 de
2584 2970 2769 3037 altari,
2810 2970 2864 3025 id
2899 2978 2986 3026 est
3016 2969 3083 3025 de
3107 2970 3228 3026 loco
3253 2969 3580 3035 secretiori,
3613 2968 3754 3039 quod

2152 3078 2430 3133 nunquam
2457 3061 2548 3117 alii
2580 3062 2776 3129 sancti,
2814 3062 2960 3117 solus
2981 3062 3126 3117 enim
3148 3060 3408 3118 Christus
3439 3070 3535 3117 est
3578 3062 3756 3132 cogni-

2154 3161 2243 3210 tus
2282 3154 2353 3209 ab
2381 3153 2634 3210 omnibus
2658 3153 2770 3210 Deo
2796 3153 3293 3210 consubstantialis.
3347 3152 3512 3208 Iliae
3537 3154 3750 3223 falcem.

470 3230 578 3323 tur.
640 3234 775 3292 Vino
804 3240 899 3295 ira:
929 3244 1318 3314 fornicationis.
1349 3247 1411 3303 ld
1447 3256 1534 3304 est
1560 3249 1738 3318 vitiis,
1777 3261 1831 3307 et
1863 3221 2050 3323 praeci-

2159 3243 2263 3301 Per
2287 3259 2521 3301 messem
2567 3252 2729 3301 terra:
2765 3253 2821 3300 et
2845 3260 2978 3301 uvas
3003 3245 3194 3311 vinem,
3218 3221 3551 3301 eornmdeni
3587 3244 3756 3299 malo-

468 3322 578 3397 pue
617 3328 945 3400 idololatria,
970 3350 1090 3406 qua:
1127 3346 1211 3392 est
1256 3337 1430 3396 dulcis
1464 3351 1625 3413 potus
1668 3322 2051 3414 peccantibus,

475 3420 673 3491 quibus
736 3425 840 3496 ipsi
904 3427 1040 3486 alios
1089 3431 1415 3502 inquinant,
1473 3444 1566 3502 et,
1625 3452 1694 3492 ne
1746 3445 1896 3493 recto
1950 3444 2053 3492 tra-

469 3512 602 3599 mite
638 3515 986 3587 gradiantur,
1027 3522 1331 3592 inebriant;
1371 3527 1514 3583 unde
1565 3527 1792 3584 debetur
1841 3530 1923 3585 eis
1970 3530 2055 3586 ira

468 3603 586 3661 Dei.
618 3606 820 3664 Purum
840 3612 1026 3668 vinum
1065 3616 1293 3685 bibitur,
1336 3619 1465 3674 dum
1503 3618 1739 3690 ﬂagellat
1778 3621 1920 3678 Deus
1963 3622 2056 3678 hic

468 3696 538 3753 ad
559 3701 991 3760 emendationem
1023 3723 1037 3761 :
1065 3709 1361 3778 turbidum,
1402 3711 1528 3767 dum
1578 3711 1811 3770 infertur
1851 3724 2054 3773 aeterna

471 3789 772 3851 damnatio.
1652 3852 1661 3864 .

543 3879 707 3974 Vsus.
744 3885 798 3941 9.
821 3918 891 3928 —
910 3888 979 3944 Et
1010 3892 1227 3963 angelus
1249 3898 1451 3951 tertius.
1491 3897 1624 3956 Tres
1649 3901 1804 3972 ponit
1823 3917 1923 3974 pro
1946 3901 2055 3960 ﬁde

471 3968 776 4044 Trinitatis,
803 3995 926 4036 cum
967 3982 1074 4039 tria
1097 3985 1214 4042 hinc
1237 3987 1295 4043 in
1336 3988 1525 4045 eadem
1564 3968 1798 4062 persona
1824 3968 2055 4065 possint

448 4116 449 4119 η
470 4067 825 4126 considerari.

464 4226 475 4233 _
540 4159 704 4218 Vsus.
744 4163 829 4219 10.
854 4197 922 4206 -
954 4166 1110 4235 Quod
1133 4170 1366 4226 mistum.
1396 4171 1563 4240 Quasi
1590 4173 1779 4231 dicat:
1810 4174 1915 4244 Qui
1941 4189 2052 4233 non

344 4292 349 4299 .
466 4253 789 4326 corrrigitur
808 4258 1049 4314 vindicta
1078 4260 1195 4331 ejus
1220 4265 1290 4320 ad
1322 4267 1717 4324 correctionem
1753 4269 1902 4336 data,
1948 4284 2053 4339 pu-

467 4344 648 4401 nietur
688 4356 892 4404 aeterna
930 4365 1114 4421 paena.
1161 4352 1232 4408 In
1279 4354 1463 4413 calice.
1494 4356 1645 4413 Calix
1684 4367 1770 4416 est
1812 4360 2053 4417 vindicta

467 4438 584 4505 Dei,
610 4440 701 4496 ubi
725 4442 959 4514 desuper
982 4460 1196 4504 merum
1234 4450 1380 4521 quod
1416 4449 1484 4506 ad
1522 4453 1918 4510 correctionem
1961 4453 2054 4510 hic

2153 3354 2275 3394 rum
2302 3338 2581 3394 damnatio
2628 3337 2976 3409 intelligitur;
3017 3337 3113 3393 sed
3158 3346 3338 3392 tamen
3378 3351 3487 3406 per
3532 3337 3751 3391 vineam

2154 3430 2275 3487 illos
2301 3430 2711 3486 determinatius
2733 3431 2998 3486 habemus
3024 3430 3117 3499 qui
3144 3428 3341 3500 majori
3378 3428 3579 3484 studio
3614 3428 3755 3485 mala

2154 3522 2542 3593 operabantur,
2570 3522 2714 3578 sicut
2740 3521 2931 3587 vincte,
2967 3529 3030 3576 ut
3067 3518 3361 3591 fructiﬁeet
3403 3519 3598 3591 major
3627 3534 3756 3575 cura

2153 3630 2317 3685 quam
2343 3621 2505 3670 terra:
2528 3614 2833 3671 adhibetur.

2227 3707 2388 3763 Vsus.
2435 3706 2524 3761 19.
2555 3704 2719 3760 -Ει
2743 3706 2887 3761 misit
2931 3705 2987 3760 in
3027 3704 3226 3771 lacum,
3260 3711 3366 3762 etc.
3405 3703 3578 3763 Unde
3614 3704 3747 3761 Pro-

2151 3799 2316 3870 pheta
2352 3816 2367 3854 :
2408 3797 2587 3855 Lacus
2630 3797 2724 3854 ubi
2769 3813 2880 3854 non
2922 3804 3045 3855 erat
3076 3813 3237 3871 aqua,
3283 3797 3342 3854 id
3383 3806 3480 3855 est
3516 3799 3756 3872 refrige-

2152 3906 2318 3947 rium.
2416 3940 2423 3947 .

2229 3981 2390 4037 Vsus.
2418 3981 2508 4037 20.
2537 4010 2610 4023 —
2636 3982 2708 4037 Et
2730 3982 2888 4038 exiuit
2906 3984 3146 4054 sanguis.
3192 3980 3421 4038 Etema
3444 3997 3627 4054 poena
3658 3998 3757 4055 pro

2150 4082 2374 4146 peccato
2425 4073 2723 4145 sanguinis,
2767 4088 2878 4129 non
2913 4079 3096 4127 autem
3137 4072 3325 4127 vinum
3365 4074 3514 4143 quod
3560 4082 3658 4131 est
3699 4073 3753 4127 in

2151 4166 2370 4223 cellario
2411 4167 2508 4222 Dei
2554 4165 2790 4239 ponitur.
2843 4163 3018 4236 Usque
3053 4165 3123 4219 ad
3151 4164 3329 4235 frenos
3370 4181 3665 4236 equorum,
3700 4164 3755 4219 id

2151 4268 2235 4315 est
2270 4274 2441 4330 usque
2481 4258 2550 4313 ad
2584 4259 2729 4329 ipsos
2774 4266 3017 4314 rectores
3061 4257 3370 4327 iniquorum
3410 4257 3750 4327 punienths.

2151 4345 2360 4406 scilicet
2384 4349 2649 4405 diabolos.
2690 4347 2798 4403 Per
2828 4348 3024 4403 stadia.
3071 4346 3274 4404 Omnes
3313 4346 3562 4418 intellige
3612 4347 3755 4402 ludis

2152 4438 2359 4506 mundi,
2398 4438 2455 4495 id
2481 4447 2565 4497 est
2602 4439 2751 4494 vitiis
2792 4438 3061 4504 detentos,
3089 4437 3181 4507 qui
3215 4436 3303 4492 vel
3334 4436 3677 4508 simpliciter
3698 4437 3753 4495 in

466 4527 725 4640 vindicat,
757 4532 949 4590 subtus
978 4545 1064 4592 est
1082 4535 1207 4605 faex,
1235 4540 1289 4595 id
1317 4549 1401 4598 est
1438 4540 1713 4599 damnatio
1735 4544 1793 4598 in
1820 4543 2046 4600 ultimis.

2159 4530 2255 4591 hoc
2286 4539 2415 4588 sunt
2448 4530 2697 4601 perfecti,
2738 4530 2882 4600 quod
2904 4546 3004 4601 per
3039 4543 3137 4640 se‘x
3167 4528 3464 4640 habemus:
3506 4528 3603 4629 vel
3630 4543 3755 4640 per:

464 4616 659 4677 Bibent
685 4622 837 4694 impii
868 4625 934 4681 de
959 4626 1105 4697 vino,
1134 4630 1188 4686 id
1224 4640 1310 4688 est
1336 4632 1414 4689 _de
1454 4632 1631 4690 faece:
1682 4634 1827 4705 quod
1863 4635 2048 4691 vinum
2073 4616 2126 4640 ν
2154 4623 2429 4689 tectiores.
2459 4622 2609 4694 quod
2627 4636 2727 4693 per
2751 4629 3000 4689 centum;
3038 4618 3125 4691 vel
3150 4616 3569 4691 perfectissimi.
3604 4617 3754 4689 quod

466 4711 595 4782 quia
616 4714 729 4769 vult
754 4715 823 4771 ad
857 4722 1321 4790 comparationem
1358 4725 1497 4780 meri
1540 4727 1828 4782 ostendere
1872 4724 2053 4782 turbi-

467 4803 617 4872 dum,
642 4806 793 4863 addit
825 4811 971 4879 quod
998 4812 1219 4867 mistum
1253 4822 1356 4870 est.

542 4892 700 4953 Vsus.
724 4898 785 4954 11
799 4932 899 4953 .-
916 4899 986 4955 Et
1012 4903 1187 4973 fumus
1214 4915 1609 4963 tormentorum.
1631 4907 1785 4976 Quod
1799 4910 2050 4980 quaedam

467 4988 536 5043 de
558 4988 905 5048 damnatione
924 4992 1187 5050 malorum
1212 5006 1484 5066 numerat,
1506 5014 1612 5055 non
1631 4999 1761 5055 dicit
1773 5016 1874 5071 pro
1899 5001 2050 5057 dam-

467 5081 688 5138 natione
700 5082 1055 5143 describenda
1073 5106 1085 5143 :
1102 5090 1197 5146 sed
1211 5099 1416 5147 tantum
1430 5108 1532 5163 pro
1545 5101 1754 5149 terrore
1766 5094 2048 5153 inferendo

466 5171 577 5253 illis
602 5166 747 5248 quos
772 5177 1010 5236 deterret
1036 5181 1104 5238 ab
1131 5198 1316 5240 eorum
1364 5186 1658 5244 consortio.
1700 5186 1953 5243 Ascendet
1994 5188 2052 5244 in

467 5266 684 5326 swcula.
716 5267 849 5327 Cum
878 5273 1046 5331 dicit:
1077 5279 1320 5335 ascendet
1353 5280 1413 5334 in
1450 5279 1670 5349 swcula,
1710 5290 1867 5339 notat
1898 5290 2057 5340 aeter-

468 5374 594 5441 nam
616 5375 832 5433 poenam
862 5368 1187 5426 continuari.
1226 5370 1340 5428 Nec
1356 5372 1545 5429 habent
1568 5374 1814 5446 requiem.
1842 5374 2053 5443 Quasi:

468 5447 589 5506 Non
641 5454 839 5511 mirum
889 5458 934 5514 si
989 5459 1064 5515 illi
1113 5461 1205 5532 qui
1236 5460 1636 5520 Antichristnm
1684 5464 2052 5521 adoraverunt

469 5552 714 5618 tempore
736 5549 904 5619 ipsius
927 5552 1240 5622 punientur,
1264 5554 1391 5622 quia
1429 5555 1512 5613 sui
1538 5555 1705 5612 etiam
1736 5556 2053 5628 praeceden-

465 5645 550 5696 tes
574 5641 809 5715 ministri
835 5632 1082 5707 eamdem
1119 5660 1339 5716 poenam
1362 5647 1658 5709 habebunt.
1694 5692 1697 5695 λ

541 5734 704 5792 Vnus.
732 5736 1325 5813 li—Hic‘patientia,
1366 5748 1475 5800 etc.
1504 5741 1562 5799 Id
1604 5750 1690 5800 est
1727 5743 1818 5801 hic
1853 5744 2057 5801 debent

466 5826 737 5919 patienter
754 5829 873 5922 pati
897 5831 1090 5905 sancti,
1113 5848 1199 5900 ne,
1211 5834 1433 5895 veniant
1448 5835 1518 5897 ad
1535 5842 1795 5895 aiternam
1813 5850 2051 5908 pinnam.
2106 5922 2117 5929 .

2152 4728 2252 4787 per
2275 4711 2447 4771 mille.

2738 4779 2970 4840 CAPUT
3019 4779 3137 4837 XV.

2191 4900 2389 4974 .Vsns.
2436 4897 2582 4953 1.-
2607 4895 2678 4951 Et
2711 4896 2840 4963 uidi,
2872 4906 2981 4952 etc.
3019 4895 3079 4952 ln
3112 4895 3199 4951 his
3228 4896 3405 4953 tribus
3443 4895 3757 4953 visionibus

2153 4990 2496 5064 supradictis,
2527 4989 2582 5045 id
2606 4996 2691 5045 est
2718 4988 3049 5046 revelatione
3074 4989 3487 5061 mysteriorum,
3508 4990 3758 5046 ‘datinne

2153 5085 2405 5140 tubarum
2430 5121 2447 5149 ,
2492 5088 2549 5137 et
2589 5081 2649 5136 in
2684 5082 2864 5153 p‘ugna
2912 5080 3154 5137 mulieris
3194 5089 3384 5138 contra
3426 5080 3746 5149 diabolum,

2152 5194 2185 5235 a
2234 5177 2501 5250 principio
2531 5176 2938 5248 -redemptionis
2960 5228 2967 5237 ,
2986 5184 3310 5248 proSecutus
3362 5184 3449 5233 est
3494 5175 3753 5232 ordinem

2154 5270 2434 5342 usquead
2458 5270 2601 5326 diem
2623 5268 2816 5342 judicii
2840 5287 2855 5324 :
2881 5269 2935 5325 in
2974 5269 3060 5327 his
3087 5278 3221 5326 vero
3262 5266 3439 5324 tribus
3461 5266 3751 5338 sequend-

2155 5368 2276 5434 bus,
2306 5367 2453 5423 circa
2479 5365 2673 5421 ultima
2717 5372 2965 5436 tempora
3006 5363 3357 5429 immoratur,
3374 5361 3529 5432 quia
3564 5360 3641 5416 de
3664 5358 3781 5441 hic

2155 5459 2587 5533 praecedentibus
2647 5459 2705 5515 in
2754 5457 2878 5515 aliis
2932 5457 3133 5515 divinis
3166 5455 3486 5527 ~Scripturis
3536 5454 3747 5509 dictum

2155 5553 2488 5612 enucleatius
2509 5590 2527 5618 ,
2578 5553 2659 5608 de-
2690 5550 2798 5607 illis
2843 5564 2974 5607 vero
3020 5563 3217 5621 parum
3252 5556 3312 5605 et
3345 5546 3639 5606 occultius.
3684 5544 3747 5600 In

2156 5648 2264 5705 hac
2294 5663 2427 5719 ergo
2464 5645 2654 5717 quinta
2691 5642 3185 5709 visionermateria
3212 5648 3343 5697 sunt
3378 5648 3595 5711 septem
3641 5650 3745 5691 aa-

2159 5741 2266 5815 geli
2296 5748 2547 5797 tenuitas
2582 5736 2821 5809 phialas,
2860 5738 2915 5791 in
2944 5736 3145 5807 qui-bus
3161 5737 3523 5792 continentur
3540 5733 3747 5804 plaga,

2160 5833 2217 5895 id
2258 5839 2345 5889 est
2384 5828 2789 5889 destructiones
2820 5826 3137 5899 iniquorum
3164 5825 3271 5901 qui
3316 5832 3565 5899 tempore
