3948 6314
149 365 242 426 737

999 389 1002 391 λ
1083 359 1354 420 GLOSSA
1389 361 1785 421 ORDINARIA.
1822 392 1894 403 -——
1931 360 2124 447 APOC.
2167 364 2472 425 JOANNIS.

3284 383 3390 445 738

154 473 331 536 Christi
361 452 544 540 erunt,
569 487 689 544 quae
713 473 1008 530 destructio
1035 477 1271 532 maxime
1300 477 1548 532 hortatur
1574 492 1711 548 ρι-τθ-
1735 479 1789 541 Α
1814 483 1920 530 tur.
1956 475 2140 532 Omnis
2167 481 2347 536 anima
2376 483 2563 538 vivens.
2599 484 2800 543 Omnes
2843 492 3268 565 consentientes,
3294 500 3386 571 qui

152 578 320 628 sentes
347 566 413 620 ad
453 565 786 636 patiendum.
834 566 892 621 In
919 569 1267 638 sequentibus
1291 570 1445 638 ponit
1476 571 1714 626 visiones

153 673 444 725 tres,cum
502 666 734 728 quatuor
793 659 901 714 sint
948 662 1289 732 supradictae.
1357 662 1462 717 Sed
1515 662 1714 716 omissa

150 756 332 828 prima,
357 766 477 822 qua:
505 749 607 806 fuit
635 751 701 805 de
727 753 1065 808 correctione
1092 754 1466 821 ecclesiarum,
1495 755 1560 808 de
1597 753 1714 808 aliis

155 846 315 903 tribus
343 844 492 909 dicit,
531 844 968 901 consideratione
994 855 1196 900 tamen.
1229 845 1298 900 Et
1329 846 1583 900 mirabile.
1615 846 1716 901 Mi-

149 953 261 997 rum
305 944 388 994 est
435 937 714 993 hominem
761 939 963 994 habere
998 947 1206 994 tantam
1253 948 1606 1010 potestatem,
1652 951 1714 999 ut

150 1032 275 1088 alios
305 1030 478 1100 possit
507 1029 788 1088 damnare.
835 1030 1034 1102 Plagas
1061 1041 1274 1102 septem,
1306 1032 1358 1086 id
1385 1041 1471 1088 est
1499 1048 1709 1103 omnes,

147 1123 555 1182 excecationem
583 1118 639 1177 et
664 1123 1083 1180 destructionem
1107 1124 1318 1179 illorum
1347 1125 1440 1195 qui
1471 1132 1711 1195 tempore

149 1213 457 1271 Antichristi
487 1221 671 1269 erunt.
715 1214 977 1280 Quoniam
1001 1215 1058 1269 in
1084 1213 1213 1269 illis.
1240 1213 1382 1271 Vere
1405 1215 1587 1287 plagas
1617 1219 1710 1272 ha-

146 1309 355 1372 bebunt,
387 1307 514 1376 quia
544 1307 681 1362 iram
709 1308 804 1363 Dei
849 1322 1012 1378 super
1036 1307 1248 1378 iniquos
1274 1309 1625 1375 exercebunt,
1656 1318 1712 1366 et

145 1415 262 1455 vere
288 1399 614 1467 novissimus,
640 1400 766 1469 quia
807 1399 864 1455 in
889 1400 1090 1456 mundo
1110 1409 1233 1467 post
1261 1415 1353 1456 eas
1379 1416 1487 1457 non
1514 1401 1712 1457 inferet

143 1477 276 1548 Deis
299 1489 454 1546 alias.

206 1581 366 1637 Vens.
414 1581 468 1636 ἓ.
496 1612 564 1622 -
595 1581 868 1652 Tanquam
907 1599 1053 1638 mare
1073 1585 1293 1640 vitreum
1319 1585 1531 1639 mistum
1568 1585 1705 1656 igne.

141 1676 193 1732 Id
231 1684 310 1730 est
342 1674 693 1745 baptismum,
721 1675 811 1730 ubi
847 1675 971 1731 ﬁdei
999 1677 1208 1746 puritas
1245 1677 1498 1747 exigitur,
1529 1685 1583 1732 et
1611 1677 1710 1731 ho-

141 1768 300 1822 mines
336 1783 366 1820 a
399 1767 548 1822 vitiis
573 1766 922 1822 mundantur.
957 1766 1223 1822 Habentes
1252 1769 1502 1833 citharas,
1535 1767 1588 1823 id
1624 1773 1708 1824 est

1813 569 1997 624 vivere
2034 570 2304 639 videntur,
2343 590 2450 630 non
2480 577 2604 647 quia
2635 589 2817 649 aperte
2832 571 3262 657 persequuntur,
3294 569 3389 650 sed

1812 669 2036 730 prepter
2059 676 2382 720 consensum
2417 667 2831 727 damnabuntur.

1890 750 2052 806 Vens.
2084 753 2225 807 4.-
2249 755 2418 828 Super
2444 761 2685 829 ﬂumina,
2709 773 2816 820 etc.
2849 765 2981 834 Quia
3009 769 3256 830 similiter
3299 776 3387 835 isti

1814 840 2212 898 damnabuntur
2273 862 2372 916 pro
2423 853 2686 921 sanguine
2750 870 2910 925 quem
2964 859 3252 933 fuderunt,
3302 870 3387 926 vel

1813 937 2186 1006 corporaliter,
2220 940 2306 994 vel
2339 941 2706 1011 spiritualiter.

1883 1023 2050 1081 Vens.
2098 1028 2152 1083 5.
2179 1030 2482 1087 —-Audivi.
2525 1034 2580 1089 Id
2607 1045 2692 1091 est
2741 1038 2975 1097 intellexi
3020 1045 3166 1116 ipsos
3193 1054 3386 1120 praedi-

1809 1126 2022 1173 catores
2066 1120 2157 1189 qui
2211 1122 2349 1179 hanc
2393 1125 2688 1182 vindictam
2735 1129 2957 1202 facient,
2989 1153 3096 1193 non
3147 1141 3249 1197 sibi
3294 1146 3388 1202 sed

1811 1206 2041 1266 Domino
2108 1214 2466 1273 attribuentes
2514 1226 2570 1273 et
2614 1217 2760 1288 juste
2808 1223 2926 1279 ﬁeri
2983 1229 3385 1293 continuantes.

1812 1298 1918 1365 Qui
1961 1318 2017 1355 es
2059 1310 2107 1356 et
2133 1306 2223 1374 qui
2263 1323 2401 1361 eras.
2446 1307 2742 1367 Venturum
2771 1329 2880 1368 non
2925 1318 3098 1387 ponit,
3152 1323 3280 1393 quia
3330 1327 3385 1382 in

1808 1391 2060 1459 proximo
2098 1403 2386 1452 venturum
2428 1398 2709 1457 intellexit.

1880 1480 2045 1538 Vens.
2108 1483 2162 1539 6.
2213 1517 2288 1529 ——
2337 1488 2408 1544 Et
2425 1495 2734 1563 sanguinem
2770 1499 2846 1552 eis
2881 1500 3072 1558 dedisti
3110 1506 3296 1561 bibere.
3330 1507 3387 1564 Id

1805 1583 1912 1642 est,
1945 1585 2201 1633 aeternam
2229 1593 2442 1649 ptenam
2461 1600 2558 1654 pro
2580 1585 2842 1646 effusione
2869 1596 3167 1666 sanguinis,
3197 1599 3253 1654 in
3282 1615 3387 1670 qua

1809 1671 2167 1736 promerenda
2205 1681 2332 1728 sunt
2364 1675 2634 1732 delectati.

1881 1764 2043 1820 Vens.
2071 1766 2288 1820 7.—Et
2316 1771 2514 1824 audiui.
2543 1772 2695 1838 Quod
2723 1776 2969 1846 magistri
2997 1780 3200 1846 dicunt,
3229 1783 3390 1840 disci-

139 1857 524 1915 mortiticantes
559 1873 803 1923 carnem,
846 1859 990 1927 quod
1028 1858 1171 1913 Deus
1199 1859 1279 1914 eis
1319 1857 1571 1927 injunxit,
1619 1857 1705 1913 vel
1730 1835 1780 1898 Β
1807 1855 1916 1925 puli
1943 1835 2737 1929 confirmant.Etiam,Domine
2757 1835 2899 1923 nZus
2923 1835 3264 1942 omnipotens,
3279 1885 3387 1932 etc.

138 1952 271 2021 quod
293 1951 450 2022 prior
481 1950 599 2021 ipse
621 1950 769 2006 fecit.

201 2045 363 2102 Vens.
424 2044 478 2098 3.
503 2075 573 2084 —
599 2044 872 2100 Canticum
915 2044 1105 2116 Moysi.
1152 2046 1209 2102 Id
1243 2054 1326 2100 est
1351 2054 1588 2102 veterem
1633 2045 1708 2102 le-

137 2151 267 2207 gem,
310 2143 369 2190 et
407 2144 492 2191 est
525 2136 816 2191 exsultatio
858 2138 997 2192 bene
1043 2137 1487 2208 intelligentibus,
1534 2138 1588 2192 id
1625 2147 1709 2193 est

135 2228 506 2297 spiritualiter.
551 2225 680 2293 Vite,
712 2228 765 2282 id
792 2236 876 2283 est
905 2228 1271 2283 institutiones
1298 2229 1416 2295 Dei,
1449 2243 1544 2298 per
1573 2245 1707 2300 quas

136 2331 228 2370 nos
255 2316 320 2370 ad
344 2317 540 2380 Deum,
572 2315 654 2371 vel
683 2316 796 2385 ipse
822 2316 890 2370 ad
915 2331 1013 2370 nos
1037 2317 1202 2381 venit,
1233 2326 1357 2371 sunt
1373 2317 1556 2387 justas,
1584 2319 1709 2388 quia

138 2410 422 2479 unicuique
449 2423 549 2479 pro
577 2409 1062 2473 meritoseddunt;
1097 2418 1151 2463 et
1176 2425 1328 2476 verte,
1357 2410 1483 2480 quia
1508 2411 1708 2480 perdu-

135 2509 258 2556 cunt
286 2516 397 2571 quo
425 2501 770 2570 promittunt.

202 2590 366 2649 Vens.
399 2592 454 2646 4.
484 2622 553 2632 —
586 2591 803 2645 Iudicia
834 2601 948 2657 tua,
983 2601 1088 2647 etc.
1127 2591 1281 2658 Quod
1306 2593 1566 2662 quosdam
1607 2593 1706 2648 eli-

135 2687 231 2758 gis,
258 2687 526 2758 quosdam
561 2687 842 2758 reprobas,
880 2697 943 2742 ut
987 2695 1320 2759 cognoscant
1357 2688 1553 2758 fideles
1591 2702 1709 2744 esse

134 2794 198 2833 ex
219 2779 454 2853 justitia.

199 2868 369 2923 Vens.
402 2867 546 2922 5.—
570 2868 640 2922 Et
676 2881 790 2939 post
832 2871 962 2924 hare.
1007 2869 1141 2926 Cum
1182 2871 1549 2927 ostendissent
1590 2872 1709 2929 illos

131 2960 357 3030 angelos
401 2959 602 3015 habere
629 2969 949 3030 potestatem
993 2963 1264 3032 plagandi,
1301 2947 1546 3019 dicturus
1571 2978 1708 3034 quas

125 3051 318 3122 plagas
352 3049 431 3104 illi
461 3059 588 3104 sunt
627 3050 846 3117 illaturi,
875 3053 1024 3120 prius
1055 3054 1305 3123 proponit
1341 3070 1560 3108 causam
1601 3070 1709 3124 qua

125 3142 374 3199 ostendit
414 3142 535 3198 illos
574 3143 765 3214 dignos
808 3158 928 3198 esse
954 3144 1045 3214 qui
1088 3143 1273 3214 plagas
1311 3153 1436 3198 sunt
1476 3146 1708 3215 passuri,

127 3235 343 3290 scilicet
372 3235 497 3304 quia
534 3235 715 3290 omnia
746 3236 1002 3306 mysteria
1029 3235 1284 3291 Ecclesia:
1313 3244 1437 3290 sunt
1475 3237 1708 3292 revelata

127 3325 385 3382 omnibus
412 3325 714 3382 volentibus
751 3327 970 3390 intrare,
1005 3343 1124 3396 qua:
1180 3327 1268 3381 isti
1327 3328 1470 3382 malo
1518 3329 1710 3385 merito

129 3435 225 3475 suo
247 3434 359 3474 non
381 3427 608 3488 possunt
637 3418 954 3488 intelligere.
975 3419 1224 3489 Apertum
1254 3429 1327 3473 est
1355 3419 1622 3489 templum,
1657 3419 1710 3476 id

129 3521 211 3566 est
259 3509 505 3566 revelata
556 3518 682 3565 sunt
734 3510 991 3580 mysteria
1035 3509 1310 3576 Ecclesiae,
1343 3510 1397 3564 in
1435 3526 1541 3581 qua
1567 3511 1710 3567 Deus

128 3601 357 3669 habitat,
387 3610 444 3658 et
475 3603 544 3658 ad
570 3603 832 3658 honorem
864 3601 960 3658 Dei
991 3603 1244 3657 militant.

195 3693 364 3749 Vens.
397 3693 450 3748 6.
471 3725 542 3734 -
575 3691 644 3747 Et
678 3695 937 3748 exierunt.
974 3693 1042 3748 Et
1068 3693 1194 3764 quia
1221 3694 1292 3748 ita
1321 3703 1506 3764 aperta
1528 3701 1708 3762 erant,

129 3785 357 3841 exibunt
407 3785 790 3857 praedicatores
836 3794 890 3841 et
943 3787 1337 3856 reprehendent
1391 3787 1530 3842 male
1576 3803 1709 3858 ope-

129 3887 333 3934 rantes.

194 3969 363 4026 Vens.
402 3969 458 4024 ’7.
480 4001 554 4013 -
575 3970 644 4025 Et
674 3987 856 4024 unum.
897 3969 1031 4036 Quia
1059 3971 1201 4040 quod
1239 3971 1313 4025 illi
1344 3972 1708 4042 praedicabunt

127 4075 193 4117 ex
216 4062 562 4118 institutione
586 4063 826 4134 priorum
854 4070 1068 4132 patrum
1091 4063 1382 4128 habebunt,
1409 4064 1496 4132 qui
1521 4080 1708 4118 omnes

128 4169 265 4210 unus
292 4157 574 4221 dicuntur,
602 4155 730 4224 quia
757 4169 922 4208 unum
952 4154 1166 4209 docent.
1193 4153 1515 4219 Iracunditr,
1545 4153 1594 4206 id
1627 4162 1708 4208 est

121 4246 219 4304 ira
248 4267 262 4303 :
287 4250 420 4320 quia
455 4248 757 4318 corrigunt,
781 4247 1102 4317 corripiunt,
1135 4246 1273 4301 iram
1300 4247 1395 4301 Dei
1431 4245 1706 4316 peccanti-

126 4338 228 4395 bus
249 4341 558 4413 minantur,
590 4339 880 4407 aliquando
915 4338 1080 4394 etiam
1114 4338 1611 4394 excommunicant.

121 4470 135 4478 .
194 4431 360 4488 Vens.
393 4431 450 4487 8.
475 4461 544 4470 -—
570 4428 744 4484 Fumo
773 4447 805 4483 a
835 4430 1127 4499 majestate,
1157 4436 1263 4484 etc.
1291 4429 1548 4497 Quamvis
1579 4437 1708 4485 tunc

125 4526 304 4581 omnia
351 4532 516 4581 erunt
555 4525 629 4578 ita
673 4533 857 4594 aperta
889 4521 1156 4588 ﬁdelibus,
1188 4531 1367 4578 tamen
1399 4523 1514 4592 ipsa
1543 4531 1706 4578 erunt

125 4617 305 4672 clausa
345 4617 580 4672 obscura
626 4614 952 4670 infidelibus.
1006 4614 1253 4680 Introire,
1305 4614 1357 4668 id
1389 4622 1470 4668 est
1505 4614 1701 4668 intelli-

123 4721 247 4776 gere
275 4707 412 4762 illud
441 4706 706 4762 occultum
733 4705 826 4759 Dei
850 4703 1132 4772 judicium,
1163 4719 1329 4774 quare
1357 4703 1490 4758 alios
1518 4703 1698 4776 elegit,

124 4800 259 4855 alios
295 4800 586 4870 reprobat,
625 4799 797 4852 donec
826 4797 879 4851 in
924 4796 1028 4850 line
1069 4796 1254 4851 mundi
1282 4804 1470 4865 aperte
1498 4811 1698 4866 cogno-

122 4903 274 4950 scent
295 4892 495 4950 sancti.
529 4891 645 4956 Vel,
674 4890 898 4944 introire
931 4889 1146 4944 interim
1181 4888 1234 4942 in
1259 4888 1573 4954 Ecclesiam,
1605 4889 1701 4943 do-

122 5001 219 5043 nec
259 4987 536 5058 completa
575 4986 645 5040 sit
682 4983 992 5040 omnimoda
1035 4982 1312 5038 damnatio
1343 4983 1606 5037 malorum
1644 4981 1700 5039 in

120 5076 349 5145 iudicio,
373 5077 502 5148 quia
529 5084 711 5145 postea
742 5082 956 5130 constat
984 5088 1094 5128 non
1123 5073 1438 5128 intraturos.

231 5217 234 5220 .
716 5165 943 5222 CAPUT
983 5162 1121 5222 XVI.

188 5262 354 5319 Vens.
381 5264 439 5318 2.
481 5292 551 5302 —
585 5259 806 5315 Vulnus.
835 5257 1200 5314 Inobedientia
1225 5264 1312 5313 est
1339 5271 1502 5312 causa
1528 5272 1698 5326 quare

116 5355 314 5412 vulnus
342 5356 474 5412 illud
502 5345 620 5410 fiat.

186 5448 356 5504 Vens.
375 5448 436 5502 .3.
461 5477 533 5488 —
554 5445 621 5501 Et
651 5448 821 5518 factus
845 5455 921 5502 est
959 5447 1193 5517 sanguis.
1223 5444 1279 5500 Id
1307 5452 1392 5500 est
1419 5443 1697 5500 damnatio

115 5538 232 5608 ejus
271 5541 424 5596 illata
453 5549 534 5597 est
558 5558 658 5613 pro
694 5543 954 5612 sanguine
991 5555 1148 5610 quem
1185 5540 1506 5595 effuderunt.
1557 5538 1696 5593 San-

114 5631 250 5700 guis,
286 5631 341 5686 id
387 5641 492 5700 est,
533 5633 806 5688 damnatio
842 5633 929 5687 illa
960 5634 1064 5686 erit
1097 5643 1344 5702 tanquam
1385 5630 1599 5695 mortui,
1640 5630 1694 5684 id

115 5733 197 5777 est
231 5725 638 5790 irrevocabilis;
670 5727 814 5781 sicut
849 5727 990 5782 enim
1033 5733 1278 5781 mortuus
1316 5740 1423 5779 non
1450 5724 1589 5778 redit
1626 5725 1695 5778 ad

113 5814 304 5884 vitam,
331 5815 418 5872 sic
452 5817 542 5874 illa
577 5819 842 5875 sententia
875 5817 1236 5872 damnationis
1268 5832 1376 5872 non
1411 5813 1693 5872 revocabi-

1811 1945 1892 2000 Ex
1919 1962 2112 2018 magna
2139 1949 2420 2007 affectione
2445 1964 2768 2011 convertunt
2787 1975 3088 2016 sermonem
3113 1965 3178 2018 ad
3192 1965 3383 2022 Deum.

1809 2039 1985 2127 .Iusta.
2036 2040 2248 2097 Justum
2297 2046 2442 2101 enim
2494 2058 2577 2103 est
2645 2058 2705 2104 ut
2749 2053 2841 2121 qui
2879 2057 3195 2127 sanguinem
3244 2059 3386 2117 fudit

1809 2126 1960 2183 bibat
1990 2130 2284 2188 vindictam
2319 2135 2618 2206 sanguinis.

1883 2223 2045 2279 Vens.
2093 2225 2145 2280 9.
2174 2257 2245 2266 —
2269 2226 2340 2281 Et
2381 2237 2750 2286 aestuaverunt.
2797 2233 2896 2289 Vel
2929 2235 3110 2292 afllicti
3156 2238 3390 2297 adicient

1810 2323 2044 2372 tortores
2074 2325 2208 2373 testu
2238 2319 2550 2386 iracundize,
2583 2324 2709 2379 dum
2745 2325 3089 2383 invenientur
3112 2331 3390 2401 insepara-

1811 2405 1969 2472 biles,
2001 2416 2056 2463 et
2089 2407 2170 2464 sic
2194 2419 2561 2468 aestuaverunt
2594 2414 2792 2471 invidia
2828 2426 2884 2472 et
2923 2419 3023 2474 ira.
3059 2419 3241 2492 Neque
3268 2442 3386 2495 ege-

1810 2508 1955 2552 runt.
2004 2501 2234 2557 Interius
2275 2504 2603 2574 ptenitentes
2652 2508 2924 2579 dolebant,
2953 2521 3110 2569 extra
3140 2516 3389 2574 confiteri

1810 2605 1917 2645 non
1955 2593 2246 2648 audebant.

1883 2680 2046 2738 Vens.
2083 2683 2171 2738 10.
2195 2715 2268 2726 -
2290 2686 2460 2758 Super
2497 2690 2669 2745 sedem
2711 2692 2906 2749 bestite.
2938 2695 3051 2753 Hoc
3083 2700 3231 2768 dicit,
3263 2704 3390 2774 quia

1811 2771 1848 2826 ii
1876 2782 2003 2828 sunt
2033 2781 2242 2831 tantum
2277 2793 2526 2848 corpora,
2557 2789 2612 2836 et
2637 2797 2744 2838 non
2775 2784 2998 2854 spiritus
3022 2805 3038 2842 :
3061 2804 3226 2860 super
3254 2771 3392 2865 quos

1810 2864 2049 2932 sedebit,
2096 2867 2222 2937 quia
2260 2871 2561 2940 corporalia
2615 2881 2671 2928 et
2713 2891 2820 2930 non
2869 2879 3174 2949 spiritualia
3217 2864 3387 2953 dabit,

1812 2953 2410 3028 Commanducauerunt,
2431 2971 2535 3019 etc.
2560 2963 2743 3022 Mutua
2765 2966 3098 3028 detractione
3119 2988 3178 3029 se
3201 2989 3389 3034 omnes

1812 3046 2136 3105 reficientes.
2311 3052 2318 3059 ’

1884 3136 2048 3230 Vens.
2080 3140 2781 3230 I2.+Prwparareturvia.
2807 3149 2965 3220 Quia,
2990 3154 3145 3212 finito
3165 3162 3388 3230 mundo,

1813 3225 1917 3280 erit
1944 3229 2266 3284 resurrectio
2309 3231 2564 3300 fidelium,
2593 3237 2684 3305 qui
2716 3239 2938 3295 venient
2979 3243 3046 3298 ab
3080 3253 3202 3301 ortu
3237 3225 3388 3319 solis,

1812 3317 1864 3372 id
1889 3326 1973 3372 est
2001 3333 2031 3373 a
2054 3319 2290 3388 Christo,
2321 3325 2536 3392 quando
2575 3327 2861 3399 incoeperit
2906 3331 3108 3403 lucere,
3141 3338 3195 3393 id
3221 3347 3305 3396 est
3326 3317 3388 3398 se

1812 3409 2182 3467 manifestare.

1883 3502 2045 3596 Vens.
2077 3504 2164 3558 I5.
2187 3535 2262 3546 —
2289 3505 2429 3563 Vidi.
2462 3509 2789 3570 Effusionem
2812 3517 3008 3586 phialae
3032 3535 3196 3592 super
3230 3524 3387 3596 istos,

1809 3602 1865 3650 et
1894 3595 2040 3665 ipsos
2065 3613 2174 3653 non
2201 3601 2419 3674 corrigi,
2450 3607 2544 3661 sed
2579 3607 2633 3662 in
2660 3609 2920 3679 majorem
2967 3595 3386 3680 excecationetn

1807 3689 2154 3785 praecipitari.
2207 3693 2370 3749 Exire
2413 3697 2647 3767 spiritus.
2719 3701 2776 3757 Id
2823 3712 2909 3760 est
2958 3721 3146 3766 omnes
3194 3712 3389 3785 impios

1807 3779 1899 3848 qui
1949 3797 2047 3850 pro
2099 3783 2266 3839 nimia
2315 3787 2519 3843 malitia
2571 3791 2782 3848 dicendi
2835 3805 2962 3853 sunt
3015 3801 3237 3870 spiritus
3270 3779 3390 3862 im-

1808 3871 2027 3937 mundi;
2075 3873 2180 3940 vel,
2214 3875 2360 3944 ipsos
2385 3879 2678 3947 daemones,
2707 3900 2845 3954 quos
2877 3887 2931 3941 in
2959 3893 3214 3948 cordibus
3251 3895 3386 3954 alio—

1809 3978 1929 4018 rum
1959 3976 2246 4032 generant.
2289 3967 2442 4024 Sicut
2477 3972 2621 4027 enim
2653 3974 2835 4031 fideles
2876 3994 2973 4033 sua
3021 3983 3265 4040 doctrina
3295 4004 3389 4058 ge-

1809 4062 2004 4107 nerant
2045 4054 2204 4115 ﬁdem
2247 4057 2448 4114 Christi
2498 4061 2550 4114 in
2599 4064 2852 4120 cordibus
2905 4068 3156 4137 aliorum,
3186 4075 3264 4130 sic
3300 4054 3387 4133 isti

1806 4146 2014 4201 malitia
2059 4147 2354 4204 diabolum.
2394 4149 2688 4209 Ranarum.
2739 4156 2904 4214 Rana:
2929 4161 2985 4216 in
3032 4162 3146 4220 luto
3172 4181 3388 4224 moran-

1809 4247 1919 4304 tur,
1946 4247 2002 4294 et
2029 4239 2258 4312 garrula:
2287 4250 2440 4311 sunt,
2466 4253 2521 4302 et
2551 4246 2671 4304 aliis
2703 4250 2943 4319 quietem
2973 4253 3271 4325 auferunt:
3308 4260 3388 4317 sic

1807 4337 1864 4384 et
1889 4329 2000 4386 isti.

1877 4417 2040 4476 Vens.
2071 4421 2160 4476 Η.
2189 4454 2260 4464 -
2297 4423 2624 4495 Procedunt,
2674 4439 2779 4487 etc.
2834 4432 3138 4494 Procedunt
3183 4439 3386 4498 daemo-

1807 4521 2010 4578 nes,'et
2030 4519 2380 4588 congregabit
2401 4521 2669 4590 diabolus,
2707 4526 2834 4596 quia
2863 4543 3053 4585 omnes
3082 4548 3241 4588 unus.

1879 4605 2044 4662 Vens.
2079 4607 2264 4662 16.-
2289 4611 2361 4664 Et
2411 4615 2761 4685 congregabit.
2801 4618 2857 4672 Id
2898 4628 3000 4686 est,
3040 4622 3239 4678 facient
3266 4625 3385 4684 illos

1806 4697 2006 4754 habere
2033 4698 2287 4756 fiduciam
2332 4703 2388 4757 in
2428 4703 2786 4773 Antichristo,
2839 4709 2932 4779 qui
2983 4718 3067 4765 est
3117 4712 3381 4786 refugium

1804 4793 2056 4848 omnibus
2079 4793 2382 4850 volentibus
2425 4794 2595 4852 furari
2631 4800 2834 4856 sanctis
2859 4799 3020 4856 fidem
3061 4817 3244 4872 suam;
3298 4810 3383 4866 vel

1807 4883 1874 4938 ad
1904 4898 2066 4952 quem
2100 4883 2476 4956 gloriabuntur
2513 4901 2703 4944 omnes
2756 4890 2886 4944 mali
2925 4891 3260 4952 diversarum
3301 4915 3384 4954 sc-

1808 4986 2040 5033 clarum.

1876 5066 2040 5125 Vens.
2070 5070 2156 5124 I7.
2183 5101 2255 5112 —-
2290 5070 2360 5126 Et
2388 5071 2639 5142 septimus
2670 5073 2909 5145 angelus.
2955 5075 3186 5135 Ostenso
3220 5096 3384 5154 super

1801 5175 1939 5232 quos
1974 5161 2150 5234 angeli
2188 5163 2398 5232 phialas
2435 5179 2561 5219 suas
2606 5163 2903 5235 effundant,
2958 5173 3206 5242 supponit
3253 5178 3380 5246 quid

1801 5255 2067 5326 contingit
2104 5256 2235 5326 ipsis
2263 5257 2420 5312 malis
2441 5273 2537 5327 per
2583 5258 2901 5316 effusionem
2948 5263 3130 5332 istam,
3175 5267 3382 5324 scilicet

1801 5353 1927 5421 quia
1959 5352 2047 5407 hic
2095 5361 2356 5422 quantum
2401 5362 2672 5423 poterunt.
2697 5360 3097 5429 repugnabunt,
3129 5363 3285 5432 quasi
3314 5363 3382 5418 ab

1798 5444 1914 5514 ipsa
1942 5443 2213 5499 infnsione
2236 5447 2545 5515 acceperint
2579 5447 2992 5519 incrementum,
3034 5453 3128 5508 sed
3161 5454 3376 5526 tandem

1798 5538 2152 5594 detrudentur
2178 5538 2233 5592 in
2261 5536 2552 5594 infernum.
3189 5527 3192 5530 ’

1870 5631 2034 5686 Vens.
2080 5630 2167 5686 I8.
2199 5661 2272 5672 —
2303 5631 2373 5686 Et
2409 5632 2550 5701 facta
2600 5644 2674 5689 est
2719 5636 2921 5691 civitas.
2949 5635 3176 5708 Propter
3217 5635 3378 5694 istam

1801 5724 2203 5780 damnationem
2251 5733 2308 5779 et
2356 5735 2577 5796 propter
2603 5736 2829 5798 peccata
2859 5729 2978 5798 quae
3008 5729 3108 5798 ipsi
3151 5728 3374 5798 addunt,

1800 5817 2053 5871 damnata
2081 5824 2165 5871 est
2193 5816 2307 5886 ipsa
2340 5817 2554 5882 civitas,
2595 5825 2648 5873 ct
2676 5819 2847 5875 divisa
2866 5826 2949 5874 est
2974 5833 3133 5889 ptena
3168 5822 3378 5879 unicui-
3449 5831 3458 5842 ‘
