3948 6314
537 337 642 396 759

1029 333 1423 394 WALAFRIDI
1455 331 1708 391 STRABI
1746 331 1949 390 FULD.
1991 319 2113 385 Μοῗ

2226 326 2349 381 )ΡΡ.
2393 327 2573 384 PARS
2610 329 2651 385 Ι.
2688 359 2760 370 —-
2795 329 3259 387 THEOLOGICA.

3686 334 3804 388 ‘40

539 469 643 524 quc
670 468 768 524 pro
791 451 1008 516 merito,
1033 451 1232 508 Judaeis
1267 451 1476 515 scilicet
1502 459 1555 506 et
1584 451 1853 520 gentibus,
1885 456 1939 504 et
1963 447 2109 502 falsis
2133 443 2182 503 Α
2285 443 2444 496 VERS-
2475 442 2528 496 9-
2553 471 2624 483 -
2661 441 2916 496 Ῐηεῦνίαεί
2951 454 3092 510 "mf.
3125 453 3231 500 θῑεσ
3271 443 3424 500 Sic“!
3446 446 3640 502 Ebrius
3664 448 3803 505 nihil

539 545 879 610 Christianis.
938 544 1180 598 Civitates
1245 545 1476 614 gentium
1540 544 1860 606 ceciderant,
1909 543 1959 596 id
2001 549 2106 605 est,

537 651 727 690 omnes
772 637 1115 691 collectiones
1171 636 1434 691 malorum
1478 636 1530 689 in
1561 635 1906 706 generatione
1937 633 2111 701 prima

539 731 868 785 manentium
908 731 1344 785 damnabuntur:
1375 728 1603 792 carnali,
1633 743 1741 783 non
1789 725 1843 781 in
1875 724 2109 780 secunda

538 822 944 891 regeneratione
973 821 1260 890 spirituali.

611 911 772 965 Vens.
828 913 910 966 l9.
939 942 1009 952 -—
1053 911 1201 964 Venit
1247 911 1303 964 in
1348 910 1672 964 memoriam.
1709 908 1765 963 Id
1793 915 1895 966 est.
1927 922 2109 961 recor-

539 1003 696 1058 datus
721 1013 805 1059 est
827 1004 970 1058 Deus
1006 1003 1211 1071 singula
1240 1010 1460 1073 peccata
1488 1017 1673 1057 eorum
1705 1015 1934 1070 quorum
1959 999 2112 1066 prius

539 1093 820 1146 videbatur
841 1093 1056 1147 oblitus.
1095 1093 1234 1146 Dare
1278 1093 1325 1145 ei
1377 1092 1608 1147 calicem.
1649 1090 1729 1144 Ad
1761 1091 1862 1145 hoc
1910 1099 1970 1143 ut
1999 1089 2112 1157 ipse

539 1180 681 1234 Deus
708 1183 862 1236 daret
889 1181 995 1236 illis
1018 1196 1232 1250 pinnam
1275 1190 1642 1235 mensuratam
1675 1196 1774 1250 pro
1800 1178 2114 1233 delectatio-

537 1277 698 1330 nibus
721 1291 856 1345 quas
882 1275 1203 1330 habuerunt.
1231 1275 1498 1330 Retribuit
1527 1275 1666 1328 Deus
1690 1273 1846 1329 malis
1874 1289 1972 1342 pro
2001 1287 2113 1328 me-

540 1369 679 1432 ritis,
735 1369 785 1423 id
851 1377 934 1423 est
983 1369 1123 1438 quod
1172 1375 1505 1431 meruerunt,
1553 1367 1646 1422 sed
1693 1383 1799 1420 non
1849 1374 2112 1435 quantum

541 1470 876 1529 meruerunt,
911 1470 970 1516 ut
1009 1463 1061 1516 in
1079 1463 1192 1531 ipsa
1221 1461 1574 1515 retributione
1601 1461 1688 1513 ubi
1711 1467 1859 1528 patet
1878 1458 2110 1529 iustitia,

542 1555 614 1610 sit
653 1557 813 1610 etiam
865 1555 1255 1610 misericordia.
1296 1552 1561 1608 Universtr
1586 1555 1721 1608 enim
1770 1554 1866 1606 vite
1899 1551 2112 1605 Domini

544 1649 902 1701 misericordia
941 1658 988 1700 et
1025 1649 1230 1701 veritas.
1273 1647 1434 1702 Bonis
1474 1647 1636 1700 etiam
1665 1645 1759 1699 dat
1785 1660 1882 1713 pro
1905 1645 2113 1700 meritis

544 1750 596 1792 et
617 1741 732 1810 plus
758 1756 917 1808 quam
941 1748 1273 1804 meruerunt,
1299 1749 1359 1794 ut
1386 1739 1755 1794 misericordia
1789 1739 1861 1792 ibi
1887 1737 2113 1807 iustitiae

542 1831 797 1900 prtcvaleu
807 1840 843 1884 t.

612 1921 775 1975 Vens.
807 1920 897 1975 20.
927 1951 998 1960 —
1034 1917 1103 1974 Et
1135 1922 1302 1975 omnis
1333 1921 1509 1975 insula
1539 1920 1692 1991 fugit.
1720 1920 1786 1976 Et
1810 1920 1943 1975 vidit
1972 1921 2114 1991 quod

540 2026 730 2066 omnes
784 2011 876 2082 qui
905 2026 1006 2081 pro
1040 2011 1150 2065 Deo
1196 2009 1376 2066 afﬂicti
1413 2012 1468 2066 in
1505 2013 1705 2066 mundo
1741 2019 1797 2066 et
1825 2012 2116 2068 virtutibus

541 2103 841 2156 eminentes
903 2110 1148 2171 respectu
1200 2103 1390 2156 harum
1431 2117 1735 2173 poenarum,
1770 2103 1824 2158 in
1861 2105 1968 2158 vita
2019 2120 2115 2159 sua

541 2191 850 2246 vitaverunt
878 2192 1146 2246 consortia
1176 2193 1486 2263 impiorum,
1511 2201 1566 2247 et
1593 2193 1714 2248 ideo
1745 2207 1850 2248 non
1883 2201 2008 2249 sunt
2029 2194 2112 2248 in-

541 2283 688 2337 venti
723 2284 773 2337 in
801 2284 973 2353 poenis
1006 2299 1212 2339 eorum.

612 2375 772 2432 Vens.
802 2377 892 2432 21.
913 2409 982 2418 -
1020 2379 1312 2434 Talentum.
1357 2379 1562 2435 Talenti
1592 2395 1789 2450 genera
1816 2390 1941 2435 sunt
1967 2381 2109 2436 tria:

539 2484 816 2538 magnum,
881 2482 1095 2527 centum
1149 2481 1205 2528 et
1266 2474 1454 2545 viginti
1505 2475 1795 2540 librarum;
1854 2475 2111 2539 medium,

539 2564 872 2638 septuaginta
900 2566 1122 2624 duarum
1142 2612 1156 2635 ,
1189 2565 1364 2625 minus
1394 2567 1799 2641 quinquaginta.
1831 2566 1909 2628 De
1935 2567 2114 2627 medio

539 2659 792 2723 lticdicit,
827 2662 949 2730 quia
981 2673 1294 2731 peccatores
1323 2663 1377 2716 in
1403 2664 1746 2732 septuaginta
1781 2663 1988 2718 duabus
2013 2663 2114 2717 lin-

539 2754 657 2825 guis
679 2770 784 2809 non
809 2755 1069 2825 elIugient
1101 2757 1242 2810 hanc
1280 2756 1594 2811 vindictam.

610 2844 679 2899 Et
741 2846 1243 2915 bivaspnemaverunt.
1302 2847 1358 2902 Id
1405 2857 1520 2914 est,
1569 2849 1624 2903 in
1668 2847 1880 2903 inferno
1927 2849 2111 2920 positi,

539 2934 786 3004 quamvis
814 2935 1061 2990 sciantse
1079 2951 1177 3005 pro
1198 2938 1392 2992 merito
1417 2939 1618 3008 puniri,
1648 2938 1904 2993 dolebunt
1930 2948 2113 2995 tamen

537 3027 678 3094 quod
712 3027 851 3080 Deus
877 3034 1080 3081 tantam
1106 3029 1397 3097 potentiam
1426 3030 1590 3084 habet
1633 3030 1776 3100 quod
1811 3030 1997 3102 plagas
2032 3031 2113 3086 eis

538 3115 758 3183 inierat,
785 3127 842 3173 et
873 3128 958 3174 est
983 3117 1334 3190 blasphemia.

1103 3255 1330 3314 CAPUT
1369 3256 1532 3314 XVII.

612 3393 775 3447 Vens.
812 3392 864 3447 I.
887 3423 959 3434 -—-
997 3393 1070 3448 Et
1105 3394 1240 3448 venit
1269 3410 1428 3458 unus,
1455 3402 1562 3448 etc.
1615 3391 1748 3448 Cum
1787 3391 2110 3462 descripsis-

538 3494 620 3541 set
641 3486 825 3556 plagas
849 3501 984 3554 quas
1006 3485 1244 3542 intereat
1269 3486 1655 3555 prtedicatnres
1683 3495 1928 3555 tempore
1953 3486 2110 3540 Anti--

536 3577 744 3642 cliristi,
783 3585 838 3631 et
874 3577 1276 3632 damnationem
1315 3586 1572 3632 aetcmam
1615 3593 1778 3648 qttam
1813 3578 1976 3632 iidem
2021 3591 2117 3646 pa-

538 3671 740 3722 tientur
822 3670 997 3740 impii,
1070 3679 1255 3726 monet
1329 3673 1612 3728 attendere
1687 3688 1880 3728 causas
1944 3673 2113 3744 ipsius

537 3761 916 3817 damnationis.
946 3761 1148 3829 Quasi:
1192 3762 1413 3819 Ostendi
1453 3765 1607 3820 vobis
1645 3764 1774 3834 quid
1814 3767 1866 3820 in
1897 3765 1987 3820 illo
2031 3765 2114 3820 fu-

539 3861 661 3907 turo
688 3851 797 3918 ﬁet,
828 3854 987 3908 modo
1011 3862 1200 3910 cavete
1223 3855 1377 3910 vobis
1397 3871 1493 3910 vos
1519 3865 1788 3925 potentes,
1814 3859 1938 3926 quia
1969 3858 2113 3913 idem

538 3944 804 4011 diabolus,
835 3945 926 4014 qui
951 3953 1082 4001 tunc
1105 3947 1176 4001 ita
1205 3956 1391 4016 aperte
1415 3948 1664 4019 decipiet,
1689 3951 1899 4004 occulte
1916 3951 2116 4021 decipit

537 4036 800 4104 quotidie,
837 4045 895 4092 et
933 4037 1000 4092 ad
1043 4040 1290 4094 eumdem
1339 4039 1616 4094 interitum
1655 4057 1752 4096 vos
1790 4043 1970 4106 ducet,
2007 4057 2113 4112 quo

535 4139 592 4186 et
623 4131 759 4188 illos.
785 4132 1018 4202 Angelis.
1057 4134 1298 4206 Angelus
1355 4135 1445 4190 hic
1487 4135 1651 4190 habet
1694 4149 1983 4205 personam
2022 4136 2116 4191 do-

533 4225 728 4288 centis,
757 4223 996 4281 Joannes
1024 4227 1283 4282 discentis
1307 4243 1591 4297 personam
1624 4235 1787 4282 tenet.
1825 4227 2114 4282 Ostendam

535 4314 627 4366 tibi
671 4314 1079 4381 damnationem,
1119 4317 1170 4370 id
1207 4328 1292 4372 est
1333 4335 1555 4373 causam
1601 4320 1962 4374 damnationis
1996 4336 2114 4374 ma-

533 4405 747 4468 lorum,
803 4407 935 4476 qui,
1001 4408 1190 4464 relicto
1252 4409 1538 4471 Creatore,
1595 4411 1933 4467 fornicamur
1991 4427 2114 4467 cum

2216 537 2386 600 timet,
2421 537 2499 590 sic
2536 533 2768 591 terrenis
2792 538 3117 592 inhmrentes
3145 539 3415 594 intantum
3437 543 3804 598 excmcabnn-

2211 637 2298 682 tur
2320 645 2504 685 amore
2525 637 2700 694 terras,
2716 638 2775 685 ut
2803 646 2904 686 nec
2934 631 3102 686 Deum
3125 632 3369 703 diligant,
3387 649 3489 690 nec
3511 650 3712 704 prunas
3735 637 3802 690 ti-

2210 731 2412 778 meant.

2285 813 2447 867 Vens.
2479 812 2907 867 5.—Mulierem
2930 813 3210 868 sedentem.
3244 813 3302 870 Id
3322 823 3428 882 est,
3459 815 3585 872 illos
3609 818 3799 874 molles

2212 904 2300 974 qui
2325 905 2451 959 Eva:
2480 907 2534 976 (a
2562 920 2667 973 qua
2703 913 2985 974 peccatum
3037 907 3279 977 incmpit)
3335 907 3795 976 conformantur;

2213 999 2307 1069 qui
2336 999 2536 1054 habent
2566 998 2840 1055 diabolum
2872 999 3302 1068 fundamentum,
3329 1005 3422 1074 qui
3445 1013 3535 1059 est
3576 1008 3797 1074 magni.

2213 1106 2347 1146 neus
2373 1100 2430 1145 et
2453 1091 2506 1145 in
2527 1106 2586 1146 se
2613 1100 2668 1146 et
2699 1093 2751 1146 in
2781 1094 2924 1158 suis;
2955 1094 3040 1148 vel
3063 1096 3189 1165 quia
3221 1097 3546 1164 sanguinem
3585 1109 3800 1154 sancto-

2213 1197 2334 1237 rum
2363 1181 2614 1247 l‘undunt,
2657 1183 2871 1254 eloquia
2905 1184 3000 1240 Dei
3049 1187 3192 1243 male
3239 1188 3569 1259 intelligunt.
3613 1193 3798 1261 Capita

2215 1282 2424 1340 septem.
2449 1272 2697 1343 Quinque
2723 1291 2914 1331 sensus
2929 1279 3194 1348 corporis,
3224 1289 3277 1334 et
3306 1290 3493 1350 postea
3528 1298 3797 1351 errorem,

2213 1371 2269 1416 et
2307 1362 2518 1418 tandem
2564 1363 2979 1431 Antichristum,
3019 1383 3116 1436 per
3164 1384 3283 1439 qua:
3339 1381 3551 1442 septem
3616 1375 3801 1430 diabo-

2204 1456 2300 1512 lus
2349 1457 2493 1511 ducit
2546 1459 2792 1514 homines
2836 1461 2903 1514 ad
2956 1473 3254 1531 peccatum.
3320 1463 3540 1520 Cornua
3603 1468 3795 1522 decem.

2215 1550 2271 1605 Id
2303 1559 2386 1605 est
2407 1551 2595 1608 decem
2629 1569 2792 1622 regna
2814 1569 2935 1623 qua
2962 1564 3122 1609 erunt
3168 1565 3412 1626 tempore
3447 1559 3800 1625 Antichristi,

2213 1658 2312 1712 per
2331 1658 2453 1712 qute
2476 1643 2581 1697 alia
2603 1643 2996 1714 intelliguntur.

2286 1734 2449 1790 Vens.
2469 1735 2527 1790 4.
2541 1736 2958 1793 ——Circumdata
2977 1757 3230 1809 purpura.
3253 1741 3310 1797 Id
3330 1753 3416 1798 est
3431 1743 3605 1814 regali
3625 1755 3798 1800 veste:

2141 1799 2189 1860 Β
2217 1826 2397 1882 dicent
2431 1843 2488 1884 se
2527 1845 2683 1898 reges
2712 1839 2772 1884 ut
2799 1799 3086 1902 decipiant:
3108 1836 3270 1888 Auro.
3307 1835 3447 1903 Quia
3478 1799 3803 1894 videbatur

2218 1918 2395 1973 divina
2437 1921 2695 1988 sapientia
2732 1921 3037 1976 illuminati.
3082 1921 3340 1978 Paculam
3365 1943 3622 1993 aurem,
3655 1930 3802 1986 ἰάσει

2217 2010 2455 2066 divinam
2492 2012 2851 2080 Scripturam,
2899 2029 3004 2082 qua
3055 2023 3309 2083 potantur
3355 2016 3554 2072 ﬁdeles
3607 2020 3677 2074 ad
3730 2036 3802 2073 sa.

2215 2101 2401 2157 lutem.
2463 2103 2879 2158 Abominatione.
2930 2104 2984 2159 ld
3031 2117 3112 2160 est
3159 2123 3301 2176 quae,
3332 2113 3647 2165 secundum
3695 2113 3802 2167 illas

2213 2193 2598 2263 expositiones,
2615 2194 2814 2250 debent
2827 2195 2984 2266 abjici
3004 2197 3070 2250 ab
3081 2199 3410 2262 hominibus,
3429 2203 3563 2271 quia
3581 2205 3801 2262 immun-

2213 2284 2404 2340 ditiam
2431 2287 2613 2342 carnis
2647 2287 2840 2342 docent
2865 2297 2920 2342 et
2945 2287 3198 2344 fornicari
3226 2307 3256 2345 a
3281 2292 3416 2350 Deo.

2287 2380 2450 2437 Vens.
2477 2383 2531 2437 5.
2579 2414 2643 2424 —
2691 2384 2761 2438 Et
2788 2386 2842 2438 in
2870 2386 3060 2455 fronte.
3093 2389 3350 2454 Quamvis
3389 2391 3467 2446 sit
3498 2393 3581 2447 ita
3619 2395 3800 2451 habilis

2216 2472 2282 2526 ad
2305 2472 2703 2544 decipiendum,
2730 2485 2926 2541 tamen,
2950 2493 2982 2531 ο
3011 2479 3210 2544 ﬁdeles,
3239 2496 3306 2535 ne
3329 2482 3665 2552 desperetis,
3688 2488 3799 2556 quia

2216 2565 2378 2624 habet
2400 2567 2455 2624 in
2481 2568 2666 2641 fronte,
2722 2568 2775 2628 id
2827 2580 2912 2629 est
2962 2571 3013 2630 in
3061 2573 3367 2644 manifesto,
3400 2577 3634 2650 signum
3671 2580 3800 2650 quod

2215 2666 2439 2720 rudibus
2466 2676 2552 2720 est
2579 2667 2894 2737 mysterium
2938 2669 3080 2724 istud
3107 2683 3216 2740 quo
3255 2673 3347 2727 dat
3383 2676 3709 2744 exenvplnm
3734 2676 3802 2731 ia-

2215 2757 2390 2811 ciendi
2423 2765 2664 2826 peccata,
2696 2774 2795 2829 pro
2823 2762 3020 2830 quibus
3050 2764 3248 2818 terreni
3273 2781 3304 2819 a
3340 2765 3524 2821 salute
3571 2767 3800 2826 ﬁdeliam

2215 2847 2565 2916 repellentur.

2285 2957 2447 3015 Vens.
2467 2961 2519 3016 6.
2547 2992 2619 3002 —
2651 2962 2888 3018 Ebriam.
2920 2964 2976 3020 Id
3003 2973 3085 3021 est
3105 2967 3413 3039 depressam
3436 2971 3688 3030 vindicta
3718 2992 3802 3046 pro

2215 3047 2476 3106 effusione
2503 3054 2808 3123 sanguinis:
2837 3064 2896 3109 ut
2921 3072 3032 3126 prce
3055 3059 3329 3116 doloribus
3367 3063 3564 3119 nimiis
3611 3070 3802 3121 nescth

2137 3167 2185 3232 Β
2216 3141 2304 3196 ubi
2336 3143 2422 3197 sit.
2454 3141 2524 3196 Et
2553 3145 2774 3199 miratus
2821 3163 2956 3201 sum.
2999 3146 3098 3203 Hic
3126 3150 3285 3205 habet
3324 3150 3575 3210 Joannes
3625 3175 3803 3228 perso-

2216 3250 2343 3288 nam
2373 3234 2586 3289 illorum
2618 3237 2730 3307 qui,
2757 3254 2878 3292 cum
2900 3240 3082 3295 vident
3110 3242 3280 3298 malos
3302 3243 3355 3298 in
3379 3247 3596 3301 mundo
3620 3249 3802 3303 exalta-

2217 3333 2322 3391 tos,
2353 3326 2619 3380 mirantur
2640 3344 2760 3383 cum
2807 3331 3031 3385 audiunt
3065 3347 3256 3402 poenas
3301 3350 3422 3404 quae
3464 3337 3610 3408 ipsis
3661 3342 3802 3400 malis

2214 3420 2630 3490 promittuntur,
2662 3430 2717 3476 et
2745 3438 2864 3477 cum
2896 3426 2970 3480 ita
2995 3427 3103 3481 sint
3133 3431 3412 3499 puniendi.
3447 3449 3634 3503 quare
3675 3437 3802 3492 Deus

2213 3513 2479 3582 permittit
2531 3513 2650 3570 illos
2700 3516 2951 3571 exaltari.
3025 3517 3130 3574 Sed
3181 3521 3444 3578 docentur
3500 3526 3804 3600 intelligere

2218 3602 2361 3657 illam
2393 3604 2773 3660 exaltationcm
2824 3607 3002 3663 datam
3046 3609 3113 3664 ad
3163 3611 3423 3681 majorem
3481 3621 3804 3675 excmcatiov

2217 3713 2362 3764 nem,
2406 3707 2461 3754 et
2506 3697 2721 3756 tandem
2751 3702 2896 3773 juste
2947 3705 3133 3761 inferri
3184 3717 3444 3766 :eternam
3496 3713 3803 3769 damnatio-

2218 3805 2360 3845 nem.

2287 3905 2450 3963 Vens.
2485 3909 2536 3963 7.
2583 3940 2653 3951 —
2692 3909 2802 3982 Ego
2863 3913 2958 3968 tibi
3005 3915 3200 3972 dicam.
3252 3917 3308 3974 Id
3355 3929 3442 3974 est
3491 3937 3682 3990 quare
3715 3940 3802 3994 pu-

2216 4001 2436 4054 niantur
2487 4002 2576 4056 isti
2622 4003 2770 4069 mali,
2799 4003 2854 4058 id
2893 4012 2975 4059 est
3002 4007 3248 4064 diabolus
3295 4010 3387 4079 qui
3437 4026 3534 4067 eos
3580 4029 3803 4084 peccare

2217 4089 2370 4147 fecit:
2400 4093 2542 4162 quod
2572 4102 2654 4148 est
2679 4094 3029 4165 incognitum,
3065 4098 3166 4153 nisi
3194 4099 3386 4156 doctis.

2289 4203 2451 4260 Vens.
2490 4207 2544 4261 8.
2574 4237 2644 4246 —
2679 4206 2871 4262 Bestia:
2897 4225 3014 4280 quia
3041 4221 3211 4279 portat
3236 4228 3372 4268 um.
3403 4212 3618 4280 Bestia,
3649 4219 3702 4274 id
3723 4227 3802 4276 αι

2216 4304 2480 4369 diabolus,
2508 4315 2706 4374 portat,
2733 4307 2786 4364 id
2820 4318 2904 4364 est
2927 4311 3090 4381 regit,
3117 4313 3416 4380 mulierem,
3433 4316 3490 4370 id
3512 4328 3606 4373 est
3623 4334 3803 4376 omnes

2214 4397 2386 4453 malos
2403 4396 2758 4456 effeminatos.
2779 4399 2880 4467 Qui
2899 4403 3046 4458 enim
3061 4404 3196 4459 alios
3208 4407 3363 4477 regit,
3379 4413 3538 4478 quasi
3556 4430 3704 4470 onus
3727 4431 3799 4471 ne

535 4499 794 4560 datmone.
843 4499 980 4553 idola
1016 4500 1265 4566 colendo,
1294 4511 1507 4556 terrena
1539 4503 1788 4566 amando,
1823 4503 2113 4558 immundi—

2226 4486 2436 4556 gitninis
2456 4498 2670 4558 portare
2685 4490 2900 4547 dicitur.
2924 4492 3074 4548 Fuit.
3095 4496 3232 4551 Ante
3259 4499 3556 4558 adventum
3580 4505 3798 4570 Christi,

536 4589 621 4643 tia:
679 4589 981 4646 serviendo.
1021 4588 1326 4646 Meretricis.
1375 4593 1628 4648 Meretrix
1672 4595 1772 4648 ista
1805 4610 1997 4666 magna
2033 4602 2113 4649 est

2226 4553 2408 4634 habuit
2435 4553 2679 4637 diabolus
2706 4585 2995 4639 maximam
3023 4553 3800 4664 potestatem,sed

533 4677 924 4742 Antichristns,
971 4687 1027 4733 et
1062 4679 1190 4734 mali
1217 4681 1311 4748 qui
1358 4692 1599 4752 tempore
1637 4685 1754 4752 ejus
1781 4694 2116 4754 erunt;qu:e

528 4769 640 4839 jam
695 4769 845 4825 sedet
895 4785 1056 4839 super
1109 4787 1300 4841 aquas,
1352 4776 1404 4830 id
1448 4785 1532 4830 est
1573 4776 1684 4846 jam
1739 4784 1926 4847 regnat
1955 4791 2118 4845 super

537 4857 709 4912 malos
757 4868 1028 4928 potentes,
1073 4878 1302 4932 quorum
1359 4869 1598 4922 omnium
1639 4869 1752 4937 ipse
1799 4879 1884 4924 est
1932 4877 2112 4940 caput.

538 4954 668 5019 Qua:
711 4957 851 5009 sedet
883 4975 1039 5025 super
1064 4976 1230 5030 aquas
1275 4963 1489 5027 multas,
1527 4963 1579 5017 id
1611 4972 1714 5029 est,
1752 4980 1871 5033 quze
1928 4971 2118 5035 regnat

537 5060 698 5114 super
725 5045 926 5104 multos
958 5051 1182 5120 populos
1221 5068 1358 5121 quos
1379 5053 1607 5108 attrahit
1653 5056 1720 5110 ad
1769 5071 1826 5110 se
1879 5056 2111 5110 luxuria.

539 5134 692 5191 Unde
723 5138 981 5196 Dominus
1009 5143 1076 5197 ad
1103 5141 1243 5197 Job:
1285 5143 1462 5200 Virtus
1502 5146 1615 5216 ejus
1653 5147 1794 5218 (Job.
1825 5148 1937 5219 XL),
1969 5148 2116 5204 scilla

537 5236 624 5282 cet
659 5229 878 5298 diaboli,
920 5233 976 5287 in
1010 5234 1218 5299 lumbis,
1245 5239 1460 5306 quando
1493 5239 1641 5294 viros
1670 5243 1922 5309 (quorum
1959 5240 2117 5295 semi-

537 5322 750 5375 narium
801 5322 854 5378 in
911 5323 1108 5381 lumbis
1155 5329 1258 5399 est)
1289 5330 1522 5398 decipit:
1573 5330 1628 5383 in
1665 5331 1931 5395 umbilico,
1990 5347 2113 5386 cum

535 5409 788 5466 mulieres
819 5412 1069 5483 (quarum
1103 5431 1287 5474 semen
1307 5428 1391 5473 est
1409 5417 1684 5491 umbilico)
1711 5421 1928 5490 decipit.
1961 5421 2113 5476 Unde

2221 4685 2326 4723 non
2349 4671 2562 4738 penitus
2577 4674 2777 4737 amisit,
2799 4685 2975 4732 tamen
3002 4693 3106 4732 non
3126 4682 3332 4735 modice
3345 4684 3696 4743 debilitatam
3710 4692 3800 4743 ba-

2215 4760 2624 4816 bet.Ascensura
2638 4765 2873 4831 est.Quia
2887 4775 3130 4838 tempore
3143 4772 3464 4830 Antichristi
3483 4791 3801 4848 potestatem

2213 4852 2460 4921 recipiet,
2490 4867 2589 4923 per
2617 4853 2735 4911 illos
2759 4858 2902 4913 enim
2922 4860 3013 4928 qui
3040 4861 3092 4915 in
3115 4866 3322 4932 peccati
3348 4868 3645 4936 profundis
3685 4883 3804 4928 sua

2215 4943 2475 4998 sacendet
2513 4944 2567 4998 in
2602 4944 2913 5006 elationem.
2956 4949 3027 5005 Et
3071 4952 3126 5007 in
3179 4956 3448 5013 interitum
3495 4963 3616 5018 ibit.
3651 4966 3799 5030 Quia,

2221 5043 2436 5088 mortuo
2462 5036 2819 5104 At‘ttichristo,
2857 5041 3087 5110 amplius
3129 5060 3238 5100 non
3290 5048 3518 5106 habebit
3562 5055 3804 5111 mutaui

2222 5124 2419 5180 locum.
2447 5128 2804 5189 Mirabumur.
2835 5133 2970 5191 Cum
3018 5139 3252 5195 viderint
3300 5117 3428 5198 mali
3476 5157 3800 5215 potestatem

2219 5233 2374 5273 suam
2431 5221 2505 5274 ita
2556 5225 2934 5293 annihilatam,
2963 5230 3258 5288 dolebunt:
3291 5250 3400 5290 non
3440 5242 3603 5308 quasi
3635 5243 3805 5311 petii-

2223 5319 2418 5376 tcntcs,
2465 5315 2558 5368 sed
2599 5324 2805 5372 tantum
2847 5322 3198 5380 admirantes.
3231 5324 3437 5397 Septem
3471 5335 3673 5402 capita.
3701 5333 3808 5388 PI!

2217 5402 2338 5495 haec
2361 5414 2592 5474 septem,
2624 5408 2782 5479 erigit
2819 5412 3061 5470 diabolus
3095 5416 3348 5475 homines
3378 5421 3433 5475 in
3468 5426 3822 5495 superbiai.“

536 5499 801 5572 Propheta
840 5504 1053 5573 (Ezech.
1082 5506 1219 5576 xvr),
1243 5509 1308 5562 ad
1339 5507 1635 5566 Jerusalem
1659 5515 1812 5582 quasi
1841 5515 1908 5568 ad
1945 5529 2121 5569 mere~
2220 5503 2275 5553 ει
2299 5494 2349 5549 in
2388 5495 2454 5550 ίίδ
2481 5496 2785 5554 "mnum"?
2815 5502 3078 5560 inﬁdeles-

540 5593 759 5647 tricetu:
793 5594 858 5648 In
893 5597 977 5649 die
1005 5607 1151 5651 ortus
1179 5600 1280 5661 sui,
1317 5601 1368 5656 id
1397 5604 1604 5660 esthoc
1638 5614 1878 5675 tempore
1911 5607 2114 5669 surculi,

539 5697 638 5734 non
661 5685 1000 5748 estprwcisns
1036 5687 1310 5744 umbilicus
1337 5694 1546 5756 tuus,id
1573 5704 1670 5756 est,
1701 5712 1805 5752 non
1836 5697 2119 5754 refrenain
2221 5701 2422 5755 dientia
2479 5685 2897 5771 perseverasset,
2959 5725 3149 5766 sensus
3194 5719 3439 5785 corporis

539 5769 826 5829 luxuriam.

2296 5609 2456 5664 Vens.
2482 5610 2566 5664 10.
2597 5643 2668 5654 —-
2689 5612 2931 5686 Quinque
2954 5619 3269 5677 ceciderunt.
3302 5625 3500 5694 Adam,
3525 5631 3569 5686 si
3597 5632 3653 5687 in
3677 5633 3806 5688 ohe

3492 5722 3560 5776 ad
3603 5725 3805 5778 nullam

2225 5793 2552 5861 voluptatein
2573 5807 2937 5865 verterentur,
2953 5802 3155 5856 malam
3182 5805 3416 5873 scilicet;
3445 5812 3542 5880 sed
3563 5828 3660 5881 per
3677 5829 3804 5882 pec-
