3948 6314
176 332 279 390 741

1132 317 1401 376 GLOSSA
1440 312 1839 375 ORDINARIA.
1879 342 1944 352 —-
1978 311 2179 368 APOC.
2221 310 2549 374 JOANNIS.'

3337 319 3446 376 742

179 452 362 504 catum
400 440 473 498 ita
510 437 748 512 corrupti
775 444 920 504 sunt,
951 444 1010 492 ut
1032 434 1147 508 jam
1192 434 1442 490 naturale
1492 433 1563 489 sit
1615 430 1759 486 lenia
1787 429 1838 492 Α
1863 427 2021 485 vidua
2051 446 2152 485 non
2181 447 2317 486 sum.
2344 432 2480 501 Quia
2502 432 2678 490 habeo
2706 432 3130 492 consolationem
3156 434 3213 491 iu
3238 442 3446 507 tempo-

183 546 351 600 tactu,
406 532 595 604 sapida
639 540 819 602 gustu,
868 543 999 584 nare
1041 527 1335 592 odorifera,
1372 525 1488 581 visu
1536 523 1765 596 pulchra

182 643 446 702 quaerere.
500 626 565 681 Hi
608 633 734 680 sunt
766 623 1006 695 quinque
1048 632 1200 693 reges
1235 636 1333 692 per
1362 634 1495 690 quos
1522 616 1768 672 diabolus

184 723 240 777 in
269 718 506 791 pueritia
545 717 703 788 regit,
730 716 855 787 quia
898 716 1012 784 ipse
1058 712 1159 769 fuit
1207 727 1370 768 causa
1424 726 1592 782 quare
1643 723 1767 767 cor-

185 818 587 883 rumperentur.
630 808 693 863 lli
741 817 867 863 sunt
896 807 1134 878 quinque
1162 804 1264 859 viri
1299 802 1675 859 Samaritanae.
1708 799 1770 854 In

180 903 404 975 juventa
435 901 676 957 succedit
710 916 887 967 error,
918 916 1041 955 nam
1070 907 1357 970 postquam
1387 895 1769 951 discretionem

186 994 376 1059 habet,
409 1001 465 1046 et
509 991 555 1045 si
599 1000 810 1062 peccat,
838 990 954 1063 jam
1001 1005 1109 1045 non
1146 989 1415 1053 sensibus,
1463 984 1558 1041 sed
1592 983 1771 1040 errori

188 1089 522 1159 imputatur:
558 1087 624 1140 de
651 1101 757 1156 quo
789 1084 1083 1141 Dominus:
1118 1081 1285 1151 Quem
1324 1096 1463 1135 nunc
1486 1077 1645 1133 habes
1666 1094 1771 1134 non

188 1190 265 1235 est
296 1189 418 1233 tuus
440 1178 520 1234 vir
543 1175 722 1250 (Joan.
753 1176 850 1250 Iv).

184 1334 191 1343 Ι
267 1271 428 1325 Vens.
456 1270 541 1324 11.
564 1300 636 1310 —
662 1269 740 1323 De
766 1276 955 1338 septem
975 1275 1069 1322 est.
1110 1265 1248 1333 Quia
1279 1264 1532 1322 similiter
1562 1269 1772 1333 peccat,

190 1362 265 1418 et
295 1360 543 1417 similiter
579 1360 833 1430 punietur
874 1378 889 1412 :
926 1369 975 1412 et
1004 1359 1117 1429 ipsa
1164 1367 1367 1421 octava,
1415 1354 1543 1426 quia
1587 1366 1776 1410 omnes

194 1452 553 1517 transcendit,
585 1460 639 1506 et
670 1451 722 1504 in
755 1450 997 1522 nequitia
1024 1448 1153 1503 etin
1177 1461 1356 1518 poma.

272 1543 435 1598 Vens.
465 1538 549 1598 15.
576 1572 648 1584 -
690 1541 876 1611 Populi
910 1550 1054 1607 sunt,
1086 1548 1216 1605 etc.,
1250 1539 1305 1594 id
1349 1544 1432 1593 est
1484 1544 1781 1608 praesentes

194 1634 346 1697 mali,
390 1650 457 1688 ex
490 1634 636 1689 omni
668 1632 982 1688 diversitate
1009 1632 1287 1687 hominum
1308 1628 1539 1685 collecti.

270 1722 435 1782 Vens.
493 1726 579 1780 16.
620 1757 691 1766 -
728 1723 1030 1779 Desolatam
1054 1723 1264 1793 facient.
1292 1720 1553 1777 Solatium
1582 1718 1779 1779 diaboli

1869 520 2091 577 ralihus.

1939 611 2102 668 Vens.
2127 613 2265 670 8.—
2285 614 2451 672 Mors.
2480 617 2741 674 Absentia
2768 618 2894 675 vita:
2912 658 2930 685 ,
2959 618 3015 676 id
3040 626 3124 675 est
3154 620 3287 688 Dei,
3317 619 3444 692 quia

1868 707 2151 776 praesentia
2175 705 2289 776 ejus
2315 709 2423 763 vita
2455 718 2557 765 est.

1943 799 2105 854 Vens.
2135 798 2187 855 9.
2212 831 2282 842 —
2300 799 2369 855 Et
2392 803 2606 873 ﬂebunt.
2631 804 2736 860 Alii
2765 814 2945 865 autem
2972 807 3228 878 gaudium
3255 823 3449 880 perpe-

1872 898 2023 945 tuum
2071 891 2365 948 habebunt.
2416 893 2580 965 Reges
2612 906 2784 951 terrm.
2828 898 3006 954 Etiam
3055 900 3131 955 illi
3171 901 3264 971 qui
3312 902 3452 957 bene

1873 989 2129 1036 rexerunt
2168 984 2536 1040 terrenitatem
2579 1002 2768 1054 suam;
2817 989 2913 1043 sed
2954 988 3247 1060 aliquando
3274 989 3449 1046 forni-

1874 1074 1980 1129 cati
2007 1084 2132 1130 suut
2154 1092 2277 1131 cum
2302 1075 2427 1142 ista,
2453 1077 2743 1144 dolebunt,
2770 1080 2915 1150 quod
2944 1095 3221 1151 nunquam
3249 1081 3455 1138 similes

1874 1165 1982 1222 illis
2010 1164 2230 1221 fueriut.
2258 1165 2390 1222 Cum
2436 1168 2655 1223 viderint
2703 1168 2909 1239 fumum
2944 1171 3174 1227 incendii
3219 1173 3334 1244 ejus
3355 1213 3371 1239 ,
3400 1173 3455 1231 id

1876 1268 1988 1326 est,
2012 1275 2132 1315 cum
2161 1259 2461 1315 defecerint
2484 1261 2719 1329 divitiae,
2743 1263 2888 1333 quod
2917 1271 3002 1319 est
3024 1264 3238 1336 signum
3267 1266 3457 1322 aeterni

1877 1349 2115 1405 incendii
2138 1350 2362 1421 judicii;
2395 1351 2482 1408 vel
2510 1368 2635 1408 cum
2660 1353 2896 1409 viderint
2919 1367 3139 1424 poenam
3163 1355 3458 1414 exaltatam

1824 1484 1827 1487 .
1880 1440 2020 1497 ultra
2046 1442 2285 1499 modum.

1952 1533 2111 1590 Vens.
2146 1535 2231 1589 11.
2265 1534 2431 1590 -Ει
2476 1538 2821 1609 negotiatores
2864 1546 3020 1593 terra
3063 1538 3283 1610 ﬂebunt.
3325 1538 3463 1607 Quia

1881 1626 1970 1682 illa
2013 1627 2191 1697 perire
2238 1628 2530 1697 dolebunt,
2579 1630 2635 1686 in
2679 1631 2877 1702 quibus
2927 1647 3081 1688 suam
3131 1631 3467 1704 deputabaut

1880 1719 2317 1790 prOSperitatem.

196 1825 286 1873 est
310 1815 540 1888 perditio
575 1815 860 1883 malorum,
885 1831 1021 1885 quos
1042 1813 1235 1886 perdet
1263 1812 1529 1883 completo
1550 1826 1774 1868 numero
1802 1817 1850 1877 Β
1949 1811 2113 1867 Vens.
2147 1811 2233 1867 12.
2259 1812 2483 1867 —Auri
2511 1822 2561 1868 et
2586 1815 2821 1885 argenti,
2849 1821 2957 1870 etc.
2987 1813 3093 1870 Per
3142 1829 3339 1870 aurum
3377 1828 3464 1869 sa—

199 1908 511 1980 impiorum.
534 1902 606 1962 Et
637 1909 853 1962 nudam.
889 1904 1142 1963 Diabolus
1169 1906 1333 1962 habet
1358 1913 1679 1976 potestatem
1702 1903 1783 1958 l'a-
1886 1904 2108 1976 pientis,
2163 1914 2449 1976 argentum
2472 1907 2651 1961 divina
2671 1907 2905 1979 eloquia.
2934 1906 3186 1964 Christus
3205 1908 3258 1962 in
3290 1907 3467 1982 lapide

199 1999 381 2055 cieudi
417 1999 568 2070 signa
607 2000 673 2055 ad
699 1999 1091 2070 decipiendum,
1123 1999 1262 2053 hanc
1294 1997 1487 2068 perdet
1513 1995 1783 2066 completo
1882 1996 2123 2068 pretioso
2141 1995 2509 2066 signiﬁcatur;
2532 1997 2760 2066 apostoli
2776 1997 2836 2051 in
2860 1997 3203 2069 margaritis:
3229 1997 3283 2052 in
3306 1994 3469 2068 bysso

200 2108 432 2148 numero
465 2095 746 2160 honorum,
778 2093 905 2164 quia
942 2099 1129 2164 postea
1174 2091 1397 2147 tentatio
1428 2104 1537 2144 non
1568 2087 1787 2144 habebit

200 2183 406 2240 locum.
472 2183 688 2241 Carnes.
737 2183 941 2241 Carnes
975 2183 1280 2240 fni-uicaria:
1331 2182 1660 2238 manducare
1700 2181 1784 2237 di—

202 2286 428 2344 cuntur,
486 2276 612 2348 quia
659 2275 955 2333 inferendis
1002 2276 1179 2348 poenis
1222 2273 1649 2331 delectabantur.

282 2369 411 2439 Igne
444 2367 864 2423 concremabunt.
922 2367 979 2421 Id
1025 2379 1127 2431 est,
1181 2367 1654 2423 tormentabuutur
1689 2372 1788 2435 pro

206 2457 660 2514 delectati0nibus
690 2455 804 2525 ejus
834 2470 970 2526 quas
998 2455 1170 2511 secuti
1200 2464 1356 2511 sunt.

288 2547 445 2604 Vens.
483 2549 658 2602 17.-
681 2547 854 2602 Donec
881 2558 1309 2603 consummentur
1344 2548 1517 2603 verba.
1561 2547 1638 2603 De
1670 2560 1792 2617 pro-

208 2642 469 2698 missione
494 2643 840 2713 praemiorum
869 2641 954 2696 vel
982 2656 1289 2713 poenarum.

772 2778 1003 2836 CAPUT
1054 2776 1237 2835 XVIII.

285 2910 449 2966 Vens.
488 2906 706 2965 1.-Ει
729 2920 841 2981 post
871 2912 984 2965 haec
1013 2910 1138 2965 vidi.
1165 2910 1224 2966 ln
1253 2911 1358 2966 hac
1382 2919 1535 2968 sexta
1557 2911 1788 2981 visione,

208 3002 330 3073 agit
369 3000 436 3054 de
474 3000 676 3055 ultimis
703 3000 875 3071 poenis
912 3017 1048 3071 quas
1074 3003 1356 3073 patientur
1405 3004 1553 3074 impii
1611 3005 1665 3060 in
1712 3005 1795 3060 iu-

1885 2088 2115 2144 caudido
2148 2095 2459 2143 sanctorum
2477 2089 2931 2160 justiﬁcationes;
2975 2089 3029 2143 in
3056 2104 3295 2160 purpura
3322 2104 3470 2144 mar-

1880 2179 2085 2253 tyrium
2117 2196 2133 2246 ;
2181 2180 2234 2234 in
2270 2179 2446 2235 serico
2478 2180 2792 2252 virginitas;
2819 2180 2877 2235 in
2927 2194 3092 2236 cocco
3131 2179 3301 2234 rubeo
3339 2179 3470 2234 cha-

1886 2270 2022 2325 ritas
2054 2285 2068 2335 ;
2100 2269 2153 2323 in
2183 2267 2329 2338 ligno
2357 2269 2543 2341 thyino
2580 2269 2896 2340 imputribili
2939 2269 3238 2327 constantia
3282 2268 3473 2325 indeﬁ-

1850 2424 1855 2443 ἱ
1889 2358 2071 2426 ciens;
2101 2359 2155 2414 in
2177 2358 2344 2417 ebore
2369 2360 2631 2415 virtutum
2670 2359 3043 2430 pulchritudo;
3073 2360 3129 2416 in
3164 2374 3271 2416 aere
3312 2358 3469 2417 forti.-

1890 2450 2019 2504 tudo
2062 2458 2116 2503 et
2141 2446 2554 2520 longanimitas;
2580 2449 2634 2503 in
2663 2448 2808 2505 ferro
2830 2449 3180 2507 sublimitatis
3204 2463 3469 2516 acumen;

1890 2540 1945 2595 in
1969 2554 2240 2596 marmore
2269 2541 2467 2596 invicta
2494 2540 2790 2597 humilitas.

1963 2632 2125 2689 Vens.
2161 2632 2246 2686 15.
2277 2628 2790 2687 —Cinnamomum.
2838 2630 2898 2687 ln
2943 2632 3310 2696 cinnamomo,
3342 2630 3477 2685 odor

1891 2723 2150 2779 virtutum
2196 2738 2332 2794 quas
2372 2721 2628 2779 simulant
2670 2722 2895 2796 intelligi
2949 2723 3128 2779 debet.
3174 2721 3374 2779 Simin
3426 2730 3475 2777 et

1894 2817 2088 2883 tritici,
2134 2817 2186 2873 id
2233 2825 2316 2872 est
2368 2832 2532 2873 carne
2567 2815 2795 2883 Christi,
2833 2832 2940 2887 qua
2990 2816 3180 2872 ﬁdeles
3226 2831 3354 2872 vere
3388 2830 3479 2870 sa-

1894 2911 2119 2975 tiantur,
2159 2911 2374 2982 reprobi
2408 2910 2710 2967 irritantur.
2750 2909 3140 2981 Mancipiorum
3180 2918 3227 2964 et
3266 2909 3476 2964 anima-

1898 3016 2033 3055 rum.
2072 2998 2364 3072 Distinguit
2412 3020 2425 3056 :
2482 3002 2608 3071 quia
2656 3000 2878 3070 quidam
2920 3000 3058 3056 ﬁunt
3091 3001 3232 3056 servi
3269 3008 3479 3055 tantum

204 3092 373 3147 'ferno
399 3106 501 3162 pro
528 3092 753 3162 singulis
776 3093 1045 3161 peccatis;
1074 3101 1129 3147 et
1164 3094 1401 3162 primum
1429 3094 1496 3148 de
1520 3095 1795 3167 Babylone
1898 3106 2144 3162 corpore,
2169 3100 2229 3147 ut
2249 3092 2478 3164 Joseph;
2506 3094 2726 3165 quidam
2742 3094 2911 3150 etiam
2932 3095 3135 3161 animo,
3160 3101 3219 3148 ut
3240 3094 3285 3150 si
3305 3092 3477 3166 Egy-

211 3178 493 3250 osteudit;
524 3192 709 3253 postea
737 3184 802 3238 de
827 3182 1003 3238 bestia
1030 3193 1085 3238 et
1112 3183 1631 3257 pseudoprophetis;
1670 3195 1794 3243 tan-
1821 3174 1868 3238 C
1900 3185 2046 3256 ptius
2073 3183 2540 3251 venditusJudaeo,
2567 3186 2674 3241 ritu
2702 3201 2892 3243 eorum
2921 3186 3366 3252 circumcidatur,
3396 3186 3482 3242 vel

215 3278 340 3333 dem
370 3274 436 3331 de
459 3277 577 3345 ipso
603 3276 815 3330 diabolo
844 3276 898 3330 in
926 3291 1034 3346 quo
1065 3275 1185 3332 ﬁnis
1213 3286 1394 3347 patet,
1430 3276 1484 3331 in
1512 3293 1620 3348 quo
1647 3279 1800 3334 dam-

214 3376 349 3424 nato
376 3368 481 3422 erit
506 3368 645 3421 ﬁnis.
668 3366 830 3422 Istam
857 3368 1255 3423 damnationem
1278 3380 1667 3439 prosecuturus
1693 3379 1797 3437 est,

217 3473 275 3521 et
300 3478 329 3517 a
355 3462 573 3518 Christo
593 3462 940 3533 praedicatam
961 3477 1083 3518 esse
1110 3463 1272 3530 dicit,
1292 3471 1354 3519 ut
1382 3463 1558 3536 major
1586 3465 1634 3519 ei
1666 3463 1802 3521 ﬁdes

220 3557 505 3612 habeatur.

294 3647 457 3704 Vens.
478 3645 849 3716 2.—Cecidit,
878 3647 1081 3704 cecidit.
1102 3648 1194 3703 Bis
1219 3662 1320 3718 pro
1350 3646 1547 3719 duplici
1577 3646 1801 3703 damna-

222 3741 369 3797 tione
382 3742 573 3796 anima:
586 3749 640 3797 et
656 3741 919 3812 corporis,
937 3739 1019 3795 vel
1043 3740 1167 3811 quia
1186 3739 1515 3795 mternaliter
1526 3739 1798 3810 punietur.

222 3831 473 3887 Custodia
499 3833 666 3887 omnis
687 3832 899 3902 spiritus
922 3830 1197 3885 immundi.
1230 3830 1510 3885 Daunones
1534 3830 1589 3884 in
1618 3829 1803 3900 pravis

223 3924 481 3981 cordibus
509 3939 606 3995 pro
648 3923 829 3978 carnis
878 3922 1143 3978 illecebris
1188 3930 1315 3976 sunt
1360 3921 1665 3987 immundi,
1704 3936 1804 3992 per

223 4016 427 4071 mentis
453 4016 741 4071 elationem
788 4005 1070 4081 volucres,
1105 4013 1191 4070 vel
1227 4014 1351 4085 quia
1392 4029 1490 4084 per
1519 4015 1665 4069 hunc
1708 4029 1802 4069 ae-

225 4122 343 4163 rem
375 4107 705 4162 discurrunt.

300 4198 461 4253 Vens.
493 4197 546 4252 3.
566 4229 637 4237 —
655 4197 732 4251 De
760 4197 963 4251 virtute.
992 4193 1049 4251 Id
1077 4202 1160 4249 est
1187 4193 1252 4250 de
1280 4194 1520 4266 peccatis
1554 4209 1652 4264 per
1684 4209 1806 4265 qua:

224 4291 584 4359 acquiruutur
609 4289 838 4355 divitiae,
868 4288 992 4359 quia
1018 4284 1373 4343 omnisdives
1393 4325 1409 4353 ,
1439 4284 1524 4341 vel
1553 4284 1803 4357 iniquus,

226 4380 316 4436 vel
344 4381 514 4435 haeres
543 4379 733 4448 iniqui.

298 4470 465 4526 Vens.
488 4468 542 4523 ι.
571 4498 641 4510 —-
661 4468 730 4523 Et
753 4468 951 4522 audivi.
980 4466 1175 4522 Dicens
1209 4464 1447 4521 futuram
1474 4465 1623 4522 illam
1647 4467 1805 4522 dam-

227 4562 506 4620 nationem
554 4560 620 4615 ad
668 4567 995 4630 prtesentes,
1043 4556 1296 4628 supponit
1359 4526 1890 4623 admonitionem.”

228 4657 422 4722 Exite,
454 4655 578 4725 quia
609 4653 878 4709 modicum
906 4660 1117 4722 tempus
1145 4658 1413 4720 superest,
1439 4666 1547 4722 quo
1571 4666 1672 4723 pro
1691 4666 1809 4708 me-

229 4744 341 4800 rito
368 4745 632 4815 accipient
662 4742 985 4798 mercedem.
1590 4807 1597 4817 .

307 4834 470 4890 Vens.
531 4833 965 4900 5.—Quoniam
1011 4839 1351 4905 pervenerunt
1403 4841 1648 4906 peccata,
1697 4842 1803 4891 etc.

226 4926 462 4985 Peccata
500 4926 819 4998 perveniunt
866 4940 1038 4996 usque
1066 4927 1133 4981 ad
1179 4934 1545 4997 contemptum
1576 4927 1674 4985 Dei
1708 4943 1808 4999 per

223 5016 704 5090 imptenitentiam.
1784 5014 1785 5017 “

303 5106 469 5167 Vens.
499 5108 553 5165 6.
581 5137 653 5150 —-
671 5108 886 5164 Reddite
922 5109 1023 5163 illi.
1051 5108 1203 5165 Sicut
1222 5107 1520 5164 vindictam
1542 5125 1719 5168 meam
1743 5110 1809 5168 de

227 5202 420 5270 vobis,
451 5203 543 5275 qui
584 5202 925 5275 purgamini,
971 5201 1248 5267 exercuit,
1295 5201 1374 5257 sic
1416 5216 1513 5258 vos
1557 5203 1809 5273 injuriam

228 5302 414 5351 meam
441 5292 712 5351 vindicate
756 5292 810 5349 in
851 5293 973 5349 illis.
1030 5292 1306 5364 Duplicate
1345 5292 1606 5363 duplicia,
1637 5293 1689 5349 id
1728 5304 1812 5351 est

224 5388 430 5443 animae
469 5396 523 5442 et
550 5387 764 5460 corpori
799 5388 1032 5460 majores
1065 5400 1253 5458 plenas
1292 5385 1485 5443 inferte
1510 5404 1670 5459 quam
1706 5388 1809 5461 ipsi

226 5479 412 5537 vobis.

306 5572 473 5629 Vens.
495 5573 548 5628 7.
578 5604 650 5615 —
670 5573 938 5641 Quantum
962 5573 1270 5645 gloriﬁcavit
1289 5592 1364 5642 se,
1392 5582 1498 5631 etc.
1527 5573 1639 5631 Hoc
1665 5583 1811 5631 recte

230 5664 458 5732 dicitur,
487 5666 610 5737 quia
635 5666 900 5737 recipiunt
935 5664 1024 5720 alii
1070 5666 1224 5738 plus,
1270 5667 1361 5721 alii
1404 5666 1600 5721 minus.
1630 5665 1806 5721 Causa

230 5758 580 5813 discretionis
609 5752 770 5829 hujus
808 5756 1003 5827 repetit
1031 5756 1174 5828 quod
1200 5758 1413 5816 dixerat
1439 5758 1704 5829 superius.
1738 5759 1805 5815 Et

1903 3289 2235 3344 paganorum
2274 3275 2415 3329 idola
2446 3274 2606 3330 colat.

1974 3365 2139 3423 Vens.
2173 3368 2263 3423 20.
2284 3398 2355 3409 —
2374 3367 2652 3423 Exsultate
2678 3385 2835 3440 super
2861 3386 2996 3424 eam.
3028 3368 3321 3441 Postquam
3347 3384 3485 3441 prae-

1903 3460 2042 3517 dixit
2091 3461 2231 3516 hanc
2278 3460 2678 3517 damnationem
2742 3461 2983 3531 futuram
3037 3463 3254 3534 impiis,
3300 3469 3486 3518 monet

1900 3555 2073 3610 bonos
2100 3553 2402 3620 exsultare,
2453 3562 2512 3609 ut
2555 3554 2886 3611 concordent
2920 3554 3105 3611 divino
3124 3553 3370 3624 judicio;
3398 3555 3487 3611 vel

1903 3646 2053 3718 quia,
2085 3646 2168 3701 his
2197 3647 2499 3713 damnatis,
2529 3647 2773 3717 sequitur
2794 3662 2984 3704 eorum
3021 3650 3411 3706 remuneratio.

1978 3736 2140 3793 Vens.
2192 3738 2462 3793 2L—Et
2489 3738 2725 3794 sustulit.
2758 3739 2949 3796 Elevat
2986 3740 3127 3799 Deus
3177 3742 3376 3810 malos,
3426 3750 3487 3798 ut

1903 3832 2125 3902 gravius
2144 3834 2331 3902 puniat
2352 3831 2434 3886 vel
2460 3838 2737 3887 corruant.
2765 3831 3018 3905 Lapidem
3039 3835 3191 3907 quasi
3212 3835 3483 3893 molarem.

1903 3922 1987 3977 Ad
2017 3923 2251 3978 litteram
2280 3924 2445 3977 etiam
2469 3924 2649 3977 omnia
2678 3924 2782 3979 ista
2813 3925 2926 3981 visa
2954 3935 3097 3980 sunt.
3124 3926 3242 3981 Hoc
3268 3928 3484 3999 impetu.

1904 4012 2198 4086 Postquam
2228 4016 2513 4085 descriptae
2538 4024 2666 4071 sunt
2692 4017 2917 4092 singulm
2945 4034 3118 4088 pinnae
3138 4056 3158 4087 ,
3183 4020 3488 4077 ostenditur

1900 4107 2009 4189 sibi
2086 4106 2277 4162 modus
2346 4108 2743 4176 damnationis,
2802 4111 2957 4181 quasi
3004 4112 3210 4173 diceret
3258 4130 3274 4169 :
3326 4112 3481 4184 Quod

1905 4198 2015 4252 vidi
2040 4198 2354 4269 praedictum
2372 4240 2387 4267 ,
2415 4199 2522 4254 vidi
2552 4201 2718 4256 etiam
2738 4199 2855 4270 jam
2887 4201 3209 4273 impletum,
3228 4204 3375 4265 sicut
3402 4200 3484 4258 vi-

1906 4287 2002 4344 des
2033 4287 2087 4342 iu
2119 4288 2220 4344 hac
2266 4287 2434 4361 ﬁgura
2466 4306 2483 4357 ;
2514 4291 2595 4346 vel
2634 4301 2877 4363 :quanto
2900 4292 3021 4365 plus
3047 4291 3270 4350 exaltati
3319 4306 3448 4354 sua:
3474 4331 3487 4359 ς

1912 4388 2062 4438 tanto
2084 4383 2304 4456 gravius
2329 4384 2545 4441 cadent.

2496 4521 2724 4580 CAPUT
2761 4521 2905 4580 XIX.

1980 4654 2147 4712 Vens.
2176 4655 2227 4711 1.
2247 4650 2463 4710 —Post
2500 4656 2611 4711 haec
2642 4655 2841 4712 audivi.
2875 4654 2934 4712 Id
2956 4664 3061 4723 est,
3087 4654 3487 4718 damnationem

1910 4749 2175 4806 malorum
2206 4748 2311 4804 vidi
2350 4749 2704 4820 completam,
2735 4750 2875 4807 sicut
2900 4766 2931 4804 a
2958 4750 3175 4807 Christo
3210 4750 3487 4804 audieram

1911 4839 2302 4911 complendam.
2335 4838 2490 4896 Modo
2519 4841 2794 4914 subjuugit
2839 4839 2985 4912 quod
3016 4840 3084 4896 de
3124 4841 3226 4898 ista
3266 4840 3492 4895 damna-

1910 4931 2056 4987 tione
2076 4932 2247 4988 sancti
2272 4932 2544 4988 exsultant
2561 4933 2701 4988 sicut
2728 4932 2916 4988 moniti
2944 4932 3188 4988 erantad
3215 4933 3490 4988 exsultan-

1910 5026 2041 5081 .dum
2065 5027 2116 5080 in
2137 5041 2296 5081 versu
2320 5026 2410 5081 illo
2434 5044 2447 5080 :
2474 5023 2747 5081 Exsultate
2758 5043 2913 5099 super
2930 5044 3063 5093 eam,
3078 5028 3213 5096 costi,
3228 5044 3327 5099 per
3344 5027 3487 5099 quod

1914 5112 2083 5173 multo
2126 5117 2342 5187 gravior
2398 5115 2712 5188 intelligitur
2772 5131 2932 5188 paena
2994 5117 3281 5174 malorum.
3338 5117 3484 5175 Alte-

1916 5206 2049 5274 luia,
2087 5218 2193 5265 etc.
2225 5208 2351 5263 Ideo
2385 5206 2611 5263 dicimus
2655 5207 2900 5278 alleluia,
2949 5210 3077 5282 quia
3108 5209 3229 5266 laus
3264 5218 3349 5265 est
3376 5210 3487 5266 Deo

1912 5286 2124 5371 nostro,
2183 5310 2239 5358 et
2282 5301 2407 5372 quia
2463 5300 2587 5357 talia
2635 5302 2790 5358 nobis
2847 5299 3009 5369 fecit,
3058 5301 3483 5359 antonomastice

1915 5411 2039 5452 eum
2074 5395 2293 5449 laudare
2322 5394 2597 5450 debemus.

1987 5485 2150 5542 Vnns.
2176 5484 2232 5540 ι.
2261 5481 2416 5539 -Ει
2460 5484 2756 5540 ceciderunt
2801 5487 3029 5543 seniores
3048 5528 3063 5553 ,
3093 5496 3198 5542 etc.
3237 5480 3352 5540 Non
3385 5484 3486 5539 mi-

1917 5594 2078 5636 nores
2114 5577 2287 5633 sancti
2316 5576 2652 5634 solummodo
2707 5579 2774 5634 de
2803 5578 2906 5637 hac
2940 5577 3280 5635 damnatione
3305 5567 3488 5632 lauda-

1917 5678 2110 5726 verunt
2136 5670 2304 5724 Deum
2325 5708 2342 5735 ,
2374 5668 2468 5725 sed
2494 5669 2658 5725 etiam
2684 5670 2761 5726 illi
2785 5668 3018 5740 majores
3039 5668 3133 5740 qui
3162 5667 3216 5723 in
3245 5666 3488 5725 Ecclesia

1912 5752 2136 5818 luerunt
2163 5758 2375 5837 judices
2400 5770 2455 5817 et
2482 5762 2730 5819 doctores
2760 5762 3007 5818 aliorum.
3049 5761 3230 5816 Amen.
3265 5760 3486 5834 Specia-
