3948 6314
517 411 550 464 7
555 410 624 466 4'5

1012 406 1399 462 WALAFRIDI
1438 405 1682 462 STRABI
1713 405 1918 462 FULD.
1961 401 2134 458 MON.
2175 399 2325 457 OPP.
2368 393 2548 454 PARS
2581 399 2623 456 Ι.
2657 378 2734 441 ξ)
2773 382 3258 458 THEOLOGICA.~

3677 404 3788 459 744

515 521 643 576 liter
669 517 810 574 Deus
839 517 1137 573 laudandus
1175 525 1259 572 est
1283 517 1354 594 de
1375 517 1506 584 hoc,
1547 517 1690 588 quod
1718 517 1962 572 inimicos
1993 531 2088 570 no-
2118 518 2168 580 Α
2263 515 2424 571 Vens.
2455 513 2688 571 i7.-—Et
2713 516 2820 570 vidi
2847 534 3007 572 unum
3046 518 3313 588 angelum.
3343 515 3571 573 Ostensa
3601 519 3788 590 digni-

514 622 656 666 stros
683 611 756 664 ita
782 609 957 680 punit.

587 699 752 755 Vens.
793 699 847 754 5.
879 728 950 739 —
970 697 1041 752 Et
1063 715 1193 766 vox,
1224 707 1328 755 etc.
1361 699 1514 754 Dicta
1541 699 1884 754 damnatione
1916 698 2086 752 malo-

514 807 638 846 rum
673 799 728 846 et
755 791 1111 847 exsultatione
1158 801 1499 855 sanctorum,
1551 793 1802 862 supponit
1847 792 2090 845 admoni-

514 883 715 936 tionem
743 881 811 936 ad
838 890 1132 951 pmsentes
1151 924 1165 949 ,
1192 884 1347 954 quasi
1383 884 1526 938 dicat
1557 901 1569 936 :
1602 883 1825 938 Vidistis
1852 884 2089 938 exsulta-

516 976 750 1042 tionem,
790 976 950 1031 modo
997 991 1092 1031 vos
1141 976 1418 1046 providete
1452 975 1605 1030 vobis
1633 975 1701 1029 ad
1726 983 1963 1030 vestram
1999 991 2087 1030 sa-

513 1066 698 1122 lutem.
731 1064 946 1120 Pusilli.
977 1066 1078 1134 Qui
1119 1076 1394 1136 nequeunt
1423 1067 1612 1120 altiora
1657 1074 1942 1134 penetrare
1969 1082 2088 1138 my-

513 1158 677 1212 steria
701 1199 715 1224 ,
745 1172 846 1213 nec
891 1157 987 1212 Dei
1033 1166 1260 1227 possunt
1295 1156 1519 1226 implere
1548 1155 1833 1210 consilium
1862 1172 1875 1208 :
1912 1155 2090 1209 Vende

510 1250 708 1316 omnia,
751 1258 802 1305 et
842 1265 1052 1321 sequere
1079 1265 1182 1316 me,
1214 1248 1586 1319 intelliguntur
1613 1248 1833 1303 nomine
1860 1247 2086 1318 pusillo-

508 1356 651 1396 rum.

578 1429 745 1486 Vens.
779 1429 832 1486 6.
857 1422 1018 1485 —Et
1059 1430 1236 1485 audivi
1273 1431 1424 1501 quasi
1452 1446 1658 1495 vocem,
1707 1437 1812 1484 etc.
1853 1427 2086 1485 Ostensa

509 1522 696 1577 laetitia
713 1537 874 1592 quam
895 1522 1164 1577 habebant
1184 1522 1356 1577 sancti
1381 1523 1447 1577 de
1470 1520 1774 1592 perditione
1796 1520 2084 1588 malorum,

507 1613 764 1684 supponit
781 1613 940 1682 aliam
969 1612 1210 1668 laetitiam
1235 1613 1475 1684 ipsorum
1498 1628 1662 1683 quam
1691 1612 1758 1666 de
1786 1611 2086 1669 salvatione

505 1718 604 1759 sua
629 1703 814 1774 (quam
840 1703 1083 1759 dicturus
1112 1702 1214 1776 est)
1245 1703 1543 1758 habebunt.

579 1794 740 1850 Vens.
773 1796 827 1850 7.
849 1825 920 1836 —
941 1792 1010 1849 Et
1039 1811 1175 1849 uxor
1217 1795 1328 1864 ejus
1347 1836 1362 1860 ,
1406 1804 1512 1850 etc.
1545 1794 1611 1850 Et
1639 1795 1970 1851 conveniens
2000 1802 2087 1850 est

503 1896 565 1942 ut
585 1888 842 1959 jungatur
861 1887 1097 1943 Ecclesia
1126 1886 1361 1953 Christo,
1395 1887 1522 1957 quia
1544 1887 1658 1958 ipsa
1683 1887 1926 1944 Ecclesia
1955 1888 2084 1944 fecit
2112 1883 2159 1944 B

505 1995 563 2037 se
585 1980 836 2036 idoneam
863 1989 923 2035 ut
951 1980 1309 2051 reciperetur.

572 2073 738 2128 Vens.
765 2071 1059 2127 .IO.—-Et
1103 2072 1303 2138 cecidi,
1332 2079 1438 2127 etc.
1472 2071 1609 2140 Quia
1653 2089 1778 2128 eum
1822 2073 2083 2144 majorem

503 2183 592 2226 me
621 2169 881 2235 intellexi,
925 2178 982 2224 et
1009 2169 1230 2224 obedire
1258 2176 1481 2239 paratus
1508 2168 1618 2240 fui,
1651 2169 1729 2224 sic
1759 2175 1814 2223 et
1840 2181 1936 2221 vos
1957 2165 2087 2220 obe-

503 2263 614 2318 dite
635 2262 787 2316 mihi.
826 2259 955 2316 Vide
979 2278 1044 2316 ne
1072 2261 1277 2332 feceris.
1321 2261 1379 2315 In
1406 2261 1576 2316 veteri
1608 2261 1726 2330 lege
1751 2273 1861 2314 non
1902 2257 2087 2329 prohi-

501 2355 620 2409 buit
666 2370 724 2410 se
767 2355 1013 2422 adorari;
1060 2355 1155 2410 sed
1199 2363 1323 2425 post
1349 2355 1754 2420 ascensionem,
1782 2352 1968 2409 videns
1996 2367 2088 2407 su-

500 2457 600 2515 per
614 2461 671 2502 se
683 2446 982 2502 exaltatum
1004 2446 1297 2510 hominem,
1319 2445 1386 2500 ab
1400 2445 1621 2501 homine
1643 2443 1824 2499 timuit
1843 2443 2082 2498 adorari.

575 2537 950 2593 Testimonium
996 2539 1164 2604 enim,
1221 2549 1328 2595 etc.
1385 2537 1655 2608 Quidquid
1686 2537 1964 2609 prophetm
2004 2535 2084 2590 di-

501 2638 699 2684 xerunt
715 2671 730 2696 ,
757 2629 1006 2701 perhibet
1030 2631 1247 2686 Christo
1277 2631 1667 2686 testimonium.

573 2721 736 2777 Vens.
773 2723 860 2776 II.
881 2753 952 2761 —
973 2721 1041 2775 Et
1070 2723 1180 2776 vidi
1225 2722 1407 2777 caelum
1437 2731 1697 2792 apertum.
1731 2721 1887 2776 Dicta
1929 2721 2084 2775 dam-

501 2812 722 2866 natione
745 2810 1035 2882 Babylonis
1054 2851 1070 2876 ,
1107 2819 1162 2866 et
1193 2811 1552 2866 exsultatione
1575 2826 1736 2880 quam
1762 2811 1887 2865 inde
1918 2809 2088 2864 habe-

429 2941 432 2944 .
501 2904 638 2958 bunt
685 2904 890 2970 sancti,
939 2904 1190 2975 supponit
1246 2904 1650 2960 damnationem
1706 2903 1876 2974 ipsius
1931 2904 2085 2960 Anti-

503 2994 693 3050 christi
720 3002 776 3049 et
811 2993 1176 3064 apostolorum
1222 2996 1373 3066 ejus,
1415 2995 1559 3065 quod
1591 3003 1676 3051 est
1703 2995 1776 3050 ibi
1823 3011 1837 3050 :
1873 2994 1943 3049 Et
1989 3012 2085 3066 ap-

501 3088 753 3158 prehensa
775 3096 847 3141 est
875 3087 1056 3143 bestia.
1083 3087 1148 3142 Et
1172 3087 1280 3152 isti,
1305 3103 1471 3157 quare
1495 3088 1931 3144 damnabuntur?
1955 3089 2082 3158 quia

500 3188 874 3251 pugnaverunt
894 3188 1084 3236 contra
1108 3178 1383 3235 Christum
1402 3189 1662 3250 quantum
1685 3189 1993 3251 potuerunt,
2026 3189 2081 3236 et

502 3281 680 3325 tamen
701 3271 951 3327 Christus
963 3271 1103 3327 bene
1122 3271 1572 3344 poteritvincere,
1589 3273 1680 3343 qui
1699 3282 1903 3327 tantam
1918 3273 2081 3328 habet

498 3371 819 3434 potestatem
862 3365 1158 3420 secundum
1197 3364 1532 3419 divinitatem
1571 3373 1626 3418 et
1663 3363 2077 3430 humanitatem,

500 3459 644 3529 quod
672 3458 852 3514 nullus
875 3459 1047 3529 possit
1071 3458 1324 3514 resistere
1343 3457 1392 3513 ei
1409 3498 1424 3524 ,
1450 3442 1503 3514 et
1528 3459 1648 3512 ideo
1667 3459 1926 3512 debemus
1954 3473 2078 3513 eum

499 3549 723 3604 imitari.
741 3549 891 3606 Unde
914 3558 968 3604 et
984 3550 1097 3619 ipse
1112 3549 1532 3603 admonitionem
1549 3549 1868 3617 interponit:
1886 3547 1954 3601 Et
1977 3547 2080 3602 vidi

497 3659 661 3696 unum
683 3641 944 3712 angelum.
967 3641 1088 3696 Vidi
1109 3651 1328 3696 vocatos
1356 3642 1424 3696 ad
1445 3642 1682 3710 nuptias,
1709 3641 1816 3696 vidi
1839 3642 2004 3696 etiam
2026 3650 2082 3696 et

499 3733 593 3802 qui
625 3741 851 3802 possunt
872 3732 1060 3787 venire
1082 3748 1097 3787 :
1121 3747 1247 3786 nam
1276 3732 1475 3786 bonum
1501 3720 1803 3801 adjutorem
1834 3741 1889 3787 et
1907 3733 2080 3790 bonos

498 3826 703 3882 habent
746 3825 1128 3882 admonitores.
1196 3823 1381 3896 Equus
1439 3825 1622 3892 albus,
1689 3825 1742 3881 id
1806 3834 1891 3881 est
1952 3836 2083 3883 caro

499 3922 703 3977 Christi
731 3930 956 3994 portans
985 3920 1227 3979 Verbum
1271 3923 1367 3979 Dei
1411 3923 1480 3978 ad
1505 3923 1704 3980 bellum
1747 3933 1937 3979 contra
1968 3924 2084 3980 dia-

497 4012 703 4070 bolum.

568 4105 735 4165 Vens.
763 4107 855 4165 I2.
882 4105 1120 4166 —Sicut
1157 4110 1373 4180 ﬂamma
1399 4109 1577 4180 lignis.
1628 4106 1764 4174 Quia
1813 4108 2082 4164 comburit

496 4199 660 4267 vitia,
691 4210 747 4257 et
773 4202 1042 4267 accendit,
1067 4209 1123 4257 et
1145 4201 1430 4257 illuminat.
1462 4199 1588 4256 Hinc
1609 4199 1794 4254 omnia
1835 4199 1952 4255 sine
1996 4215 2080 4255 re-

499 4300 688 4362 spectu
716 4291 947 4361 alicujus
975 4292 1116 4347 dicta
1145 4300 1306 4359 sunt,
1336 4299 1398 4346 ut
1430 4298 1638 4346 tantum
1669 4298 1918 4346 notemus
1945 4305 2082 4360 qua-

500 4381 568 4438 lis
595 4383 665 4438 sit
687 4391 744 4439 et
770 4393 971 4453 quanta
998 4384 1188 4455 possit.

575 4474 739 4529 Vens.
758 4472 1162 4530 lii—Verbum
1184 4474 1302 4530 Dei.
1325 4475 1381 4530 Id
1403 4482 1488 4532 est
1511 4491 1524 4528 :
1555 4474 1675 4545 Ipse
1696 4474 1913 4540 dixit,et
1939 4474 2080 4544 facta

499 4572 619 4620 sunt
654 4563 826 4634 (Psal.
856 4570 1029 4638 xxx")
1058 4581 1073 4620 :
1107 4581 1208 4638 per
1236 4582 1399 4638 quem
1427 4568 1609 4623 omnia
1640 4567 1802 4622 Pater
1836 4565 1986 4633 fecit,
2025 4574 2080 4621 et

500 4673 596 4728 per
621 4674 779 4730 quem
808 4659 990 4715 Pater--
1003 4659 1202 4716 mundo
1233 4675 1290 4716 se
1318 4661 1677 4716 annuntiavit.

571 4750 736 4804 Vens.
778 4750 863 4804 M.
893 4781 966 4791 —-
991 4749 1176 4805 Vestiti
1203 4751 1408 4822 byssina
1431 4751 1549 4806 albo
1571 4762 1619 4806 et
1645 4752 1860 4807 mundo.
1893 4751 1952 4808 Id
1973 4759 2076 4820 est,

500 4842 557 4900 in
587 4841 904 4911 corporibus
937 4841 1186 4907 mundis,
1215 4841 1307 4912 qui
1352 4841 1420 4896 ab
1464 4840 1667 4896 illicitis
1708 4839 2078 4908 refrenantur,

499 4947 557 4994 et
588 4936 805 4992 stimulo
829 4935 1109 4993 charitatis
1150 4936 1219 4991 ad
1242 4937 1384 4992 bona
1431 4936 1746 5001 incitantur,
1789 4934 1844 4988 id
1886 4943 1971 4990 est
2010 4935 2080 4991 ad

496 5026 784 5100 justitiam.

575 5118 736 5174 Vens.
769 5118 857 5174 15.
884 5114 1192 5172 —Gladius
1218 5133 1282 5172 ea:
1320 5126 1540 5188 utraque
1578 5125 1728 5188 parte
1765 5125 1970 5171 acutus.
2017 5115 2077 5172 Id

501 5210 823 5278 est,divina
875 5210 1165 5276 sententia,
1197 5208 1442 5264 incidens
1486 5223 1684 5279 pravas
1723 5208 2078 5279 cogitationes

504 5303 700 5361 mentis
730 5311 784 5358 et
825 5303 1042 5358 illicitos
1071 5311 1248 5357 motus
1272 5301 1544 5372 corporis;
1577 5300 1662 5357 vel
1691 5299 1858 5357 Vetus
1882 5310 1936 5356 et
1963 5300 2077 5356 No-

503 5411 630 5452 vum
659 5397 1083 5452 Testamentum.
1118 5394 1276 5465 Reget
1303 5411 1408 5448 eas.
1437 5392 1667 5449 Sanctos
1694 5393 1760 5448 de
1793 5393 1993 5447 virtute
2020 5391 2074 5446 in

504 5493 760 5547 virtutem
787 5485 1150 5560 promovendo
1168 5528 1182 5554 ,
1217 5487 1389 5543 malos
1417 5486 1484 5542 de
1511 5485 1643 5541 vitio
1672 5487 1724 5541 in
1749 5486 1937 5543 vitium
1967 5483 2077 5540 labi

505 5582 756 5639 sinendo.
838 5627 849 5638 .

579 5674 739 5730 Vens.
768 5673 851 5728 l6.
883 5701 957 5718 —
977 5671 1044 5726 Et
1073 5671 1222 5726 habet
1259 5673 1311 5725 in
1337 5673 1655 5728 uestimento.
1689 5669 1785 5725 Vel
1818 5669 1870 5724 in
1899 5668 2078 5724 cordi-

505 5770 607 5822 bus
638 5767 872 5823 ﬁdelium
917 5767 1009 5836 qui
1060 5776 1186 5821 sunt
1232 5766 1611 5822 vestimentum
1637 5763 1782 5831 Filii,
1816 5761 2078 5833 scriptum

509 5869 589 5914 est
612 5878 623 5912 ε
657 5859 768 5913 Rea:
800 5875 995 5929 regum.

2011 4615 2079 4695 ξ’
2105 4615 2160 4676 D

2191 617 2304 664 tate
2345 609 2583 676 Christi,
2616 624 2714 679 per
2741 625 2905 680 quam
2956 610 3232 667 diabolum
3275 626 3589 682 expugnare
3622 624 3786 684 pote.

2189 701 2280 766 rit,
2342 700 2522 755 subdit
2564 700 2985 756 admonitionem
3014 702 3081 755 de
3107 703 3393 772 praesenti,
3425 705 3580 774 quasi
3611 707 3788 774 ,ἀίω-

2189 804 2271 848 ret
2295 808 2308 846 :
2330 793 2436 862 Ipsi
2461 793 2554 846 tali
2586 794 2865 848 adhaerere
2887 793 3119 848 debetis.
3144 793 3400 848 Omnibus
3425 796 3632 848 avibus.
3661 795 3784 850 Om-

2188 884 2348 939 nibus
2369 884 2615 940 ﬁdelibus
2637 885 2728 953 qui
2757 884 2925 956 agiles
2947 893 3001 938 et
3020 884 3323 940 leves'sunt
3349 887 3403 938 in
3432 888 3785 956 promotione

2187 976 2452 1032 bonorum
2488 992 2733 1046 operum.
2773 976 2986 1044 Venite,
3031 986 3137 1034 etc.
3169 978 3314 1033 Bene
3358 981 3677 1048 operando,
3732 983 3785 1037 in

2187 1069 2376 1122 eadem
2423 1068 2557 1134 ﬁde,
2600 1084 2709 1123 non
2753 1068 2996 1125 diversas
3033 1069 3272 1124 haereses
3315 1079 3614 1139 sequentes
3644 1071 3786 1127 sicut

2185 1160 2345 1225 mali;
2376 1159 2457 1214 vel
2485 1177 2498 1212 :
2529 1160 2594 1214 de
2619 1161 2864 1230 partibus
2899 1161 3086 1215 mundi
3113 1160 3341 1216 diversis
3362 1162 3433 1216 ad
3456 1177 3547 1218 me
3575 1165 3782 1221 venite.

2187 1248 2257 1302 Et
2273 1249 2677 1319 congregamini.
2704 1248 2870 1316 Quasi
2895 1267 2910 1305 :
2929 1249 3153 1304 Multum
3177 1249 3384 1305 debetis
3400 1266 3524 1306 esse
3537 1251 3782 1318 solliciti,

2185 1349 2246 1396 ut
2283 1342 2352 1395 ad
2395 1342 2534 1396 hanc
2568 1355 2782 1396 coenam
2815 1341 3002 1397 venire
3046 1341 3298 1412 possitis,
3343 1343 3475 1412 quia
3507 1344 3613 1398 nisi
3649 1345 3786 1400 bene

2186 1433 2576 1504 pugnaveritis,
2609 1433 2822 1488 diabolo
2849 1434 3248 1499 succumbetis;
3272 1435 3398 1503 quia
3422 1434 3665 1512 multum
3687 1451 3783 1506 pa-

2186 1537 2334 1582 ratus
2359 1536 2443 1581 est
2477 1541 2675 1582 nocere
2705 1527 2894 1593 vobis,
2921 1542 3048 1582 eum
3089 1535 3273 1582 tamen
3317 1527 3525 1582 auxilio
3557 1528 3665 1582 Dei
3699 1543 3784 1583 su-

2184 1637 2376 1692 perare
2401 1621 2673 1691 poteritis.

2186 1767 2193 1773 .
2256 1719 2418 1774 Vens.
2464 1715 2553 1769 20.
2592 1745 2664 1756 —
2706 1711 2816 1767 Vivi
2865 1711 3013 1767 missi
3059 1718 3183 1767 sunt
3234 1711 3289 1765 hi
3337 1711 3466 1765 duo.
3511 1710 3784 1767 Videlicet

2183 1810 2548 1865 Antichristus
2571 1815 2627 1863 et
2653 1806 2737 1862 sui
2771 1804 3000 1877 apostoli
3029 1803 3263 1874 majores
3285 1818 3479 1875 poenas
3500 1805 3782 1873 patientur

2187 1919 2351 1975 quam
2379 1902 2490 1968 alii,
2519 1901 2586 1956 ad
2615 1898 3023 1955 similitudinem
3053 1896 3201 1953 illius
3226 1897 3318 1967 qui
3355 1897 3513 1951 vivus
3551 1897 3781 1952 combu-

2187 2001 2346 2056 ritur.

2259 2091 2421 2145 Vens.
2449 2089 2539 2143 21.
2562 2118 2632 2128 -
2653 2085 2722 2141 Et
2743 2087 2917 2142 cwteri
2941 2085 3099 2140 occisi
3119 2092 3260 2140 sunt.
3285 2082 3346 2138 Id
3375 2091 3483 2150 est,
3512 2097 3778 2154 sequaces

2188 2197 2374 2238 eorum
2396 2179 2592 2235 minori
2622 2193 2783 2251 ptena
2809 2179 3123 2249 punientur,
3153 2177 3239 2232 vel
3265 2175 3345 2231 illi
3373 2175 3470 2246 qui
3489 2185 3660 2230 erunt
3683 2191 3780 2232 ca-

2187 2274 2321 2340 teri,
2359 2273 2471 2328 sive
2511 2272 2578 2327 ad
2618 2287 2742 2328 eum
2785 2269 3065 2334 conversi,
3105 2267 3272 2324 occisi
3316 2266 3553 2330 mundo,
3599 2267 3782 2321 vivent

2188 2367 2316 2422 Deo.
2356 2366 2424 2420 Et
2469 2382 2642 2420 omnes
2674 2382 2820 2430 aves,
2855 2365 2908 2419 id
2943 2371 3026 2420 est
3062 2377 3252 2418 omnes
3287 2360 3489 2425 sancti,
3525 2360 3778 2415 delectati

2187 2470 2313 2520 sunt
2340 2463 2406 2519 de
2433 2477 2592 2533 poena
2622 2461 2854 2528 illorum,
2885 2470 2942 2518 et
2967 2461 3032 2517 de
3055 2458 3307 2533 proiectu
3340 2458 3602 2515 fratrum.

2763 2597 2991 2654 CAPUT
3028 2595 3149 2654 XI.

2258 2735 2419 2790 Vens.
2444 2737 2493 2790 1.
2512 2733 2667 2788 -Ει
2690 2733 2800 2788 vidi
2834 2732 3094 2806 angelum.
3121 2732 3277 2789 Dicta
3301 2733 3660 2790 damnatione
3680 2734 3775 2790 Ba-

2186 2826 2398 2900 bylonis
2412 2836 2466 2883 et
2479 2826 2795 2882 Antichristi
2816 2835 2873 2881 et
2888 2828 3093 2896 pseudo
3114 2825 3507 2897 apostolorum,
3523 2828 3776 2898 supponit

2187 2915 2584 2972 damnationem
2600 2915 2768 2986 ipsius
2783 2915 3002 2982 diaboli,
3019 2924 3073 2970 et
3085 2915 3348 2987 praeponit
3362 2930 3600 2971 causam
3613 2933 3773 2987 quare

2185 3016 2242 3063 et
2278 3015 2491 3076 tempus
2534 3021 2641 3076 quo
2679 3005 3027 3061 damnabitur
3073 3024 3085 3059 :
3127 3013 3182 3061 et
3221 3005 3344 3075 quis
3385 3005 3546 3061 illum
3583 3009 3774 3077 poterit

2185 3097 2401 3152 vincere
2423 3137 2438 3161 ,
2475 3095 2684 3152 scilicet
2731 3095 2819 3150 ille
2851 3095 2944 3164 qui
2983 3095 3039 3150 in
3075 3094 3266 3149 humili
3314 3093 3565 3150 adventu
3612 3096 3774 3166 potuit

2185 3189 2334 3244 illum
2383 3189 2552 3259 ligare
2594 3196 2858 3258 quantum
2901 3187 3093 3254 voluit,
3137 3187 3480 3257 gloriﬁcatus
3527 3189 3774 3242 eumdem

2108 3249 2152 3312 C
2185 3281 2404 3336 on.nino
2424 3249 2712 3337 destruere
2739 3279 2956 3352 poterit.
2982 3249 3188 3351 Abussi.
3215 3279 3463 3351 Abyssus
3491 3281 3775 3336 tenebrosa

2183 3382 2450 3430 vocantur
2485 3373 2650 3429 corda
2689 3373 3008 3444 impiorum;
3055 3371 3140 3427 vel
3177 3372 3292 3442 ipse
3320 3370 3622 3440 diabolus,
3653 3388 3774 3443 quos

2181 3463 2444 3519 Dominus
2484 3465 2676 3520 saevire
2712 3464 2980 3535 permittit
3008 3472 3064 3520 et
3104 3463 3344 3519 refrenat
3381 3463 3616 3534 quando
3654 3464 3774 3517 vult.

2257 3554 2422 3611 Vens.
2463 3557 2518 3611 2.
2550 3555 3007 3627 —Apprelzendit.
3036 3555 3095 3610 Id
3123 3563 3227 3621 est,
3251 3569 3514 3626 peccasse
3543 3555 3776 3610 ostendit

2185 3651 2311 3706 dum
2343 3666 2401 3706 se
2427 3649 2722 3706 immunem
2744 3665 2775 3703 a
2800 3657 3024 3719 peccato
3052 3648 3140 3703 ille
3167 3647 3410 3703 diabolus
3433 3647 3671 3701 occidit.
3699 3646 3778 3700 Li-

2183 3743 2320 3812 gavit
2351 3758 2489 3796 eum.
2549 3739 2839 3796 Sciendum
2875 3741 3017 3812 quod
3050 3739 3297 3796 similiter
3322 3739 3376 3793 in
3405 3739 3706 3794 Abraham
3732 3749 3780 3793 et

2185 3831 2305 3887 aliis
2344 3830 2590 3886 ﬁdelibus
2621 3829 2865 3885 diabolus
2893 3828 2994 3885 fuit
3019 3830 3216 3902 ligatus
3245 3828 3384 3885 sicut
3408 3827 3469 3882 in
3495 3828 3627 3882 istis
3651 3844 3780 3898 prae-

2183 3925 2456 3991 sentibus;
2486 3924 2582 3980 sed
2631 3924 2687 3978 in
2723 3924 2826 3979 illis
2858 3923 3045 3995 ligavit
3085 3938 3208 3994 spes
3244 3921 3408 3978 futuri
3448 3920 3697 3988 Christi,
3729 3923 3776 3977 in

2182 4015 2300 4070 istis
2327 4015 2442 4085 ipse
2469 4013 2716 4070 Christus
2740 4015 3031 4070 adveniens
3059 4013 3266 4085 ligavit.

2251 4107 2416 4164 Vens.
2454 4107 2506 4162 3.
2531 4139 2601 4148 —
2627 4106 2697 4162 Et
2722 4108 2860 4162 misit
2883 4125 3018 4172 eum,
3046 4118 3153 4164 etc.
3181 4107 3316 4176 Quia
3339 4106 3544 4176 ejectus
3577 4124 3614 4162 a
3651 4108 3776 4163 ﬁde-

2181 4199 2341 4262 libus,
2375 4199 2428 4253 in
2457 4198 2616 4254 malis
2644 4199 2810 4270 erepit
2837 4198 3104 4254 dominari
3131 4197 3368 4254 atrocius
3397 4212 3411 4252 :
3455 4198 3534 4252 sic
3580 4198 3779 4270 legitur

2182 4292 2236 4346 in
2263 4291 2574 4360 Evangelio,
2604 4291 2748 4361 quod
2777 4291 3000 4348 intravit
3026 4291 3080 4345 in
3109 4305 3324 4360 porcos.
3352 4289 3599 4360 Signavit
3623 4306 3776 4360 super

2182 4382 2363 4448 illum,
2393 4381 2496 4439 etc.
2529 4383 2587 4439 Id
2620 4392 2704 4439 est
2751 4383 2985 4452 sigillum
3024 4383 3239 4453 posuit,
3286 4382 3498 4436 scilicet
3554 4382 3774 4452 signum

2182 4474 2382 4539 crucis,
2411 4473 2551 4542 quod
2579 4488 2702 4528 eum
2735 4475 2814 4528 sic
2838 4478 3072 4543 superat,
3101 4481 3211 4526 uta
3241 4470 3491 4525 ﬁdelibus
3525 4470 3772 4539 repellat.

2185 4565 2255 4618 Et
2295 4575 2407 4636 post
2453 4566 2563 4619 ham
2606 4575 2837 4635 oportet,
2878 4574 3020 4628 etc.,
3059 4573 3120 4619 ut
3171 4563 3398 4633 recipiat
3441 4569 3774 4631 potestatem

2181 4673 2342 4728 quam
2371 4657 2560 4711 habuit
2587 4665 2712 4711 ante
2741 4657 3029 4711 adventum
3059 4653 3283 4710 Christi.

2252 4750 2418 4806 Vens.
2459 4751 2512 4804 4.
2540 4779 2611 4790 --
2637 4748 2706 4802 Et
2732 4749 2844 4803 vide
2864 4748 3030 4802 sedes.
3055 4747 3245 4816 Ligato
3273 4744 3510 4811 diabolo,
3537 4746 3661 4800 vidi
3689 4757 3765 4801 se-

2180 4843 2321 4910 lutos
2358 4841 2562 4905 ﬁdeles,
2587 4848 2644 4896 et
2668 4840 2906 4895 minores
2939 4838 3176 4908 praelatis
3211 4837 3323 4894 suis
3356 4835 3584 4892 obedire
3617 4853 3753 4908 para

2181 4940 2288 4999 tos,
2329 4940 2388 4986 et
2424 4931 2672 5002 praelatos
2703 4928 2950 4998 judicare
2980 4929 3241 4984 subditos.
3276 4927 3397 4984 Vidi
3437 4927 3494 4982 in
3526 4935 3774 4997 tempore

2180 5023 2452 5094 ligationis
2499 5021 2801 5076 Ecclesiam
2844 5021 2911 5075 ad
2952 5020 3090 5075 bene
3140 5018 3477 5090 operandum
3517 5017 3600 5071 ita
3637 5018 3774 5073 solu-

2183 5125 2315 5183 tam,
2341 5124 2397 5171 et
2417 5115 2520 5170 hoc
2539 5114 2728 5170 eodem
2751 5121 3011 5182 tempore,
3031 5111 3150 5168 illos
3176 5111 3266 5182 qui
3288 5125 3389 5181 pro
3414 5109 3646 5165 Christo
3674 5127 3774 5165 mo-

2183 5207 2397 5262 riuntur
2437 5205 2546 5260 vidi
2601 5204 2784 5259 statim
2830 5203 2885 5257 in
2930 5201 3157 5274 gloriam
3198 5202 3445 5278 intrare,
3488 5214 3773 5270 nunquam

2183 5297 2252 5350 ad
2288 5294 2489 5350 inferos
2519 5294 2863 5358 descendere,
2895 5293 3033 5347 sicut
3059 5291 3328 5346 Abraham
3353 5297 3410 5344 et
3433 5289 3628 5344 cancri
3656 5305 3775 5360 pm

2183 5389 2359 5460 pbetae
2385 5386 2807 5450 descenderunt,
2845 5384 3090 5454 quamvis
3110 5382 3241 5453 justi
3281 5379 3521 5435 fuerunt.
3553 5377 3633 5432 Et
3665 5381 3773 5432 ani-

2185 5497 2298 5532 mas
2319 5478 2715 5532 decollatorum.
2735 5477 2799 5531 Et
2818 5477 2925 5530 vidi
2953 5476 3201 5530 similiter
3222 5473 3436 5529 animas
3459 5487 3659 5528 eorum
3685 5471 3770 5542 qui

2187 5587 2293 5627 non
2337 5572 2717 5626 adoraverunt.
2766 5568 2834 5622 Et
2883 5570 3134 5622 vixerunt.
3169 5565 3234 5620 Et
3265 5580 3370 5619 non
3411 5562 3538 5619 dico
3584 5563 3770 5617 vivent

2182 5675 2235 5720 et
2274 5665 2577 5736 regnabunt
2615 5663 2670 5716 in
2708 5661 2909 5726 futuro,
2944 5661 3036 5715 sed
3067 5659 3230 5714 etiam
3260 5658 3314 5711 in
3347 5656 3453 5710 hoc
3484 5655 3765 5726 presenti,

2185 5758 2392 5814 scilicet
2421 5772 2488 5810 ex
2527 5770 2635 5824 quo
2673 5753 2938 5809 interfecti
2983 5759 3107 5809 sunt
3132 5751 3385 5805 vixerunt
3413 5755 3468 5803 et
3511 5760 3766 5815 regnave.-

2185 5860 2309 5908 runt
2340 5865 2461 5907 cum
2493 5849 2725 5905 Christo.
