3948 6314
178 373 275 426 ’145

1087 372 1357 431 GLOSSA
1395 373 1792 431 ORDINARIA.
1834 405 1903 414 —
1939 374 2139 431 APOC.
2179 375 2483 440 JOANNIS.

3330 386 3431 444 7-46

249 483 408 537 Vens.
435 481 904 537 5.—C¢eterivero
931 491 1258 540 mortuorum
1286 502 1391 540 non
1415 486 1670 551 uixerunt,
1697 485 1753 540 id
1778 491 1832 552 Α
1855 487 1997 543 aeris
2038 497 2094 544 et
2137 498 2314 559 terrae,
2345 495 2656 552 dubitabilis
2695 511 2801 554 non
2836 508 2920 554 est
2957 501 3086 572 quin
3124 516 3221 570 per
3255 503 3430 573 ignem

185 589 282 647 est,
294 588 522 636 mternas
537 579 810 650 patientur
827 594 1038 651 poenas,
1055 589 1110 637 et
1129 582 1186 636 in
1203 584 1307 639 hoc
1325 583 1600 654 praesenti,
1623 582 1750 652 quia

185 675 356 732 statim
399 673 722 730 moriuntur.
755 671 883 728 Haec
911 684 986 728 est
1018 675 1350 730 resurrectio.
1385 673 1538 742 Quod
1560 675 1748 730 diabo-

181 767 261 823 lus
288 765 362 821 ita
383 763 578 836 ligatus
601 772 706 831 est,
734 772 789 820 et
817 765 962 835 quod
995 781 1026 821 a
1058 766 1299 836 peccatis
1334 773 1623 837 resurgunt
1653 765 1750 819 ho-

181 861 363 926 mines,
391 865 448 914 et
471 858 614 930 quod
640 858 773 930 ipsis
799 859 1030 914 mortuis
1061 858 1244 914 statim
1278 857 1472 912 anima:
1496 855 1751 910 fruuntur

176 959 365 1007 aeterna
407 949 616 1019 requie,
662 957 747 1005 est
791 950 966 1019 prima
996 949 1324 1006 resurrectio
1355 956 1411 1003 et
1444 946 1745 1018 potissima.

175 1040 369 1096 Prima.
400 1038 482 1096 Ad
510 1039 869 1096 differentiam
903 1039 1049 1096 illius
1071 1056 1192 1110 quae
1226 1039 1333 1097 erit
1364 1037 1530 1095 Simul
1556 1037 1612 1094 in
1634 1036 1751 1092 ani-

173 1148 252 1189 ma
273 1141 326 1188 et
354 1147 606 1204 corpore,
636 1131 753 1188 haec
780 1131 978 1187 dicitur
1003 1130 1199 1201 prima.

236 1223 337 1291 Qui
363 1214 767 1295 habct'partcm.
793 1221 851 1278 Si
882 1238 1072 1279 omnes
1095 1221 1323 1294 perfecti
1347 1236 1470 1279 esse
1491 1237 1600 1277 non
1627 1236 1752 1292 pos-

168 1325 302 1385 sunt,
341 1331 445 1373 nec
494 1316 549 1372 in
594 1316 783 1372 eadem
823 1316 1070 1372 claritate
1112 1316 1280 1373 futuri
1321 1325 1464 1372 sunt.
1506 1314 1752 1371 Secunda

166 1425 328 1474 mors,
357 1407 418 1463 id
451 1416 556 1475 est,
582 1409 858 1465 damnatio
884 1418 1108 1476 aeterna,
1144 1425 1266 1480 quae
1298 1409 1404 1465 erit
1441 1409 1497 1463 in
1521 1423 1752 1479 corpore

163 1509 214 1554 ct
251 1500 304 1555 in
342 1500 532 1556 anima
584 1501 957 1573 reproborum,
988 1517 1097 1558 non
1122 1501 1491 1574 apprehendet
1525 1501 1746 1569 electos,

162 1591 245 1661 qui
271 1590 324 1647 in
351 1592 507 1648 nullo
533 1607 771 1664 unquam
799 1601 1085 1664 augentur.
1119 1592 1226 1649 Sed
1251 1603 1403 1648 erunt
1430 1585 1744 1661 sacerdotes,

161 1682 210 1737 id
248 1691 330 1739 est
361 1691 606 1741 aeternas
629 1683 815 1741 laudes
839 1682 1132 1742 oﬁ‘erentes
1156 1684 1441 1741 Divinitati
1470 1693 1528 1742 et
1556 1686 1747 1741 huma-

159 1773 330 1829 nitati.

1853 579 1967 634 ﬁat.
2001 581 2109 637 Sed
2133 583 2201 638 de
2228 599 2368 658 aqua
2393 586 2690 654 dubitatur,
2710 605 2833 645 nam
2869 591 3242 662 purgationem
3273 594 3326 649 in
3351 610 3433 651 sc-

1853 671 1971 740 ipsa
1999 672 2203 730 habere
2229 676 2489 732 creditur.

1923 761 2087 817 Vens.
2113 764 2169 818 2.
2199 795 2270 804 -—
2291 764 2438 821 Sicut
2467 784 2712 840 sponsam
2740 781 3002 828 ornatam.
3031 773 3186 831 Sicut
3205 790 3434 847 sponsus

1850 854 2131 924 praemittit
2173 872 2398 914 munera
2427 875 2638 931 sponsae
2666 858 2956 936 antequam
2988 883 3108 924 eam
3146 868 3327 935 ducat,
3356 857 3435 924 sic

1851 946 2100 1006 Christus
2120 949 2374 1009 Ecclesiae
2397 954 2558 1010 ﬁdem
2583 965 2637 1012 et
2664 957 2892 1015 virtutes
2912 968 2965 1015 et
2991 962 3131 1017 bona
3150 976 3312 1032 Opera
3339 977 3431 1016 an-

1853 1047 2071 1111 tequam
2092 1057 2214 1098 eam
2238 1045 2496 1116 suscipiat
2525 1047 2578 1102 in
2607 1048 2796 1119 gloria.
3203 1073 3205 1075 ί

1923 1131 2090 1188 Vens.
2122 1135 2177 1190 '5.
2205 1165 2276 1176 —
2305 1135 2489 1192 Vocem
2509 1155 2753 1210 magnam
2781 1142 2845 1197 de
2873 1143 3081 1200 throno.
3109 1145 3243 1201 Cum
3272 1147 3436 1203 dixis-

1852 1228 1938 1277 set
1964 1237 2024 1278 se
2053 1222 2255 1281 vidisse
2291 1227 2698 1285 innovationem
2726 1231 3120 1290 elementorum
3148 1245 3205 1291 et
3228 1237 3434 1308 gloriﬁ-

1853 1313 2121 1370 cationem
2153 1325 2466 1374 sanctorum
2489 1360 2505 1387 ,
2537 1321 2868 1392 incognitum
2899 1325 2953 1380 id
2978 1335 3115 1392 erat,
3146 1336 3220 1393 et,
3251 1344 3320 1384 ne
3350 1329 3434 1384 in—

1853 1406 2110 1464 credibile
2129 1407 2425 1479 videretur,
2455 1414 2678 1484 apponit
2706 1417 3085 1473 auctoritatem
3121 1427 3436 1475 sanctorum

1850 1494 2093 1567 Patrum,
2134 1500 2226 1571 qui
2270 1502 2374 1558 hoc
2410 1505 2795 1575 praedixerunt.
2834 1507 2972 1565 Ecce
3011 1511 3432 1567 tabernaculum.

1849 1586 1908 1644 Id
1949 1598 2032 1646 est
2070 1591 2124 1646 in
2177 1593 2412 1650 evidenti
2453 1607 2569 1665 εει,
2597 1599 2741 1668 quod
2790 1600 2846 1654 in
2885 1601 3076 1657 eadem
3112 1602 3285 1675 gloria
3331 1602 3439 1658 erit

1854 1680 2169 1738 humanitas
2196 1682 2397 1741 Christi
2425 1688 2480 1743 in
2507 1705 2614 1759 qua
2643 1691 2914 1760 militavit,
2951 1702 3008 1752 et
3034 1695 3285 1752 homines
3311 1711 3436 1752 eum

1851 1771 2049 1829 im'itati
2076 1784 2132 1830 et
2163 1791 2229 1832 ea
2268 1787 2393 1834 sunt
2417 1779 2556 1836 bene
2581 1782 2687 1838 usi.

223 1863 383 1921 Vens.
421 1866 474 1921 7.
501 1895 574 1907 —
597 1865 676 1922 De
697 1883 924 1923 carcere.
953 1865 1010 1923 Id
1037 1875 1142 1932 est,
1171 1868 1238 1924 de
1265 1867 1524 1925 cordibus
1550 1881 1737 1938 repro-
1770 1872 1820 1932 B
1862 1931 1870 1938 ν
1920 1872 1991 1926 Et
2014 1871 2116 1942 ipsi
2135 1873 2360 1943 populus
2383 1874 2520 1945 ejus.
2549 1875 2606 1932 Id
2647 1885 2752 1944 est,
2793 1877 2849 1933 in
2889 1878 3036 1936 nullo
3073 1879 3430 1946 oﬁ‘endentes,

155 1957 359 2024 borum,
391 1957 453 2012 in
477 1958 675 2029 quibus
706 1959 870 2015 modo
900 1955 1097 2030 ligatus
1129 1966 1237 2026 est,
1268 1974 1338 2014 ne
1360 1974 1459 2031 pro
1482 1958 1619 2015 velle
1649 1973 1748 2014 sae-

154 2049 276 2104 viat.
301 2047 524 2120 Magog.
548 2047 607 2104 Id
628 2056 714 2105 est
734 2049 993 2115 detectos,
1030 2050 1086 2106 id
1116 2057 1202 2106 est
1222 2065 1413 2107 omnes
1434 2059 1746 2122 persecuto-

151 2155 235 2197 res
261 2139 542 2197 diabolum
570 2140 626 2196 in
655 2155 716 2196 se
751 2149 1015 2214 tegentes,
1048 2142 1353 2199 et'tandem
1390 2143 1461 2198 ad
1499 2151 1746 2213 apertam

151 2233 585 2303 persecutionem
606 2235 982 2306 procedentes.
1009 2233 1110 2290 Vel
1131 2235 1202 2291 ad
1225 2235 1465 2292 litteram
1491 2235 1592 2291 bas
1613 2234 1748 2291 duas

149 2334 333 2398 gentes
372 2327 531 2398 prius
572 2327 816 2394 seducet,
846 2335 904 2384 et
937 2343 1036 2398 per
1059 2343 1156 2384 eas
1189 2328 1258 2384 ad
1288 2327 1425 2385 alios
1466 2329 1742 2400 procedet.

216 2419 284 2475 Et
319 2420 701 2477 circumierunt
733 2430 906 2476 castra
943 2431 1267 2489 sanctorum,
1297 2421 1352 2477 id
1392 2428 1479 2478 est
1523 2421 1745 2478 eosdem

148 2523 364 2572 sanctos
412 2514 470 2572 in
511 2514 806 2573 virtutibus
846 2513 1084 2571 munitos
1123 2522 1180 2570 et
1218 2515 1505 2570 unanimes
1545 2513 1601 2568 in
1642 2514 1746 2571 hoc

150 2605 305 2661 bello.

220 2699 384 2757 Vens.
419 2701 507 2758 10.
532 2731 604 2742 -—
624 2701 724 2758 Die
749 2720 812 2758 ac
841 2713 1007 2760 nocte.
1034 2703 1149 2760 Hoc
1175 2704 1330 2772 dicit,
1352 2713 1607 2778 respectu
1633 2704 1749 2778 glo-

146 2793 237 2850 riae
277 2801 616 2863 sanctorum,
650 2810 771 2867 quae
803 2804 888 2852 est
921 2795 1059 2862 dies,
1089 2803 1146 2852 et
1171 2810 1459 2868 poenarum
1498 2811 1742 2861 suarum,

141 2900 264 2955 quae
294 2884 542 2942 est'nox.

208 2980 387 3036 Vens.
418 2979 502 3034 11.
536 3010 608 3020 -
632 2977 702 3034 Et
736 2981 846 3035 uidi
886 2983 1151 3036 thronum.
1189 2981 1343 3038 Dicta
1375 2981 1746 3038 destructione

135 3071 349 3129 diaboli
378 3078 436 3126 et
465 3087 688 3128 suorum
717 3074 1108 3140 membrorum,
1143 3073 1390 3144 supponit
1426 3074 1747 3129 destructio-

134 3176 266 3218 nem
293 3161 509 3226 mundi,
537 3160 606 3216 ad
633 3159 894 3231 majorem
923 3177 1148 3232 poenam
1180 3162 1490 3232 impiorum.
1518 3161 1748 3232 Compe-

1849 1961 1994 2032 quod
2019 1978 2129 2018 non
2147 1979 2268 2020 esse
2293 1973 2472 2035 potest
2503 1967 2631 2022 dum
2662 1975 2789 2024 sunt
2809 1969 2864 2024 in
2887 1985 3052 2026 carne
3078 1971 3317 2028 mortali.

1919 2053 2086 2111 Vens.
2127 2054 2183 2110 4.
2210 2086 2282 2096 --
2315 2057 2384 2111 Et
2423 2075 2582 2114 mors.
2621 2060 2762 2116 Vere
2807 2077 2916 2118 non
2951 2072 3112 2118 erunt
3146 2063 3220 2118 ibi
3258 2064 3435 2135 lacry-

1848 2162 1973 2215 mae,
2013 2147 2140 2219 quia
2169 2164 2278 2204 non
2311 2150 2416 2205 erit
2443 2166 2608 2207 causa
2647 2152 3029 2226 lacrymarum.

1920 2237 2089 2296 Vens.
2133 2238 2186 2294 5.
2213 2269 2284 2280 —
2323 2240 2392 2294 Et
2421 2241 2574 2297 dixit.
2615 2241 2781 2310 Quasi
2824 2246 2969 2302 dicat
2999 2263 3014 2302 :
3040 2245 3232 2305 Scribe
3264 2248 3437 2318 'quid-

1849 2333 1980 2404 quid
2007 2339 2284 2389 ostensum
2306 2341 2392 2390 est
2415 2334 2511 2391 tibi
2550 2336 2616 2392 de
2653 2337 2758 2393 hac
2795 2338 3161 2396 innovatione.
3197 2342 3310 2397 Hoc
3335 2359 3434 2412 pro

1848 2424 2082 2480 utilitate
2117 2425 2466 2495 praesentium
2516 2427 2720 2483 factum
2755 2438 2859 2497 est,
2901 2431 3096 2502 quibus
3137 2433 3253 2489 haec
3296 2435 3434 2490 scri-

1847 2515 1977 2571 bere
2027 2515 2214 2587 jussus
2265 2533 2409 2573 sum.
2456 2516 2834 2591 Scribe:quia
2881 2521 3026 2588 haec,
3079 2532 3182 2579 etc.
3229 2522 3434 2580 Jubens

1847 2607 2105 2671 scribere,
2149 2615 2206 2664 et
2238 2607 2361 2664 aliis
2393 2612 2670 2676 nuntiare,
2694 2611 2950 2682 supponit
2981 2612 3430 2680 exhortationem,

1845 2705 1908 2753 ut
1932 2713 2122 2756 omnes
2146 2699 2215 2755 ad
2247 2699 2388 2755 hanc
2421 2699 2826 2757 innovationem
2861 2702 3107 2759 laborent
3137 2706 3430 2775 pertinere.

1917 2787 2083 2847 Vens.
2130 2790 2183 2846 6.
2214 2821 2284 2831 —
2308 2790 2379 2845 Et
2400 2791 2537 2846 dixit
2558 2792 2707 2847 mihi.
2737 2790 2922 2850 Posita
2952 2797 3277 2854 auctoritate
3315 2816 3436 2854 san-

1846 2891 2060 2940 ctorum
2081 2883 2149 2940 de
2167 2883 2274 2940 hac
2299 2883 2670 2953 innovatione,
2693 2887 2848 2957 ponit
2861 2889 3245 2947 auctoritatem
3266 2892 3437 2963 ipsius

1847 2977 1963 3032 Dei.
2016 2973 2245 3031 Factum
2279 2987 2372 3033 est.
2423 2977 2502 3034 Ne
2541 2987 2814 3049 quaereret
2859 2980 3093 3052 aliquis:
3127 2983 3268 3050 Quid
3315 2993 3436 3053 post

1849 3068 1996 3123 illam
2046 3068 2450 3125 innovationem
2489 3069 2729 3126 futurum
2785 3079 2887 3138 est,
2935 3073 3133 3129 dicitur
3169 3074 3272 3130 sibi
3301 3074 3437 3130 nihil

1849 3168 2064 3216 restare
2092 3158 2422 3216 faciendum.

135 3255 199 3310 tit
227 3253 388 3309 enim
423 3262 484 3307 ut
527 3253 818 3311 destructis
845 3254 1004 3309 malis‘
1037 3254 1269 3310 mundus
1303 3257 1636 3321 destruatur,
1663 3268 1749 3310 se-
1776 3237 1822 3300 C
1922 3249 2094 3320 Alpha
2123 3258 2172 3304 et
2203 3266 2406 3322 omeea-
2441 3250 2608 3318 Quasi
2638 3252 2819 3308 dicat:
2843 3253 3436 3314 Hancinnovationem

138 3346 389 3404 cundum
418 3347 659 3417 quod-ab
687 3347 769 3404 eis
792 3347 972 3403 fuerat
998 3355 1307 3418 corruptus.
1341 3346 1497 3417 Saepe
1536 3345 1750 3402 locutus

139 3441 206 3496 de
230 3437 638 3512 gloriﬁcatione
675 3447 989 3496 sanctorum
1022 3448 1079 3495 et
1119 3439 1186 3494 de
1222 3437 1400 3509 poenis
1437 3435 1745 3508 impiorum,

139 3548 251 3588 non
281 3531 498 3588 fecerat
528 3531 857 3587 mentionem
885 3547 1198 3603 corporum,
1230 3531 1276 3586 si
1302 3531 1563 3586 deberent
1587 3529 1751 3602 glori-

140 3621 295 3679 ﬁcari
324 3620 418 3676 vel
446 3621 664 3692 puniri;
691 3621 815 3677 ideo
844 3621 933 3678 hic
959 3631 1144 3693 aperte
1169 3620 1409 3677 ostendit
1442 3635 1527 3676 ea.

208 3713 385 3770 Vens.
417 3713 508 3768 12.
535 3743 606 3754 --
640 3710 714 3768 Et
743 3712 862 3768 libri
888 3714 1054 3786 aperti
1080 3722 1223 3769 sunt.
1253 3713 1428 3778 Libri,
1453 3712 1511 3770 id
1535 3721 1640 3778 est,
1668 3712 1748 3768 di-

138 3808 265 3864 vina
289 3813 569 3879 praecepta
598 3822 718 3878 quae
742 3806 836 3876 qui
856 3805 1196 3872 dimiserunt,
1229 3807 1405 3862 scient
1427 3820 1486 3861 se
1510 3820 1610 3876 pro
1639 3820 1750 3861 me-

139 3900 245 3956 rito
279 3898 513 3970 puniri;
551 3897 638 3953 vel
678 3897 802 3954 libri
855 3905 983 3952 sunt
1015 3896 1362 3954 conscientias
1389 3896 1746 3968 singulorum,

139 4008 262 4063 quae
290 3997 505 4063 aperta:
532 3989 783 4045 omnibus
809 3997 989 4044 erunt.
1019 3988 1171 4043 Alius
1200 3988 1348 4042 liber.
1374 3988 1432 4043 Id
1455 3995 1560 4056 est,
1589 3987 1746 4044 Chri-

139 4093 280 4151 stus,
309 4082 410 4154 qui
449 4090 580 4138 tunc
607 4081 858 4137 omnibus
885 4080 1170 4152 apparebit
1196 4088 1394 4151 potens
1416 4085 1472 4135 et
1500 4080 1614 4136 suis
1651 4079 1748 4136 da-

143 4177 222 4232 bit
248 4178 450 4232 vitam.
490 4174 614 4241 Vel,
645 4173 784 4230 liber
820 4182 904 4230 est
932 4174 1276 4246 praescientia
1312 4173 1432 4241 Dei,
1463 4175 1589 4245 quia
1620 4183 1750 4230 tunc

141 4278 336 4340 aperte
381 4267 562 4325 scient
597 4265 729 4322 mali
769 4281 829 4322 se
874 4281 983 4322 non
1031 4266 1448 4337 praedestinatos
1484 4268 1552 4323 ad
1583 4266 1750 4322 vitam

142 4370 308 4430 quam
340 4362 400 4417 in
435 4359 636 4416 mundo
662 4359 958 4415 existentes
986 4359 1088 4415 sibi
1115 4359 1535 4430 promittebant.
1561 4359 1648 4413 Ea;
1669 4360 1749 4414 his

142 4471 260 4524 qua:
305 4454 514 4523 scripta
575 4461 743 4506 erant.
787 4451 892 4507 Per
938 4451 1398 4522 comparationem
1436 4459 1748 4506 sanctorum

146 4544 300 4616 impii
334 4545 746 4602 damnabuntur
778 4562 792 4598 :
822 4543 1004 4616 legent
1030 4543 1174 4599 enim
1202 4543 1305 4613 ipsi
1342 4543 1493 4614 impii
1528 4543 1584 4598 in
1620 4541 1750 4613 ipsis

144 4638 360 4694 sanctis
385 4651 511 4708 quae
536 4649 696 4706 agere
725 4634 1032 4690 noluerunt.

216 4729 394 4785 Vens.
433 4729 520 4784 15.
553 4758 621 4767 -
657 4725 728 4782 Et
761 4727 905 4782 dedit
939 4743 1086 4782 mare
1115 4736 1369 4781 mortuos.
1403 4724 1530 4780 Vult
1567 4735 1752 4796 aperte

143 4821 450 4878 ostendere
483 4833 707 4891 corpora
741 4825 1079 4874 mortuorum
1115 4825 1593 4888 quantumcunque
1632 4813 1751 4871 fue-

145 4911 260 4966 rint
295 4911 562 4977 dissecta,
602 4909 657 4964 in
687 4908 778 4966 illo
803 4909 1008 4981 judicio
1041 4908 1327 4976 viviﬁcari,
1361 4907 1506 4979 quod
1534 4907 1752 4978 quidam

146 5020 258 5060 non
291 5003 548 5059 credunt.

175 5081 196 5182 'I
222 5095 400 5153 Vens.
437 5095 524 5151 14.
555 5125 627 5137 -
661 5094 791 5151 Hcec
815 5104 888 5150 est
915 5086 1056 5149 mors
1082 5093 1332 5149 secunda.
1364 5091 1532 5161 Quasi
1556 5093 1703 5150 dicat
1731 5109 1746 5146 :

146 5188 358 5246 Cavete
396 5188 551 5245 vobis
578 5204 610 5242 a
643 5198 821 5245 morte
850 5187 1046 5258 prima,
1077 5186 1205 5258 quia
1228 5200 1298 5241 ex
1329 5185 1420 5241 illa
1450 5186 1626 5256 prima
1658 5199 1746 5241 se-

146 5283 345 5353 quitur
379 5281 496 5336 haec
523 5279 784 5359 secunda.

757 5433 984 5491 CAPUT
1021 5431 1165 5490 XXI.

229 5572 413 5630 Vens.
451 5571 503 5627 1.
532 5601 601 5611 -
630 5571 699 5626 Et
736 5569 862 5625 vidi.
901 5570 959 5626 In
997 5569 1100 5626 hac
1137 5569 1364 5641 septima
1401 5567 1607 5625 visione
1643 5569 1755 5641 agit

149 5664 221 5722 de
263 5661 626 5720 innovatione
664 5661 1080 5730 elementorum,
1115 5659 1510 5734 gloriﬁcatione
1540 5668 1754 5716 sancto-

151 5773 304 5824 rum,
331 5754 651 5813 describens
676 5755 865 5810 merita
889 5768 985 5824 per
1009 5767 1129 5827 quae
1157 5751 1337 5809 sancti
1363 5751 1436 5808 ita
1468 5751 1753 5825 gloriﬁcati

151 5857 308 5904 sunt.
371 5844 571 5902 Caelum
620 5863 805 5901 novum
850 5855 896 5899 et
942 5854 1136 5900 terram
1185 5863 1394 5900 novam.
1443 5845 1754 5902 Immutalio

570 5943 849 6007 Ριτιιοι.
895 5939 1113 6003 CXIV.

1853 3340 2033 3397 facere
2052 3348 2268 3412 potero,
2290 3341 2416 3412 quia
2437 3357 2538 3413 ego
2557 3343 2739 3399 omnia
2764 3345 2966 3411 creavi,
2995 3353 3050 3401 et
3072 3347 3131 3402 in
3150 3363 3240 3405 me
3255 3351 3438 3406 omnia

1852 3433 2392 3489 consummabantur.
2436 3432 2670 3489 Sitienti.
2700 3433 2817 3490 Non
2847 3435 2985 3493 dabo
3014 3436 3217 3494 sitienti
3246 3440 3315 3496 ad
3342 3441 3438 3498 ho-

1852 3540 1992 3591 ram,
2023 3525 2122 3581 sed
2155 3524 2553 3596 perseveranti.

1922 3615 2086 3674 Vens.
2119 3616 2175 3672 7.
2195 3647 2270 3659 -
2294 3615 2593 3673 Possidebit
2630 3619 2762 3675 lucc.
2785 3619 2844 3676 Id
2886 3629 2987 3689 est,
3013 3623 3300 3696 meipsum,
3345 3629 3438 3700 qui

1851 3726 1971 3768 sum
1990 3709 2318 3782 principium
2347 3710 2529 3766 omnis
2558 3711 2927 3768 beatitudinis.

1923 3804 2090 3858 Vens.
2129 3802 2184 3858 8.
2213 3833 2282 3844 —
2311 3800 2552 3858 Timidis.
2579 3802 2636 3859 Id
2661 3812 2744 3860 est
2786 3823 2798 3858 :
2834 3805 2942 3861 illis
2981 3807 3073 3877 qui
3105 3809 3297 3867 timore
3327 3827 3438 3883 poe-

1853 3909 2046 3951 narum
2077 3893 2239 3950 ﬁdem
2283 3894 2533 3965 accipere
2573 3894 2801 3966 fugiunt,
2851 3896 2937 3951 vel
2971 3909 3247 3970 acceptam
3276 3904 3438 3959 relin-

1852 3995 2046 4060 quunt,
2082 3987 2190 4042 erit
2209 3991 2412 4042 aeterna
2439 3987 2733 4042 damnatio.

1925 4076 2091 4131 Vens.
2149 4075 2298 4132 9.-
2337 4074 2464 4130 Veni
2514 4085 2564 4130 et
2613 4077 2899 4133 ostendam.
2948 4079 3231 4154 Descripta
3265 4086 3434 4156 gloria

1853 4185 2017 4241 quam
2046 4168 2286 4224 habituri
2307 4178 2435 4225 sunt
2453 4171 2646 4240 sancti,
2691 4172 2823 4229 dicit
2845 4190 2953 4245 quo
2978 4177 3195 4246 merito,
3223 4181 3306 4235 vel
3330 4197 3437 4251 quo

1855 4264 2056 4322 auxilio
2080 4264 2190 4320 sint
2223 4265 2520 4336 accepturi.

1924 4356 2091 4424 Vens.
2152 4355 2241 4411 10.
2268 4387 2339 4397 -
2366 4356 2437 4412 In
2472 4368 2701 4414 montem
2749 4376 3015 4432 magnum.
3058 4362 3305 4420 Christus
3355 4375 3438 4421 εει

1854 4468 2024 4518 mons,
2053 4450 2181 4522 quia
2208 4451 2605 4508 munimentum
2631 4468 2852 4508 suorum
2890 4471 3146 4528 magnum
3173 4467 3278 4524 est,
3307 4460 3435 4529 quia

1857 4551 2028 4598 totum
2089 4542 2350 4599 mundum
2392 4544 2584 4615 replet,
2629 4544 2790 4611 altus,
2846 4547 2972 4616 quia
3032 4547 3431 4620 insuperabilis.

1773 4603 1830 4663 Ι)
1856 4634 2097 4691 Ostendit
2146 4636 2275 4690 mihi
2320 4603 2600 4692 ciuitatem.
2662 4637 2731 4692 Et
2778 4603 2940 4710 super
2993 4603 3436 4698 illum‘montem

1852 4728 2092 4784 ostendit
2116 4727 2375 4784 Ecclesia:
2412 4729 2841 4785 fundamentum.
3319 4748 3322 4751 ’

1928 4819 2089 4874 Vens.
2128 4819 2214 4873 11.
2248 4849 2318 4859 -
2344 4819 2565 4874 Lumen.
2607 4820 2724 4889 Ipsa
2763 4819 3063 4877 Jerusalem
3095 4822 3333 4881 caelestis
3361 4824 3440 4881 lu-

1856 4929 1988 4969 cens
2014 4927 2115 4984 pro
2153 4913 2315 4968 modo
2344 4927 2464 4979 suo,
2507 4922 2598 4969 est
2625 4913 2816 4969 similis
2843 4912 3079 4981 Christo,
3112 4917 3204 4989 qui
3232 4917 3333 4974 fuit
3381 4920 3437 4975 in

1856 5003 2133 5076 proposito
2174 5002 2384 5068 ﬁrmus,
2425 5011 2480 5057 et
2522 5003 2709 5060 lucens
2748 5005 2802 5058 in
2838 5004 3146 5064 virtutibus.
3178 5009 3436 5082 Jaspidis.

1853 5097 2033 5152 Durus
2062 5103 2149 5152 est
2185 5095 2322 5166 lapis
2356 5096 2464 5160 hic,
2514 5105 2570 5152 et
2621 5096 2814 5154 viridis
2844 5113 2859 5152 :
2889 5097 2971 5155 sic
3019 5100 3260 5159 Ecclesia
3302 5105 3441 5161 nitet

1854 5190 1982 5254 ﬁde,
2020 5197 2077 5244 et
2103 5187 2160 5242 in
2187 5203 2250 5243 ea
2289 5187 2505 5242 ﬁrmata
2536 5196 2637 5244 εει.

1927 5280 2090 5336 Vens.
2151 5279 2238 5334 12.
2271 5309 2341 5320 -
2365 5279 2601 5334 Murum.
2651 5279 2710 5335 Id
2758 5289 2843 5338 est
2874 5281 3150 5340 Christum
3191 5287 3440 5344 defenso-

1859 5393 1994 5445 rem,
2037 5375 2131 5447 qui
2153 5391 2382 5448 magnus
2413 5375 2470 5432 in
2501 5375 2652 5442 Sion,
2687 5377 2828 5434 altus
2865 5394 2987 5435 cum
3018 5378 3199 5436 Patre.
3229 5379 3327 5436 Vel
3356 5381 3438 5435 in-

1862 5471 2042 5543 tellige
2064 5471 2380 5526 defensores
2420 5470 2674 5537 aliorum,
2713 5471 2807 5542 qui
2838 5481 2965 5528 sunt
2993 5473 3175 5543 magni
3225 5472 3281 5526 in
3326 5473 3442 5527 vin-

1862 5563 2034 5619 cendo
2054 5561 2210 5618 alios.
2250 5561 2356 5617 Alii
2387 5576 2452 5616 ne
2487 5562 2798 5630 vincantur,
2823 5563 2876 5620 id
2902 5570 3007 5631 est,
3048 5561 3318 5633 apostolos
3357 5563 3443 5616 vel

1861 5654 2188 5726 prophetas,
2244 5652 2330 5709 vel
2377 5653 2596 5725 angelos
2641 5654 2890 5712 veritatis
2944 5653 3179 5709 nuntios.
3247 5651 3442 5708 Portus

1862 5748 2156 5804 duodecim.
2199 5745 2258 5804 Id
2300 5756 2402 5815 est,
2445 5747 2807 5819 patriarchas,
2847 5762 2946 5817 per
2983 5759 3214 5817 quorum
3253 5753 3436 5802 exem-

1863 5844 2008 5917 plum
2043 5841 2135 5904 alii
2181 5841 2249 5899 ad
2277 5841 2436 5900 ﬁdem
2475 5841 2908 5898 introducuntnr.
2953 5837 3050 5896 Vel
3097 5847 3282 5910 portae,
3311 5854 3438 5909 apo-

2967 5934 3044 5995 2'4
