3948 6314
510 331 605 386 ⁷47

1001 325 1391 381 WALAFRIDI
1432 326 1677 380 STRABI
1716 325 1918 379 FULD.
1963 326 2087 380 M03

2201 326 2315 380 DPP.
2360 325 2540 381 PARS
2579 323 2621 379 l.
2661 350 2731 361 —-
2770 315 3230 375 THEOLOGICA.

3662 320 3761 377 718

507 443 630 498 stoli
652 483 665 507 ,
687 441 779 511 qui
809 440 942 493 alios
969 440 1315 494 introducunt
1345 440 1397 493 in
1431 438 1749 494 Ecclesiam.
1780 437 1966 507 Angeli
1986 476 2001 501 ,
2032 436 2086 490 id
2112 445 2159 501 Α
2190 451 2373 492 muros
2414 445 2471 492 et
2513 444 2697 507 portas
2734 441 2789 487 et
2832 430 3182 486 fundamenta
3205 470 3220 495 ,
3264 439 3318 484 et
3346 431 3491 499 ipsos
3515 431 3657 486 inter
3686 450 3758 493 se,

506 547 607 601 est,
648 533 848 590 subditi
884 522 985 603 ‘qui
1021 530 1262 602 perfecte
1296 532 1547 586 instructi
1603 532 1656 584 in
1713 530 1833 585 loco
1873 527 2085 597 angelo-

508 640 625 679 rum
667 632 794 679 sunt
817 622 1114 679 substituti.
1155 620 1423 676 Numerus
1455 629 1736 690 portarum
1777 618 2081 684 duodecim,

505 730 625 785 quae
658 730 755 786 per
798 722 1031 784 quatuor
1074 714 1257 767 mundi
1299 722 1482 784 partes
1518 713 1616 768 sub
1665 712 1901 767 ternario
1939 727 2085 767 com-

506 806 930 879 prehenduntur,
958 805 1025 859 ad
1053 804 1368 874 mysterium
1390 804 1624 874 pertinet
1647 804 1929 859 duodecim
1957 818 2085 873 apo-

505 897 788 963 stolorum,
830 913 927 968 per
974 911 1109 966 quos
1137 895 1270 950 ﬁdes
1317 894 1598 949 Trinitatis
1640 894 1955 949 diffunditur
1990 910 2087 965 per

504 991 692 1047 orbem
714 989 1187 1060 quadripertitum.
1214 986 1446 1041 Nomina
1468 989 1739 1058 inscripta,
1763 998 1867 1043 etc.
1898 987 1954 1042 ld
1983 997 2085 1055 est,

507 1083 766 1137 memoria
795 1090 1104 1137 sanctorum
1148 1079 1369 1134 Patrum
1390 1082 1591 1136 veteris
1617 1080 1753 1152 legis
1774 1088 1859 1135 est
1885 1080 1939 1133 in
1963 1094 2089 1150 apo-

504 1172 678 1237 stolis,
708 1172 835 1243 quia
863 1173 1005 1242 quod
1029 1171 1104 1226 illi
1127 1172 1497 1243 praedixerunt
1529 1170 1786 1231 futurum,
1814 1170 1869 1225 hi
1894 1170 2090 1224 docent

504 1264 855 1335 completum.
890 1263 985 1318 Vel
1026 1278 1214 1319 omnes
1255 1273 1444 1333 gentes
1478 1263 1531 1316 in
1581 1263 1684 1317 ﬁde
1720 1262 2089 1331 apostolorum

503 1364 559 1409 et
606 1354 891 1410 dilectione
940 1369 1128 1410 eorum
1172 1366 1296 1409 sunt
1352 1355 1558 1424 positae.
1620 1353 1810 1409 Unde:
1848 1352 2092 1424 Epistola

506 1453 684 1499 nostra
708 1461 794 1498 vos
814 1444 934 1498 estis
955 1446 1144 1515 scripta
1176 1447 1232 1499 in
1255 1445 1495 1499 cordibus
1519 1445 1706 1499 nostris
1734 1443 1817 1515 (II
1842 1444 1963 1498 Cor.
1983 1444 2090 1516 ιιι).

577 1532 740 1590 Vens.
799 1534 883 1589 15.
914 1566 983 1576 -
1012 1536 1089 1588 Ab
1127 1536 1322 1591 oriente
1371 1546 1534 1607 portu:
1577 1547 1699 1590 tres.
1742 1534 1953 1599 Oriens,
1992 1534 2089 1591 Ju-

506 1627 607 1681 daei
640 1646 654 1682 :
686 1642 715 1682 a
738 1628 934 1699 quibus
976 1626 1054 1683 sol
1076 1627 1302 1700 justitiae
1330 1637 1482 1683 ortus
1515 1637 1618 1693 est,
1644 1636 1700 1681 et
1726 1628 1783 1682 in
1811 1628 1895 1682 his
1922 1638 2093 1696 portae

507 1722 640 1782 tres,
678 1718 802 1787 quia
840 1718 895 1771 in
932 1717 1018 1771 his
1065 1717 1300 1787 primum
1344 1717 1478 1773 ﬁdes
1509 1716 1812 1783 Trinitatis,
1846 1718 2092 1773 nuntiata

2188 529 2321 584 alios
2348 528 2605 599 majores,
2630 526 2763 581 alios
2782 524 3040 589 minores,
3056 522 3146 576 hic
3168 523 3484 592 exsequitur
3507 524 3682 593 qualis
3701 527 3766 580 sit

2188 639 2375 678 murus
2406 633 2461 678 et
2479 619 2657 693 qualis
2681 620 2798 690 ipsa
2825 617 3016 673 civitas
3043 626 3096 671 et
3128 614 3477 670 fundamenta
3501 625 3559 669 et
3584 626 3762 685 portas.

2188 713 2465 770 Structura
2488 714 2626 767 muri
2652 713 2766 783 ejus
2786 728 2850 767 ea:
2871 709 3044 781 lapide
3056 709 3286 780 jaspide.
3309 709 3366 766 ld
3379 719 3485 775 est,
3512 709 3559 766 si
3587 712 3769 781 aliquis

2187 808 2258 863 sit
2284 808 2351 862 ad
2395 809 2496 863 hoc
2540 808 2839 861 instructus
2867 812 2928 859 ut
2971 804 3044 859 sit
3080 802 3335 859 defensor
3362 804 3639 871 aliorum,
3680 808 3768 863 huc

2189 899 2351 955 habet
2380 914 2447 953 ex
2474 895 2578 953 ﬁde
2608 912 2773 968 quam
2799 895 3025 950 ﬁrmiter
3048 903 3196 951 tenet
3228 904 3282 950 et
3306 896 3594 965 praedicat,
3622 916 3769 968 quam

2187 987 2365 1061 Jaspis
2387 989 2576 1044 viridis
2598 988 2896 1060 signiﬁcat,
2929 996 2990 1042 ut
3016 987 3085 1042 sit
3112 987 3364 1042 defensor
3388 988 3653 1044 aliorum.
3678 992 3772 1044 Au-

2189 1096 2326 1132 rum.
2360 1078 2690 1150 Sapientiam
2714 1079 2934 1135 denotat
2960 1094 3185 1144 aurum;
3209 1079 3412 1133 vitrum
3438 1088 3629 1135 autem
3664 1082 3774 1137 ﬁdei

2190 1172 2507 1241 puritatem,
2536 1185 2645 1242 qua
2672 1185 2768 1225 ore
2796 1170 3069 1241 promittit
3095 1170 3238 1240 quod
3261 1170 3429 1225 corde
3456 1172 3662 1226 credit.

2262 1260 2609 1319 Vens.l9.—
2633 1262 2835 1334 Jaspis.
2866 1260 3070 1318 Viridis
3120 1271 3203 1317 est
3240 1263 3329 1318 hic
3358 1263 3533 1334 lapis,
3566 1274 3624 1319 et
3669 1266 3779 1322 ideo

2191 1351 2429 1407 virorem
2456 1352 2583 1408 ﬁdei
2625 1354 3130 1407 immarcescentem
3161 1352 3455 1423 signiﬁcat.
3486 1353 3591 1409 Vel
3613 1356 3776 1425 jaspii

2193 1452 2277 1499 est
2324 1451 2634 1498 sanctorum
2687 1443 2820 1498 ﬁdes
2865 1460 2974 1498 non
3013 1458 3395 1511 marcescens,
3428 1446 3527 1502 sed
3568 1461 3779 1521 semper

2194 1535 2248 1590 in
2281 1537 2459 1606 operis
2489 1537 2668 1590 virore
2700 1550 3079 1606 perseverans.

2263 1627 2573 1700 Sapphirus.
2601 1627 2806 1685 Similis
2832 1637 2915 1683 est
2964 1643 3158 1683 sereno
3185 1629 3345 1695 c'celo,
3370 1630 3465 1700 qui
3486 1646 3779 1701 percussus

2194 1718 2360 1774 radiis
2407 1720 2536 1774 solis
2589 1719 2868 1774 ardentem
2917 1720 3116 1774 emittit
3159 1719 3457 1791 fulgorem;
3510 1722 3780 1793 signiﬁcat

504 1812 574 1867 ab
608 1812 863 1883 apostolis
884 1820 939 1868 et
973 1827 1005 1865 a
1029 1812 1328 1884 prophetis.
1357 1812 1575 1882 Aquilo,
1608 1812 1815 1883 frigidae
1859 1820 2047 1883 gentes
2072 1829 2087 1865 :
2118 1802 2166 1864 B
2194 1819 2373 1865 autem
2395 1809 2732 1865 altitudinem
2755 1810 2868 1880 spei
2897 1818 3207 1865 sanctorum
3233 1827 3464 1881 quorum
3490 1829 3779 1871 conversa-

505 1920 624 1975 qua:
653 1913 775 1974 post
810 1900 1022 1960 Iudaeos
1064 1902 1427 1959 crediderunt.
1466 1904 1548 1959 Ab
1585 1914 1806 1969 austro,
1850 1902 1904 1957 id
1940 1911 2026 1960 est
2056 1919 2086 1957 a

505 1994 749 2048 claritate
778 1993 924 2059 ﬁdei,
964 2010 1086 2064 quae
1113 2002 1198 2048 est
1227 1994 1294 2048 ab
1345 1992 1579 2048 adventu
1623 1992 1847 2048 Christi.
1874 1992 1957 2047 Ab
1993 2008 2087 2048 oc-

506 2098 662 2148 casu,
688 2083 740 2137 id
769 2091 853 2136 est
897 2083 964 2137 ab
1000 2083 1185 2136 ultima
1227 2093 1388 2138 aetate
1432 2084 1615 2137 mundi
1645 2097 1764 2152 quae
1790 2097 1888 2152 per
1918 2082 2090 2137 Eliam

505 2183 560 2229 et
586 2173 771 2228 Enoch
801 2172 963 2228 ﬁdem
992 2172 1274 2228 Trinitatis
1296 2174 1539 2245 recipiet.

580 2263 735 2320 Vsus.
780 2264 1175 2320 H.-—Murus.
1208 2266 1262 2320 ld
1283 2276 1386 2332 est,
1420 2266 1556 2320 ﬁdes
1586 2265 1791 2322 Christi
1828 2282 1934 2338 qua
1966 2283 2088 2322 mu-

504 2357 641 2411 nivit
686 2356 860 2427 ipsam
884 2357 1186 2424 civitatem,
1216 2358 1381 2413 habet
1407 2358 1695 2414 duodecim
1725 2360 2085 2429 patriarchas,

503 2464 598 2521 per
624 2464 762 2521 quos
808 2448 1089 2515 fundatur,
1143 2450 1269 2519 quia
1310 2450 1383 2503 illi
1422 2451 1582 2520 primi
1630 2452 1770 2505 hanc
1809 2452 1971 2509 ﬁdem
2012 2462 2090 2508 te—

502 2549 758 2607 nuerunt,
788 2549 844 2596 et
887 2541 943 2595 in
980 2540 1086 2595 illis
1133 2541 1441 2597 innituntur
1479 2543 1789 2613 quicunque
1829 2546 1895 2599 ad
1927 2544 2088 2599 ﬁdem

502 2633 784 2688 accedunt.
814 2628 885 2685 Et
913 2632 969 2686 in
990 2632 1115 2704 ipsis
1146 2632 1442 2686 duodecim.
1474 2632 1647 2700 Quam
1679 2634 1837 2689 ﬁdem
1878 2634 1966 2688 isti
2013 2643 2090 2688 te-

503 2734 657 2793 nent,
701 2725 779 2780 illi
814 2735 1101 2781 venturam
1146 2726 1551 2792 intellexerunt,
1594 2736 1650 2783 et
1689 2728 2089 2797 praeuuntiave-

502 2835 603 2874 run
611 2826 651 2873 ι.

573 2910 737 2965 Vens.
784 2909 871 2965 15.
899 2941 973 2951 -
998 2908 1067 2963 Ει
1104 2912 1193 2981 qui
1235 2910 1543 2982 loquebatur
1582 2928 1805 2966 mecum.
1851 2912 1972 2969 Vidi
2018 2915 2089 2968 ci-

508 3009 725 3065 vitatem
750 3008 909 3063 istam
933 3008 1007 3061 ita
1029 3007 1293 3061 munitam
1321 3015 1377 3061 et
1394 3019 1665 3073 ornatam,
1693 3016 1746 3061 et
1777 3022 1884 3062 non
1901 3023 2090 3065 omnes

505 3096 579 3152 ibi
610 3096 723 3152 vidi
759 3096 993 3166 aequales
1027 3097 1167 3150 inter
1194 3113 1251 3151 se
1281 3115 1293 3149 :
1318 3098 1412 3152 sed
1444 3112 1885 3168 unumquemque
1912 3096 2088 3169 perfe-

2194 1903 2268 1957 tio
2294 1903 2345 1958 in
2372 1902 2524 1959 caelis
2554 1910 2656 1969 est,
2687 1901 2777 1973 qui
2803 1910 2855 1957 et
2876 1918 2908 1963 θ
2931 1916 3061 1957 vero
3096 1902 3209 1958 sole
3233 1902 3477 1959 innovati
3503 1906 3780 1963 ardentius

2192 2004 2392 2049 mterna
2418 2001 2689 2065 quaerunt,
2719 2002 2774 2048 et
2797 1992 2931 2047 alios
2953 2006 3195 2063 quaerere
3239 1992 3459 2061 docent,
3491 1995 3775 2053 dicentes:

2194 2084 2390 2139 Nostra
2415 2084 2730 2140 conversatio
2760 2084 2814 2139 in
2842 2085 2980 2139 caelis
3003 2094 3077 2139 est
3103 2083 3269 2158 (Phil.
3303 2086 3408 2157 ιιι).
3438 2086 3774 2143 Chalcedoui.

2192 2176 2370 2249 (Ben)
2405 2176 2653 2233 Colorem
2707 2176 2956 2248 pallentis
2991 2176 3225 2233 lucerna:
3260 2179 3349 2234 hic
3394 2178 3538 2249 lapis
3570 2182 3775 2238 habet:

2190 2268 2380 2341 fulget,
2417 2279 2547 2335 etc.,
2587 2287 2752 2340 usque
2796 2269 2865 2323 ad
2899 2278 3210 2341 peccatores
3257 2276 3313 2326 et
3353 2269 3585 2343 fragiles
3627 2274 3695 2328 ad
3730 2290 3779 2328 se

2190 2361 2413 2416 trahunt
2446 2362 2654 2432 sibique
2677 2361 3026 2433 conjungunt.

2261 2451 2605 2524 Smaragdus.
2641 2454 2762 2526 (10.)
2793 2454 3034 2522 Quartus
3080 2454 3258 2511 nimiae
3289 2454 3597 2512 viriditatis
3628 2476 3778 2528 super

2190 2559 2377 2600 omnes
2412 2545 2608 2600 herbas
2639 2553 2692 2599 et
2722 2546 2960 2610 frondes,
2990 2546 3124 2601 adeo
3154 2556 3211 2600 ut
3239 2547 3429 2612 etiam,
3460 2557 3601 2613 etc.,
3626 2567 3779 2621 usque

2189 2636 2257 2689 ad
2286 2645 2479 2705 quarta
2516 2636 2717 2690 dicitur
2740 2636 2873 2690 ﬁdes
2900 2646 3126 2706 propter
3152 2647 3385 2707 quatuor
3409 2639 3733 2710 Evangelia.

2260 2725 2423 2780 Vens.
2447 2724 2537 2781 20.
2567 2756 2637 2766 -
2661 2722 2963 2797 Sardonyx.
2996 2727 3118 2797 (10.)
3168 2727 3398 2794 Quintus
3434 2731 3685 2797 tricolor,
3711 2736 3779 2786 ni-

2190 2833 2287 2889 ger
2328 2804 2382 2871 in
2424 2817 2554 2884 imo,
2583 2819 2863 2883 candidus,
2902 2827 3033 2885 etc.,
3071 2837 3231 2891 usque
3252 2823 3323 2875 ad
3355 2825 3503 2892 quod
3544 2826 3777 2895 quinque

2191 2909 2439 2964 sensibus
2461 2910 2661 2981 agitur,
2693 2911 2880 2981 quinta
2922 2913 3138 2967 dicitur.

2262 2998 2504 3056 Sardius.
2534 3001 2730 3057 Sextus
2757 3002 3037 3072 sanguinei
3057 3002 3254 3059 coloris
3279 3006 3559 3071 unicolor,
3590 3021 3781 3082 marty-

2192 3092 2259 3147 rii
2285 3092 2513 3164 gloriam
2550 3092 2839 3163 signiﬁcat.
2873 3092 3069 3149 Sextus
3097 3096 3220 3165 quia
3248 3107 3401 3153 sexta
3438 3099 3584 3155 feria
3626 3104 3783 3159 cruci-

504 3201 652 3246 ctum
679 3205 780 3262 pro
801 3163 961 3245 modo
987 3205 1102 3245 suo.
1144 3163 1818 3245 Mensuram'arund—ineani
1847 3163 2084 3246 au-ream.
2115 3163 2161 3226 Ο
2196 3184 2336 3238 ﬁxus
2362 3193 2445 3239 est
2470 3183 2736 3240 Christus.
2788 3186 2884 3241 Vel
2931 3163 3154 3243 Sardius
3184 3188 3365 3246 rubea:
3390 3200 3560 3248 terra:
3590 3197 3782 3251 habeas

502 3282 559 3341 ld
585 3293 688 3351 est,
720 3282 956 3339 divinam
1005 3280 1341 3351 Scripturam
1390 3281 1484 3337 Dei
1530 3282 1797 3352 sapientia
1821 3283 2092 3353 composi-

505 3387 637 3445 tam,
662 3394 781 3450 qua:
816 3378 987 3448 tangit
1010 3385 1065 3431 et
1095 3377 1330 3434 illustrat
1358 3376 1520 3431 corda
1556 3376 1814 3431 ﬁdelium.
1850 3375 1893 3431 U
1901 3386 1919 3429 ι
1942 3378 2091 3431 meti-

502 3478 648 3524 retur
670 3470 928 3522 civitatem
954 3478 1000 3521 et
1025 3478 1203 3537 portas
1227 3467 1359 3537 ejus.
1402 3466 1457 3521 ld
1483 3477 1586 3533 est,
1611 3468 1907 3523 secundum
1941 3484 2092 3523 men-

503 3576 687 3618 suram
717 3562 871 3615 daret
895 3560 1059 3614 etiam
1080 3559 1379 3615 minoribus
1406 3558 1818 3630 intelligentiam
1846 3560 2089 3631 ipsarum

506 3647 785 3724 Scriptura
794 3669 935 3706 rum.

574 3745 645 3800 In
669 3744 870 3817 quadra
906 3742 1079 3814 posita
1115 3754 1209 3798 est.
1244 3743 1487 3811 Quatuor
1521 3743 1711 3812 latera,
1746 3742 1901 3811 ﬁdes,
1940 3762 2087 3816 spes,

505 3836 761 3901 Charitas,
790 3835 1052 3906 operatio,
1076 3852 1194 3905 quae
1234 3845 1359 3890 sunt
1386 3835 1633 3905 aequalia,
1664 3836 1792 3907 quia
1826 3847 2089 3907 quantum

505 3928 629 4002 quis
663 3928 858 3994 credit,
897 3936 1107 3982 tantum
1147 3936 1372 3998 sperat.
1416 3936 1677 3997 quantum
1727 3939 1928 3998 sperat,
1981 3939 2091 3984 tan-

508 4031 620 4079 tum
650 4023 823 4094 diligit
857 4041 869 4075 :
904 4031 1162 4092 quantum
1205 4021 1399 4093 diligit,
1449 4031 1654 4077 tantum
1701 4032 1983 4094 operatur.
2028 4024 2089 4078 In

502 4118 707 4189 quadro
726 4131 877 4188 ergo,
898 4117 1025 4187 quia
1064 4117 1284 4171 robusta
1326 4116 1450 4177 ﬁde.
1475 4114 1800 4187 longanimis
1830 4133 1947 4188 spe,
1975 4132 2090 4171 am-

503 4210 591 4281 pla
628 4210 912 4274 charitate,
942 4206 1131 4263 eﬁicax
1159 4221 1343 4277 opere.
1382 4206 1475 4262 Vel
1500 4218 1730 4277 quatuor
1760 4208 1925 4263 latera
1966 4218 2091 4264 sunt

503 4308 735 4371 quatuor
772 4297 1099 4369 principales
1127 4298 1377 4362 virtutes,
1418 4312 1647 4367 quarum
1689 4316 1793 4354 una
1845 4316 1952 4354 non
2002 4301 2091 4356 de-

502 4390 595 4447 bet
630 4391 789 4445 aliam
834 4389 1114 4444 excedere.
1159 4386 1217 4443 ln
1261 4388 1478 4443 homine
1511 4403 1640 4462 ergo
1684 4399 1768 4446 est
1802 4392 2089 4462 prudentia

503 4478 786 4550 appetendi
811 4476 936 4532 boni
964 4484 1019 4530 et
1052 4476 1253 4531 vitandi
1296 4476 1442 4543 mali,
1471 4492 1635 4547 quam
1675 4479 1921 4548 sequitur
1959 4486 2089 4532 tem-

503 4572 769 4645 perantia,
801 4580 859 4625 ut
898 4586 929 4624 a
958 4569 1323 4639 voluptatibus
1351 4570 1513 4623 homo
1558 4585 1615 4623 se
1658 4570 1936 4623 retrahat:
1961 4577 2083 4639 post

502 4666 619 4721 haec
641 4665 1039 4731 estfortitudo,
1084 4666 1142 4716 ut
1176 4664 1317 4733 quod
1367 4663 1640 4734 intelligit,
1666 4672 1956 4732 operetur:
1991 4665 2084 4718 de-

504 4758 631 4812 hinc
664 4756 893 4826 justitia,
930 4765 989 4809 ut
1027 4755 1106 4810 sic
1136 4769 1262 4808 suos
1311 4763 1463 4809 actus
1495 4762 1776 4824 temperet,
1812 4771 1877 4808 ne
1923 4754 2084 4810 nimis

498 4851 678 4925 justus
703 4849 785 4903 vel
813 4849 1027 4919 sapiens
1054 4848 1155 4902 sibi
1182 4848 1448 4902 videatur.
1478 4845 1585 4899 Per
1612 4847 1805 4901 stadia.
1838 4846 2083 4900 Stadium

504 4951 589 5001 est
623 4942 776 4996 locus
799 4950 854 4994 et
890 4956 1081 4995 cursus
1100 4949 1155 4994 et
1180 4954 1452 5004 mensura,
1484 4946 1538 4993 et
1576 4947 1700 4992 octo
1721 4935 1928 4993 faciunt
1956 4937 2083 4994 mil-

504 5034 663 5100 liare,
699 5040 851 5089 notat
879 5042 1057 5088 autem
1097 5032 1382 5088 tendentes
1406 5031 1473 5085 ad
1508 5030 1773 5085 hravium.

574 5126 867 5181 Duodecim
894 5124 1078 5179 millia.
1111 5124 1175 5179 Hi
1215 5124 1441 5196 perfecti
1470 5132 1598 5178 sunt
1632 5123 1685 5177 in
1722 5120 1827 5178 ﬁde
1849 5121 2089 5177 Trinita-

508 5220 577 5274 tis
604 5235 669 5274 ει
697 5225 931 5288 quatuor
951 5218 1132 5271 mundi
1158 5217 1423 5287 partibus.

574 5309 737 5366 Vsus.
787 5308 874 5366 17.
933 5340 1003 5351 ——
1038 5307 1289 5363 Mensura
1334 5307 1582 5363 hominis.
1635 5305 1799 5362 Juxta
1848 5306 2086 5361 litteram

505 5413 726 5461 sanctus
771 5392 1004 5458 Joannes
1048 5403 1282 5457 ostendit
1333 5402 1581 5472 angelum
1622 5400 1936 5470 apparuisse
1986 5397 2087 5453 sibi

505 5498 558 5551 in
584 5497 765 5567 specie
790 5496 1055 5563 hominis,
1080 5504 1140 5549 ut
1167 5504 1353 5563 aperte
1384 5495 1600 5547 denotet
1630 5507 1753 5545 eum
1784 5492 1873 5560 qui
1916 5490 2085 5559 signi-

506 5587 771 5645 ﬁcabatur
796 5603 985 5643 verum
1012 5585 1280 5657 angelum,
1314 5585 1365 5639 id
1406 5594 1490 5639 est
1532 5584 1725 5641 Filium
1770 5582 1885 5646 Dei,
1911 5592 1965 5637 et
1992 5598 2086 5637 vc-

410 5718 425 5723 μ
506 5698 626 5737 rum
646 5681 921 5737 hominem
953 5679 1137 5735 fuisse.

580 5773 739 5830 Vens.
777 5774 857 5829 18.
888 5804 959 5814 -—
984 5772 1051 5827 Et
1076 5782 1207 5827 erat.
1240 5772 1460 5828 Dixerat
1490 5774 1543 5827 in
1584 5774 1682 5827 hac
1714 5771 1934 5826 civitate
1967 5782 2087 5825 esse

2194 3279 2451 3348 speciem,
2481 3279 2750 3350 signiﬁcat
2787 3289 3005 3337 sanctos
3032 3283 3125 3352 qui
3153 3281 3278 3338 licet
3308 3299 3436 3339 cum
3468 3290 3677 3343 nientis
3701 3305 3783 3344 su-

2194 3370 2385 3426 blimes
2405 3371 2679 3427 intellectu
2701 3413 2715 3438 ,
2748 3380 2931 3427 tamen
2955 3370 3266 3445 fragilitatis
3291 3390 3406 3430 sua:
3428 3382 3785 3435 recordamur

2196 3464 2542 3518 attendentes
2583 3478 2641 3519 se
2677 3463 2819 3519 ﬁlios
2857 3466 3005 3530 Adae,
3045 3466 3135 3536 qui
3177 3467 3342 3522 rubra
3372 3477 3530 3524 terra
3578 3474 3779 3535 dicitur,

2194 3556 2286 3626 qui
2312 3563 2464 3612 sexta
2493 3557 2582 3612 die
2607 3554 2781 3613 factus
2808 3565 2913 3624 est,
2936 3558 3077 3613 unde
3091 3566 3147 3614 et
3170 3560 3386 3617 sardius
3413 3574 3616 3620 sextus
3648 3566 3784 3621 indu-

2194 3649 2355 3703 citur.

2266 3742 2527 3814 Beryllus.
2562 3744 2739 3816 (Βιειι.)
2778 3744 3013 3801 Octavus
3058 3755 3141 3802 est
3176 3748 3612 3818 praedicandum
3669 3768 3782 3823 ope-

2193 3835 2350 3890 ratio.
2382 3832 2550 3890 Lucet
2596 3835 2853 3907 beryllus,
2901 3843 3004 3892 etc.
3029 3878 3043 3903 ,
3087 3854 3247 3908 usque
3277 3840 3346 3892 ad
3383 3855 3524 3895 cura
3564 3850 3785 3897 terrena

2193 3926 2681 3982 administrationis
2711 3928 2777 3981 ad
2814 3928 3072 3997 pallorem
3104 3930 3291 3985 activze
3312 3931 3440 3985 vitae
3472 3932 3782 3989 redeuntes.

2266 4017 2547 4089 Topusius.
2577 4017 2762 4075 Nonus
2788 4020 3006 4091 ponitur
3030 4021 3119 4076 hic
3156 4020 3292 4091 lapis
3313 4063 3326 4086 ,
3364 4024 3497 4094 quia
3523 4029 3718 4082 rarior
3737 4034 3786 4082 et

2190 4107 2496 4177 pretiosior,
2526 4116 2580 4163 et
2615 4108 2775 4163 habet
2808 4110 2941 4165 duos
2978 4111 3186 4167 colores
3214 4127 3280 4167 ex
3307 4128 3447 4168 auro
3468 4125 3525 4170 et
3550 4120 3783 4174 aethere:

2193 4198 2462 4265 claritate,
2504 4201 2739 4256 maxime
2767 4200 2953 4258 lucens
2997 4219 3121 4258 cum
3161 4203 3451 4275 splendore
3496 4209 3641 4265 solis
3674 4222 3781 4265 tam

2191 4293 2335 4362 gitur
2359 4332 2373 4358 ,
2426 4305 2689 4360 superans
2727 4293 2968 4347 omnium
2997 4308 3332 4365 gemmarum
3360 4296 3698 4363 claritates,
3736 4301 3783 4354 in

2193 4394 2468 4453 aspectum
2507 4401 2663 4441 suum
2713 4385 3056 4456 singulariter
3082 4401 3383 4457 provocans
3427 4392 3779 4460 aspicientes,

2192 4491 2351 4546 quem
2374 4478 2419 4532 si
2456 4478 2574 4548 plus
2600 4478 2767 4548 polis,
2809 4480 3070 4534 obscuras
3104 4495 3119 4533 :
3155 4481 3201 4535 si
3237 4491 3448 4537 natura:
3483 4485 3777 4558 relinquis,

2193 4567 2391 4622 clarior
2409 4577 2490 4623 est
2517 4586 2527 4621 :
2554 4578 2606 4623 et
2632 4569 2763 4622 nihil
2786 4578 2868 4624 est
2888 4571 3107 4625 charius
3131 4571 3346 4643 regibus
3367 4580 3512 4629 inter
3539 4577 3775 4633 divitias.

2191 4660 2673 4729 Contemplativam
2702 4663 2867 4717 vitam
2898 4664 3196 4735 signiﬁcat,
3220 4681 3384 4737 quam
3411 4671 3595 4724 sancti
3634 4687 3778 4744 reges

2190 4752 2440 4806 omnibus
2473 4766 2695 4822 cperunt
2728 4753 2929 4809 divitiis
2952 4758 3254 4826 etgemmis
3292 4762 3558 4815 virtutum
3595 4764 3780 4833 prate-

2193 4836 2320 4899 rt‘mt
2358 4854 2413 4901 et
2445 4846 2497 4899 in
2538 4860 2657 4900 eam
2706 4848 2940 4902 maxime
2969 4859 3218 4918 aspectus
3254 4866 3385 4907 suos
3412 4853 3695 4925 dirigunt,
3728 4868 3777 4911 et

2193 4945 2345 4991 tanto
2379 4936 2638 5006 amplius,
2670 4945 2877 5007 quanto
2913 4939 3247 5009 frequentius
3277 4944 3461 4999 divina
3502 4944 3777 5002 illustran-

2192 5036 2282 5082 tur
2325 5028 2518 5096 gratia.
2563 5029 2641 5082 Ex
2674 5029 2882 5083 interna
2921 5030 3186 5087 cltaritate
3231 5034 3385 5091 color
3431 5053 3677 5107 aureus,
3718 5058 3771 5096 ex

2191 5120 2474 5175 dulcedine
2504 5120 2972 5190 contemplationis
2998 5124 3265 5181 aethereus
3284 5168 3299 5190 ,
3337 5142 3459 5195 qua:
3491 5145 3561 5183 ex
3589 5136 3771 5188 attritu

2191 5211 2371 5266 saeculi
2408 5226 2622 5280 semper
2658 5213 3020 5276 obscurascit,
3050 5215 3138 5270 vix
3167 5215 3309 5269 enim
3340 5226 3522 5287 potest
3556 5224 3689 5290 quis
3713 5225 3773 5276 si-

2193 5304 2302 5359 mul
2335 5304 2608 5358 doloribus
2639 5305 2860 5374 attingi,
2890 5313 2944 5359 et
2972 5307 3256 5376 tranquilla
3291 5318 3476 5363 mente
3501 5314 3631 5367 caeli
3656 5331 3772 5385 gas-

2194 5398 2280 5452 dia
2309 5398 2526 5451 intueri.
2552 5396 2647 5451 Vel
2673 5398 2717 5451 si
2748 5398 2914 5467 polis,
2953 5400 3097 5468 quod
3132 5400 3177 5455 si
3206 5401 3565 5468 dignitatibus
3594 5404 3771 5461 δεδωιὶ

2192 5490 2425 5543 honoras
2451 5504 2573 5554 eos,
2620 5497 2674 5543 et
2702 5503 2866 5544 ornas
2886 5530 2901 5554 ,
2946 5491 3207 5546 obscuras
3235 5509 3248 5543 :
3282 5492 3410 5561 quia
3437 5497 3775 5566 contempla-

2191 5582 2318 5638 tioni
2350 5582 2526 5636 minus
2550 5588 2759 5643 vacant,
2789 5582 2874 5637 vel
2902 5581 3094 5637 minori
3121 5581 3334 5638 meritis
3357 5583 3515 5639 ﬁunt.
3541 5585 3619 5640 Et
3640 5587 3771 5641 sicut

2189 5676 2240 5729 in
2268 5687 2461 5731 octavo
2494 5684 2577 5729 est
2603 5676 2777 5730 activa
2807 5676 2935 5739 vita,
2976 5675 3052 5729 sic
3080 5675 3132 5729 in
3170 5690 3316 5732 nono
3345 5680 3768 5749 contemplativa

2187 5782 2306 5835 qua!
2338 5778 2418 5819 est
2468 5768 2799 5835 angelorum,
2840 5782 3067 5835 quorum
3115 5775 3243 5820 sunt
3288 5782 3485 5823 novem
3524 5772 3762 5827 (tr-dines.
