3948 6314
210 376 311 433 749

1128 371 1393 430 CLOSSA
1432 369 1826 429 0RDINABIA.
1867 398 1934 410 —-
1970 366 2170 425 APOC.
2212 366 2515 425 JOANNlS.

3359 362 3461 427 750

208 485 405 541 Dicunt
425 465 811 557 quidemquod
853 482 1095 538 omnium
1116 483 1352 554 lapidum
1374 483 1583 538 colores
1603 482 1784 544 habet,
1814 483 1869 547 Δ
1892 479 2020 551 dum
2056 494 2165 535 nox
2189 487 2292 545 est,
2322 479 2375 534 id
2412 487 2495 535 est
2530 479 2679 535 locus
2717 478 3031 535 insidiarum
3063 499 3076 536 :
3107 482 3201 543 sed
3227 490 3352 554 quia
3389 484 3466 541 ibi

210 579 349 636 unde
376 587 432 633 et
456 593 651 634 nomen
677 576 858 643 habet,
889 576 1015 647 quia
1046 592 1170 647 pan,
1200 577 1256 632 id
1281 586 1363 632 est
1386 589 1564 631 omne.
1606 573 1673 631 Et
1700 574 1783 629 in-

211 672 425 727 venitur
447 671 502 726 in
542 666 991 740 insulaAEgypti,
1027 686 1147 740 quae
1189 670 1386 725 dicitur
1410 668 1683 738 Topazon,
1715 666 1787 723 si-

211 764 433 845 gniﬁcat
449 771 667 819 sanctos
684 762 935 819 omnibus
953 761 1221 818 coloribus
1250 762 1507 817 virtutum
1536 757 1784 829 fulgidos.

282 854 693 926 Chrysoprasus.
731 852 789 907 In
818 851 969 908 India
1008 852 1250 907 nascitur
1274 851 1464 906 viridis
1504 863 1787 919 aureaeque

212 948 470 1007 misturte.
495 946 728 1016 Quidam
748 946 911 1003 etiam
930 960 1233 1017 purpureus
1252 959 1374 1000 cum
1397 944 1562 1013 guttis
1588 940 1787 1008 aureis,

213 1037 480 1111 signiﬁcat
522 1052 616 1096 eos
653 1038 748 1113 qui
779 1037 1016 1094 virorem
1054 1043 1267 1091 aeterna;
1300 1034 1487 1107 patriae
1524 1032 1790 1089 charitate

213 1141 510 1198 merentur,
533 1139 585 1187 et
605 1130 767 1191 aliam
789 1143 1113 1205 purpuream
1132 1127 1380 1201 martyrii
1401 1126 1709 1193 ostendunt,
1736 1134 1792 1180 et

217 1220 342 1290 quia
371 1220 674 1291 exemplum
701 1218 912 1273 Domini
935 1224 1233 1287 sequuntur
1251 1258 1267 1283 ,
1297 1216 1353 1271 in
1380 1214 1525 1271 ludia
1546 1256 1561 1282 ,
1608 1216 1661 1271 id
1687 1223 1788 1281 est,

210 1326 379 1383 prope
404 1318 587 1367 ortum
618 1309 748 1366 solis
778 1317 931 1377 sunt,
966 1316 1022 1364 et
1050 1323 1173 1363 cum
1201 1305 1419 1363 Christo
1447 1321 1671 1381 regnare
1694 1321 1790 1361 ex-

170 1458 177 1461 ,
211 1409 479 1473 spectant.
500 1400 560 1457 In
594 1387 1061 1457 denario'numero
1092 1406 1248 1465 sunt,
1285 1396 1572 1469 decalogus
1606 1396 1792 1473 imple-

213 1502 301 1547 tur
324 1507 423 1567 per
437 1489 937 1573 dilectionem,qu:e
951 1504 1058 1544 non
1084 1487 1287 1544 ﬁnitur.
1304 1486 1475 1560 Igitur
1490 1487 1546 1542 in
1571 1486 1793 1559 chryso-

209 1604 374 1658 praso
402 1603 537 1659 opus
558 1587 800 1660 martyrii
832 1587 1076 1658 signatur
1103 1593 1158 1641 et
1182 1584 1483 1657 praemium.
1511 1578 1755 1655 Chryson
1775 1620 1789 1646 ,

211 1694 404 1736 aurum
442 1697 456 1735 :
500 1694 714 1755 prasos,
744 1693 968 1751 porrum
995 1678 1213 1734 dicitur.

1889 569 2005 625 dies
2034 578 2314 640 perpetua,
2345 570 2521 625 omnis
2548 570 2707 624 timor
2738 567 3028 627 auferetur.

1965 658 2124 716 Vens.
2161 659 2250 714 26.
2278 690 2346 701 -—
2377 660 2627 737 A/ferent.
2655 661 2738 716 Ad
2759 660 3167 719 similitudinem
3198 665 3462 724 victorum

1888 757 1981 833 qui
2003 755 2169 828 spolia
2197 754 2255 811 in
2284 770 2410 811 suas
2439 755 2597 809 urbes
2626 754 2824 810 ferunt.

1961 848 2123 905 Vens.
2145 848 2234 902 27.
2257 877 2329 889 -—
2356 845 2479 900 Non
2501 847 2714 902 intrabit
2744 850 2799 903 in
2836 866 2970 905 eam.
3002 850 3156 923 Dicta
3184 853 3465 923 honestate

1889 939 2153 1005 civitatis,
2186 954 2254 993 ne
2286 939 2570 1013 quisquam
2601 937 2767 994 falsus
2803 939 2973 996 frater
2999 943 3067 998 ad
3103 941 3338 1033 aliquem
3368 948 3466 1004 ho-
3530 958 3535 965 '

1890 1044 2010 1084 rum
2030 1028 2293 1101 graduum
2312 1027 2618 1099 pertingere
2639 1038 3013 1101 praesumeret,
3028 1016 3353 1091 determinat
3372 1038 3466 1106 qui

1890 1130 2019 1179 sunt
2044 1120 2319 1188 iutraturi,
2348 1122 2439 1192 qui
2476 1134 2605 1174 non.

2469 1257 2700 1317 CAPUT
2734 1257 2896 1315 XXII.

2032 1395 2198 1454 Vens.
2222 1398 2274 1451 l.
2311 1427 2380 1437 —
2404 1392 2477 1451 Et
2497 1395 2742 1451 ostendit.
2772 1393 3062 1466 Postquam
3089 1396 3251 1453 situm
3279 1396 3471 1457 civita-

1894 1491 1985 1557 tis,
2017 1489 2336 1561 dignitatem
2367 1486 2502 1559 ejus,
2532 1496 2589 1544 et
2613 1503 2798 1544 muros
2824 1496 2879 1544 et
2907 1487 3257 1547 fundamenta
3286 1502 3472 1551 osten-

1894 1580 2004 1645 dit,
2033 1580 2292 1637 describit
2329 1578 2683 1637 refectionem
2710 1594 2874 1650 quam
2910 1576 3053 1636 Deus
3094 1581 3300 1639 civitati
3330 1600 3471 1655 prae-

1892 1671 2032 1738 buit,
2054 1680 2109 1727 et
2135 1672 2191 1727 in
2223 1672 2498 1744 praesenti,
2520 1672 2756 1729 maxime
2782 1672 2837 1727 in
2862 1670 3064 1729 futuro.
3101 1673 3160 1737 In
3188 1676 3473 1751 praesentia

286 1772 645 1843 Hyacinthus.
688 1770 1021 1827 Undecimus
1057 1781 1140 1827 est
1178 1770 1269 1827 hic
1310 1769 1480 1840 lapis,
1507 1782 1629 1823 cum
1666 1779 1793 1820 aere
1897 1762 2123 1819 Deitatis
2151 1763 2235 1818 vel
2264 1760 2570 1819 imitatione
2595 1763 2719 1818 vitae
2748 1761 2886 1833 Agni
2905 1804 2919 1831 ,
2944 1764 3036 1837 qui
3064 1768 3342 1845 proposuit
3374 1784 3474 1825 no.

210 1874 454 1929 mutatur
495 1864 550 1921 in
580 1879 772 1923 sereno
802 1863 1150 1941 perapicuus,
1186 1862 1242 1917 in
1271 1860 1455 1918 nubilo
1492 1860 1785 1925 obscurus,
1815 1845 1865 1906 B
1890 1853 1989 1910 bis.
2003 1854 2057 1909 in
2084 1870 2143 1910 se
2171 1854 2495 1926 exemplum.
2532 1851 2581 1907 F
2584 1853 2803 1909 luvium.
2839 1854 2897 1910 Id
2937 1864 3022 1911 est
3058 1870 3252 1926 aquam
3301 1854 3474 1920 ﬂuen-

210 1954 479 2026 signiﬁcat
512 1954 930 2015 discretissimos
956 1956 1205 2013 doctores
1228 1952 1479 2009 omnibus
1515 1948 1790 2023 qualitati-

209 2047 315 2103 bus
334 2087 349 2111 ,
379 2046 652 2114 moribus,
683 2045 961 2113 aetatibus,
991 2044 1350 2102 intellectibus
1388 2057 1447 2100 se
1483 2048 1794 2111 contempe-

209 2148 418 2201 rantes.

287 2253 624 2310 Amethistus.
666 2253 1027 2310 Duodecimus
1044 2253 1183 2324 lapis
1220 2260 1305 2309 est
1336 2263 1660 2323 purpureus,
1687 2248 1773 2302 mi.

208 2354 302 2402 sto
333 2346 510 2402 colore
542 2346 699 2401 violae
740 2354 795 2402 et
840 2358 979 2413 rosa
999 2345 1259 2429 quasdam
1290 2341 1594 2400 inmotas
1627 2339 1693 2394 de
1737 2353 1800 2401 se

207 2439 519 2497 eﬁ‘undens.
550 2440 861 2511 Purpureus
894 2438 1061 2505 color,
1093 2437 1361 2510 signiﬁcat
1387 2435 1623 2492 caelestis
1644 2432 1799 2504 regni

211 2536 460 2603 habitus,
493 2534 751 2606 angelica:
798 2534 1078 2590 societatis
1119 2532 1479 2603 principatum
1528 2528 1599 2589 ad
1637 2540 1797 2599 quem

204 2629 593 2701 venturigsunt
622 2628 813 2684 sancti.
841 2627 994 2683 Viola
1023 2625 1279 2681 humilem
1314 2631 1622 2680 sanctorum
1652 2633 1799 2674 vere-

207 2721 474 2777 cundiam
508 2735 633 2781 cum
667 2720 833 2791 odore
859 2719 1015 2781 boum
1044 2716 1395 2790 operationis.
1428 2713 1572 2775 Rosa
1598 2710 1800 2785 pretio-

207 2827 335 2867 sam
362 2820 592 2879 mortem
621 2819 946 2887 martyrum,
978 2810 1070 2883 qui
1101 2824 1208 2865 non
1247 2808 1407 2873 modo
1434 2807 1575 2863 inter
1599 2818 1680 2870 ae,
1706 2801 1801 2857 sed

206 2903 387 2959 etiam
423 2903 492 2957 ad
518 2902 766 2957 inimicos
799 2910 853 2956 et
889 2910 1263 2971 persecutores
1294 2899 1537 2953 flammas
1567 2895 1802 2951 charita-

206 2997 290 3052 tis
320 2994 592 3051 emittunt.
624 2992 906 3061 Signiﬁcat
926 2993 1090 3063 igitur
1114 2991 1439 3053 amethistus
1459 2988 1698 3061 omlestis
1723 3001 1803 3043 re-

218 3086 323 3158 gni
360 3098 573 3153 semper
627 3083 943 3137 memoriam
989 3083 1043 3137 in
1090 3081 1344 3137 cordibus
1390 3079 1672 3135 humilium
1700 3117 1715 3143 ,
1750 3083 1808 3131 et

205 3176 368 3232 illam
390 3173 660 3244 egregiam
684 3172 959 3237 virtutem,
976 3179 1036 3225 ut
1062 3170 1224 3226 etiam
1245 3184 1343 3241 pro
1362 3168 1597 3223 inimicis
1618 3172 1799 3229 orem,

204 3274 275 3325 et
305 3269 371 3323 de
407 3266 577 3321 salute
603 3281 791 3321 eorum
821 3274 1034 3331 curent,
1061 3279 1182 3335 quae
1207 3270 1291 3319 est
1312 3263 1485 3317 virtus
1513 3260 1797 3314 virtutum.

206 3358 474 3419 Colorum
503 3357 736 3414 varietas
760 3357 1021 3413 virtutum
1057 3353 1444 3425 multiplicitas.

293 3468 458 3524 Vens.
487 3469 577 3523 2i.
600 3467 746 3521 -—-Et
771 3466 1047 3521 duodecim
1066 3474 1250 3536 portat.
1271 3463 1438 3531 Quasi
1465 3462 1611 3518 dicat
1639 3478 1651 3514 :
1683 3459 1808 3515 Dixi

209 3577 344 3620 esse
383 3561 665 3616 duodecim
717 3566 937 3630 portas,
998 3566 1054 3613 et
1102 3571 1225 3612 cum
1262 3556 1336 3610 ita
1372 3554 1480 3611 sint
1525 3551 1807 3608 duodecim

211 3658 332 3712 illae
360 3664 549 3725 portat,
588 3654 643 3708 id
676 3659 761 3708 est
795 3652 1073 3723 propheta:
1104 3648 1510 3705 introducentes
1549 3646 1617 3700 ad
1644 3645 1806 3700 ﬁdem

211 3746 511 3803 Trinitatis
539 3760 606 3799 ex
640 3752 872 3814 quatuor
904 3741 1088 3799 mundi
1119 3740 1381 3815 partibus.
1407 3736 1515 3795 Per
1538 3736 1771 3808 singulas
1790 3775 1805 3801 ,

213 3841 278 3897 id
305 3849 406 3898 est.
421 3854 519 3909 per
540 3836 949 3893 instructionem
971 3833 1323 3903 singulorum;
1346 3839 1466 3886 sunt
1487 3830 1805 3900 margaritw,
1842 3870 1845 3875 .

217 3931 291 3987 id
316 3940 418 3995 est,
448 3931 751 3984 imitatores
782 3941 994 3991 eorum,
1044 3924 1149 4006 qui,
1184 3924 1250 3980 de
1298 3936 1620 3993 quacunque
1656 3928 1810 3991 parte

221 4021 422 4078 mundi
449 4021 517 4075 ad
556 4018 716 4074 ﬁdem
750 4016 1033 4073 Trinitatis
1064 4022 1344 4080 vocentur,
1379 4020 1505 4068 sunt
1543 4010 1813 4082 splendidi

214 4111 539 4167 virtutibus.
575 4106 810 4179 Singulae
839 4114 1024 4177 partes,
1057 4113 1162 4161 etc.
1188 4102 1355 4170 Quasi
1378 4102 1523 4161 dicat
1553 4120 1565 4155 :
1596 4101 1680 4162 Ml
1706 4100 1813 4161 hoc

216 4214 291 4259 ut
315 4212 497 4259 essent
519 4209 709 4273 portae,
726 4199 965 4271 oportuit
990 4213 1110 4254 esse
1138 4196 1478 4265 margaritas.
1513 4191 1719 4257 Platete
1738 4194 1814 4255 ci-

217 4294 407 4351 vitatis
450 4306 659 4347 auruns.
693 4289 754 4346 Id
794 4296 880 4346 est
903 4288 1194 4359 sapientia,
1229 4285 1317 4343 vel
1359 4284 1607 4343 claritate
1645 4283 1811 4354 pleni,

221 4385 417 4442 mundi
447 4399 477 4439 a
518 4381 785 4439 criminali
831 4379 1060 4437 macula.
1093 4378 1296 4435 Vitrum
1334 4394 1427 4448 per
1464 4375 1717 4435 lucidum.
1755 4373 1816 4429 id

220 4486 317 4535 est
353 4476 529 4533 nullas
564 4474 755 4533 sordes
801 4473 855 4528 in
897 4486 956 4529 se
992 4471 1250 4531 celantes.
1288 4469 1387 4525 Vel
1428 4469 1553 4538 quia
1591 4474 1816 4537 possunt

223 4568 360 4624 mali
384 4567 443 4621 in
467 4565 720 4639 operibus
740 4562 1040 4634 nequitiam
1069 4575 1223 4618 suam
1243 4598 1257 4625 ,
1288 4557 1436 4617 velut
1469 4557 1526 4616 in
1559 4555 1812 4627 speculo,
1838 4564 1894 4629 υ

222 4672 582 4731 cognoscere.

308 4768 472 4822 Vens.
528 4766 618 4821 2'5.
658 4795 730 4806 —
751 4763 877 4819 Non
902 4772 1016 4834 eget
1042 4762 1169 4818 sele.
1207 4760 1311 4817 Hic
1333 4762 1508 4816 sancti
1554 4772 1715 4831 «est:
1748 4760 1817 4815 ad

228 4863 516 4919 servitium
547 4861 667 4917 sole
687 4869 743 4915 et
767 4859 918 4926 luna,
943 4858 1021 4913 ibi
1041 4873 1147 4912 non
1177 4873 1191 4911 :
1234 4856 1375 4911 Deus
1400 4854 1543 4910 enim
1572 4853 1816 4925 pleneil-

232 4955 525 5010 luminabit
545 4967 658 5010 eos.
690 4951 789 5007 Vel
807 4992 822 5019 ,
846 4967 951 5006 non
978 4961 1089 5023 eget
1124 4949 1262 5015 sole,
1293 4965 1453 5021 neque
1472 4949 1622 5015 tm,
1648 4948 1710 5003 id
1736 4955 1821 5003 est

231 5047 537 5117 majoribus
562 5046 647 5101 vel
666 5044 969 5101 minoribus
993 5042 1455 5113 praedicatoribus.

317 5156 477 5214 Vsus.
508 5157 599 5213 24.
624 5189 694 5199 -
719 5156 786 5212 Ει
818 5156 1178 5212 ambulabunt.
1213 5155 1384 5210 Tanta
1413 5154 1518 5210 erit
1538 5136 1626 5208 lux
1660 5156 1712 5209 in
1746 5155 1825 5208 fu-

234 5260 390 5317 turo,
407 5250 551 5320 quod
582 5263 752 5320 usque
772 5249 839 5306 ad
862 5248 1021 5304 ﬁnem
1044 5248 1249 5314 mundi,
1274 5246 1615 5301 ambulabunt
1632 5256 1824 5318 gentes,

234 5342 299 5398 id
323 5349 406 5397 est
418 5343 873 5413 promovebuntur
887 5343 952 5398 de
972 5342 1115 5397 bono
1136 5341 1188 5395 in
1215 5339 1425 5396 melius.
1445 5339 1513 5396 In
1534 5340 1745 5394 lumine.
1770 5338 1829 5395 In

235 5449 342 5506 spe
369 5433 526 5503 hujus
549 5435 787 5501 luminis,
818 5434 904 5489 vel
927 5449 1023 5505 per
1049 5434 1250 5500 lumen,
1276 5433 1358 5487 vel
1389 5446 1486 5503 per
1512 5431 1707 5498 lucem,
1741 5432 1824 5488 vel

236 5543 344 5599 per
382 5530 558 5585 radios
594 5529 913 5601 cognitionis
946 5528 1081 5598 ejus.
1108 5528 1271 5599 Reges
1318 5536 1490 5581 teme.
1536 5526 1593 5582 Id
1647 5526 1824 5582 estilli

235 5619 478 5690 majores
500 5623 593 5695 qui
616 5631 809 5695 regunt
836 5622 1205 5677 terrenitatem
1236 5635 1387 5676 suam
1414 5628 1469 5675 et
1491 5619 1739 5674 aliorum.

328 5713 484 5770 Vens.
513 5715 605 5771 25.
626 5746 698 5758 ——
725 5715 788 5769 Et
817 5725 997 5785 portam
1027 5714 1083 5769 In
1106 5713 1358 5784 praesenti
1387 5712 1675 5782 aliquando
1701 5711 1827 5767 sub-

243 5808 483 5861 trahitur
516 5806 854 5878 przedicatio,
900 5822 966 5861 ne
996 5804 1142 5861 fures
1186 5806 1392 5861 intrent
1429 5812 1483 5862 et
1510 5806 1827 5861 conculcent

1898 1953 2029 2011 tem,
2054 1945 2106 2000 id
2140 1954 2224 2001 est
2260 1953 2521 2001 aeternam
2565 1945 2976 2001 beatitudinem.
3013 1945 3073 2023 In
3113 1947 3292 2025 specie
3320 1964 3485 2029 aqua;

1897 2047 2115 2094 notatur
2139 2037 2343 2094 ablatio
2378 2036 2653 2107 baptismi,
2681 2051 2786 2108 qua
2808 2037 2877 2091 ad
2900 2022 3059 2092 istam
3089 2022 3474 2096 beatitudinem

1898 2129 2231 2202 pervenitur.
2286 2128 2364 2183 De
2402 2128 2523 2183 sede
2568 2127 2688 2182 Dei.
2738 2127 2790 2182 Id
2827 2136 2923 2205 est-
2958 2129 3027 2205 de
3064 2128 3185 2205 illis
3201 2130 3265 2204 in
3284 2131 3478 2205 quibus

1898 2221 2272 2294 principaliter
2304 2218 2514 2277 sedebit
2547 2217 2709 2287 Deus,
2739 2216 2863 2290 quia
2893 2216 2947 2274 in
2979 2216 3084 2275 illis
3105 2208 3340 2277 maxime
3371 2207 3473 2290 est,

1900 2321 1954 2370 et
1988 2328 2083 2383 per
2116 2311 2531 2371 instructionem
2568 2325 2759 2378 eorum
2787 2310 3027 2371 minores
3050 2311 3472 2367 coronabuntur.

1977 2402 2133 2458 Vsus.
2176 2402 2233 2457 2.
2269 2432 2343 2451 -ι-
2378 2401 2451 2458 Rt
2479 2418 2551 2457 es
2581 2411 2820 2473 utuqu‘e.
2848 2399 3004 2456 Circa
3026 2399 3257 2471 ﬁumen,
3285 2403 3339 2458 id
3368 2414 3474 2469 est,

1902 2496 1956 2550 in
2002 2496 2103 2550 hac
2141 2495 2250 2549 vita
2291 2493 2553 2550 habemus
2595 2492 2796 2564 lignum
2837 2493 2972 2559 vitta,
3000 2493 3056 2548 id
3082 2502 3168 2550 est
3202 2510 3400 2566 corpus
3422 2505 3478 2552 et

1903 2584 2218 2656 sanguinem
2239 2582 2463 2650 Christi,
2493 2584 2549 2639 in
2574 2582 2771 2654 quibus
2791 2581 3066 2639 r’eﬂc'imur
3089 2584 3229 2640 ultra
3254 2585 3476 2653 ﬁumen,

1904 2676 1958 2731 id
1986 2685 2098 2742 est,
2131 2677 2186 2730 in
2213 2675 2396 2731 futuro
2443 2674 2761 2732 habebimus
2788 2676 2964 2746 ipsum
3002 2689 3342 2746 praesentem.
3384 2680 3477 2736 Vel

1903 2783 2000 2842 per
2012 2768 2157 2827 circa
2176 2765 2400 2836 ﬂumen,
2417 2769 2743 2845 accipiamus
2758 2751 3108 2855 tempusauie
3127 2764 3470 2845 baptismum,

1902 2874 2000 2932 per
2020 2860 2184 2926 ultra,
2208 2859 2337 2915 illud
2359 2860 2503 2931 quod
2532 2860 2632 2914 fuit
2649 2871 2775 2930 post
2799 2861 3145 2930 baptismum,
3174 2870 3235 2918 ut
3255 2864 3460 2921 denote-

1904 2968 2026 3008 nius
2052 2953 2237 3009 fideles
2264 2953 2391 3008 etin
2429 2951 2600 3007 veteri
2631 2960 2686 3007 et
2707 2952 2762 3006 in
2791 2967 2927 3007 nova
2957 2952 3075 3025 lege
3111 2939 3348 3012 salvatos
3381 2971 3462 3026 pet

1905 3046 2177 3103 Christum
2199 3088 2213 3113 ,
2246 3047 2389 3117 quod
2426 3046 2753 3115 signiﬁcavit
2795 3046 3006 3118 Moyses
3032 3048 3126 3118 qui
3161 3049 3312 3104 duxit
3339 3050 3479 3107 ﬁlios

1906 3137 2072 3193 Israel
2096 3154 2266 3208 usque
2292 3138 2360 3193 ad
2380 3136 2576 3192 ﬁumen
2597 3135 2864 3203 Iordanis,
2892 3145 2946 3192 et
2965 3136 3123 3194 Iesus
3147 3138 3289 3195 ﬁlius
3310 3139 3480 3208 Nave,

1905 3231 1998 3301 qui
2036 3230 2103 3285 de
2128 3227 2349 3284 ﬂumine
2390 3226 2642 3283 Iordanis
2689 3226 2843 3281 duxit
2870 3240 2965 3282 eos
3014 3227 3069 3281 in
3116 3236 3313 3283 terram
3356 3246 3482 3301 pro-

1906 3322 2194 3379 missionis.
2208 3321 2429 3393 Ligmm
2448 3321 2585 3377 vita.
2610 3313 2971 3392 Quasldibat:
2997 3319 3117 3390 Ipse
3133 3318 3482 3378 refectionem

1904 3416 2020 3483 dat,
2044 3416 2160 3487 ipse
2185 3415 2348 3475 etiam
2385 3413 2481 3471 dat
2502 3414 2587 3473 eis
2613 3413 2705 3488 qui
2735 3422 2996 3485 pararent
3021 3428 3116 3477 eos
3141 3414 3337 3487 quibus
3365 3417 3482 3493 ipse

1908 3504 2116 3561 reddat.

1980 3592 2231 3649 Fructus.
2276 3593 2333 3648 Id
2378 3600 2462 3649 est
2490 3593 2784 3664 prophetas
2817 3600 2873 3649 et
2916 3594 3193 3667 apostolos
3234 3596 3288 3650 in
3325 3595 3493 3659 ﬁdem.

1910 3689 2191 3745 Trinitatis
2226 3702 2324 3759 per
2355 3696 2588 3760 quatuor
2620 3686 2807 3745 mundi
2850 3692 3034 3759 partes
3076 3687 3486 3765 ﬁ'uctilicantes.

1908 3779 1975 3837 Et
2009 3779 2139 3850 folia
2166 3778 2314 3851 ligni.
2343 3778 2506 3847 Quasi
2535 3779 2682 3836 dicat
2708 3797 2723 3833 :
2748 3779 2818 3836 Et
2838 3781 2987 3851 quod
3016 3779 3268 3840 Christus
3300 3782 3492 3845 reddet

1910 3872 2165 3937 fructum,
2197 3873 2299 3927 hoc
2323 3872 2429 3927 erit
2459 3873 2560 3938 sic,
2588 3870 2731 3941 quod
2762 3873 3012 3942 apostoli,
3045 3881 3101 3929 et
3126 3883 3251 3945 post
3280 3889 3377 3931 eos
3397 3875 3490 3931 alii

1912 3965 2076 4018 etiam
2109 3971 2362 4036 spargent
2396 3961 2523 4019 folia
2555 3964 2723 4037 ipsius
2748 3963 2971 4021 Christi.

1982 4056 2144 4112 Vens.
2182 4054 2235 4110 6.
2275 4085 2345 4096 -
2387 4054 2455 4109 Et
2483 4055 2616 4109 dixit
2660 4054 2809 4110 mihi.
2849 4052 3004 4112 Sicut
3027 4056 3083 4111 in
3100 4056 3368 4129 principio
3396 4075 3493 4130 po-

1914 4146 2023 4201 suit
2059 4143 2590 4200 commendationem
2618 4143 2861 4209 visionis,
2893 4144 2976 4201 sie
2998 4145 3165 4200 etiam
3180 4146 3297 4218 jam
3324 4149 3391 4221 ad
3415 4148 3495 4203 ul-

1915 4239 2105 4292 timum
2129 4236 2299 4308 ponit.
2326 4235 2603 4291 Dominus.
2638 4235 2707 4291 Et
2737 4237 2875 4292 bene
2901 4236 3065 4293 debes
3091 4239 3342 4307 credere,
3369 4240 3495 4312 quia

1916 4328 2005 4385 ille
2035 4328 2126 4400 qui
2149 4327 2201 4382 in
2235 4335 2503 4398 potestate
2534 4327 2700 4384 habet
2727 4327 2867 4384 dona
2908 4327 3142 4400 Spiritus
3166 4330 3376 4398 sancti,
3402 4316 3496 4402 per

1917 4436 2079 4491 quem
2116 4420 2282 4476 locuti
2326 4429 2453 4475 sunt
2501 4421 2684 4476 omnia
2731 4422 3009 4491 prophetae
3055 4436 3176 4493 qua
3223 4421 3495 4478 dixerunt.

1918 4509 2173 4582 Angelum
2212 4525 2383 4574 suum,
2408 4518 2513 4566 etc.
2545 4509 2698 4567 Sicut
2729 4510 2950 4583 angelus
2972 4509 3165 4567 Joanni
3184 4552 3199 4577 ,
3230 4512 3309 4567 sic
3340 4509 3498 4567 Joan-

1922 4615 2017 4683 nes
2067 4600 2413 4656 commendat
2455 4598 2733 4673 discipulis
2778 4599 2933 4654 suis:
2967 4599 3121 4671 quasi
3167 4598 3352 4657 dicat:
3386 4598 3500 4658 Non

1920 4704 2141 4765 propter
2180 4709 2268 4749 me
2294 4691 2438 4749 facta
2482 4702 2568 4750 est
2611 4691 2728 4749 haec
2754 4692 3094 4748 annuntiatio
3127 4692 3292 4761 mihi,
3322 4693 3419 4755 sed
3447 4702 3500 4751 ut

1924 4802 2019 4842 vos
2043 4787 2177 4841 mihi
2196 4785 2453 4841 credatis.
3024 4774 3029 4779 ’

1997 4877 2159 4933 Vens.
2198 4875 2423 4933 8.—Et
2464 4886 2739 4949 postquam
2797 4880 3083 4943 audissem,
3143 4885 3192 4931 et
3236 4876 3499 4933 vidissem.

1926 4971 2027 5031 Hic
2053 4972 2147 5028 dat
2186 4969 2342 5027 nobis
2386 4970 2709 5041 intelligere,
2738 4971 2883 5040 quod
2917 4986 3015 5041 pro
3059 4970 3144 5027 his
3184 4971 3241 5026 in
3282 4987 3501 5030 venera-

1927 5067 2072 5120 tione
2109 5065 2366 5119 debemus
2407 5078 2532 5118 eum
2572 5062 2792 5127 habere,
2838 5077 2939 5117 nec
2982 5070 3189 5119 tantum
3213 5078 3359 5131 eum,
3407 5067 3501 5125 sed

1930 5160 2094 5214 Deum
2128 5160 2372 5225 adorare,
2405 5167 2459 5213 et
2486 5172 2583 5228 per
2607 5155 3003 5213 observantiam
3042 5159 3329 5217 verborum
3357 5159 3503 5228 libri,

1930 5249 2360 5324 puriﬁcationem
2402 5247 2714 5320 angelorum
2744 5251 3024 5322 consequi.

2006 5342 2168 5399 Vens.
2214 5343 2266 5395 9.
2290 5340 2435 5395 -Ει
2469 5343 2692 5411 fratrum
2744 5354 2976 5410 tuorum,
3006 5353 3111 5401 etc.
3165 5345 3279 5403 Non
3315 5355 3443 5403 sunt
3472 5363 3504 5401 a

1935 5450 2158 5511 munere
2198 5434 2493 5506 prophetiae
2522 5434 2679 5489 alieni
2710 5435 2970 5505 putandi,
3014 5438 3105 5508 qui
3135 5439 3333 5494 habent
3376 5454 3505 5509 gra—

1934 5527 2063 5585 tiam
2114 5527 2504 5598 interpretandi
2544 5546 2557 5580 :
2608 5535 2667 5583 ut
2717 5526 3071 5600 Augustinus,
3124 5528 3505 5600 Hieronymus,

1932 5619 2267 5683 Ambrosius,
2316 5617 2626 5689 Gregorius,
2660 5627 2766 5674 etc.

2004 5710 2166 5764 Vens.
2210 5707 2511 5775 ll.-—-Qui
2552 5720 2718 5776 nocet,
2777 5722 2954 5763 noceat
3001 5710 3190 5764 adhuc.
3225 5710 3359 5777 Quia
3390 5726 3506 5799 pos-

1935 5814 2013 5858 set
2045 5803 2202 5873 objiei
2232 5803 2372 5872 quod
2404 5802 2601 5857 malum
2643 5810 2785 5858 esset
2823 5802 3149 5873 prophetare
3185 5804 3362 5872 malis,
3386 5821 3507 5863 cum
