3948 6314
240 388 348 443 753

1298 359 1544 419 EXPOS.
1578 354 1648 414 IN
1683 350 1784 412 XX
1819 347 2076 408 PRIMOS
2114 342 2452 402 PSALMOS.

3391 325 3496 383 ’154

244 498 467 555 faciant.
511 492 624 547 Hoc
667 495 749 543 est
782 484 929 541 enim
951 497 1065 549 non
1105 479 1248 533 abire
1280 477 1336 532 in
1381 472 1600 530 consilio
1627 468 1817 539 impio-
1843 463 1898 526 Α
1921 476 2040 518 sum
2069 459 2346 516 Christum
2368 455 2564 511 Filium
2584 453 2720 522 ejus,
2749 459 2804 508 et
2842 451 2896 507 in
2937 447 3200 520 Spiritum
3225 454 3498 514 sanctum,

244 605 384 653 rum,
417 599 509 638 nec
549 589 689 636 stare
713 578 773 632 in
794 575 880 631 uia
913 578 1245 641 peccatorum
1271 607 1286 634 ,
1317 581 1409 620 nec
1441 562 1616 618 sedere
1645 559 1700 612 in
1728 573 1818 611 ca-

246 650 432 734 thedra
463 669 810 747 pestilentiae;
856 665 950 723 sed
975 663 1155 735 potius
1192 657 1433 715 meditari
1476 657 1533 710 in
1572 653 1682 724 lege
1708 650 1818 705 Do-

248 772 402 838 mini,
424 783 532 825 non
553 763 898 826 necessitate,
917 758 1013 814 sed
1037 755 1334 818 voluntate,
1360 750 1475 805 sine
1496 744 1820 808 cessatione,

249 833 398 936 quod
436 857 706 931 signiﬁcat
741 854 825 908 die
866 869 927 906 ac
971 857 1138 905 nocte.
1173 843 1294 910 Vel,
1327 842 1468 899 sicut
1501 838 1639 896 solet
1676 833 1824 891 Scri-

247 927 434 1029 ptura,
460 927 599 1006 diem
639 962 740 1019 pro
766 941 1041 1018 prosperis
1066 980 1081 1006 ,
1121 945 1178 993 et
1205 944 1404 991 noctem
1448 946 1548 1004 pro
1583 927 1826 984 adversis

249 1021 454 1122 ponere
478 1059 493 1096 :
524 1048 584 1096 ut
602 1051 778 1108 neque
801 1032 989 1090 laetitia
1016 1043 1199 1085 rerum
1221 1021 1620 1096 temporalium,
1651 1029 1829 1086 neque

253 1139 554 1199 adversitas
590 1131 1024 1191 transitoriarum
1067 1131 1307 1179 mentem
1336 1114 1612 1190 sequentis
1649 1111 1831 1168 Domi-

253 1249 384 1292 num
421 1236 634 1288 avertat
659 1243 690 1282 a
712 1222 1067 1282 meditatione
1102 1217 1298 1274 divinae
1319 1213 1472 1284 legis.
1506 1211 1638 1279 Qua:
1660 1223 1832 1279 quan-

255 1336 371 1393 tum
398 1324 471 1380 sit
518 1317 852 1383 necessaria,
889 1313 1054 1369 etiam
1101 1309 1176 1366 ibi
1201 1303 1525 1368 ostenditur,
1564 1299 1658 1356 ubi
1672 1296 1834 1354 Josue

256 1391 508 1474 ministro
527 1421 584 1469 et
608 1407 826 1467 conscio
849 1401 1196 1476 legislatoris,
1222 1397 1315 1469 qui
1346 1395 1519 1466 legem
1546 1391 1754 1464 primus
1782 1397 1837 1445 et

256 1509 431 1582 prime
455 1504 742 1568 didicerat,
774 1496 1036 1554 Dominus
1061 1489 1352 1564 praecepit,
1390 1495 1451 1540 ut
1489 1483 1728 1540 uolumen
1767 1481 1837 1536 le-

257 1575 335 1672 gis
375 1613 483 1654 non
526 1595 762 1658 deserat,
808 1589 902 1647 sed
954 1584 1247 1643 meditetur
1295 1580 1351 1635 in
1393 1578 1486 1634 illo
1531 1575 1712 1630 diebus
1774 1591 1837 1628 ac

259 1668 529 1759 noctibus,
557 1699 614 1746 ut
640 1687 834 1758 dirigat
866 1684 1006 1738 viam
1035 1693 1186 1734 suam
1216 1715 1232 1742 ,
1271 1683 1320 1728 et
1366 1668 1621 1739 intelligat
1650 1674 1838 1720 cuncta

258 1803 375 1860 qua:
395 1786 492 1840 ait.

1922 559 1978 606 et
2003 548 2300 606 Ecclesiam
2338 545 2692 612 catholicam,
2741 557 2806 598 ac
2851 540 3228 597 remissionem
3247 545 3502 610 peccato-

1925 663 2077 713 rum;
2125 653 2181 701 et
2218 644 2297 699 sic
2351 644 2627 712 tingantur
2675 652 2815 710 aqua
2853 635 3077 692 salutari
3105 675 3122 701 ,
3151 634 3502 704 incorporeu-

1924 749 2120 808 turque
2149 734 2404 791 Ecclesiae
2437 732 2615 805 (extra
2644 744 2808 801 quam
2845 726 3059 783 etiamsi
3095 723 3364 796 quispiam
3407 737 3504 778 su-

1925 843 2025 902 pra
2054 827 2198 883 dicta
2226 823 2435 888 fecerit,
2467 821 2646 877 salvus
2672 833 2792 875 esse
2819 833 2929 874 non
2967 813 3189 888 poterit)
3221 827 3287 868 ac
3327 827 3508 869 mem-

1926 920 2027 976 bra
2046 916 2176 989 ligni
2196 916 2322 971 vitae
2347 912 2522 969 effecti
2555 911 2818 981 incipiant
2844 910 2914 965 ad
2950 909 3066 980 ejus
3101 905 3508 963 similitudinem

1928 1013 2168 1068 tendere.
2197 1009 2352 1078 Quod
2377 1009 2568 1065 beatus
2610 1004 2809 1062 Paulus
2846 1003 3027 1060 verbis
3056 999 3512 1072 subsequentibus

1931 1117 2236 1161 consonans
2273 1100 2510 1158 ostendit
2531 1099 2717 1155 dicens
2747 1116 2762 1153 :
2796 1095 3105 1169 Quicunque
3147 1092 3393 1165 baptismi
3417 1108 3512 1146 su-

1932 1213 2049 1253 mus
2071 1196 2124 1250 in
2154 1194 2362 1249 Christo
2388 1191 2537 1258 Jesu,
2559 1191 2616 1245 in
2634 1197 2799 1244 morte
2818 1188 2983 1259 ipsius
3015 1185 3267 1258 baptisati
3295 1195 3515 1239 sumus:

1933 1286 2221 1359 consepulti
2269 1285 2406 1340 enim
2451 1296 2632 1337 sumus
2685 1295 2805 1334 cum
2847 1277 2939 1334 illo
2977 1292 3072 1349 per
3120 1275 3432 1347 baptismum
3458 1271 3518 1326 in

1933 1386 2154 1434 mortem
2177 1417 2192 1443 ,
2227 1385 2286 1430 ut
2315 1372 2574 1447 quomodo
2617 1369 2902 1425 resurrexit
2937 1364 3177 1421 Christus
3223 1381 3256 1418 a
3296 1360 3518 1418 mortuis

1935 1489 2028 1546 per
2065 1470 2287 1542 gloriam
2329 1466 2509 1522 Patris
2531 1478 2550 1516 :
2585 1464 2664 1517 ita
2702 1472 2752 1518 et
2784 1477 2878 1517 nos
2917 1461 2976 1516 in
3023 1458 3252 1514 novitate
3291 1451 3526 1508 ambule.

1937 1542 2074 1620 mus.
2128 1561 2190 1631 Si
2231 1561 2370 1616 enim
2409 1555 2749 1629 complantati
2791 1553 2918 1623 facti
2966 1566 3147 1607 sumus
3182 1542 3522 1603 similitudini

1938 1654 2122 1709 mortis
2150 1652 2289 1723 ejus,
2317 1647 2474 1705 simul
2497 1656 2544 1703 et
2569 1643 2960 1702 resurrectionis
2983 1641 3198 1698 erimus.

2013 1766 2177 1823 Vens.
2204 1766 2258 1821 5.
2310 1794 2381 1804 -
2417 1761 2488 1816 Et
2525 1763 2622 1816 erit
2678 1769 2960 1830 tanquam,
3000 1762 3107 1811 etc.
3151 1722 3266 1808 Hoc
3317 1750 3524 1822 lignum

332 1879 391 1934 Si
415 1885 595 1932 autem
621 1872 861 1944 apertius
890 1869 1013 1940 quis
1032 1861 1264 1934 requirit
1284 1857 1430 1932 quod
1458 1855 1529 1913 sit
1555 1850 1837 1910 consilium

1967 1873 2185 1930 empore
2205 1855 2473 1930 passionis
2503 1868 2614 1910 suac
2648 1852 2716 1940 de
2744 1849 3033 1920 semetipso
3059 1846 3136 1901 ait
3163 1863 3175 1900 :
3205 1842 3265 1900 Si
3291 1843 3349 1897 in
3373 1838 3529 1895 viridi

262 1962 542 2041 impiorum
567 2007 582 2033 ,
645 1960 1014 2033 multipliciter
1082 1953 1366 2024 Scriptura
1428 1946 1668 2018 loquitur
1700 1985 1716 2010 ,
1787 1950 1841 1998 et

263 2035 502 2118 maxime
535 2057 676 2115 liber
721 2054 814 2125 qui
845 2051 1045 2108 dicitur
1073 2043 1386 2116 Sapientiae,
1417 2037 1510 2094 ubi
1542 2037 1619 2092 ait
1644 2035 1840 2090 :Dixe-

263 2162 385 2208 runt
445 2149 591 2221 impii
641 2146 779 2219 apud
816 2161 870 2200 se
922 2157 1027 2196 non
1078 2146 1213 2193 recte
1260 2134 1564 2205 cogitantes.
1613 2128 1683 2184 Et
1723 2134 1845 2198 post

263 2259 438 2318 pauca
467 2261 481 2298 :
531 2239 712 2296 Venite
737 2279 752 2306 ,
784 2245 833 2292 et
871 2236 1115 2305 fruamur
1138 2227 1286 2282 bonis
1320 2240 1438 2296 qua:
1464 2230 1586 2277 sunt
1608 2261 1623 2283 ,
1652 2227 1700 2274 et
1720 2227 1845 2273 uta-

265 2311 385 2392 mur
417 2341 662 2391 creatura
691 2340 942 2400 tanquam
966 2325 1026 2379 in
1051 2322 1323 2393 juventute
1351 2314 1606 2370 celeriter.
1646 2311 1716 2366 Et
1749 2312 1849 2365 ite-

268 2447 424 2487 rum:
459 2427 828 2499 Opprimamus
871 2430 1152 2491 pauperem
1195 2412 1436 2483 justum,
1490 2421 1583 2460 nec
1620 2403 1850 2459 veterani

271 2533 596 2576 revereamur
616 2530 773 2568 canos
798 2509 949 2565 multi
976 2503 1224 2576 temporis
1239 2541 1256 2567 ,
1286 2509 1393 2555 etc.

347 2613 448 2670 Via
489 2627 609 2668 vero
655 2615 986 2681 peccatorum
1014 2608 1121 2669 est,
1160 2598 1228 2654 de
1254 2609 1362 2667 qua
1402 2590 1688 2648 Psalmista
1714 2587 1844 2644 alibi

267 2717 392 2780 post
434 2705 561 2762 talia
585 2699 882 2774 -subjungit
922 2715 935 2752 :
986 2693 1116 2750 ch
1158 2692 1243 2748 via
1284 2688 1499 2744 illorum
1541 2682 1855 2741 scandalum

269 2776 416 2872 ipsis.
449 2797 520 2854 Et
544 2795 805 2853 Dominus
835 2792 914 2847 ait
937 2808 950 2845 :
983 2787 1230 2860 Spatiosa
1258 2783 1343 2840 uia
1372 2789 1450 2836 est
1478 2795 1596 2852 quae
1619 2778 1762 2832 ducit
1785 2776 1854 2830 ad

270 2869 509 2950 mortem.
560 2889 823 2947 Cathedra
861 2893 1035 2941 autem
1077 2878 1384 2947 pestilentiae
1432 2886 1749 2949 perversam
1783 2869 1857 2928 sie

274 2985 498 3059 gniﬁcat
548 2980 873 3044 doctrinam,
906 2991 1027 3046 qum
1063 2975 1351 3044 dupliciter
1388 2968 1448 3023 ﬁt
1482 2985 1497 3022 :
1541 2973 1634 3020 aut
1671 2971 1858 3034 aperte

279 3055 350 3134 ad
371 3075 577 3134 scelera
607 3087 832 3144 operum
859 3065 1155 3128 invitando,
1189 3064 1331 3118 sicut
1362 3058 1620 3116 Salomon
1664 3056 1721 3110 in
1750 3055 1857 3109 Pa-

277 3168 479 3230 raboiis
517 3165 755 3224 ostendit
802 3161 987 3218 dicens
1031 3177 1044 3214 :
1093 3155 1205 3210 Fili
1238 3153 1342 3219 mi,
1383 3152 1429 3206 si
1469 3159 1519 3206 te
1548 3147 1857 3203 lactaverint

274 3268 571 3334 peccatores
588 3299 606 3326 ,
645 3273 708 3311 ne
732 3253 1031 3326 acquiescas
1053 3249 1127 3304 eis
1151 3261 1170 3300 :
1209 3247 1258 3301 si
1292 3244 1520 3300 dixerint
1549 3255 1567 3295 .'
1611 3238 1745 3295 Veni
1764 3255 1862 3293 no-

279 3331 500 3420 biscum,
523 3350 838 3408 insidiemur
871 3343 1137 3416 sanguini,
1165 3337 1548 3396 abscondamus
1570 3331 1864 3390 tendiculas

279 3456 462 3506 contra
481 3447 740 3501 insontem
778 3440 1000 3511 frustra,
1028 3445 1133 3493 etc.
1177 3435 1287 3490 Aut
1325 3432 1381 3488 in
1425 3443 1668 3488 errorem
1708 3426 1866 3482 indu-

281 3541 476 3608 cendo,
523 3539 668 3595 sicut
704 3535 779 3593 ibi
824 3540 950 3606 post
990 3530 1171 3600 aliqua
1211 3524 1481 3597 sequitur,
1512 3523 1604 3578 ubi
1649 3519 1866 3577 ethunc

283 3631 597 3692 cathedram
652 3626 838 3684 sellam
871 3621 1116 3680 nominat
1157 3619 1344 3675 dicens
1380 3633 1393 3670 :
1441 3611 1636 3668 Mulier
1678 3609 1863 3675 stulta,

285 3736 332 3784 et
359 3726 612 3788 clamosa,
639 3718 891 3792 plenaque
909 3712 1184 3776 illecebris,
1213 3717 1264 3765 et
1287 3705 1419 3762 nihil
1441 3703 1654 3760 omnino
1672 3701 1864 3768 sciens,

285 3820 418 3876 sedit
453 3819 508 3873 in
543 3814 743 3886 foribus
795 3811 982 3864 domus
1027 3822 1137 3862 sua:
1180 3818 1337 3874 super
1383 3797 1589 3854 sellam.
1632 3794 1700 3850 Et
1742 3801 1867 3865 post

285 3913 459 3984 pauca
490 3926 506 3962 :
545 3907 708 3978 Aqua:
741 3900 945 3973 furtiua:
985 3897 1247 3984 dulciores
1292 3899 1435 3957 sunt,
1465 3896 1515 3944 et
1560 3888 1714 3959 panis
1743 3887 1867 3941 abs-

288 3970 532 4054 conditus
563 3970 776 4048 suavior
805 4001 824 4041 :
860 3999 980 4057 qua
1017 3981 1221 4050 absque
1259 3977 1422 4034 dubio
1449 3986 1762 4046 perversam
1790 3970 1866 4025 si-

289 4091 550 4166 gniﬁcant
574 4083 880 4143 doctrinam
909 4097 923 4136 :
962 4079 1080 4134 haec
1106 4085 1341 4143 namque
1361 4068 1544 4126 omnia
1573 4067 1628 4121 in
1659 4070 1870 4118 tantum

291 4153 508 4254 reprobi
549 4182 846 4240 sectantur,
879 4178 935 4227 et
977 4166 1234 4225 sectando
1261 4161 1456 4219 divina:
1490 4155 1625 4228 legis
1644 4153 1872 4210 medita-

293 4246 494 4332 tionem
511 4276 791 4342 respuunt,
806 4271 863 4320 et
881 4265 1252 4322 exsecrantur,
1265 4261 1346 4320 ut,
1352 4250 1508 4322 juxta
1520 4246 1788 4318 Propheta
1796 4259 1870 4310 ιιι,

291 4368 416 4425 odio
457 4341 693 4420 habeant
729 4356 1114 4428 corripientem
1168 4350 1221 4405 in
1247 4351 1440 4419 porta,
1471 4351 1526 4398 et
1562 4341 1871 4410 loquentem

293 4459 532 4535 perfecte
593 4453 1006 4514 abominentur,
1051 4445 1341 4511 dicantque
1400 4437 1512 4492 Deo
1553 4449 1568 4488 :
1607 4431 1801 4486 Recede
1842 4445 1874 4482 α

296 4553 467 4619 nobis,
489 4558 538 4606 et
567 4546 840 4604 scientiam
864 4542 1069 4597 viarum
1090 4546 1305 4593 tuarum
1340 4528 1605 4585 nolumus.

367 4645 521 4701 Hunc
563 4639 829 4703 ordinem,
866 4647 1030 4706 quem
1072 4631 1164 4686 hic
1191 4627 1403 4701 primus
1429 4620 1670 4693 psalmus
1692 4625 1874 4674 osten-

294 4741 396 4808 dit,
449 4734 760 4810 plenissime
792 4732 846 4786 in
887 4726 1039 4784 brevi
1077 4717 1561 4794 comprehendens,
1593 4729 1714 4786 quae
1735 4711 1876 4767 mala

299 4805 409 4893 sint
449 4805 790 4892 declinanda,
834 4831 890 4880 et
936 4835 1056 4892 quae
1092 4821 1235 4875 bona
1279 4810 1556 4877 facienda,
1590 4808 1647 4864 in
1695 4805 1878 4861 multis

300 4925 433 4984 locis
461 4937 614 4980 sacra
646 4917 926 4988 Scriptura
949 4919 1131 4970 servat
1162 4928 1174 4963 :
1211 4908 1351 4964 sicut
1379 4902 1510 4958 illud
1542 4906 1624 4956 est
1661 4897 1789 4953 huic
1809 4896 1882 4953 si-

300 5017 430 5075 mile
467 5013 613 5072 beati
650 5009 838 5068 Jacobi
863 5004 1092 5077 apostoli
1125 4999 1356 5058 dicentis
1383 5015 1396 5052 :
1425 4994 1739 5065 Abjicientes
1765 5006 1878 5044 om-

302 5128 420 5168 nem
449 5089 869 5170 immunditiam,
910 5108 959 5156 et
989 5093 1369 5153 abundantiam
1392 5086 1630 5150 malitice,
1658 5083 1714 5137 in
1734 5098 1884 5136 man-

301 5202 578 5259 suetudine
605 5195 850 5267 suscipite
881 5191 1099 5248 insitum
1132 5183 1362 5247 verbum,
1410 5175 1548 5250 quod
1573 5183 1739 5246 potest
1774 5171 1884 5227 sal-

302 5312 426 5352 uare
452 5293 657 5348 animas
705 5263 923 5344 uestras.
952 5282 1021 5338 Et
1046 5281 1277 5336 iterum:
1314 5269 1554 5328 Resistite
1580 5263 1809 5330 diabolo,
1838 5271 1910 5326 et.

306 5386 467 5457 fugiet
490 5401 524 5436 a
550 5381 690 5436 vobis
713 5394 732 5433 :
769 5375 1072 5450 appropiate
1110 5369 1359 5432 Domino,
1381 5372 1431 5418 et
1453 5356 1781 5432 appropiabit
1806 5371 1890 5410 vo-

425 5475 601 5544 Quem
628 5472 791 5529 etiam
804 5448 1061 5526 ordinem
1097 5459 1450 5520 celeberrime
1475 5459 1621 5510 tenet
1644 5448 1885 5506 Ecclesia

308 5571 362 5626 in
412 5565 765 5625 sacramentis
814 5559 1216 5619 renascentium
1272 5568 1338 5609 ex
1393 5563 1529 5619 aqua
1581 5553 1637 5601 et
1679 5543 1887 5613 Spiritu

308 5670 520 5727 sancto,
561 5667 619 5714 ut
660 5657 811 5729 prius
849 5651 1234 5711 abrenuntient
1266 5641 1507 5706 diabolo,
1549 5634 1887 5692 et‘omnibus

306 5755 520 5828 pompis
557 5754 645 5809 vel
689 5749 942 5822 operibus
981 5747 1128 5818 ejus,
1185 5751 1241 5798 et
1288 5745 1476 5810 postea
1528 5731 1886 5805 proﬁteantur

305 5821 532 5918 credere
555 5862 613 5904 se
635 5847 690 5922 in
724 5821 894 5905 Deum
924 5841 1140 5904 Patrem
1167 5835 1612 5904 omnipotentem,
1634 5836 1690 5884 et
1714 5825 1766 5880 in
1793 5821 1882 5880 Je-

1945 1955 2087 2026 ligno
2113 1953 2225 2007 hazc
2256 1950 2479 2020 faciunt,
2509 1948 2569 2002 in
2597 1931 2748 2001 arido
2786 1942 2910 2016 quid
2935 1940 3062 2013 fiet?
3085 1939 3169 1995 Ad
3197 1938 3301 1995 hoc
3325 1934 3528 2005 lignum

1946 2049 1992 2104 si
2029 2047 2414 2119 praevaricator
2425 2041 2734 2098 extenderit
2756 2051 2978 2092 manum
3009 2048 3187 2099 suam,
3209 2039 3263 2088 et
3283 2039 3530 2098 sumpse—

1947 2143 2018 2198 rit
2046 2142 2112 2197 de
2140 2139 2320 2196 fructu
2338 2137 2475 2209 ejus,
2501 2136 2646 2191 vivet
2666 2134 2720 2189 in
2745 2125 3212 2196 aeternum..Quod
3231 2132 3287 2180 et
3307 2123 3364 2178 in
3389 2119 3533 2190 Apo—

1949 2234 2152 2305 calypsi
2173 2230 2365 2287 victori
2402 2226 2672 2300 promittit
2695 2223 2882 2279 dicens
2909 2241 2921 2276 :
2955 2217 3196 2275 Vincenti
3224 2214 3358 2270 dabo
3384 2209 3537 2269 edere.

1950 2327 2015 2382 de
2049 2325 2190 2397 ligno
2213 2322 2352 2389 vitta,
2378 2321 2517 2392 quod
2558 2327 2634 2374 est
2661 2318 2717 2372 in
2739 2315 2988 2388 paradiso
3012 2311 3111 2368 Dei
3130 2309 3254 2365 mei.

2023 2440 2315 2495 Decursum
2340 2443 2514 2491 autem
2545 2447 2803 2504 aquarum
2829 2472 2845 2497 ,
2881 2437 2974 2484 aut
2998 2425 3262 2497 Spiritum
3287 2429 3540 2478 sanctum

1954 2533 2215 2604 intellige,
2239 2531 2382 2588 sicut
2405 2525 2749 2596 Evangelista
2770 2522 3057 2580 Dominum
3073 2505 3279 2574 dixisse
3302 2513 3496 2570 scribit
3520 2530 3536 2568 :

1958 2629 2062 2696 Qui
2097 2626 2260 2681 credit
2289 2626 2346 2679 in
2396 2639 2500 2688 me,
2531 2622 2667 2675 sicut
2708 2618 2835 2673 dicit
2877 2615 3154 2686 Scriptura
3182 2652 3196 2678 ,
3227 2609 3450 2682 flumina
3478 2607 3543 2662 de

1955 2726 2128 2776 ventre
2163 2717 2278 2787 ejus
2323 2716 2485 2785 ﬂuent
2513 2727 2666 2784 aqua:
2705 2711 2853 2765 vim.
2904 2706 3055 2776 Quod
3105 2714 3382 2774 exponens
3409 2699 3540 2754 sub-

1949 2812 2130 2884 jungit
2153 2810 2341 2866 dicens
2367 2826 2380 2862 :
2416 2805 2531 2861 Hoc
2560 2814 2737 2860 autem
2761 2801 2895 2856 dixit
2924 2800 2989 2853 de
3012 2797 3237 2866 Spiritu,
3267 2809 3422 2866 quem
3452 2807 3543 2846 ac-

1959 2904 2156 2979 cepturi
2177 2912 2326 2960 erant
2355 2900 2620 2958 credentes
2640 2897 2710 2952 .in
2735 2911 2876 2950 eum.
2905 2889 3072 2960 Cujus
3100 2901 3266 2959 opere
3296 2884 3436 2941 facta
3461 2893 3547 2939 est

1960 2973 2078 3070 ipsa
2129 2994 2433 3052 incarnatio
2463 2986 2790 3052 Salvatoris,
2833 2981 3132 3042 secundum
3157 2976 3302 3048 quod
3324 2973 3546 3031 Gabriel

1964 3065 2188 3159 angelus
2206 3086 2275 3140 de
2297 3085 2456 3139 beata
2480 3080 2578 3136 Dei
2605 3077 2871 3150 genitrice
2894 3074 3064 3129 Maria
3087 3069 3329 3144 loquitur
3363 3067 3430 3124 ad
3455 3065 3549 3122 Jo-

1887 3190 1933 3253 ρ
1963 3182 2096 3251 sepb
2120 3179 2308 3235 dicens
2335 3195 2350 3231 :
2384 3173 2513 3229 Noli
2545 3173 2724 3227 timere
2756 3169 2989 3238 accipere
3019 3164 3250 3221 Mariam
3273 3161 3549 3232 conjugem

1967 3280 2134 3336 tuam,
2158 3267 2298 3339 quod
2337 3265 2472 3320 enim
2497 3265 2552 3317 in
2579 3278 2642 3316 ea
2683 3268 2866 3314 natum
2891 3267 2999 3323 est,
3031 3256 3096 3310 de
3128 3254 3333 3326 Spiritu
3366 3260 3549 3306 sancto

1967 3369 2063 3416 est.
2101 3358 2210 3414 Aut
2254 3353 2470 3425 eloquia
2511 3350 2943 3421 Scripturarum,
2985 3361 3108 3417 qua:
3147 3342 3550 3415 praenuntiave-

1970 3460 2098 3508 runt
2119 3452 2186 3508 de
2219 3450 2451 3505 adventu
2469 3443 2627 3515 justi,
2657 3442 2977 3510 futurasque
3006 3438 3062 3492 in
3103 3436 3321 3492 Christo
3343 3433 3556 3505 passio-

1968 3560 2091 3611 nes,
2129 3550 2185 3598 et
2211 3537 2537 3613 posteriores
2567 3534 2788 3606 glorias,
2820 3531 2963 3588 sicut
2988 3526 3298 3601 ipsejustus
3321 3533 3379 3583 et
3397 3524 3554 3597 justi-

1971 3636 2141 3691 ﬁcans
2171 3631 2432 3690 Dominus
2478 3624 2738 3698 apostolis
2775 3629 2900 3694 post
2922 3618 3378 3677 resurrectionem
3399 3630 3558 3672 suam

1969 3729 2210 3801 loquitur
2245 3725 2432 3782 dicens
2463 3740 2477 3778 :
2511 3719 2643 3777 Haec
2682 3725 2803 3773 sunt
2838 3716 2995 3772 verba
3024 3715 3157 3787 'quce
3207 3711 3411 3767 locutus
3441 3724 3559 3764 sum

1971 3824 2040 3878 ad
2066 3839 2176 3888 vos,
2225 3835 2344 3875 cum
2395 3816 2568 3871 adhuc
2611 3827 2776 3867 essem
2819 3809 3131 3864 vobiscum:
3172 3805 3423 3876 quoniam
3462 3817 3556 3856 ne-

1971 3931 2108 3970 cesse
2147 3921 2223 3968 est
2279 3908 2484 3979 impleri
2532 3905 2708 3960 omnia
2747 3917 2864 3973 quae
2914 3900 3111 3969 scripta
3150 3905 3272 3951 sunt
3342 3895 3399 3948 in
3451 3890 3561 3963 lege

1975 4004 2167 4076 Moysi,
2207 4010 2255 4056 et
2293 3998 2554 4072 prophetis
2580 4005 2629 4051 et
2656 3994 2874 4066 psalmis
2895 3992 2960 4046 de
2989 4006 3092 4044 me.
3117 3987 3186 4042 Et
3214 4006 3227 4041 :
3261 3985 3406 4042 Tunc
3431 4001 3558 4055 ape-

1975 4096 2078 4150 ruit
2105 4093 2213 4149 illis
2266 4105 2510 4153 sensum,
2549 4095 2606 4140 ut
2646 4083 2992 4154 intelligerent
3033 4077 3360 4147 Scripturas,
3399 4083 3461 4130 ut
3491 4089 3560 4130 ex

1974 4189 2053 4244 eis
2088 4190 2364 4242 sumerent
2393 4182 2677 4236 humorem
2727 4174 2971 4240 vitalem,
3007 4185 3171 4243 quem
3207 4167 3558 4225 credentibus

1976 4279 2367 4341 ministrarent,
2393 4269 2690 4328 secundum
2717 4267 2862 4339 quod
2882 4263 3153 4335 Propheta
3185 4260 3294 4316 illis
3324 4258 3555 4330 promit-

1978 4378 2042 4432 tit
2071 4374 2292 4430 dicens:
2339 4365 2610 4423 Haurietis
2658 4379 2823 4436 aquas
2870 4361 2925 4414 in
2967 4357 3162 4431 gaudio
3208 4358 3274 4411 de
3330 4354 3559 4426 fontibus

1981 4463 2290 4523 Saluatoris.
2343 4459 2479 4515 Nam
2517 4456 2661 4528 quod
2702 4454 2880 4510 divina
2927 4451 3134 4523 eloquia
3172 4460 3436 4519 aquarum
3467 4460 3564 4501 ne-

1897 4563 1951 4624 D
1976 4561 2123 4617 mine
2159 4555 2552 4630 signiﬁcentur,
2586 4550 2770 4606 multis
2797 4550 2852 4605 in
2879 4547 3013 4604 locis
3056 4544 3248 4600 eadem
3275 4542 3558 4614 Scriptura

1985 4661 2216 4712 testatur
2243 4668 2256 4704 :
2291 4651 2357 4706 de
2382 4630 2576 4719 quibus
2593 4660 2760 4700 unum
2790 4650 2876 4699 est
2901 4659 2916 4696 :
2939 4641 3094 4712 Aqua
3120 4631 3388 4710 profunda
3406 4634 3560 4690 verba

1983 4764 2048 4802 ea:
2066 4763 2155 4802 ore
2184 4744 2302 4811 uiri,
2330 4752 2377 4798 et
2409 4750 2613 4796 torrens
2642 4735 2942 4793 redundans
2980 4733 3098 4804 fons
3126 4729 3418 4803 sapientiae.

2057 4857 2285 4913 Fructus
2314 4861 2494 4910 autem
2518 4860 2573 4909 et
2594 4851 2724 4922 folia
2747 4847 2906 4919 hujus
2932 4845 3062 4918 ligni
3080 4852 3228 4911 sunt,
3255 4857 3375 4913 quae
3400 4842 3567 4914 coepit

1985 4951 2143 5007 Jesus
2168 4949 2348 5005 facere
2372 4955 2428 5001 et
2448 4945 2673 5001 docere:
2707 4943 2774 4998 de
2802 4955 2909 5012 quo
2931 4939 3150 5010 quidam
3174 4933 3564 5006 discipulorum

1987 5040 2344 5112 loquebantur
2376 5052 2392 5092 :
2421 5035 2537 5102 .Qui
2572 5035 2672 5104 fuit
2704 5033 2782 5088 vir
2819 5030 3070 5103 propheta
3101 5038 3279 5100 potens
3327 5026 3382 5081 in
3414 5040 3566 5094 opere

1988 5141 2036 5188 et
2059 5147 2296 5188 sermone
2326 5143 2504 5184 coram
2523 5125 2633 5180 Deo
2662 5133 2709 5178 et
2743 5123 2886 5177 omni
2905 5119 3115 5192 populo.

2061 5245 2216 5313 Quod
2245 5257 2376 5298 vero
2408 5239 2485 5295 ait
2505 5239 2562 5294 in
2589 5247 2817 5309 tempore
2845 5251 2963 5302 suo,
3002 5230 3291 5304 Apostolus
3317 5225 3570 5298 exposuit

1993 5338 2178 5395 dicens
2207 5355 2220 5391 :
2255 5333 2356 5390 Ubi
2385 5332 2520 5388 venit
2552 5327 2819 5402 plenitudo
2855 5325 3118 5398 temporis,
3142 5322 3283 5378 misit
3304 5319 3446 5374 Deus
3471 5314 3570 5370 Fi-

1992 5431 2121 5487 lium
2143 5445 2330 5495 suum,
2368 5427 2567 5498 factum
2610 5438 2674 5478 ex
2709 5420 2949 5485 muliere,
2991 5419 3191 5490 factum
3225 5412 3320 5470 sub
3351 5410 3481 5482 lege,
3512 5416 3570 5462 ut

1991 5541 2108 5589 eos,
2156 5523 2246 5593 qui
2279 5518 2373 5574 sub
2419 5516 2527 5589 lege
2573 5523 2752 5581 erant,
2789 5512 3092 5575 redimeret,
3145 5515 3203 5561 ut
3237 5501 3570 5573 adoptionem

1991 5616 2221 5686 ﬁliorum
2251 5613 2591 5683 reciperemus
2617 5623 2637 5662 :
2667 5622 2787 5678 qua:
2811 5612 2940 5663 sunt
2969 5602 3175 5659 fructus
3202 5596 3356 5669 ligni.

2062 5719 2323 5788 Quodque
2373 5713 2648 5787 subiungit
2679 5729 2692 5768 :
2726 5721 2776 5766 et
2824 5708 3011 5781 folium
3049 5703 3165 5774 ejus
3202 5715 3308 5756 non
3355 5697 3567 5768 deﬂuet.

1993 5786 2283 5872 verborum
2309 5810 2427 5883 ejus
2470 5786 2802 5864 immobilem
2831 5797 3098 5872 signiﬁcat
3122 5792 3454 5851 ﬁrmitatem.
3475 5786 3570 5848 Sic
