3948 6314
403 438 505 501 '55

893 438 1284 494 WALAFRIDI
1328 434 1569 491 STllABl
1606 426 1806 492 FULD.
1851 434 1986 490 ΜοΝ

2104 426 2206 487 er.
2250 416 2429 485 bans
2462 429 2503 484 1.
2547 459 2610 467 -
2652 424 3103 481 THEOLOGICA.

3556 417 3678 473 756

402 564 516 632 ipse
543 558 618 613 ait
648 577 661 612 :
704 550 902 613 Caelum
943 569 989 611 et
1033 565 1174 610 terra
1228 556 1521 609 transibunt
1551 596 1564 621 ,
1604 555 1755 610 verba
1806 564 1975 608 mitem
2007 550 2055 617 Α
2156 542 2319 605 Vsus.
2342 549 2397 604 2.
2428 580 2496 589 -
2526 549 2812 602 Astitemnt
2847 554 3009 632 reges,
3041 554 3149 632 etc.
3177 544 3290 632 Hoc
3324 544 3390 597 de
3413 554 3679 632 perseeu-

401 669 516 707 mea
545 665 648 704 non
668 636 982 704 transiliunt.

468 734 549 800 De
572 744 912 815 prosperitate
949 751 1123 796 autem
1167 739 1425 811 factorum
1466 739 1579 811 ejus
1609 749 1665 795 et
1694 740 1855 794 Pater
1881 753 1977 807 per

402 818 597 894 lsaiam
618 834 888 909 promittit
913 853 926 889 :
968 828 1188 888 Verbum
1213 850 1381 888 meum
1399 874 1414 899 ,
1437 833 1577 904 quod
1597 832 1891 903 egredietur
1916 830 1980 883 de

403 946 491 983 ore
522 943 671 993 meo,
721 943 824 982 non
865 932 1146 981 revertetur
1193 925 1262 979 ad
1298 943 1377 993 me
1408 941 1625 980 vacuum
1658 942 1675 977 :
1707 922 1796 978 sed
1826 922 1979 993 faciet

403 988 724 1093 quiscunque
775 1016 934 1083 volui,
975 1026 1022 1071 et
1089 988 1478 1089 prosperaliitur
1518 1014 1572 1069 in
1621 1014 1701 1068 his
1746 988 1835 1066 adt
1863 1030 1981 1085 qua:

403 1107 519 1163 misi
550 1106 704 1162 illud.
1014 1108 1017 1115 ’

474 1188 638 1253 VERS.
685 1196 738 1252 4.
799 1228 869 1238 -
920 1192 1043 1251 Νοη
1081 1197 1155 1251 sic
1200 1195 1366 1267 impii,
1395 1202 1503 1251 etc.
1554 1188 1713 1267 Impii
1749 1211 1852 1249 non
1885 1195 1981 1259 sic,

407 1288 861 1357 quemadmodum
890 1282 966 1341 illi
1005 1285 1097 1358 qui
1138 1302 1235 1359 per
1282 1286 1639 1341 imitationem
1686 1284 1739 1339 in
1776 1293 1982 1351 tantum

409 1382 474 1434 ad
528 1372 932 1436 similitudinem
980 1366 1113 1450 ligni
1140 1380 1265 1434 vita)
1297 1372 1606 1449 proficiunt,
1654 1387 1714 1433 ut
1757 1379 1985 1433 videndo

403 1466 792 1525 beatitudinem
809 1472 863 1524 et
878 1464 1231 1525 mlernitatem
1248 1469 1386 1539 ejus,
1419 1468 1517 1539 ipsi
1542 1456 1690 1523 beati
1716 1480 1771 1524 et
1797 1460 1984 1524 aeterni

404 1561 532 1629 sint,
562 1552 715 1632 iuxta
740 1552 880 1632 quod
908 1562 1045 1616 Deus
1066 1578 1164 1632 per
1184 1562 1378 1617 Isaiam
1411 1563 1732 1633 prophetam
1757 1562 1985 1633 promit-

406 1646 472 1704 tit
497 1640 682 1707 dicens
714 1670 728 1707 :
758 1644 1057 1707 Secundum
1088 1652 1200 1707 dies
1238 1653 1374 1707 enim
1405 1646 1534 1724 ligni
1568 1662 1719 1707 erunt
1747 1653 1857 1706 dies
1898 1668 1986 1722 po-

408 1740 520 1812 puli
546 1746 670 1799 mei.

480 1836 584 1892 Sed
613 1846 860 1909 tanquam
880 1836 1049 1907 pulvis
1094 1836 1280 1893 aridus
1322 1846 1378 1892 et
1401 1836 1746 1903 infecundus,
1775 1845 1834 1892 ut
1861 1845 1988 1908 pote

2083 645 2288 701 toribus
2315 638 2528 697 Domini
2570 639 2783 703 dicitur,
2815 624 2907 708 qui
2938 647 2992 691 et
3039 637 3091 691 in
3133 620 3356 691 Actibus
3394 628 3677 703 apostolo-

2082 752 2199 790 rum
2224 741 2736 791 commemorantur.
2768 724 3058 784 Astiterunt
3093 737 3271 784 autem
3306 745 3412 783 non
3440 740 3682 798 praesen-

2085 827 2213 881 tiam
2237 826 2526 897 signiﬁcat,
2571 825 2664 880 sed
2693 823 3042 877 voluntatem.

2153 918 2318 973 Vens.
2343 914 2397 972 5.
2435 948 2503 957 ——
2542 908 2921 989 Dirumpamus
2950 911 3179 976 vincula,
3211 920 3317 966 etc.
3351 907 3683 977 Quanquam

2082 1013 2257 1085 possit
2282 1022 2338 1068 et
2364 1012 2520 1067 aliter
2544 1053 2558 1077 ,
2593 1019 2771 1065 tamen
2801 1009 2979 1080 aptius
3000 1023 3067 1061 ex
3097 1022 3284 1061 eorum
3312 1014 3550 1076 persona
3581 1016 3680 1055 ac-

2085 1104 2302 1174 cipitur,
2329 1116 2465 1172 quos
2504 1100 2640 1155 dixit
2684 1098 2863 1154 inania
2896 1096 3201 1161 meditatos,
3250 1103 3309 1150 nt
3359 1094 3469 1149 hoc
3495 1093 3567 1147 sit
3598 1091 3685 1145 di-

2086 1211 2388 1266 rumpamus
2417 1192 2629 1247 vincula
2678 1207 2889 1255 eorum,
2949 1189 3139 1245 demus
3190 1198 3416 1257 operam
3472 1192 3534 1238 ut
3582 1196 3685 1236 nos

2087 1302 2191 1340 non
2214 1280 2455 1354 alligent,
2489 1296 2663 1352 neque
2686 1280 2995 1351 imponatur
3016 1277 3174 1333 nobis
3202 1274 3519 1333 Christiana
3552 1271 3688 1327 reli-

2086 1376 2192 1450 gio.
2226 1368 2426 1430 Eorum
2450 1382 2645 1439 autem,
2676 1370 2756 1427 vel
2781 1362 2875 1428 Dei
2902 1368 3081 1426 Patris
3114 1378 3170 1424 et
3186 1368 3391 1425 Christi
3417 1366 3564 1436 ejus,
3595 1362 3688 1415 rel

2085 1460 2285 1525 Christi
2308 1468 2363 1521 et
2389 1465 2781 1536 apostolorum.

2157 1562 2322 1616 Vsus.
2349 1556 2402 1613 4.
2425 1590 2494 1598 -
2517 1557 2620 1623 Qui
2647 1557 2848 1611 habitat
2864 1557 2916 1610 in
2943 1554 3107 1622 uelis,
3130 1564 3237 1610 etc.
3270 1548 3526 1624 Repetita
3559 1566 3689 1606 sen-

2088 1655 2254 1713 tentia
2282 1663 2385 1708 est.
2414 1652 2548 1707 Nam
2574 1667 2672 1722 pro
2701 1668 2766 1706 eo
2796 1651 2941 1721 quod
2970 1657 3054 1706 est
3076 1690 3093 1716 ,
3139 1648 3244 1715 Qui
3266 1648 3471 1701 habitat
3499 1646 3557 1699 in
3587 1662 3692 1700 σαε-

2089 1746 2175 1812 lis,
2233 1746 2626 1815 subsequenter
2670 1743 2904 1813 positum
2957 1749 3042 1796 est
3091 1757 3104 1794 :
3145 1738 3424 1793 Dominus.
3482 1734 3594 1791 Pro
3624 1752 3689 1790 «to

2090 1838 2233 1910 quod
2255 1846 2358 1903 est,
2376 1835 2635 1902 irridebit,
2664 1833 3315 1906 subsequenter’positum
3337 1831 3691 1896 est,‘subsan-

410 1928 570 1983 alieni
610 1929 678 1983 ab
714 1904 953 1983 humore
992 1938 1155 1998 supra
1182 1927 1451 1983 dictarunt
1496 1936 1783 1997 aquarum,
1813 1904 1985 1997 proji-
2014 1904 2063 1972 Β
2094 1904 2257 1987 nubit.
2285 1929 2428 1986 Nihil
2462 1930 2655 1985 horum
2689 1904 2882 1998 sapere
2924 1935 3141 1999 Oportet
3171 1927 3494 1989 carnaliter,
3529 1927 3691 1996 quasi

411 2020 631 2074 cientur
666 2033 697 2073 a
745 2014 1014 2075 soliditate
1048 2027 1103 2073 et
1152 2019 1445 2075 stabilitate
1490 2030 1648 2074 terra:
1686 2022 1740 2074 in
1768 2028 1986 2073 Ventum

410 2110 715 2179 praesentis,
744 2110 951 2164 scilicet
992 2110 1245 2165 Ecclesiae
1282 2118 1339 2165 et
1374 2109 1601 2175 futurae,
1653 2110 1988 2181 projectique

411 2201 651 2255 existunt
691 2200 845 2255 cibus
879 2201 1167 2271 serpentis,
1202 2202 1269 2256 de
1314 2215 1422 2272 quo
1462 2192 1723 2272 scriptum
1758 2209 1842 2255 est
1871 2217 1884 2254 :
1921 2199 1987 2253 Et

411 2300 638 2360 serpenti
677 2290 847 2361 puteis
872 2294 1023 2361 panis
1069 2292 1203 2362 ejus.
1249 2291 1441 2347 Ventus
1467 2299 1647 2350 autem
1668 2294 1785 2363 ipse
1805 2292 1990 2347 diabo-

410 2384 494 2440 lus
518 2384 870 2456 intelligitur,
914 2385 1055 2440 sicut
1103 2385 1363 2455 scriptuin
1406 2392 1531 2440 est:
1584 2384 1769 2456 Aquilo
1812 2394 1990 2439 ventus

410 2476 596 2531 durus.
636 2474 865 2531 Nomine
902 2485 1081 2531 autem
1130 2475 1309 2530 dexter
1334 2484 1587 2541 vocatur,
1620 2476 1709 2547 qui
1746 2484 1801 2531 et
1825 2475 1986 2546 spiri-

412 2576 501 2624 tus
528 2569 725 2627 dicitur
757 2568 1131 2626 fornicationis
1151 2570 1207 2624 in
1230 2570 1493 2639 prepheta
1520 2585 1534 2623 :
1562 2577 1617 2625 et
1642 2569 1711 2623 ab
1730 2566 1988 2636 Apostolo

414 2661 729 2737 nominatur
767 2662 1002 2732 spiritus,
1028 2661 1118 2730 qui
1163 2675 1300 2714 nunc
1324 2669 1573 2730 operatur
1602 2659 1656 2713 in
1685 2658 1810 2726 ﬁliis
1845 2657 1990 2725 difﬁ-

412 2754 622 2809 dentice.

486 2843 650 2903 Vens.
679 2844 732 2899 5.
756 2874 829 2886 —
877 2845 1007 2901 Ideo
1036 2862 1141 2901 non
1160 2856 1451 2917 resurgent,
1474 2855 1581 2902 etc.
1612 2843 1670 2900 Si
1699 2845 1881 2915 aliqua
1903 2845 1993 2900 hic

415 2932 720 2999 ditior-entia
754 2934 1067 3005 accipienda
1107 2944 1193 2991 est
1216 2935 1360 2991 inter
1390 2937 1578 3006 impios
1606 2946 1655 2990 et
1676 2946 1989 3005 peccatores,

415 3027 563 3096 impii
601 3026 931 3097 intelligendi
972 3035 1129 3092 sunt,
1179 3028 1246 3083 de
1285 3028 1484 3097 quibus
1530 3027 1791 3083 Dominus
1821 3028 1987 3082 dicit:

420 3114 523 3182 Qui
569 3133 674 3172 non
699 3117 861 3172 credit
895 3118 949 3171 in
983 3115 1212 3185 Filium,
1236 3118 1354 3189 jam
1370 3116 1647 3188 judicatus
1670 3127 1765 3172 est.
1790 3115 1990 3171 Pecca~

414 3217 552 3263 tores
600 3225 736 3275 vero,
784 3209 981 3278 quibus
1007 3207 1181 3264 Judex
1209 3198 1453 3265 dicturus
1491 3216 1613 3265 est:
1660 3210 1924 3263 Discedite
1959 3225 1993 3260 α

416 3315 518 3363 me,
555 3298 841 3366 maledicti,
873 3302 927 3355 in
954 3301 1126 3371 ignem
1154 3312 1426 3356 internum.
1451 3301 1553 3369 Qui
1576 3313 1843 3373 resurgant
1874 3301 1997 3372 qui-
2023 3271 2068 3335 ρ

417 3390 536 3444 dem
577 3391 631 3444 in
653 3391 879 3460 judicio,
928 3395 1021 3448 sed
1052 3409 1160 3449 non
1193 3396 1249 3449 in
1284 3393 1506 3449 concilio
1540 3395 1833 3464 iustorum,
1855 3395 1996 3449 sicut

420 3480 683 3538 Dominus
745 3500 844 3555 per
905 3484 1245 3543 Ezechielem
1305 3487 1621 3556 prophetam
1671 3487 1993 3557 quibusdam

419 3568 781 3631 comminatur
832 3572 1018 3629 dicens
1057 3592 1070 3627 :
1121 3573 1189 3628 In
1232 3574 1458 3629 concilio
1500 3575 1682 3646 populi
1729 3577 1831 3631 mei
1889 3592 1995 3630 non

413 3669 591 3725 eruat,
636 3670 685 3715 et
726 3661 782 3715 in
822 3663 1079 3733 scriptura
1124 3663 1309 3719 donius
1337 3664 1506 3719 Israel
1534 3682 1637 3721 non
1665 3666 1955 3723 scribentur
1976 3706 1990 3732 ,

421 3770 514 3809 nec
542 3755 599 3809 in
635 3765 830 3810 terram
860 3757 1028 3811 Israel
1052 3758 1426 3828 ingredientur.

492 3843 653 3899 Vens.
687 3844 740 3900 6.
784 3874 853 3885 -—
904 3845 1167 3912 Quoniam
1195 3849 1335 3902 novit
1364 3848 1640 3914 Dominus,
1675 3858 1781 3905 etc.
1811 3849 1992 3917 Novit,

415 3938 472 3993 id
506 3946 595 3993 est
638 3937 918 4011 approbat,
958 3946 1014 3995 et
1048 3939 1275 3996 laudans
1301 3951 1613 3997 remunerat
1649 3942 1791 3998 facta
1814 3942 1991 4011 justo-

417 4043 537 4085 rum
566 4047 580 4083 :
614 4029 753 4089 sicut
796 4045 895 4102 per
935 4029 1278 4088 Salomonem
1306 4032 1575 4091 dicturum
1602 4049 1663 4090 se
1694 4034 1749 4089 in
1784 4033 1991 4103 judicio

417 4123 707 4179 universali
742 4124 995 4182 Ecclesiae
1028 4127 1294 4196 promittit
1336 4129 1523 4185 dicens
1575 4147 1588 4182 :
1645 4129 1782 4186 Date
1826 4132 1874 4184 ei
1925 4131 1990 4185 de

413 4214 589 4287 fructu
629 4217 882 4273 manuum
917 4236 1157 4288 suarum,
1198 4231 1248 4276 et
1306 4221 1525 4277 laudent
1579 4239 1697 4277 eam
1725 4224 1782 4279 in
1823 4224 1989 4293 portis

415 4321 572 4374 opera
600 4307 735 4377 ejus.
763 4307 820 4362 In
841 4310 1014 4378 portis
1033 4311 1301 4380 videlicet,
1333 4313 1391 4369 in
1419 4314 1669 4384 ingressu
1695 4316 1849 4385 regni
1876 4329 1988 4369 coe-

414 4399 565 4454 lestis
598 4419 611 4453 :
640 4416 758 4470 quae
784 4412 954 4471 porta:
980 4405 1095 4461 sive
1113 4403 1295 4474 ianuae
1329 4407 1654 4465 clauduntur
1682 4405 1849 4464 fatuis
1870 4410 1985 4462 vir-

422 4489 654 4558 ginibus,
691 4506 813 4563 quae
849 4494 991 4551 inter
1032 4495 1164 4553 istos
1207 4500 1581 4563 remanebunt,
1612 4515 1843 4570 quorum
1890 4502 1989 4555 iter

410 4582 613 4650 peribit.
664 4582 798 4641 Nam
846 4593 901 4643 et
949 4589 1093 4658 quod
1133 4591 1292 4659 perit,
1335 4590 1603 4649 Dominus.
1638 4594 1889 4665 ignorare
1926 4610 1986 4651 se

415 4672 565 4739 dicit,
604 4684 661 4732 et
687 4679 830 4750 quod
864 4679 1119 4735 Dominus
1147 4682 1340 4747 nescit,
1381 4684 1523 4752 perit
1556 4702 1569 4738 :
1598 4685 1738 4740 sicut
1764 4695 1819 4740 et
1854 4701 1990 4755 prte-

411 4763 572 4820 dictis
598 4768 895 4837 virginibus
950 4767 1131 4833 fatuis,
1178 4780 1233 4825 et
1272 4771 1411 4837 illis,
1461 4773 1552 4842 qui
1584 4774 1779 4829 dicturi
1819 4785 1984 4830 sunt:

417 4853 669 4920 Domine,
697 4856 937 4924 Domine,
987 4876 1155 4917 nonne
1198 4862 1253 4916 in
1281 4864 1484 4918 nomine
1526 4874 1615 4918 tuo
1662 4867 1990 4936 prophetaei-

410 4944 565 4997 mus?
609 4953 738 5012 etc.,
792 4948 905 5016 ipse
946 4940 1120 5005 Judex
1170 4968 1554 5023 responsurum
1582 4972 1642 5011 se
1679 4972 1795 5012 esse
1816 4957 1985 5013 dicit.

410 5034 573 5090 Amen
616 5036 733 5091 dico
780 5040 943 5109 vobis,
992 5045 1160 5099 nescio
1207 5062 1338 5111 vos;
1393 5042 1476 5102 vel
1511 5063 1526 5102 :
1564 5066 1833 5121 nunquam
1864 5052 1985 5105 novi

408 5142 517 5181 Μ’
930 5196 999 5256 IN
1027 5202 1356 5264 PSALMUM
1384 5208 1448 5263 ιι.

480 5306 647 5363 Vm.
689 5308 741 5363 1.
789 5329 857 5350 -ι-
912 5310 1089 5378 Quare
1137 5315 1460 5385 fremuerunt
1508 5326 1703 5389 gentes,
1734 5329 1781 5373 et
1806 5320 1984 5389 pepuli

408 5400 644 5454 meditati
666 5412 786 5457 sunt
811 5404 1014 5471 inania,
1041 5415 1147 5462 etc.
1189 5406 1551 5481 Interrogatio
1592 5418 1673 5466 est
1698 5409 1977 5480 arguendi.

406 5487 644 5561 Corripit
689 5493 835 5548 enim
877 5498 1103 5566 populos
1155 5500 1440 5568 propheta.
1495 5496 1607 5553 Cur
1654 5499 1981 5569 fremuerunt

408 5590 596 5636 metra
628 5582 917 5640 Dominum
961 5588 1318 5653 Salvatorem,
1364 5606 1486 5644 cum
1542 5606 1737 5646 causas
1767 5588 1984 5647 iradun-

408 5673 510 5728 ἀίω
547 5690 654 5731 non
698 5677 1007 5733 traherent?
1054 5677 1247 5733 Inania
1290 5690 1470 5736 autem
1506 5684 1637 5738 dicit
1674 5684 1982 5748 meditatos,

409 5765 536 5834 quia
588 5782 696 5823 non
745 5769 1109 5839 impleverunt
1136 5775 1281 5841 quod
1322 5775 1603 5830 voluerunt
1639 5784 1697 5829 ut
1737 5776 1986 5831 Christus

413 5858 865 5944 exstinguuntur.

2094 2030 2187 2074 aut
2212 2020 2396 2075 buccis
2434 2018 2575 2074 Deus
2607 2018 2851 2084 irrideat,
2892 2025 2985 2072 aut
3036 2030 3171 2072 naso
3206 2016 3499 2073 subsanne:
3534 2033 3549 2081 ;
3591 2017 3692 2071 sed

2093 2131 2155 2170 ea
2182 2114 2262 2168 vis
2285 2112 2595 2184 accipienda
2619 2118 2721 2176 est,
2765 2126 2929 2180 quam
2962 2110 3054 2166 dat
3089 2109 3295 2166 sanctis
3327 2109 3469 2175 suis,
3499 2116 3559 2163 ut
3592 2108 3685 2162 fu-

2097 2215 2214 2260 tura
2242 2214 2547 2268 cernentes,
2582 2203 2633 2257 id
2680 2210 2763 2257 est
2806 2216 3001 2256 nomen
3048 2200 3292 2265 Christi,
3341 2204 3397 2253 et
3436 2196 3693 2255 domina-

2096 2297 2295 2351 tionem
2321 2302 2734 2365 pervagaturam
2774 2292 2827 2346 in
2855 2300 3121 2362 posteros,
3145 2298 3201 2345 et
3232 2291 3524 2346 universas
3555 2305 3688 2362 gen-

2096 2396 2177 2442 tes
2207 2387 2573 2450 obtenturam,
2615 2378 2736 2440 illos
2769 2383 2951 2438 inania
2996 2380 3284 2438 meditatos
3322 2397 3449 2437 esse
3482 2382 3688 2439 intelli-

2093 2487 2241 2552 gant.
2272 2478 2397 2535 Haec
2425 2479 2569 2532 enim
2598 2468 2697 2542 vis,
2725 2492 2828 2549 qua
2858 2474 2957 2531 ista
2988 2476 3240 2545 praescita
3287 2482 3416 2531 'sunt
3438 2518 3452 2541 ,
3505 2477 3691 2531 irrisio

2093 2572 2187 2628 Dei
2211 2580 2314 2639 est,
2344 2582 2401 2628 et
2427 2570 2797 2645 subsannatio.
2828 2569 2994 2625 Ccelos
3023 2576 3203 2624 autem
3226 2569 3439 2624 animas
3468 2580 3692 2626 sanctas

2095 2668 2406 2738 accipimus,
2452 2681 2549 2737 per
2575 2678 2710 2735 quas
2754 2665 2939 2734 utique
2980 2662 3333 2733 pnescientes
3374 2662 3510 2733 quid
3548 2660 3692 2716 lutu-

2096 2776 2214 2815 rum
2239 2760 2332 2826 sit,
2364 2759 2628 2816 deridebit
2656 2759 2800 2813 Deus
2826 2767 2882 2813 et
2909 2752 3281 2813 subsannablt.

2164 2850 2327 2907 Vens.
2369 2851 2423 2906 5.
2469 2882 2540 2891 -—
2569 2850 2714 2905 Tum:
2744 2848 3001 2921 loquetur,
3042 2857 3148 2905 etc.
3190 2849 3339 2904 Iram
3368 2860 3420 2905 et
3456 2844 3690 2920 furorem

2096 2940 2191 3001 Dei
2230 2961 2337 2999 non
2374 2932 2835 3014 perturbationem
2882 2940 2997 3010 ejus
3040 2946 3253 3011 oportet
3294 2942 3560 3013 intelligi;
3598 2936 3692 2998 sed

2095 3039 2221 3102 vim,
2248 3053 2353 3107 qua
2369 3036 2669 3108 justissimc
2691 3035 2927 3090 vindieat
2952 3035 3192 3103 subjecta
3214 3034 3316 3091 sibi
3347 3036 3416 3091 ad
3442 3038 3690 3093 ministe-

2098 3130 2236 3184 riu‘m
2279 3129 2535 3183 universa
2574 3128 2843 3183 creatura.
2886 3122 3206 3198 Quanquam
3243 3129 3419 3200 possit
3465 3131 3551 3183 ira
3598 3131 3692 3184 Dei

2101 3228 2246 3276 recte
2286 3218 2506 3290 intelligi
2550 3220 2713 3275 etiam
2760 3221 2874 3297 ipsa
2921 3221 3118 3275 mentis
3166 3220 3481 3277 obscuratio
3508 3263 3526 3287 ,
3572 3239 3693 3293 qua:

2101 3315 2450 3385 consequitur
2478 3328 2571 3368 eos
2595 3313 2685 3384 qui
2712 3313 2885 3384 legem
2918 3310 3010 3367 Dei
3042 3316 3541 3384 transgrediuntur.
3676 3312 3691 3320 ’

2168 3392 2335 3461 Vens.
2376 3406 2429 3461 6.
2457 3436 2527 3446 ——
2551 3404 2665 3475 Ego
2688 3414 2862 3459 autem
2898 3405 3238 3469 constitutus,
3274 3408 3379 3461 etc.
3411 3402 3548 3460 Sion
3581 3422 3694 3474 spe-

2098 3497 2411 3553 culationem
2440 3496 2659 3568 quidam
2705 3490 3161 3568 interpretantur,
3192 3513 3354 3567 quam
3383 3488 3694 3555 Ecclesium

2098 3580 2355 3646 debemus
2410 3588 2698 3660 accipere,
2749 3588 2839 3645 ubi
2890 3579 3132 3659 quotidie
3186 3590 3418 3650 intentio
3463 3592 3695 3661 erigitur

2097 3676 2436 3752 speculandae
2463 3670 2745 3735 cbarit‘atis
2789 3674 2901 3734 Dei.
2943 3676 3072 3748 Quae
3114 3692 3261 3735 mons
3287 3682 3457 3736 etiam
3491 3683 3693 3737 dicitur

2095 3782 2314 3845 promer
2340 3773 2688 3827 eminentiam
2713 3776 2767 3855 et
2796 3760 3124 3827 ﬁrmitatem.

2168 3882 2331 3943 Vens.
2373 3887 2425 3941 7.
2456 3917 2527 3926 —
2562 3884 2815 3941 Dominus
2850 3887 2983 3940 dixit
3015 3886 3083 3941 ad
3111 3902 3215 3951 me,
3238 3894 3344 3942 etc.
3381 3876 3577 3943 Potest
3604 3888 3690 3946 ille

2096 3977 2211 4033 dies
2239 3977 2291 4033 in
2318 3976 2602 4048 prephetia
2630 3974 2806 4043 dictus
2834 3975 3006 4030 videri
3029 4016 3043 4039 ,
3087 3990 3194 4047 quo
3231 3973 3392 4031 Jesus
3432 3968 3686 4035 Christus

2095 4071 2390 4127 secundum
2433 4054 2707 4124 heminem
2749 4078 2909 4123 natus
2951 4077 3052 4123 est.
3106 4068 3307 4123 Tamen
3349 4069 3481 4139 quia
3534 4070 3689 4124 hodie

2094 4160 2435 4232 praesentiam
2470 4159 2741 4231 signiﬁcat
2762 4199 2777 4223 ,
2809 4168 2971 4231 atque
2996 4150 3055 4214 in
3077 4160 3381 4215 aeternitate
3410 4176 3521 4215 nec
3544 4178 3684 4233 pra:-

2094 4256 2313 4311 teritum
2340 4253 2633 4324 quidquam
2673 4252 2828 4323 quasi
2863 4267 2982 4309 esse
3020 4252 3258 4316 desierit,
3288 4266 3389 4307 nec
3415 4254 3687 4319 futurum,

2092 4342 2248 4415 quasi
2285 4342 2522 4398 nondum
2572 4342 2673 4409 sit,
2706 4351 2884 4413 potest
2909 4334 3070 4397 etiam
3099 4340 3253 4395 hodie
3295 4344 3686 4414 sempitern-ant

2091 4435 2496 4506 generationem
2518 4436 2737 4490 virtutis
2765 4444 2818 4491 et
2855 4434 3134 4505 sapientia:
3168 4432 3284 4501 Dei,
3317 4436 3410 4506 qui
3441 4447 3529 4491 est
3570 4440 3689 4492 uni-

2092 4528 2302 4597 genitus
2327 4527 2513 4594 Filius,
2536 4528 2641 4585 ﬁde
2659 4528 3021 4587 sincerissima
3044 4538 3100 4581 et
3134 4527 3403 4583 catholica
3432 4530 3687 4602 intelligi.

2012 4626 2067 4693 ι)
2162 4618 2325 4673 Vens.
2366 4617 2418 4673 8.
2451 4649 2520 4657 —
2549 4616 2769 4674 Postulo
2799 4637 2830 4673 a
2860 4636 2958 4685 me,
2990 4628 3095 4674 etc.
3140 4616 3212 4673 Ut
3245 4610 3458 4675 scilicet
3500 4633 3690 4692 gentes

2090 4709 2309 4764 nomine
2340 4707 2651 4764 Christiano
2688 4708 3038 4781 ecpulentur,
3078 4720 3133 4767 et
3162 4711 3234 4765 ita
3260 4728 3290 4765 a
3319 4724 3504 4769 morte
3546 4719 3687 4770 redi-

2092 4809 2330 4864 mantur,
2362 4808 2421 4854 ut
2448 4801 2824 4869 possideantur
2849 4817 2878 4854 a
2906 4800 3035 4855 Deo.

2164 4915 2324 4969 Vens.
2377 4914 2430 4967 9.
2485 4944 2556 4953 —
2588 4912 2751 4984 Reges
2776 4930 2863 4968 eos
2887 4916 2941 4968 in
2971 4915 3136 4985 virga,
3164 4924 3267 4971 etc.
3305 4915 3374 4971 In
3396 4917 3547 4989 virga
3576 4920 3685 4988 fer-

2092 5024 2201 5071 rea,
2228 5008 2282 5061 in
2306 5005 2583 5062 inﬂexibili
2608 5007 2841 5078 justitia,
2863 5018 3150 5064 conterens
3173 5010 3227 5064 in
3247 5010 3329 5065 eis
3349 5011 3687 5081 cupiditates

2097 5107 2364 5163 terrenas,
2396 5107 2450 5152 et
2481 5099 2679 5155 veteris
2714 5100 2949 5155 hominis
2976 5100 3234 5155 lutulenta
3260 5102 3500 5171 negotia.

2164 5208 2326 5265 Vens.
2371 5210 2456 5265 10.
2501 5238 2567 5251 --
2597 5210 2662 5264 Et
2690 5229 2848 5275 nunc,
2884 5229 3046 5283 reges,
3077 5223 3186 5269 etc.
3216 5212 3279 5267 Et
3306 5230 3468 5279 me,
3498 5216 3555 5271 id
3598 5228 3687 5272 est

2086 5300 2201 5370 jam
2224 5300 2461 5355 innovati
2487 5318 2501 5354 :
2526 5300 2801 5370 spiritales
2827 5303 2970 5357 enim
2994 5304 3387 5374 Signiticautur,
3416 5307 3512 5375 qui
3530 5308 3686 5376 judi-

2090 5403 2208 5447 cant
2240 5403 2435 5446 terram
2455 5410 2473 5447 :
2502 5393 2729 5449 inferius
2756 5396 2900 5449 enim
2938 5396 3094 5451 nobis
3126 5406 3210 5452 est
3237 5399 3501 5468 quidquid
3536 5400 3682 5467 judi-

2090 5499 2310 5538 camus:
2339 5484 2600 5554 quidquid
2626 5501 2755 5541 vero
2777 5486 2914 5541 infra
2946 5488 3241 5557 spiritalem
3268 5490 3550 5546 hominem
3568 5506 3675 5554 est,

2088 5573 2280 5627 merito
2309 5583 2447 5626 terra
2473 5575 2798 5630 nominatur.

2162 5686 2323 5740 Vens.
2368 5689 2453 5741 ll.
2478 5719 2546 5730 —-
2579 5687 2778 5745 Servite
2806 5691 3028 5746 Domino
3052 5735 3066 5758 ,
3096 5701 3202 5749 etc.
3231 5693 3448 5764 Optime
3486 5696 3675 5766 subje-

2088 5783 2230 5828 etum
2261 5786 2360 5839 est,
2391 5778 2663 5843 easultate,
2696 5796 2761 5835 ne
2782 5783 2845 5833 ad
2876 5784 3146 5836 miseriam
3172 5784 3354 5840 valere
3375 5786 3665 5844 videretur.

2090 5868 2231 5933 quod
2258 5866 2457 5922 dictum
2486 5881 2587 5933 est,
2613 5873 2810 5925 seruile.
2844 5872 2948 5928 Sed
2977 5889 3165 5930 rursus
3191 5888 3259 5931 ne
3289 5877 3521 5949 idipsum
3543 5890 3661 5931 ver-
