3948 6314
192 464 292 518 757

1260 463 1503 521 EXPOS.
1546 463 1613 519 IN
1658 461 1748 518 ΧΧ
1790 460 2045 517 PRIMOS
2085 454 2417 516 PSALMOS.

3350 459 3449 517 758

186 589 336 650 geret
382 579 436 634 in
482 576 795 633 effusionem
837 577 1176 643 temeritatis,
1211 579 1451 634 additum
1495 590 1596 645 est,
1644 595 1762 633 cum
1790 579 1842 638 Α
1865 576 2026 633 simul
2049 575 2313 640 Ecclesia,
2338 585 2389 630 et
2411 586 2573 645 caput
2595 575 2712 646 ejus
2737 579 2880 630 inter
2902 574 3168 645 procellas
3189 589 3448 645 persecu-

184 682 429 737 tremore,
457 678 517 725 ut
542 669 610 725 ad
638 671 942 733 cautionem
964 671 1410 741 circumspcctam
1437 671 1660 726 valeret.

255 762 420 821 Vens.
442 763 615 819 i2.—
636 763 1016 835 Apprehendite
1035 763 1366 832 disciplinam
1384 802 1401 829 ,
1429 772 1534 817 etc.
1562 761 1767 817 Intelli-

183 872 335 929 gere.
360 864 417 912 et
435 856 659 919 erudiri,
688 856 791 910 hoc
814 862 897 910 est
916 853 1303 927 apprehendere
1330 853 1681 922 disciplinam.
1706 850 1764 909 In

182 963 249 1003 eo
276 957 482 1013 autem,
503 945 648 1016 quod
673 946 893 1011 dicitur,
917 943 1303 1014 apprehendite,
1337 942 1470 998 satis
1500 942 1767 1012 signiﬁca-

183 1049 270 1094 tur
304 1038 616 1108 prtesidium
664 1038 932 1106 quoddam
989 1045 1150 1105 atque
1194 1034 1587 1089 munimentum
1645 1049 1766 1090 esse

182 1130 442 1186 adversus
469 1129 650 1185 omnia
680 1144 800 1199 quae
826 1127 1018 1184 obesse
1042 1133 1285 1198 possent,
1312 1123 1417 1180 nisi
1446 1132 1764 1180 tanta'cura

181 1218 702 1290 apprehenderetur.
745 1215 931 1273 Perire
972 1231 1104 1271 vero
1146 1215 1210 1269 de
1251 1215 1332 1269 via
1379 1214 1526 1283 iusta
1570 1228 1762 1286 magna

177 1326 340 1380 ptena
369 1318 474 1376 est,
498 1325 616 1378 qua:
638 1310 706 1364 ab
730 1309 816 1364 his
850 1308 1173 1363 formidatur
1210 1307 1305 1377 qui
1344 1305 1545 1376 aliquid
1578 1306 1761 1363 dulce-

181 1401 324 1457 dinis
339 1401 564 1470 justitite
587 1409 962 1472 perceperunt.

252 1491 414 1551 Vens.
435 1494 521 1549 15.
550 1524 619 1536 -
638 1493 770 1549 Cum
793 1496 1047 1549 exarserit
1066 1496 1123 1549 in
1147 1494 1304 1558 brevi,
1327 1503 1432 1549 etc.
1454 1492 1511 1549 Id
1534 1501 1618 1549 est
1637 1509 1762 1549 cum

177 1585 414 1641 vindicta
439 1586 680 1654 venerit,
713 1601 832 1657 quae
860 1587 1039 1657 impiis
1072 1594 1129 1641 et
1152 1587 1527 1657 peccatoribus
1562 1601 1763 1656 [Πτερελ-

177 1687 352 1743 ratur,
386 1694 493 1735 non
515 1679 689 1735 solum
723 1694 817 1735 eos
854 1695 961 1735 non
999 1679 1230 1751 attinget
1262 1677 1353 1748 qui
1401 1676 1671 1745 conﬁdunt
1707 1678 1763 1733 in

177 1769 434 1835 Domino,
480 1770 575 1826 sed
618 1770 784 1827 etiam
821 1769 885 1825 ad
918 1770 1307 1826 beatitudinem
1348 1768 1451 1824 illis
1474 1766 1759 1838 proﬁciet,

176 1861 270 1915 ubi
304 1868 387 1916 est
414 1862 679 1918 bonorum
716 1864 954 1918 omnium
984 1878 1192 1917 summa
1228 1870 1284 1915 et
1314 1858 1579 1916 cumulus.
1608 1856 1777 1926 Quod

1869 670 2074 724 tinuum
2109 668 2403 724 constituta
2446 684 2544 740 per
2568 669 2878 723 universum
2906 670 3091 724 orbem
3132 677 3399 724 terrarum
3430 686 3443 723 :

1865 761 2106 825 Domine,
2137 760 2263 832 quid
2290 760 2619 831 multiplicati
2650 772 2794 827 sunt,
2827 769 2962 827 etc.,
2998 760 3233 816 exaltato
3272 761 3449 831 capite

1865 868 1983 918 suo,
2018 855 2111 923 qui
2142 853 2535 924 primogenitus
2570 869 2600 907 a
2626 854 2855 909 mortuis
2881 854 3124 909 ascendit
3143 854 3199 908 in
3226 852 3444 908 ctelum.

1933 943 2098 1000 Vens.
2130 945 2181 999 5.
2213 976 2283 985 -—
2316 943 2453 999 Voce
2480 961 2597 999 mea
2625 944 2693 998 ad
2719 943 3036 1009 Dominum,
3063 954 3169 1000 etc.
3188 943 3306 999 Non
3331 960 3450 1000 cor-

1862 1037 2010 1109 poris
2034 1044 2165 1092 voce
2183 1079 2197 1101 ,
2223 1050 2343 1107 qua:
2364 1051 2486 1091 cum
2510 1037 2738 1106 strepitu
2767 1037 3035 1092 verberati
3069 1036 3212 1094 aeris
3238 1036 3445 1107 promi-

1864 1137 1969 1194 tur,
2022 1130 2115 1183 sed
2166 1144 2299 1184 voce
2349 1127 2555 1191 cordis,
2606 1142 2727 1198 qua:
2780 1128 3088 1183 hominibus
3133 1128 3286 1193 silet,
3335 1129 3448 1183 Deo

1863 1225 2043 1272 autem
2079 1218 2225 1272 sicut
2250 1216 2457 1272 clamor
2485 1225 2676 1284 sonat,
2712 1233 2837 1273 cum
2884 1220 2996 1275 sola
3048 1221 3225 1275 anima
3247 1261 3261 1285 ,
3310 1219 3447 1277 nihil

1862 1311 2067 1368 carnis
2090 1312 2337 1380 nihilque
2365 1311 2663 1366 carnalium
2712 1312 3073 1368 intentionum
3112 1313 3166 1367 in
3198 1314 3449 1369 oratione

1863 1404 2160 1467 attrahens,
2192 1404 2430 1474 loquitur
2458 1404 2704 1467 Domino,
2732 1404 2822 1459 ubi
2861 1404 3010 1460 solus
3033 1405 3200 1462 audit.
3227 1404 3449 1462 Clamor

1864 1510 2045 1556 autem
2077 1502 2243 1555 etiam
2273 1501 2378 1557 iste
2417 1501 2613 1555 dicitur
2648 1508 2871 1572 propter
2904 1500 3018 1554 vim
3062 1498 3229 1569 ipsius
3273 1499 3449 1553 inten-

1865 1594 2047 1648 tionis.
2925 1627 2939 1640 .

1932 1684 2009 1739 De
2030 1693 2213 1738 monte
2230 1698 2360 1738 vero
2396 1683 2612 1739 Patrem
2641 1681 2925 1739 exaudisse
2970 1680 3122 1745 dicit,
3154 1680 3207 1734 id
3243 1686 3349 1745 est,
3378 1678 3446 1734 de

1859 1777 2066 1847 iustitia
2097 1792 2215 1832 sua.
2245 1774 2457 1831 iustum
2489 1776 2634 1831 enim
2669 1782 2791 1830 erat
2818 1783 2880 1828 ut
2927 1773 3269 1828 innocentem
3304 1770 3449 1827 occi-

1863 1889 2003 1937 sum,
2034 1880 2087 1928 et
2121 1872 2207 1927 cui
2238 1871 2503 1927 retributa
2537 1877 2664 1925 sunt
2698 1868 2839 1924 mala
2869 1882 2966 1938 pro
2993 1867 3148 1922 bonis
3170 1906 3185 1932 ,
3218 1864 3449 1946 resusci-

176 1961 358 2007 autem
396 1953 633 2023 positum
673 1965 794 2009 est:
833 1956 890 2008 in
918 1955 1095 2020 brevi,
1135 1954 1237 2008 hoc
1266 1950 1574 2023 signiﬁcare
1612 1950 1756 2005 arbi-

1872 1970 2005 2018 laret
2026 1980 2057 2017 a
2084 1963 2333 2028 mortuis,
2351 1970 2405 2016 et
2427 1948 2588 2032 digna
2607 1960 3056 2031 persequentibus
3083 1942 3441 2012 retribue‘ret:

175 2051 313 2112 tror,
336 2047 462 2116 quia
485 2048 824 2117 repentinum
847 2047 1049 2118 aliquid
1071 2046 1201 2111 erit,
1221 2061 1343 2101 cum
1366 2045 1469 2100 hoc
1489 2054 1751 2100 remotum

174 2148 231 2196 et
254 2140 411 2212 longe
434 2139 671 2196 futurum
694 2148 1007 2211 peccatores
1034 2138 1365 2195 existiment.

682 2294 751 2350 IN
786 2291 1118 2350 PSALMUM
1154 2292 1240 2348 III.

248 2406 409 2462 Vens.
447 2407 497 2461 i.
521 2436 593 2447 —
622 2404 867 2462 Psalmus
914 2404 1111 2469 David,
1157 2419 1274 2457 cum
1324 2401 1524 2473 fugeret
1559 2420 1591 2456 a
1621 2402 1758 2472 facie

170 2500 272 2568 ﬁlii
291 2501 374 2555 sui
391 2499 658 2554 Absalom.

247 2592 435 2657 David,
461 2590 553 2660 qui
577 2592 963 2660 interpretatur
990 2604 1151 2643 manu
1170 2585 1320 2657 fortis
1350 2586 1465 2641 sive
1491 2586 1754 2640 desidera~

171 2683 313 2750 bilis,
335 2682 603 2754 signiﬁcat
630 2681 919 2736 Dominum
961 2687 1205 2735 nostrum
1230 2676 1413 2735 Jesum
1440 2677 1715 2732 Christum
1738 2719 1752 2743 ,

171 2776 324 2846 cujus
361 2789 464 2829 vox
506 2776 560 2828 in
602 2774 705 2828 hoc
739 2772 947 2842 psaMo
984 2770 1347 2827 introducitur
1379 2768 1648 2838 loquentis
1690 2770 1762 2823 de

168 2870 421 2940 passione
444 2876 499 2923 et
525 2868 923 2924 resurrectione
954 2882 1072 2921 sua.
1104 2865 1351 2920 Absalom
1388 2874 1565 2918 autem
1591 2864 1757 2933 signi-

171 2960 296 3015 ﬁcat
317 2958 509 3014 Judam
535 2960 888 3031 proditorem,
914 2959 1027 3013 sive
1052 2958 1304 3029 populum
1329 2956 1751 3029 persecutorem.

168 3052 305 3107 Nam
339 3060 395 3106 et
422 3049 587 3106 Judas
629 3050 802 3105 adhuc
846 3050 987 3104 inter
1027 3049 1299 3120 apostolos
1338 3058 1496 3114 erat,
1539 3048 1754 3117 quando

165 3142 433 3197 Dominus
477 3140 611 3195 dixit
646 3158 658 3194 :
712 3139 836 3195 Non
879 3150 1090 3211 possunt
1132 3139 1232 3208 ﬁlii
1276 3139 1449 3209 sponsi
1466 3139 1752 3207 jejunare,

164 3232 406 3304 quandiu
432 3239 549 3286 cum
576 3229 680 3285 illis
702 3240 777 3285 est
805 3244 1042 3300 sponsus.
1076 3227 1145 3283 Et
1169 3228 1235 3283 de
1266 3226 1460 3298 populo
1488 3241 1584 3295 per
1609 3225 1755 3296 Moy-

168 3344 265 3385 sen
301 3329 472 3384 dicit:
514 3325 689 3381 Filius
726 3326 1100 3398 primogenitus
1140 3326 1277 3378 inter
1312 3322 1504 3377 Israel.
1544 3323 1758 3377 Veritas
1785 3306 1831 3370 C

169 3436 300 3491 ergo
334 3418 474 3491 fugit
498 3427 734 3475 mentem
780 3410 964 3483 Judaz,
1002 3416 1087 3472 vel
1129 3414 1493 3487 persecutoris
1538 3413 1717 3484 p0puli
1741 3454 1757 3479 ,

169 3528 294 3583 cuni
328 3526 424 3567 eos
443 3509 717 3565 illustrare
741 3526 847 3564 non
871 3508 1093 3564 destitit.
1118 3507 1216 3562 Vel
1242 3508 1381 3562 sicut
1406 3504 1757 3573 Evangelium

168 3611 357 3659 narrat
385 3620 398 3656 :
428 3601 557 3656 ch
588 3601 793 3656 locutus
827 3609 904 3656 est
933 3599 1121 3665 Jesus,
1144 3608 1193 3652 et
1228 3599 1386 3662 abiit,
1410 3608 1458 3652 et
1488 3595 1759 3651 abscondit

168 3714 222 3752 se
245 3696 309 3750 ab
333 3696 427 3751 eis.
452 3694 604 3763 Quod
637 3703 817 3749 autem
852 3690 1104 3746 Absalom
1144 3688 1320 3746 Patris
1356 3706 1459 3760 pax
1500 3688 1759 3757 interpre-

168 3796 337 3852 tatur,
372 3784 511 3842 bene
560 3785 875 3855 intelligitur
916 3799 1105 3855 pacem
1142 3780 1417 3837 Christum
1447 3779 1759 3835 exhibuisse

168 3879 421 3935 traditori
444 3894 564 3943 suo,
586 3878 834 3948 quamvis
856 3874 942 3931 ille
976 3884 1081 3931 tam
1111 3875 1389 3931 sceleratae
1416 3875 1758 3946 mgitationis

168 3972 388 4028 interno
411 3969 553 4025 bello
584 3977 887 4025 vastaretur
914 3987 925 4022 :
954 3976 1010 4024 et
1044 3967 1242 4037 populo
1274 3967 1608 4036 persecutori
1646 3974 1757 4019 tam

167 4063 415 4135 placatus
436 4061 662 4124 exstitit,
682 4069 741 4115 ut
763 4075 861 4130 pro
887 4059 989 4114 illis
1019 4059 1233 4114 Patrem
1258 4066 1511 4114 eaoraret
1532 4058 1753 4113 dicens:

170 4151 356 4218 Pater,
373 4154 581 4223 ignosce
599 4151 728 4217 illis,
758 4167 862 4205 non
888 4151 1025 4205 enim
1057 4149 1223 4204 sciunt
1247 4150 1372 4220 quid
1396 4148 1615 4219 faciunt.

246 4245 409 4299 Vens.
444 4243 499 4298 2.
527 4234 878 4307 ἔ-Βοηιὶηε,
922 4241 1048 4313 quid
1091 4240 1422 4311 multiplicati
1463 4249 1606 4306 sunt,
1649 4248 1752 4294 etc.

170 4338 309 4393 Tam
338 4336 545 4394 scilicet
575 4335 907 4407 multiplicati
937 4345 1087 4401 sunt,
1131 4341 1188 4387 ut
1230 4332 1393 4389 etiam
1424 4332 1490 4387 de
1532 4346 1758 4386 numero

170 4430 562 4503 discipulorum
603 4445 707 4484 nou
742 4427 1011 4493 defuerit,
1060 4428 1151 4497 qui
1196 4439 1423 4481 numero
1466 4424 1759 4480 accesserit

167 4523 634 4597 persequentium.

248 4616 418 4672 Vens.
473 4615 526 4669 '5.
578 4645 647 4654 ——
674 4612 832 4667 Multi
877 4606 1095 4677 dicunt,
1132 4621 1236 4668 etc.
1285 4610 1629 4668 Manifestum
1676 4619 1759 4667 est

1857 2055 2109 2125 Legimus
2136 2055 2279 2109 enim
2314 2074 2325 2107 :
2358 2053 2579 2107 Iustitia
2605 2063 2695 2107 tua
2720 2052 2854 2106 sicut
2881 2059 3079 2104 montes
3110 2048 3226 2102 Dei.
3262 2046 3368 2103 Sed
3393 2062 3450 2120 et
3532 2114 3543 2130 χ

1855 2147 2099 2203 Ecclesia
2127 2146 2417 2202 exauditur
2441 2145 2506 2199 de
2528 2145 2648 2214 ipso
2669 2151 2870 2208 monte,
2910 2140 3054 2212 quod
3082 2140 3251 2194 etiam
3277 2148 3443 2209 caput

1856 2236 1973 2307 ejus
1994 2246 2112 2303 est,
2145 2239 2211 2293 de
2236 2252 2344 2307 quo
2379 2235 2650 2304 Propheta
2685 2232 2816 2288 dicit
2849 2251 2861 2285 :
2905 2230 3020 2284 Erit
3070 2245 3218 2283 mons
3255 2228 3444 2282 domus

1856 2327 2069 2382 Domini
2096 2335 2425 2397 prteparatus
2448 2326 2504 2379 in
2531 2324 2716 2378 vertice
2748 2322 3021 2377 montium.

1928 2420 2094 2477 Vens.
2117 2418 2171 2473 6.
2211 2448 2282 2458 -
2316 2415 2430 2486 Ego
2458 2416 2702 2481 dormivi,
2726 2424 2831 2469 etc.
2860 2412 2976 2468 Non
3008 2410 3450 2467 inconvenienter

1858 2511 2215 2567 animadverti
2247 2519 2435 2579 potest
2470 2525 2562 2579 ego
2588 2549 2601 2572 ,
2634 2508 2699 2560 ad
2730 2505 3139 2578 signiﬁcandum
3172 2503 3313 2573 quod
3350 2516 3447 2558 sua

1857 2605 2137 2660 voluntate
2158 2610 2387 2657 mortem
2408 2600 2662 2655 sustinuit
2691 2600 2987 2653 secundum
3015 2596 3139 2651 illud
3160 2615 3173 2649 :
3198 2592 3449 2664 Propter-

1858 2712 1919 2749 ea
1941 2711 2020 2748 me
2042 2693 2207 2747 Pater
2227 2694 2397 2764 diligit
2420 2733 2436 2759 ,
2463 2692 2711 2762 quoniam
2738 2707 2831 2760 ego
2850 2707 2987 2761 pono
3009 2690 3238 2743 animum
3255 2704 3441 2747 meam,

1858 2796 1905 2840 et
1957 2786 2144 2839 iterum
2193 2800 2397 2837 sumam
2446 2796 2603 2837 eam:
2636 2797 2782 2836 nemo
2823 2779 2965 2834 tollet
3003 2795 3117 2834 eam
3156 2796 3187 2832 a
3226 2780 3442 2848 meipso.

1859 2879 2002 2933 Bene
2030 2885 2209 2931 autem
2234 2876 2525 2945 accipitur:
2550 2873 2661 2945 Ego
2681 2873 2902 2927 dormivi
2926 2882 2974 2927 et
3000 2879 3274 2941 soporatus
3295 2884 3409 2925 sum
3426 2886 3444 2923 :

1858 2985 1959 3039 ego
2015 2986 2098 3025 me
2127 2969 2366 3039 passioni
2412 2968 2675 3039 permisi,
2720 2976 2773 3021 et
2815 2981 2960 3021 mors
3008 2974 3297 3021 consecuta
3338 2973 3442 3019 est.

1859 3064 2115 3120 Ecclesim
2154 3078 2367 3133 quoque
2407 3061 2602 3133 populo
2638 3061 2834 3116 dicitur
2862 3074 2877 3114 :
2905 3059 3073 3131 Surge
3100 3061 3189 3131 qui
3220 3060 3443 3131 dormis,

1860 3167 1907 3211 et
1950 3170 2168 3224 exsurge
2198 3172 2229 3208 a
2259 3154 2476 3208 mortuis
2496 3193 2510 3217 ,
2540 3162 2585 3205 et
2616 3153 2873 3221 continget
2906 3161 2953 3204 te
2980 3148 3220 3204 Christus
3240 3190 3254 3213 ,
3305 3165 3443 3219 quo-

1863 3250 2008 3303 niam
2058 3249 2125 3304 de
2174 3247 2549 3317 peccatoribus
2596 3252 2902 3313 assumptus
2936 3251 3037 3297 est.
3094 3241 3216 3296 Non
3257 3245 3445 3297 timebo

1864 3340 2054 3405 millia,
2083 3348 2188 3394 etc.
2224 3336 2340 3391 Non
2366 3334 2690 3399 dormienti,
2717 3351 2825 3387 non
2848 3332 3049 3404 jacenti
3082 3332 3192 3387 Deo
3219 3332 3440 3395 dicitur,

1862 3444 2114 3500 exsurge:
2140 3429 2231 3483 sed
2258 3427 2425 3482 moris
2454 3426 2756 3480 divinarum
2778 3422 3187 3495 Scripturarum
3210 3431 3295 3479 est
3316 3440 3437 3493 per-

1861 3536 2008 3576 some
2041 3519 2133 3573 Dei
2166 3517 2417 3580 tribuere,
2451 3516 2593 3586 quod
2621 3515 2674 3569 in
2704 3515 2861 3570 nobis
2889 3512 3049 3581 facit,
3086 3530 3191 3568 non
3222 3514 3438 3583 quidem

1862 3612 2082 3680 ubique,
2113 3608 2206 3663 sed
2243 3608 2331 3662 ubi
2359 3613 2719 3677 congruenter
2746 3602 2849 3659 dici
2877 3611 3054 3676 potest
3086 3618 3102 3657 :
3129 3603 3298 3660 velut
3327 3604 3441 3674 ipse

1860 3705 2006 3777 loqui
2042 3704 2282 3769 dicatur,
2327 3701 2541 3772 quando
2585 3699 2702 3769 ejus
2745 3696 2885 3754 dono
2918 3698 3213 3769 loquuntur
3240 3700 3443 3769 quique

1859 3797 2033 3852 nuntii
2056 3795 2319 3851 veritatis.
2798 3792 2817 3811 ’

1933 3888 2097 3943 Vens.
2134 3886 2186 3940 7.
2212 3914 2282 3925 —
2315 3882 2576 3949 Quoniam
2603 3872 2681 3936 tu
2728 3883 3030 3954 percussisti
3080 3898 3283 3946 omnes,
3335 3891 3441 3936 etc.

1860 3980 2107 4036 Contrita
2132 3986 2275 4042 sunt,
2303 3976 2461 4030 idest
2493 3976 2545 4029 in
2572 3974 2783 4029 irritum
2811 3975 3088 4043 perducta,
3120 3975 3283 4028 verba
3318 3988 3443 4043 pec-

1860 4083 2104 4127 catorum
2130 4067 2542 4124 dilacerantium
2571 4076 2625 4121 et
2648 4062 3292 4119 maledicentiumFilium
3321 4065 3436 4117 Dei.

1860 4161 2094 4216 Possunt
2121 4168 2176 4212 et
2202 4157 2378 4210 dentes
2409 4166 2740 4226 peccatorum
2779 4154 2951 4223 accipi
2994 4153 3264 4223 principes
3310 4167 3438 4221 pec-

1861 4260 2140 4315 catorum,
2177 4260 2407 4318 quorum
2451 4246 2773 4301 auctoritate
2806 4246 3035 4316 quisque
3076 4248 3143 4299 de
3184 4244 3441 4299 societate

1863 4355 2011 4402 recte
2040 4343 2336 4399 viventium
2362 4340 2472 4411 jam
2506 4340 2839 4412 praeciditur,
2866 4348 2920 4396 et
2949 4340 3103 4410 quasi
3133 4338 3442 4407 incorpora-

1864 4452 1952 4497 tur
1981 4439 2120 4496 male
2145 4436 2470 4493 viventibus.
2762 4487 2767 4491 .

1935 4526 2098 4586 Vens.
2127 4528 2179 4585 8.
2205 4559 2275 4568 —
2296 4527 2507 4581 Domini
2532 4537 2604 4581 est
2630 4526 2793 4591 salus,
2820 4532 2925 4581 etc.
2948 4523 3117 4580 Nemo
3136 4534 3269 4592 ergo
3292 4522 3359 4576 de
3382 4537 3441 4577 se

1850 4631 2185 4696 Ipraesumat,
2231 4622 2485 4691 quoniam
2527 4620 2739 4675 Domini
2786 4630 2870 4674 est
2918 4619 3097 4674 salvos
3140 4616 3320 4672 facere
3373 4616 3440 4673 de

170 4706 320 4779 quod
349 4706 452 4762 nisi
476 4707 830 4776 desperarent
851 4713 1301 4769 resurrecturum,
1328 4720 1433 4760 non
1459 4706 1646 4775 utique
1669 4720 1760 4761 oc-
1786 4703 1838 4763 D
1865 4723 2040 4770 morte
2063 4713 2291 4784 peccati.
2341 4712 2418 4766 Tu
2445 4720 2644 4775 autem,
2671 4711 2917 4775 Domine,
2941 4707 3167 4765 benedic
3188 4707 3439 4778 populum

171 4801 441 4858 ciderent.
483 4799 626 4871 Ergo
670 4813 770 4854 nec
812 4796 976 4852 Judas
1014 4812 1139 4852 eum
1182 4796 1517 4862 tradidisset,
1548 4797 1651 4852 nisi
1693 4813 1755 4853 ex

172 4906 367 4946 eorum
401 4899 545 4945 esset
573 4900 799 4943 numero
820 4887 910 4957 qui
949 4888 1221 4942 Christum
1250 4894 1658 4942 contemnerent
1680 4887 1761 4942 di-

173 4992 366 5041 centes
402 5002 412 5037 :
449 4978 573 5038 Non
610 4992 683 5037 est
725 4981 869 5037 salus
907 4982 1005 5052 ipsi
1040 4982 1092 5035 in
1132 4980 1240 5035 Deo
1269 4974 1407 5049 ejus.‘

251 5072 418 5127 Vens.
442 5070 677 5127 4.—-—-Tu
700 5082 893 5137 autem,
920 5071 1160 5133 Domine,
1191 5081 1476 5139 susceptor,
1507 5077 1611 5122 etc.
1638 5065 1766 5123 Glo-

176 5164 316 5219 riam
374 5177 526 5218 suam
572 5163 857 5217 Dominum
899 5161 1029 5216 dicit
1083 5163 1243 5215 etiam
1295 5159 1416 5224 ille,
1466 5173 1624 5227 quem
1682 5158 1761 5213 sic

177 5255 421 5325 suscepit
451 5254 543 5310 Dei
590 5256 844 5321 verbum,
880 5262 938 5309 ut
975 5253 1135 5309 simul
1163 5268 1286 5307 cum
1317 5267 1381 5307 eo
1420 5253 1560 5307 Deus
1588 5252 1759 5307 ﬁeret.

177 5344 353 5415 Caput
379 5354 558 5400 autem
593 5354 827 5401 mentem
854 5347 1025 5416 ipsam
1054 5346 1345 5399 humanam
1383 5345 1472 5399 hic
1498 5345 1765 5413 accipien-

182 5442 311 5495 dam
336 5448 497 5510 pulo,
524 5452 642 5509 qua!
668 5440 744 5493 ita
776 5439 1017 5501 adhaesit,
1059 5446 1115 5493 et
1141 5436 1539 5507 quodammodo
1567 5436 1766 5491 coaluit

181 5534 465 5590 excellenti
493 5533 959 5603 supereminentiae
986 5530 1145 5586 Verbi
1172 5531 1440 5585 hominem
1467 5529 1765 5598 suscipien-

182 5627 278 5694 tis,
306 5637 366 5681 ut
390 5628 444 5680 in
469 5634 617 5680 tanta
639 5625 906 5695 passionis
936 5624 1234 5679 humilitate
1256 5636 1362 5677 non
1384 5621 1763 5691 deponeretur.

199 5744 214 5763 ο
256 5718 489 5775 Possunt
511 5720 625 5773 haec
645 5728 698 5771 et
719 5733 785 5771 ex
807 5733 1034 5786 persona
1059 5716 1314 5771 Ecclesiae
1337 5714 1530 5784 accipi.
1555 5713 1688 5767 Nam
1716 5714 1773 5768 in

187 5810 279 5866 illo
304 5808 524 5865 homihe
561 5819 615 5865 et
655 5808 896 5863 Ecclesia
926 5816 1174 5877 suscepta
1216 5815 1299 5862 est
1335 5821 1365 5859 a
1393 5805 1592 5869 Verbo,
1628 5805 1771 5873 quod

189 5917 318 5960 caro
345 5899 544 5956 factum
573 5910 673 5964 est,
702 5908 755 5954 et
778 5900 1041 5953 habitavit
1068 5900 1121 5952 in
1142 5898 1315 5954 nobis.
1345 5897 1620 5967 Loquatur
1646 5911 1773 5964 ergo

1865 4817 2014 4861 tuum
2037 4807 2101 4862 de
2130 4814 2184 4861 te
2212 4803 2436 4861 salutem
2461 4811 2783 4873 sperantem.

2377 4956 2445 5012 IN
2478 4954 2808 5013 PSALMUM
2841 4954 2930 5010 IV.

1942 5077 2103 5131 Vens.
2151 5073 2205 5128 2.
2233 5103 2302 5113 —
2339 5069 2473 5127 Cum
2519 5072 2813 5125 invocarem
2861 5068 3123 5123 exaudivit
3165 5084 3280 5133 me,
3333 5078 3441 5122 etc.

1868 5167 2009 5221 Deus
2031 5166 2256 5235 justitiaz
2276 5180 2437 5227 mete,
2470 5178 2499 5216 a
2528 5177 2636 5231 quo
2659 5169 2741 5216 est
2768 5159 2975 5229 iustitia
3011 5174 3156 5225 mea,
3183 5160 3252 5213 ab
3278 5174 3444 5228 angu-

1869 5261 1989 5315 stiis
2014 5259 2248 5314 tristitim
2278 5258 2331 5312 in
2363 5256 2705 5311 latitudinem
2728 5254 3046 5325 gaudiorum
3077 5266 3164 5307 me
3192 5249 3392 5307 duxisti
3430 5268 3441 5303 :

1873 5348 2165 5402 Tribulatio
2178 5347 2312 5401 enim
2337 5357 2382 5400 et
2407 5345 2650 5415 angustia
2672 5345 2726 5397 in
2747 5359 2952 5398 omnem
2972 5345 3203 5397 animum
3220 5342 3445 5395 hominis

1871 5441 2130 5510 operantis
2167 5438 2383 5492 malum.
2417 5438 2517 5505 Qui
2539 5446 2720 5495 autem
2748 5436 2882 5491 dicit
2907 5451 2922 5489 :
2947 5431 3247 5490 Gaudemus
3276 5433 3330 5487 in
3351 5432 3444 5484 tri-

1873 5528 2256 5591 bulationibus,
2299 5528 2517 5580 scientes
2553 5529 2800 5596 quoniam
2830 5520 3100 5579 tribulatio
3137 5522 3442 5591 patientiam

1873 5615 2136 5691 operatur,
2162 5620 2418 5688 patientia
2440 5627 2613 5671 autem
2640 5618 3031 5688 probationem,
3055 5613 3290 5683 probatio
3328 5627 3447 5664 vero

1873 5728 2044 5781 spem,
2087 5727 2201 5779 spes
2242 5718 2414 5763 autem
2456 5727 2557 5764 non
2597 5709 2903 5776 confundit;
2939 5708 3061 5777 quia
3091 5703 3318 5757 cliaritas
3352 5702 3446 5756 Det

1875 5804 2069 5871 di/fusa
2092 5812 2165 5855 est
2197 5803 2251 5854 in
2274 5802 2517 5854 cordibus
2546 5802 2734 5856 nostris
2766 5816 2857 5870 per
2894 5796 3148 5866 Spiritum
3171 5801 3411 5847 sanctum
3432 5832 3447 5858 ,

1875 5896 1963 5965 qui
2005 5894 2160 5948 datus
2202 5904 2274 5948 est
2321 5893 2497 5959 nobis,
2544 5908 2650 5948 non
2701 5891 2861 5947 habet
2905 5889 3085 5944 cordis
3132 5885 3447 5959 angustias.
