3948 6314
473 355 575 410 759

971 347 1359 404 WALAFRIDI
1400 345 1646 402 STRABI
1683 343 1891 402 FULD.
1933 342 2101 400 MON.
2141 338 2293 397 OPP.
2334 341 2515 396 PARS
2555 341 2595 395 l.
2636 369 2705 380 -
2743 337 3202 396 THEOLOGICA.

3633 342 3737 397 760

470 470 718 545 quauwis
757 467 1096 524 extrinsecus
1136 480 1166 518 a
1219 461 1668 535 persequentibus
1723 461 2053 531 ingerantur.
2083 457 2141 520 Α
2163 454 2298 512 foris
2324 458 2615 526 quaerenda
2643 464 2728 512 est
2757 454 2972 522 laetitia,
3005 454 3102 511 sed
3137 454 3304 521 intus,
3345 454 3437 510 ubi
3474 454 3742 527 signatum

475 565 587 620 Vox
625 571 809 617 autem
830 561 934 616 ista
955 566 1050 614 aut
1089 556 1327 612 Domini.
1344 553 1471 610 Jesu
1499 552 1701 610 Christi
1725 559 1810 609 est
1828 560 1953 623 post
1973 565 2059 605 re-

470 655 863 714 surrectionem
893 666 1048 708 suam
1076 667 1090 704 :
1120 655 1212 704 aut
1240 646 1496 703 Ecclesiae
1525 644 1817 710 credentis,
1854 651 1910 698 et
1931 655 2056 712 spe-

469 751 641 806 rantis
671 750 729 806 in
761 762 828 802 eo
861 765 876 802 :
908 744 1158 800 Miserere
1187 742 1290 797 mei
1309 751 1357 796 et
1377 739 1602 805 exaudi,
1625 747 1732 794 etc.
1759 736 1856 792 Pia
1883 742 2058 790 mater

469 843 583 912 sibi
608 839 978 897 miserandum
1003 851 1122 892 esse
1145 835 1293 901 dicit,
1320 835 1364 889 si
1386 848 1484 903 pro
1510 831 1634 888 ﬁliis
1662 830 1779 900 ejus
1804 830 2057 884 audiatur

468 935 679 1001 oratio,
727 931 986 1001 quoniam
1030 927 1288 999 quidquid
1328 924 1588 980 membris
1633 922 1912 987 tribuitur,
1956 919 2056 977 toti

469 1026 682 1096 corpori
711 1026 830 1081 sine
855 1023 1190 1105 dubitatione
1213 1026 1522 1103 praestatur.

538 1138 703 1193 Vens.
747 1137 802 1191 5.
839 1165 911 1176 —
948 1132 1079 1188 Filii
1115 1132 1406 1195 hominum,
1439 1136 1545 1184 etc.
1575 1125 1779 1182 Saltem
1813 1141 1975 1196 usque
1997 1124 2055 1178 in

467 1233 757 1286 adventum
779 1226 904 1282 Filii
927 1225 1026 1280 Dei
1046 1228 1230 1280 vester
1251 1237 1405 1278 error
1430 1219 1738 1276 duraverit:
1762 1217 1893 1288 quid
1925 1230 2056 1288 ergo

463 1322 605 1377 ultra
635 1320 782 1390 gravi
813 1317 968 1372 corde
993 1315 1160 1372 estis?
1185 1313 1400 1386 quando
1435 1309 1672 1366 habituri
1707 1307 1870 1362 ﬁnem
1893 1304 2052 1360 falla-

466 1419 693 1481 ciarum,
734 1415 780 1470 si
807 1411 1153 1484 praesentiam
1198 1407 1444 1464 veritatis
1492 1420 1600 1461 non
1641 1403 1889 1460 habetis?
1917 1401 2052 1458 Cum

464 1510 612 1564 enim
643 1507 758 1562 sola
794 1505 998 1560 veritas
1039 1501 1205 1557 faciat
1246 1500 1464 1563 beatos,
1504 1513 1570 1552 ex
1609 1511 1717 1566 qua
1758 1509 1889 1550 vera
1927 1500 2054 1549 sunt

465 1601 680 1666 omnia,
709 1607 770 1654 ut
797 1596 928 1668 quid
973 1592 1346 1665 temporalium
1397 1604 1578 1644 rerum
1623 1602 1807 1642 amore
1853 1585 2054 1641 detine-

467 1692 634 1757 mini,
675 1699 736 1745 ut
761 1688 890 1760 quid
924 1694 1182 1757 tanquam
1226 1683 1403 1754 prima
1448 1689 1696 1737 extrema
1737 1676 2049 1742 sectamini,

465 1786 608 1856 quod
636 1792 721 1839 est
758 1783 970 1837 vanitas
1011 1788 1067 1837 et
1106 1775 1484 1835 mendacium?
1511 1772 1717 1844 Cupitis
1753 1771 1897 1828 enim
1923 1785 2048 1841 per-

464 1895 687 1935 manere
725 1869 1036 1942 Vobiscum,
1081 1889 1201 1946 quas
1240 1870 1424 1929 omnia
1463 1876 1747 1926 transeunt
1789 1875 2050 1937 tanquam

463 1974 678 2029 umbra.

536 2085 697 2139 Vens.
731 2083 788 2136 4.
829 2111 896 2121 —-
938 2080 1007 2134 Et
1039 2080 1220 2134 scitote
1255 2076 1526 2149 quoniam,
1560 2081 1666 2130 etc.
1702 2072 1904 2140 Quem,
1943 2069 2049 2126 nisi

463 2194 587 2234 eum
615 2190 775 2247 quem
810 2172 1094 2229 suscitavit
1121 2171 1196 2225 ab
1233 2167 1457 2234 inferis,
1489 2176 1546 2223 et
1573 2166 1628 2221 in
1657 2163 1794 2221 caelo
1826 2162 1896 2217 ad
1921 2161 2051 2218 dex-

461 2277 635 2323 teram
669 2263 985 2321 collocavit?
1019 2261 1333 2330 lncrepatur
1359 2271 1488 2326 ergo
1513 2269 1683 2328 genus
1711 2254 2008 2310 humanum
2028 2294 2045 2317 ,

461 2370 520 2416 ut
547 2361 615 2414 ad
637 2374 762 2414 eum
783 2373 845 2414 se
866 2355 1086 2411 tandem
1114 2353 1183 2408 ab
1207 2353 1367 2424 hujus
1396 2349 1584 2406 mundi
1613 2363 1798 2403 amore
1823 2361 2051 2404 conver-

460 2464 612 2519 tant;
645 2461 702 2509 et
735 2452 875 2508 sicut
901 2447 1242 2521 gratulantur
1285 2445 1351 2500 de
1397 2440 1792 2498 illuminatione
1839 2440 1894 2495 in
1945 2440 2049 2494 hac

459 2549 568 2602 vita
592 2587 608 2612 ,
650 2546 726 2600 ita
777 2541 1042 2599 orandum
1093 2538 1196 2594 sibi
1242 2535 1496 2593 noverint
1543 2548 1644 2605 pro
1692 2531 1880 2603 requie
1925 2537 2049 2601 post

455 2637 598 2691 hanc
619 2635 807 2690 vitam.

531 2750 697 2804 Vens.
723 2747 778 2802 5.
802 2775 871 2786 —
895 2743 1199 2799 Irascimini
1232 2750 1281 2796 et
1302 2740 1464 2796 nolite
1483 2781 1499 2807 ,
1527 2746 1635 2795 etc.
1668 2737 1890 2793 Duobus
1923 2750 2043 2791 mo-

461 2843 543 2896 dis
573 2838 797 2909 intelligi
835 2844 1032 2908 potest.
1065 2834 1172 2890 Aut
1201 2854 1214 2888 :
1244 2833 1473 2889 Etiamsi
1515 2829 1838 2895 irascimini,
1884 2827 2064 2892 nolite

2160 555 2246 603 est
2265 547 2447 602 lumen
2473 547 2653 604 vultus
2680 547 2796 602 Dei.

2229 639 2394 696 Vens.
2411 640 2607 697 8.—A
2631 639 2808 710 fructu
2830 640 3101 710 frumenti,
3129 649 3233 695 etc.
3255 639 3376 695 Non
3402 647 3586 707 vacat,
3609 643 3744 710 quod

2159 734 2400 790 additum
2429 743 2514 790 est
2546 733 2666 797 sui;
2692 740 2776 789 est
2802 732 2946 786 enim
2977 740 3034 788 et
3060 733 3382 803 frumentum
3410 742 3460 788 et
3494 734 3673 788 vinum
3700 747 3744 790 et

2157 827 2329 883 oleum
2353 826 2472 883 Dei.
2497 826 2591 883 lsti
2620 835 2803 882 autem
2827 826 2994 882 dediti
3037 826 3427 898 temporalibus
3452 827 3744 899 voluptati-

2156 919 2258 976 bus
2290 933 2503 990 semper
2535 918 2900 974 exardescunt
2949 917 3371 989 cupiditatibus,
3406 933 3514 973 nec
3567 919 3745 974 satiari

2152 1019 2422 1082 possunt:
2454 1019 2510 1067 et
2546 1011 2832 1081 multiplici
2874 1021 3036 1082 atque
3072 1025 3376 1067 aerumnosa
3419 1012 3746 1082 cogitatione

2156 1102 2404 1169 distenti,
2437 1101 2666 1174 simplex
2707 1103 2908 1159 bonum
2956 1102 3142 1158 videre
3188 1117 3296 1158 non
3329 1101 3608 1157 sinuntur.
3658 1103 3748 1159 Vir

2157 1209 2287 1266 ergo
2311 1193 2484 1250 ﬁdelis
2504 1194 2738 1250 exsultat
2762 1195 2981 1250 et'dicit
3006 1213 3020 1250 :

2227 1285 2388 1340 Vens.
2423 1283 2479 1340 9.
2527 1314 2599 1324 —
2642 1283 2713 1338 In
2743 1301 2869 1356 pace
2903 1286 2961 1340 in
2994 1285 3248 1357 idipsum,
3273 1292 3382 1341 etc.
3404 1282 3578 1340 Recte
3604 1285 3746 1340 enim

2155 1385 2407 1448 speratur
2443 1389 2475 1430 a
2507 1375 2704 1432 talibus
2746 1375 3058 1432 omnimoda
3097 1377 3298 1433 mentis
3336 1376 3679 1432 abalienatio
3720 1393 3746 1431 a

2154 1467 2470 1524 mortalibus
2490 1467 2676 1534 rebus,
2689 1476 2746 1522 et
2769 1468 3113 1522 miseriarum
3134 1467 3317 1523 saeculi
3339 1468 3505 1539 hujus
3526 1468 3746 1534 oblivio,

2155 1575 2276 1632 qua:
2301 1560 2521 1615 nomine
2544 1559 2961 1615 obdormitionis
2986 1567 3043 1614 et
3064 1560 3239 1615 somni
3269 1559 3532 1616 decenter
3558 1569 3617 1615 et
3636 1577 3748 1630 pro-

2153 1651 2366 1724 phetice
2395 1650 2750 1722 signiﬁcatur,
2783 1651 2876 1706 ubi
2918 1667 3131 1707 summa
3171 1667 3280 1723 pax
3323 1651 3471 1707 nullo
3516 1652 3746 1707 tumultu

2155 1743 2471 1815 interpolari
2508 1750 2706 1814 potest.
2732 1741 2840 1799 Sed
2866 1743 2970 1798 hoc
3001 1752 3124 1813 post
3145 1744 3285 1799 hanc
3325 1743 3496 1798 vitam
3526 1758 3747 1813 speran-

2079 1827 2132 1890 B
2157 1837 2284 1894 dum
2315 1843 2416 1892 est.
2458 1835 2801 1907 Quapropter
2826 1843 3185 1907 congruenter
3204 1834 3457 1889 ultimum
3485 1833 3743 1896 adnectit,

2152 1934 2207 1982 et
2236 1926 2406 1984 dicit:

2222 2019 2387 2075 Vens.
2405 2017 2493 2073 10.
2509 2048 2581 2058 -
2595 2017 2859 2085 Quoniam
2878 2028 2958 2084 tu,
2981 2017 3226 2085 Domine,
3247 2016 3617 2088 singulariter,
3642 2028 3742 2074 etc.

2152 2113 2298 2169 Bene
2322 2112 2416 2179 ait,
2449 2110 2788 2183 singulariter
2815 2127 2834 2165 :
2858 2118 3036 2181 potest
3061 2111 3219 2185 enim
3254 2109 3448 2166 referri
3483 2110 3744 2165 adversus

2151 2205 2272 2260 illos
2292 2205 2512 2269 multos,
2536 2203 2628 2274 qui
2656 2202 2995 2273 multiplicati
3019 2218 3048 2257 a
3078 2201 3258 2256 fructu
3285 2199 3586 2266 frumenti,
3611 2203 3741 2263 vini,

2151 2305 2209 2352 et
2233 2295 2336 2352 olei
2369 2295 2481 2362 sui,
2528 2295 2715 2352 dicunt
2737 2313 2756 2350 ε
2786 2294 2919 2362 Quis
2950 2294 3172 2350 ostendit
3197 2294 3344 2348 nobis
3388 2294 3529 2348 bona
3551 2295 3579 2348 2
3603 2293 3743 2351 Perit

2151 2390 2297 2446 enim
2323 2390 2439 2445 haec
2460 2388 2848 2460 multiplicitas,
2864 2397 2918 2444 et
2935 2389 3271 2461 singulariter
3292 2396 3512 2445 tenetur
3543 2390 3598 2444 in
3623 2405 3742 2444 san—

2150 2483 2285 2550 ctis,
2313 2483 2380 2538 de
2407 2482 2603 2552 quibus
2646 2481 2884 2539 dicitur:
2932 2481 3289 2536 Multitudinis
3317 2491 3496 2537 autem
3538 2482 3724 2537 credes

2151 2575 2281 2629 tium
2307 2582 2420 2630 erat
2442 2575 2624 2630 anima
2643 2584 2692 2630 et
2711 2590 2807 2630 cor
2828 2590 3012 2629 unum.
3039 2638 3046 2647 ,

2673 2708 2743 2765 ΙΝ
2779 2707 3112 2766 PSALMUM
3147 2709 3214 2766 V.

2220 2845 2384 2902 Vens.
2428 2847 2480 2901 1.
2519 2876 2589 2887 -
2617 2844 2687 2900 In
2715 2846 2876 2916 ﬁnem
2900 2862 2994 2917 pro
3023 2861 3086 2901 ea
3109 2859 3230 2916 qua
3256 2845 3536 2900 veritatem
3569 2862 3739 2901 conse-

458 2949 674 3005 peccare
693 2973 707 2998 ,
738 2930 793 2986 id
816 2937 900 2987 est
935 2929 1146 2985 etiamsi
1175 2927 1349 3000 surgit
1371 2933 1550 2981 motus
1577 2923 1780 2989 animi,
1812 2922 1907 2993 qui
1928 2921 2038 2992 jam

2158 2938 2345 3010 quitur,
2391 2935 2643 2992 Psalmus
2688 2935 2884 2992 David.
2928 2935 3262 3008 intelligitur
3291 2935 3577 3004 Ecclesia,
3625 2955 3737 3010 qua

456 3032 681 3096 Ρνοβῑθν
703 3037 919 3095 Ρωηεῐη
948 3021 1160 3094 Ρθοοδῑί
1188 3035 1296 3077 ιἰοη
1323 3027 1408 3076 εει
1432 3018 1488 3074 in
1529 3024 1818 3089 Ροῑθδιθῑθν
1849 3015 2042 3071 saltem
2146 3028 2342 3100 accipit
2367 3028 2739 3084 haereditatem
2768 3029 2822 3083 in
2848 3029 3017 3083 vitam
3044 3036 3304 3084 aeternam
3325 3043 3425 3100 per
3451 3029 3737 3084 Dominum

458 3131 564 3171 non
588 3116 638 3171 ei
660 3115 964 3171 consentiat
1001 3113 1143 3170 ratio
1172 3120 1228 3168 et
1254 3125 1440 3177 mens,
1483 3123 1604 3180 (111³8
1643 3107 1788 3163 imus
1817 3121 2043 3179 τεεθιιε-
2083 3186 2114 3191 _
2148 3129 2395 3177 nostrum
2417 3118 2602 3177 Iesum
2621 3119 2918 3188 Christum,
2950 3129 3011 3174 ut
3037 3120 3310 3191 possideat
3335 3122 3518 3191 ipsum
3546 3122 3736 3187 Deum,

458 3217 574 3265 Tala
601 3208 1013 3284 θεῐὸθειιῐιάυῐη
1054 3208 1223 3262 Deum
1248 3247 1264 3272 ν
1296 3213 1356 3260 ιη
1382 3212 1565 3260 meme
1610 3203 1911 3260 εθΐνίθωυε
1934 3203 2040 3275 legi
2070 3186 2115 3250 Ο
2147 3213 2234 3270 cui
2265 3214 2550 3270 adhaerens
2593 3213 2754 3270 beata
2792 3214 2864 3269 sit
2883 3186 2912 3279 ,V
2941 3186 3238 3270 secundum
3265 3186 3399 3270 illud
3430 3232 3444 3268 :
3475 3186 3737 3272 Dominus

455 3300 881 3374 Dei,.si'adhuc
925 3314 1091 3355 carne
1142 3297 1409 3354 servimus
1454 3296 1559 3368 legi
1609 3295 1837 3368 peccati.
1887 3294 2036 3350 Aut:

451 3392 610 3462 Agite
633 3391 1030 3463 paenitentiam,
1061 3390 1118 3445 id
1152 3398 1260 3455 est,
1287 3388 1578 3443 irascimini
1621 3387 1774 3442 vobis
1802 3387 1934 3457 ipsis
1974 3386 2040 3442 de

451 3485 741 3558 przeteritis
760 3484 1020 3554 peccatis,
1045 3491 1101 3538 et
1125 3481 1350 3537 ulterius
1374 3494 1601 3550 peccare
1623 3477 1873 3534 desinite.

525 3579 783 3647 Quodque
807 3577 1052 3647 sequitur
1077 3592 1091 3629 :
1118 3589 1236 3646 quae
1260 3573 1434 3627 dicitis
1464 3573 1520 3625 in
1546 3569 1790 3625 cordibus
1823 3571 2034 3636 vestris,

451 3672 613 3742 plena
642 3667 910 3726 sententia
939 3673 1023 3721 est
1047 3684 1059 3720 :
1092 3679 1213 3736 quae
1245 3663 1424 3718 dicitis
1458 3663 1514 3717 in
1539 3660 1791 3717 cordibus
1817 3661 2033 3726 vestris,

453 3763 636 3826 dicite,
663 3760 717 3814 id
748 3766 832 3815 est
852 3757 1017 3823 nolite
1043 3770 1166 3813 esse
1197 3753 1446 3826 populus,
1474 3753 1542 3810 de
1561 3769 1670 3826 quo
1689 3754 1894 3810 dictum
1914 3763 2035 3809 est:

457 3853 633 3909 Labiis
656 3869 738 3908 me
767 3853 1046 3918 honorant,
1067 3865 1158 3905 cor
1187 3857 1362 3904 autem
1388 3864 1566 3903 eorum
1595 3847 1745 3919 longe
1773 3856 1850 3903 est
1879 3865 1912 3903 a
1932 3864 2031 3904 me.

453 3947 706 4004 Cubicula
733 3954 913 4001 autem
936 3945 1053 4015 ipsa
1083 3951 1209 4000 sunt
1230 3943 1414 4007 corda,
1441 3940 1508 3996 de
1545 3941 1742 4011 quibus
1766 3949 1823 3996 et
1848 3941 2034 3997 Domi-

449 4055 551 4096 nus
587 4045 790 4105 monet,
818 4045 878 4093 ut
912 4037 1058 4092 intus
1079 4048 1299 4091 oremus
1327 4033 1527 4089 clausis
1554 4031 1728 4088 ostiis.

520 4151 684 4208 Vens.
714 4149 769 4204 6.
801 4180 870 4189 —
895 4148 1204 4218 Sacriﬁcate
1231 4145 1573 4216 sacriﬁcium,
1600 4153 1706 4201 etc.
1734 4144 1882 4201 Idem
1904 4144 2037 4200 dicit

447 4248 502 4300 in
527 4243 634 4298 alio
661 4241 870 4311 psalmo
900 4259 915 4295 :
949 4237 1281 4308 Sacriﬁcium
1317 4236 1426 4291 Deo
1461 4236 1680 4307 spiritus
1711 4234 2034 4290 contribula-

446 4348 550 4390 tus.
576 4333 754 4401 Quare
781 4347 890 4388 non
915 4331 1149 4388 absurde
1185 4330 1275 4385 hic
1305 4329 1568 4399 accipitur
1597 4329 1773 4400 ipsum
1805 4343 1926 4385 esse
1948 4347 2034 4384 sa-

444 4425 704 4494 crificium
733 4423 993 4495 justitite,
1039 4421 1182 4492 quod
1220 4421 1281 4476 ﬁt
1318 4435 1418 4491 per
1459 4421 1856 4491 paenitentiam.
1894 4420 2033 4488 Quid

443 4515 829 4587 enimjustius,
862 4532 1026 4587 quam
1062 4523 1123 4570 ut
1151 4516 1262 4570 suis
1303 4514 1533 4586 quis’que
1579 4515 1817 4587 peccatis
1849 4515 2029 4586 potius

443 4626 605 4683 quam
632 4611 820 4666 alienis
849 4611 1135 4676 irascatur,
1165 4625 1332 4679 seque
1367 4609 1542 4680 ipsum
1572 4609 1800 4679 puniens
1826 4617 2030 4667 mactet

443 4701 590 4758 Deo?
620 4701 718 4756 Vel
755 4710 906 4757 certe
935 4701 1252 4770 sacrificium
1284 4702 1513 4772 justitirc
1552 4707 1634 4756 est
1678 4716 1843 4772 opera
1876 4700 2025 4771 justa

441 4805 563 4868 post
593 4793 985 4865 ptenitentiam.

513 4890 674 4945 Multi
701 4898 882 4943 autem
908 4897 1036 4943 sunt
1065 4887 1247 4953 stulti,
1291 4887 1384 4957 qui
1425 4886 1490 4942 de
1519 4887 1634 4956 ipsa
1665 4886 1846 4942 futura
1876 4889 2018 4957 vita,

438 5002 560 5059 quae
590 4984 746 5039 nobis
769 4982 1118 5052 promittitur,
1159 4983 1434 5046 dubitant,
1467 4980 1552 5035 vel
1579 4981 1897 5052 desperant,
1927 4986 2019 5055 qui

439 5096 582 5151 saepe
620 5079 841 5133 dicunt:
873 5074 1003 5142 Quis
1042 5077 1182 5130 novit
1223 5075 1268 5130 si
1293 5092 1414 5131 vera
1452 5085 1594 5142 sunt,
1622 5085 1714 5132 aut
1737 5080 1853 5149 quis
1881 5081 2020 5136 venit

439 5173 503 5228 ab
528 5171 733 5241 inferis,
759 5179 814 5224 ut
837 5171 941 5225 ista
968 5169 1272 5224 nuntiaret?

509 5261 672 5318 Vens.
688 5263 740 5318 7.
761 5259 1120 5332 —Signatum
1147 5273 1220 5316 est
1247 5278 1401 5334 super
1425 5279 1539 5330 nos,
1565 5272 1673 5318 etc.
1700 5261 1814 5320 Hoc
1835 5264 2015 5320 lumen

435 5368 520 5414 est
547 5366 717 5412 totum
744 5357 980 5413 hominis
999 5366 1055 5413 et
1077 5372 1265 5413 verum
1293 5357 1516 5423 bonum,
1543 5359 1686 5428 quod
1712 5375 1816 5414 non
1844 5358 2016 5414 oculis

435 5451 530 5506 sed
555 5459 736 5506 mente
765 5450 1114 5520 conspicitur.
1153 5451 1426 5521 Signatum
1460 5459 1642 5505 autem
1669 5451 1806 5506 dixit
1834 5452 1888 5505 in
1916 5467 2011 5506 no-

433 5541 535 5605 bis,
563 5549 815 5610 tanquam
833 5541 1090 5595 denarius
1113 5540 1355 5609 signatur
1396 5541 1539 5611 regis
1560 5542 1809 5613 imagine.
1837 5541 2011 5599 Homo

432 5633 575 5686 enim
608 5632 783 5687 factus
812 5633 989 5687 estad
1032 5632 1438 5688 similitudinem
1467 5641 1522 5689 et
1556 5635 1846 5704 imaginem
1879 5634 2008 5698 Dei,

433 5743 592 5798 quam
625 5727 896 5805 peccando
915 5727 1174 5797 corrupit.
1200 5725 1404 5781 Bonum
1433 5743 1564 5796 ergo
1583 5727 1699 5797 ejus
1717 5737 1802 5783 est
1821 5743 2008 5783 verum

436 5831 598 5890 atque
623 5829 914 5884 aeternum,
961 5822 1005 5875 si
1046 5820 1377 5877 renascendo
1423 5823 1682 5893 signetur.
1725 5821 1842 5877 Non
1881 5837 2012 5892 ergo

2142 3325 2268 3381 pars
2306 3308 2628 3364 ltwreditatis
2655 3323 2804 3363 mete.
2847 3307 3186 3380 Quapropter
3225 3323 3332 3364 vox
3362 3307 3632 3366 Ecclesia:
3658 3319 3735 3366 est

2142 3409 2346 3459 vocatae
2375 3402 2443 3457 ad
2481 3399 2887 3466 haereditatem,
2935 3409 2992 3456 et
3033 3408 3095 3456 ut
3137 3402 3252 3472 ipsa
3299 3400 3394 3455 ﬁat
3443 3403 3736 3460 hat-reditas

2142 3495 2258 3550 Dei.

2211 3593 2375 3651 Vens.
2407 3593 2461 3648 2.
2505 3624 2572 3634 —
2606 3588 2774 3650 Verba
2796 3609 2914 3649 mea
2936 3593 3155 3649 auribus
3178 3595 3401 3665 percipe,
3442 3603 3555 3652 etc.
3591 3597 3733 3652 Bene

2139 3689 2376 3746 ostendit
2412 3688 2534 3759 quis
2574 3688 2678 3743 iste
2721 3687 2792 3743 sit
2838 3685 3039 3742 clamor
3068 3700 3087 3739 :
3116 3689 3335 3758 quando
3374 3687 3603 3758 quidem
3631 3705 3732 3745 vox

2140 3783 2384 3855 corporis
2409 3781 2648 3849 auditur,
2678 3780 2938 3852 spiritalis
2964 3789 3149 3838 autem
3177 3781 3524 3854 intelligitur.

2210 3876 2375 3932 Vens.
2400 3875 2454 3929 '5.
2485 3903 2556 3915 —
2585 3873 2807 3930 Intende
2834 3875 2945 3929 uoci
2963 3915 2979 3941 ,
3025 3881 3134 3929 etc.
3175 3872 3380 3946 Regem
3411 3871 3619 3930 Filium
3647 3890 3730 3931 so-

2137 3968 2251 4023 lent
2279 3965 2550 4037 appellare
2581 3963 2892 4035 Scriptum.
2931 3963 3241 4020 Secundum
3271 3963 3404 4020 illud
3432 3979 3568 4037 ergo
3591 3969 3728 4038 quod

2136 4059 2340 4116 dictum
2365 4064 2450 4114 est
2475 4071 2491 4112 :
2515 4053 2623 4112 Per
2643 4072 2723 4112 me
2751 4056 2858 4111 itur
2883 4056 2952 4111 ad
2976 4053 3214 4123 Patrem,
3242 4063 3391 4111 certe
3420 4057 3608 4127 primo
3642 4074 3729 4112 rex

2135 4169 2300 4218 meus,
2332 4158 2388 4205 et
2411 4149 2605 4205 deinde
2628 4148 2770 4204 Deus
2795 4165 2959 4204 meus.

2207 4243 2369 4299 Vens.
2411 4242 2468 4307 4,
2497 4241 2549 4296 5.
2571 4270 2643 4282 -
2669 4239 2932 4307 Quoniam
2958 4240 3028 4295 ad
3053 4249 3103 4295 te
3132 4240 3314 4305 orabo,
3343 4239 3597 4308 Domine,
3622 4251 3720 4296 etc.

2135 4336 2294 4392 Mane
2320 4334 2529 4400 astabo,
2561 4343 2666 4390 etc.
2697 4333 2814 4390 Non
2842 4333 2930 4390 ille
2955 4348 3037 4402 es,
3067 4334 3242 4406 inquit
3267 4375 3282 4400 ,
3317 4335 3408 4405 qui
3442 4337 3623 4404 possit
3648 4339 3722 4390 vi-

2134 4427 2249 4482 deri
2279 4427 2345 4482 ab
2371 4427 2474 4493 eis,
2498 4441 2730 4497 quorum
2759 4427 2828 4482 ab
2857 4425 3030 4482 oculis
3059 4441 3165 4481 nox
3205 4437 3570 4498 peccatorum
3597 4447 3721 4484 non-

2134 4518 2261 4574 dum
2296 4519 2541 4575 recessit.
2575 4517 2804 4574 Peracta
2833 4520 3035 4576 erroris
3070 4520 3179 4576 mei
3216 4530 3379 4576 nocte
3400 4562 3417 4587 ,
3453 4529 3510 4576 et
3553 4523 3720 4579 disce-

2134 4612 2384 4669 dentibus
2430 4612 2698 4678 tenebris,
2745 4627 2882 4682 quas
2923 4611 3062 4668 mihi
3119 4613 3360 4683 peccatis
3396 4615 3540 4671 meis
3583 4614 3716 4680 feci,

2131 4704 2377 4759 exaudies
2405 4719 2577 4758 vocem
2606 4707 2795 4757 meant.

2200 4796 2394 4852 Astabo
2431 4803 2642 4862 autem,
2671 4796 2800 4865 quid
2825 4804 2909 4850 est
2946 4796 3050 4851 nisi
3081 4811 3096 4850 :
3127 4810 3234 4852 non
3266 4795 3504 4866 iacebo?
3532 4797 3717 4856 lacere

2129 4905 2258 4946 vero
2291 4897 2376 4945 est
2404 4890 2456 4942 in
2493 4899 2633 4943 terra
2671 4889 2970 4959 quiescere,
2995 4889 3139 4957 quod
3176 4897 3262 4943 est
3291 4903 3326 4943 a
3349 4891 3597 4948 terrenis
3631 4908 3716 4947 vo-

2127 4983 2420 5054 luptatibus
2457 4982 2845 5038 beatitudinem
2883 4996 3145 5052 quaerere.
3187 4981 3303 5039 Non
3350 4992 3439 5040 est
3476 5000 3611 5057 ergo
3643 4989 3716 5042 in-

2123 5076 2437 5134 haerendum
2479 5076 2744 5143 terrenis,
2775 5076 2821 5132 si
2851 5076 3100 5132 volumus
3138 5077 3306 5133 Deum
3354 5078 3579 5147 videre,
3629 5082 3714 5152 qui

2120 5173 2322 5228 mundo
2349 5170 2511 5225 corde
2531 5168 2885 5239 conspicitur.

2191 5261 2354 5318 Vens.
2383 5262 2438 5318 6.
2473 5293 2542 5302 —
2581 5261 2766 5334 Neque
2807 5262 3082 5330 habitabit,
3128 5270 3233 5318 etc.
3271 5262 3327 5318 Id
3372 5274 3460 5319 est
3495 5281 3605 5321 non
3637 5268 3711 5321 sic

2117 5355 2396 5420 videbunt,
2414 5364 2475 5410 ut
2495 5356 2759 5421 haereant,
2782 5355 2909 5426 quia
2935 5370 3088 5410 mens
3105 5371 3294 5410 eorum
3320 5357 3710 5414 reverberatur

2117 5449 2236 5504 luce
2265 5447 2512 5503 veritatis
2545 5454 2768 5518 propter
2791 5446 3043 5502 tenebras
3068 5456 3412 5517 peccatorum
3431 5489 3447 5513 ,
3476 5463 3706 5518 quamn:

2120 5541 2513 5598 consuetudine
2542 5539 2803 5610 fulgorem
2835 5546 2998 5595 rectae
3026 5538 3394 5610 intelligentiae
3435 5543 3706 5598 sustinere

2119 5654 2224 5694 non
2249 5645 2495 5708 possunt.

2191 5728 2354 5784 Vens.
2384 5730 2436 5783 7.
2463 5760 2532 5769 ——-
2553 5728 2724 5784 Odisti
2757 5743 2934 5782 omnes
2967 5727 3059 5798 qui
3095 5735 3395 5799 operantur,
3432 5736 3544 5783 etc.
3583 5726 3704 5782 l'llos

2119 5823 2254 5884 odit,
2285 5836 2423 5896 quos
2453 5820 2507 5876 in
2545 5835 2604 5875 se
2636 5835 2856 5874 manere
2892 5835 3000 5876 non
3029 5819 3195 5878 sinit:
3229 5835 3334 5876 non
3365 5827 3547 5875 autem
3588 5834 3701 5873 ma-
