3948 6314
265 470 357 539 161
1327 481 1568 539 EXPOS.
1612 480 1679 536 ΙΝ
1718 479 1814 535 XX
1848 478 2103 537 PRIMOS
2137 479 2473 536 PSALMOS.

3408 477 3513 534 762

259 606 408 663 nent,
434 595 527 667 qui
552 610 676 652 eum
701 596 968 652 sustinere
995 581 1103 653 non
1121 597 1321 653 valent.
1347 598 1682 653 Mendacium
1704 610 1834 651 vero
1861 598 1912 658 Α
1939 594 2134 665 quibus
2146 593 2960 666 expugnaturinimicus,contra
2975 605 3134 660 quem
3147 587 3516 658 diciturzouis

258 698 342 745 est
377 689 596 745 veritati
618 690 969 744 contrarium.
1013 689 1120 746 Sed
1164 706 1232 747 ne
1259 692 1380 762 quis
1409 699 1562 760 putet
1603 691 1837 760 aliquam

260 777 618 834 substantiam
657 778 746 833 vel
773 787 1024 834 naturam
1065 781 1281 835 veritati
1318 795 1436 836 esse
1470 780 1835 848 contrariam,

259 870 543 942 intelligat,
567 870 634 926 ad
665 871 720 927 id
753 873 898 942 quod
917 888 1026 928 non
1042 880 1144 941 est,
1173 874 1444 944 pertinere
1472 873 1834 940 mendacium,

258 979 366 1020 non
398 963 467 1018 ad
519 963 573 1018 id
602 965 745 1035 quod
772 972 874 1020 est.
902 963 960 1021 Si
993 965 1138 1021 enim
1168 967 1272 1021 hoc
1299 965 1518 1032 dicitur,
1550 965 1692 1035 quod
1719 973 1835 1033 est,

260 1069 446 1109 verum
476 1054 672 1110 dicitur
707 1073 721 1110 :
752 1055 796 1111 si
826 1064 1008 1112 autem
1037 1057 1142 1111 hoc
1170 1055 1390 1122 dicitur,
1422 1055 1567 1126 quod
1594 1071 1702 1112 non
1732 1063 1836 1125 est,

259 1145 618 1202 mendacium.
647 1144 773 1202 Ideo
815 1146 1001 1218 incipit
1029 1161 1044 1202 :
1071 1145 1268 1203 Perdes
1293 1164 1404 1216 eos,
1431 1149 1520 1220 qui
1551 1147 1839 1220 loquuntur

259 1239 605 1304 mendacium,
637 1240 764 1311 quia
788 1240 1104 1298 recedentes
1146 1243 1215 1298 ab
1251 1257 1318 1298 eo
1347 1242 1490 1314 quod
1517 1250 1633 1309 est,
1687 1241 1754 1298 ad
1785 1241 1839 1297 id

257 1318 402 1400 quod
429 1346 539 1387 non
576 1339 659 1387 est
689 1331 979 1389 declinant.

335 1421 522 1478 Virum
542 1425 857 1496 sanguinum
885 1434 936 1479 et
960 1423 1221 1493 dolosam,
1252 1433 1363 1481 etc.
1398 1423 1584 1480 Virum
1619 1426 1836 1497 sangui-

259 1531 383 1569 num
409 1523 725 1586 operantem
750 1515 1113 1587 iniquitatem,
1144 1516 1386 1572 dolosam
1408 1525 1590 1573 autem
1618 1517 1842 1588 diligen-

259 1614 366 1660 tem
390 1607 730 1662 mendacium
757 1606 1016 1679 intellige.
1046 1606 1236 1664 Solent
1260 1613 1392 1664 vero
1420 1609 1708 1664 abominati
1732 1610 1838 1666 dici

257 1699 607 1754 exbaaredati.
640 1698 740 1755 Hic
769 1708 948 1756 autem
991 1701 1234 1773 psalmus
1261 1717 1361 1773 pro
1387 1717 1451 1758 ea
1477 1710 1560 1758 est
1588 1719 1706 1774 qute
1736 1704 1841 1758 Iuc-

259 1791 530 1847 reditatsm
552 1794 904 1865 consequitur,
918 1809 1037 1864 qua:
1057 1792 1274 1864 subiicit
1291 1794 1704 1852 exsultationem
1725 1795 1838 1866 spei

255 1900 369 1941 suae
399 1885 583 1942 dicens
620 1905 633 1940 :

1939 687 2204 743 accusabit
2235 687 2483 743 adversus
2520 685 2707 741 electos
2747 684 2886 740 Dei?
2914 684 2982 739 Et
3011 683 3208 740 iterum
3242 701 3256 737 :
3291 681 3350 738 Si
3375 685 3514 739 enim

1939 795 2057 833 cum
2084 779 2256 832 adhuc
2284 777 2485 832 inimici
2511 793 2763 842 essemus,
2791 773 3031 829 Christus
3059 788 3152 845 pro
3187 773 3336 828 nobis
3367 790 3513 828 mor-

1937 879 2061 926 tuus
2099 878 2195 938 est,
2223 869 2388 925 multo
2428 870 2598 940 magis
2627 866 2948 922 reconciliati
2973 863 3105 921 salui
3125 865 3318 920 erimus
3343 864 3408 919 ab
3433 865 3517 919 ira

1937 979 2030 1034 per
2065 963 2256 1034 ipsum.
2285 961 2399 1018 Hoc
2438 959 2853 1016 invictissimum
2883 965 3115 1024 scutum,
3155 972 3263 1028 quo
3295 956 3516 1028 pellitur

1939 1058 2212 1124 inimicus,
2243 1059 2674 1130 desperationem
2715 1055 2905 1111 salutis
2934 1069 3229 1128 suggerens
3268 1052 3516 1108 multitu-

1940 1153 2068 1209 dine
2095 1152 2504 1209 tribulationum
2534 1158 2590 1206 et
2617 1148 2996 1205 tentationum.

2448 1285 2517 1342 IN
2549 1282 2882 1341 PSALMUM
2920 1281 3008 1338 Vl.

2009 1421 2170 1477 Vsns.
2225 1422 2278 1476 1.
2320 1449 2389 1461 -
2433 1419 2502 1474 In
2551 1420 2708 1489 ﬁnem
2752 1420 2809 1474 in
2849 1417 3166 1473 carminibus
3206 1433 3300 1489 pro
3341 1426 3521 1472 octava

1939 1513 2175 1585 psalmus
2197 1512 2387 1568 David.
2415 1512 2601 1568 Potest
2630 1513 2746 1568 dies
2784 1511 2976 1581 judicii
3014 1521 3240 1568 octavus
3275 1510 3522 1582 intelligi,

1941 1605 2084 1675 quod
2118 1605 2231 1676 jam
2272 1613 2396 1674 post
2433 1604 2596 1660 ﬁnem
2641 1603 2804 1674 hujus
2842 1604 3024 1661 saeculi
3064 1613 3283 1674 accepta
3319 1612 3523 1659 aeterna

1941 1696 2075 1750 vita.
2107 1695 2259 1751 Tunc
2280 1712 2388 1752 non
2415 1705 2576 1752 emat
2597 1696 2794 1753 animae
2812 1697 3084 1768 justorum
3109 1696 3356 1752 obnoxia:
3387 1703 3525 1750 tem-

1942 1791 2186 1861 poribus.
2212 1790 2280 1845 Et
2303 1791 2561 1860 quoniam
2591 1791 2777 1847 omnia
2803 1798 3046 1861 tempora
3082 1799 3287 1861 septem
3313 1789 3526 1845 dierum

1940 1881 2211 1952 justorum
2230 1883 2554 1953 repetitione
2582 1883 2891 1950 volvuntur,
2918 1891 3143 1940 octavus
3171 1883 3312 1940 forte
3333 1882 3422 1938 ille
3446 1883 3528 1937 di-

327 1973 492 2030 Vens.
518 1977 572 2032 8.
593 1976 921 2033 —-Introibo
944 1978 1001 2033 in
1021 1978 1256 2046 domum,
1278 1987 1386 2036 etc.
1410 1978 1646 2034 Introibo
1672 1980 1727 2034 in
1747 1981 1843 2034 do—
1870 1964 1920 2025 Β
1949 1963 2070 2028 ctus
2097 1981 2201 2039 est,
2222 1974 2318 2044 qui
2347 1976 2664 2031 varietatem
2692 1976 2856 2030 istam
2888 1991 2996 2032 non
3023 1975 3263 2041 habebit,
3293 1975 3387 2046 qui
3415 1989 3528 2030 me-

252 2083 398 2122 mum
425 2078 572 2124 tuam
600 2083 619 2122 :
651 2077 909 2141 tanquam
938 2070 1097 2141 lapis,
1145 2073 1337 2138 credo,
1372 2071 1429 2127 in
1446 2072 1731 2128 aediﬁcium
1758 2073 1843 2128 di-

253 2167 402 2214 ctum
431 2167 533 2216 est.
552 2159 693 2228 Quid
717 2161 862 2216 enim
881 2161 1028 2217 aliud
1048 2163 1240 2218 domus
1260 2162 1379 2229 Dei,
1400 2179 1561 2233 quam
1586 2163 1844 2235 templum

258 2247 352 2302 Dei
377 2258 460 2303 est
484 2289 499 2315 ,
527 2250 593 2305 de
614 2265 722 2320 quo
745 2250 947 2306 dictant
977 2260 1060 2306 est
1091 2269 1106 2306 :
1132 2251 1401 2324 Templum
1428 2255 1564 2308 enim
1597 2253 1696 2308 Dei
1723 2271 1846 2308 san-

255 2350 395 2396 ctum
418 2351 515 2408 est,
532 2343 670 2413 quod
697 2344 819 2398 estis
846 2359 952 2399 vos.
971 2342 1136 2413 Cujus
1161 2343 1373 2399 aediﬁcii
1403 2345 1540 2415 lapis
1569 2344 1843 2416 angularis

255 2440 338 2488 est
362 2431 452 2488 ille
485 2449 647 2504 quem
678 2435 915 2505 suscepit
961 2444 1228 2491 coaeterna
1261 2435 1413 2491 Patri
1449 2436 1639 2502 virtus,
1665 2445 1720 2492 et
1752 2450 1842 2491 sa-

255 2524 457 2592 pientia
481 2525 599 2580 Dei.

327 2615 793 2673 Considerandum
819 2633 951 2675 vero
985 2627 1068 2675 est
1109 2620 1252 2690 quod
1278 2635 1384 2676 non
1414 2619 1553 2675 dixit
1579 2637 1592 2676 :
1626 2622 1682 2676 in
1710 2630 1843 2676 tem-

253 2707 360 2777 plo,
386 2709 480 2764 sed
509 2727 524 2764 :
556 2711 626 2765 ad
654 2710 903 2782 templum
929 2731 948 2769 :
986 2712 1242 2784 templum
1273 2714 1419 2769 enim
1443 2723 1693 2770 sanctum
1717 2729 1842 2770 cor-

253 2813 355 2869 pus
382 2800 596 2857 Domini
618 2813 702 2859 est
722 2801 1032 2869 Salvatoris,
1058 2805 1200 2874 quod
1217 2803 1341 2874 jure
1358 2806 1552 2861 adorat
1567 2803 1840 2862 Ecclesia:

254 2891 320 2947 de
346 2908 455 2963 quo
481 2895 595 2964 ipse
621 2895 757 2951 dixit
783 2914 796 2950 :
831 2895 1030 2951 Solvite
1067 2897 1314 2968 templum
1339 2899 1455 2956 hoc.
1485 2899 1649 2954 Addit
1670 2914 1798 2955 vero
1823 2916 1836 2952 :

250 2985 309 3038 in
330 2986 515 3040 timore
539 2990 808 3058 tuo,quod
834 3004 1086 3060 magnum
1109 2999 1194 3046 est
1219 2991 1528 3062 praesidium
1549 2993 1844 3064 procedem

255 3078 402 3134 tibus
432 3080 500 3135 ad
531 3080 783 3136 salutem.

326 3168 494 3225 Vens.
521 3171 574 3227 9.
598 3204 670 3214 —
707 3173 951 3254 Domine,
977 3175 1143 3230 deduc
1170 3193 1272 3243 me,
1296 3186 1402 3232 etc.
1441 3176 1586 3233 Nihil
1614 3179 1842 3235 manife-

252 3261 410 3330 stius,
442 3279 604 3334 quam
627 3265 682 3320 id
712 3273 920 3340 tempus
954 3283 1078 3322 eum
1113 3271 1514 3336 commendare,
1538 3287 1646 3342 quo
1679 3273 1842 3341 proﬁ-

1945 2065 2065 2120 ritis
2089 2066 2331 2122 tribuens
2353 2068 2497 2138 quod
2544 2068 2794 2131 debetur,
2824 2068 2893 2122 ad
2921 2069 3088 2122 vitam
3117 2077 3375 2124 aeternam
3405 2083 3528 2123 san-

1944 2165 2062 2211 ctos
2106 2156 2386 2223 transfert,
2432 2157 2626 2229 impios
2678 2172 2809 2213 vero
2861 2157 3084 2213 damnat
3133 2158 3190 2212 in
3239 2166 3525 2213 aeternum.

1944 2251 2117 2318 Quam
2145 2251 2553 2308 damnationem
2577 2259 2826 2308 metuens
2847 2260 2968 2306 orat
3002 2251 3264 2316 Ecclesia,
3294 2251 3483 2307 dicens
3510 2267 3525 2306 :

2015 2345 2181 2401 Vsns.
2204 2345 2259 2400 2.
2283 2345 2620 2412 —Domine,
2659 2363 2723 2401 ne
2761 2347 2819 2400 in
2863 2345 3043 2416 furore
3086 2355 3194 2411 tuo,
3227 2353 3333 2400 etc.
3363 2344 3421 2399 in
3444 2344 3529 2401 die

1937 2439 2128 2510 judicii
2175 2448 2490 2510 arguuntur,
2555 2439 2611 2494 id
2663 2448 2746 2495 est
2789 2448 3117 2495 accusantur
3159 2453 3384 2505 omnes,
3436 2439 3528 2508 qui

1945 2546 2054 2586 non
2085 2529 2289 2586 habent
2312 2528 2746 2595 fundamentum,
2780 2529 2926 2600 quod
2953 2538 3038 2585 est
3059 2528 3326 2585 Christus.
3354 2528 3529 2584 Corri-

1943 2619 2161 2688 piuntur
2201 2627 2417 2686 autem,
2464 2619 2519 2675 id
2558 2628 2643 2676 est
2682 2628 3005 2692 purgantur,
3035 2621 3129 2691 qui
3175 2620 3302 2676 huic
3341 2619 3529 2679 funda-

1945 2718 2128 2766 mento
2156 2709 2588 2782 superaediﬁcant
2624 2711 2792 2783 ligna,
2820 2711 3023 2777 fenum,
3058 2711 3331 2782 stipulam,
3358 2719 3412 2766 et
3450 2718 3519 2764 ta-

1945 2815 2067 2856 men
2108 2799 2242 2856 salvi
2279 2809 2440 2856 erunt
2478 2801 2634 2872 quasi
2673 2816 2774 2872 per
2797 2803 2997 2874 ignem.
3035 2802 3142 2858 lste
3178 2810 3360 2857 autem
3387 2812 3530 2868 orat,

1944 2899 2003 2946 ut
2039 2892 2094 2947 in
2128 2892 2210 2946 ira
2241 2891 2454 2947 Domini
2486 2907 2587 2947 nec
2613 2891 2921 2959 damnetur,
2949 2907 3050 2948 nec
3074 2892 3411 2958 emendetur,
3439 2892 3531 2947 sed

1945 2985 2019 3039 ita
2063 2984 2154 3040 hic
2197 2982 2438 3055 perfecte
2461 2994 2701 3050 sanetur,
2728 2993 2790 3040 ut
2816 2999 2924 3040 non
2966 2985 3139 3040 solum
3168 2994 3398 3040 mortem
3424 2999 3530 3039 non

1944 3081 2151 3147 timeat,
2179 3082 2272 3138 sed
2299 3097 2400 3137 nec
2425 3083 2653 3150 urentis,
2683 3091 2776 3138 aut
2814 3083 3055 3140 secantis
3100 3082 3298 3140 medici
3338 3097 3530 3138 manus

1944 3172 2235 3228 sustineat.
2266 3171 2526 3242 Sequitur
2553 3174 2737 3243 itaque
2766 3182 2822 3228 et
2848 3173 2979 3228 dicit
3006 3192 3018 3227 :

2019 3264 2179 3320 Vsns.
2209 3265 2264 3319 5.
2294 3296 2364 3305 —
2389 3265 2640 3321 Miserere
2661 3267 2785 3334 mei,
2808 3267 2974 3334 Deus,
3000 3277 3106 3323 etc.
3137 3268 3196 3323 Id
3225 3275 3308 3324 est
3344 3268 3498 3323 ﬁrma

250 3355 328 3409 cit
359 3373 371 3408 :
402 3355 507 3411 hoc
532 3363 616 3411 est
641 3356 784 3411 enim
815 3334 939 3425 iter,
965 3359 1111 3428 quod
1137 3375 1245 3415 non
1271 3334 1537 3416 terrarum
1555 3334 1702 3418 locis
1721 3377 1844 3433 per-
1870 3334 1916 3397 (ἶ
1947 3366 2190 3412 mentum
2219 3358 2414 3412 anima:
2437 3358 2524 3414 vel
2547 3357 2807 3415 fortitudo
2836 3377 2849 3413 :
2883 3359 2986 3416 hoc
3011 3359 3157 3415 enim
3181 3376 3302 3414 ossa
3332 3360 3531 3432 signiﬁ-

251 3446 448 3517 agitur,
483 3448 577 3503 sed
605 3447 889 3506 affectibus
918 3450 1245 3508 animorum.
1289 3452 1359 3507 In
1397 3462 1676 3525 conspectu
1718 3463 1842 3522 tuo,

253 3539 458 3609 inquit,
507 3541 649 3595 uiam
685 3558 888 3611 meam,
919 3545 1218 3601 secundum
1259 3548 1403 3617 quod
1431 3556 1488 3602 et
1512 3547 1569 3602 in
1594 3548 1844 3605 oratione

253 3631 532 3689 Dominica
573 3633 813 3690 dicitur:
858 3634 1227 3707 Sanctiﬁcatur
1271 3655 1459 3694 nomen
1501 3649 1682 3707 tuum;
1732 3654 1844 3698 non

252 3739 360 3796 quo
391 3725 548 3782 nobis
575 3728 858 3784 orantibus
885 3729 1274 3798 sanctiﬁcetur,
1317 3734 1463 3803 quod
1498 3749 1597 3805 per
1634 3748 1693 3790 se
1720 3749 1843 3790 san-

249 3826 397 3873 ctum
436 3826 550 3886 est;
597 3819 690 3875 sed
720 3835 828 3892 quo
855 3829 1133 3894 petamus,
1182 3831 1243 3879 ut
1280 3825 1425 3894 quod
1454 3841 1553 3896 per
1590 3834 1842 3883 naturam

250 3910 335 3965 sui
380 3917 627 3966 sanctum
661 3919 775 3978 est,
808 3913 1178 3969 sanctiﬁcetur
1215 3923 1270 3969 et
1312 3914 1367 3969 in
1403 3915 1578 3971 nobis.
1610 3916 1751 3987 Ergo
1789 3926 1845 3973 et

247 4017 393 4057 nunc
416 4001 687 4072 Propheta
734 4004 974 4074 postulat
1002 4012 1061 4059 ut
1081 4005 1166 4060 via
1196 4006 1314 4072 Dei,
1343 4021 1464 4076 quae
1489 4021 1586 4077 per
1612 4023 1670 4064 se
1696 4017 1843 4064 recta

247 4103 349 4158 est,
383 4093 548 4151 etiam
569 4095 673 4151 sibi
703 4105 854 4152 recta
882 4097 997 4152 ﬁat.

321 4187 486 4242 Vens.
540 4186 631 4242 10.
660 4218 732 4229 -
763 4187 1026 4254 Quoniam
1065 4205 1166 4244 non
1203 4197 1278 4245 est
1319 4191 1377 4244 in
1413 4206 1526 4258 ore,
1555 4197 1661 4246 etc.
1697 4191 1842 4259 Quo-

249 4277 411 4333 modo
432 4284 614 4348 potest
640 4292 759 4333 esse
786 4277 843 4333 in
868 4293 964 4334 ore
988 4293 1177 4334 eorum
1213 4281 1438 4349 veritas,
1471 4295 1706 4352 quorum
1745 4297 1842 4338 cor

249 4368 459 4424 fallitur
486 4369 554 4426 de
577 4379 823 4441 peccato,
852 4380 908 4427 et
932 4386 1095 4442 poma
1120 4373 1375 4444 peccati?

323 4462 492 4520 Vens.
524 4463 703 4518 11.-
728 4460 1062 4535 Sepulcrum,
1087 4472 1193 4521 etc.
1224 4464 1549 4524 Adulatores
1583 4475 1639 4523 et
1671 4469 1841 4526 hare-

249 4557 343 4610 tici
399 4555 643 4627 sepulcra
686 4559 920 4628 patentia
970 4557 1246 4624 dicuntur,
1282 4559 1409 4629 quia
1438 4575 1562 4615 cum
1594 4560 1694 4630 ipsi
1735 4562 1843 4618 sint

1948 3459 2091 3506 cant.
2149 3451 2489 3524 Quapropter
2539 3451 2608 3508 ad
2655 3451 3050 3524 expositionem
3105 3453 3342 3525 pertinet
3392 3453 3533 3524 quod

1946 3543 2194 3598 subditur
2221 3562 2234 3598 :

2017 3639 2183 3695 Vens.
2206 3639 2262 3694 4.
2294 3671 2364 3682 -
2389 3640 2462 3694 Et
2486 3641 2666 3696 anima
2697 3658 2838 3709 mea,
2874 3648 2982 3698 etc.
3017 3641 3152 3711 Quis
3189 3657 3301 3698 non
3337 3641 3532 3698 intelli-

1944 3740 2036 3804 gat
2065 3733 2304 3788 animam
2333 3733 2629 3790 luctantem
2668 3749 2791 3790 cum
2824 3736 3031 3810 morbis
3071 3736 3207 3802 suis,
3229 3735 3321 3791 diu
3354 3741 3533 3790 autem

1945 3827 2166 3886 dilatam
2194 3845 2224 3884 a
2253 3821 2464 3885 medico
2485 3870 2500 3895 ,
2532 3838 2592 3884 ut
2616 3829 2666 3885 ei
2692 3831 3113 3899 persuaderetur
3141 3830 3198 3884 in
3227 3844 3348 3900 quae
3391 3828 3530 3884 mala

1943 3921 2220 3992 peccando
2249 3935 2307 3976 se
2339 3920 2805 3991 praecipitaverit?
2840 3920 2994 3988 Quod
3021 3921 3164 3977 enim
3196 3920 3355 3977 facile
3377 3935 3532 3976 sana-

1944 4019 2053 4078 tur,
2085 4028 2193 4068 non
2229 4011 2457 4066 multum
2489 4019 2734 4068 cavetur.
2767 4012 2848 4066 Ex
2887 4010 3200 4068 difﬁcultate
3241 4021 3422 4068 autem
3447 4028 3532 4068 sa-

1944 4102 2178 4157 nationis
2203 4102 2310 4156 crit
2340 4101 2647 4172 diligentior
2675 4102 2918 4156 custodia
2945 4111 3176 4172 recepta:
3201 4103 3473 4157 sanitatis.

2016 4193 2184 4248 Vsns.
2214 4193 2268 4248 5.
2293 4190 2707 4260 -—Convertere,
2729 4192 3092 4260 Domine,etc.
3118 4193 3449 4250 Convertens
3475 4210 3533 4251 se

1943 4291 2087 4349 orat,
2123 4289 2180 4337 ut
2221 4281 2288 4337 ad
2329 4297 2451 4338 eum
2492 4289 2841 4338 convertatur
2865 4293 2921 4338 et
2948 4282 3110 4350 Deus,
3159 4284 3298 4339 sicut
3328 4284 3532 4339 dictum

1943 4381 2027 4430 est
2058 4392 2071 4429 :
2101 4372 2476 4431 Convertimini
2516 4374 2588 4430 ad
2620 4391 2724 4442 me,
2758 4385 2810 4430 et
2856 4385 3128 4431 convertar
3158 4377 3228 4431 ad
3269 4393 3378 4443 vos,
3406 4376 3532 4431 dicit

1943 4465 2223 4522 Dominus.

2016 4558 2182 4614 Vnns.
2219 4559 2270 4613 6.
2300 4589 2368 4600 -—
2393 4558 2657 4627 Quoniam
2700 4577 2804 4617 non
2849 4570 2948 4628 est,
2975 4571 3081 4617 etc.
3110 4561 3364 4633 Intelligit
3391 4577 3532 4618 nunc

246 4648 453 4704 mortui
482 4649 654 4705 vitam
692 4663 801 4705 non
837 4649 1089 4706 habendo
1127 4651 1395 4716 veritatis,
1423 4661 1668 4709 mortuos
1698 4655 1751 4708 in
1783 4669 1841 4710 se
1869 4702 1918 4723 η
1945 4666 2067 4708 esse
2095 4660 2308 4723 tempus
2333 4653 2726 4719 conversionis,
2759 4653 2908 4723 quia,
2932 4669 3054 4710 cum
3082 4654 3188 4708 ista
3215 4653 3326 4708 vita
3354 4662 3531 4710 trans-

247 4742 540 4812 recipiunt,
589 4757 727 4813 quos
781 4742 964 4798 verbis
1014 4743 1366 4799 mendacibus
1415 4753 1633 4800 necant.
1685 4745 1841 4813 Quod

246 4844 431 4888 autem
453 4834 530 4888 ait
562 4852 575 4888 :
600 4832 800 4888 Judica
830 4832 971 4898 illos,
1003 4833 1167 4899 Deus,
1202 4850 1308 4889 non
1336 4842 1488 4906 optat
1514 4843 1574 4890 ut
1600 4837 1837 4905 eveniat,

243 4930 344 4986 sed
379 4929 558 4986 cernit
583 4931 714 5002 quid
742 4937 1030 4985 venturum
1055 4931 1148 4986 sit.

320 5026 605 5093 Decidant,
629 5035 736 5082 etc.
769 5024 1030 5080 Decidant
1056 5025 1442 5082 accusantibus
1473 5039 1532 5081 se
1559 5027 1842 5098 cogitatio-

245 5121 408 5175 nibus
452 5119 587 5186 suis,
619 5119 952 5174 conscientia
992 5134 1129 5174 sua:
1159 5129 1215 5174 et
1263 5119 1390 5189 quia
1438 5119 1666 5174 multum
1713 5129 1841 5175 sunt

246 5212 424 5283 impii,
450 5211 676 5282 multum
723 5211 882 5284 longe
907 5226 1003 5268 eos
1028 5211 1240 5282 expelle
1269 5213 1339 5268 ab
1369 5212 1459 5268 illa
1502 5212 1839 5280 haereditate,

247 5319 372 5374 quae
395 5303 741 5375 intelligendo
769 5312 825 5360 et
853 5303 1086 5359 videndo
1115 5303 1226 5360 Deo
1251 5305 1580 5376 possidetur.

326 5395 688 5452 Vens.12.—
711 5395 783 5451 Et
809 5396 1072 5465 (tutentur,
1104 5407 1210 5454 etc.
1245 5397 1365 5470 Ipse
1394 5413 1524 5470 ergo
1555 5401 1660 5455 erit
1684 5409 1842 5456 teter-

248 5504 322 5544 na
353 5490 666 5558 exsultatio,
692 5506 791 5548 ceu
817 5491 1076 5564 templum
1103 5490 1200 5547 Dei
1227 5491 1365 5547 ﬁunt
1383 5492 1536 5563 justi.

327 5582 394 5637 Et
420 5582 809 5654 gloriabuntur,
841 5595 948 5642 etc.
980 5585 1107 5642 Haec
1132 5596 1217 5643 est
1243 5585 1550 5643 benedictio
1581 5605 1594 5642 :
1625 5587 1843 5659 gloriari

253 5675 310 5730 in
344 5673 454 5730 Deo
485 5684 540 5731 et
565 5675 798 5733 habitari
830 5694 862 5733 a
896 5679 1026 5734 Deo.

329 5770 493 5828 Vens.
529 5772 618 5828 15.
641 5772 969 5840 —Domine,
992 5783 1050 5829 ut
1071 5783 1216 5829 scuto
1243 5774 1392 5830 bona:
1413 5773 1709 5840 voluntatis,
1735 5783 1842 5831 etc.

253 5869 406 5925 Bona
431 5868 683 5924 voluntas
711 5867 807 5924 Dei
842 5869 1098 5940 praecedit
1133 5878 1378 5926 nostram
1403 5868 1756 5935 voluntatem,
1785 5879 1846 5925 ut

255 5969 576 6046 peccatores
597 5971 756 6018 vocet
784 5963 838 6018 in
863 5962 1258 6036 paenitentiam.
1286 5961 1353 6016 Et
1378 5961 1495 6038 ipsa
1518 5970 1644 6023 sunt
1668 5977 1838 6029 arma,

1868 4702 1920 4762 D

1952 4743 2094 4810 ierit,
2136 4760 2244 4800 non
2292 4753 2464 4800 restat
2501 4745 2607 4800 nisi
2644 4744 2929 4799 retributio
2975 4744 3316 4800 meritorum.
3347 4743 3532 4800 Potest

1950 4837 2115 4893 etiam
2171 4835 2302 4892 illud
2353 4836 2597 4909 intelligi,
2646 4845 2706 4890 ut
2761 4847 2979 4891 mortem
3021 4844 3178 4892 vocet
3223 4847 3526 4907 peccatum,

1949 4929 2094 4999 quod
2121 4937 2432 5000 contempta
2457 4929 2572 5000 lege
2599 4928 2697 4984 Dei
2722 4927 3100 4984 committitur.
3122 4928 3182 4984 In
3202 4944 3308 5000 qua
3331 4938 3528 4998 morte,

1948 5025 2053 5081 hoc
2093 5034 2198 5093 est,
2231 5041 2350 5081 esse
2381 5026 2752 5080 immemorem
2801 5022 2916 5088 Dei,
2943 5023 3115 5095 legem
3158 5031 3213 5079 et
3259 5034 3529 5095 praecepta

1949 5127 2327 5184 contemnere,
2357 5126 2416 5173 ut
2445 5119 2708 5188 infernum
2751 5116 2950 5173 dixerit
2992 5118 3290 5175 caecitatem
3339 5120 3528 5184 animi,

1950 5226 2069 5282 qua:
2115 5221 2453 5282 peccantem,
2486 5211 2539 5265 id
2598 5218 2681 5265 est
2735 5209 3055 5266 morientem
3099 5211 3318 5282 excipit,
3351 5221 3407 5266 et
3449 5213 3530 5266 in-

1949 5305 2134 5362 volvit.
2158 5307 2241 5361 Ab
2283 5306 2388 5361 ista
2433 5313 2606 5360 morte
2647 5315 2702 5360 et
2745 5304 2812 5359 ab
2858 5305 2962 5362 isto
3011 5305 3226 5361 inferno
3256 5313 3424 5360 tutam
3472 5320 3528 5360 se

1947 5401 2174 5472 praeberi
2211 5400 2391 5455 anima
2427 5401 2774 5471 deprecatur,
2798 5403 2925 5458 dum
2960 5403 3184 5459 molitur
3212 5402 3528 5457 conversio.

1948 5509 2073 5550 nem
2101 5495 2170 5550 ad
2196 5494 2501 5559 Dominum,
2529 5503 2585 5551 et
2615 5493 2780 5551 sentit
2803 5492 3165 5552 difﬁcultates.
3191 5492 3528 5564 Quapropter

1949 5587 2189 5643 contexit
2222 5587 2408 5644 dicens
2439 5603 2454 5641 :

2017 5668 2180 5737 Vens.
2201 5681 2252 5734 7.
2275 5712 2340 5721 —
2359 5679 2634 5748 Laboravi,
2650 5689 2757 5756 etc.
2777 5680 2964 5737 Lectus
2983 5688 3067 5737 est
3086 5681 3190 5735 hoc
3215 5677 3269 5731 in
3294 5676 3416 5732 loco
3434 5692 3526 5748 ap-

1944 5775 2196 5848 pellatus,
2230 5775 2321 5830 ubi
2357 5775 2646 5846 requiescit
2685 5775 2897 5830 animus
2926 5788 3068 5844 aeger
3092 5780 3146 5826 et
3171 5769 3438 5834 inﬁrmus,
3473 5769 3526 5824 id

1945 5877 2028 5924 est
2066 5869 2120 5922 in
2160 5867 2435 5938 voluptate
2479 5869 2724 5940 corporis
2762 5876 2816 5923 et
2854 5864 2998 5920 omni
3042 5862 3392 5920 delectatione
3423 5877 3495 5917 sm

1945 5960 2137 6028 culari,
2168 5976 2328 6041 quem
2373 5961 2618 6032 lacrymis
2663 5960 2822 6026 lauat,
2854 5956 2946 6036 qui
2975 5970 3033 6012 se
3069 5955 3136 6014 ab
3179 5953 3270 6010 illo
3302 5963 3528 6010 conatur
