3948 6314
434 454 540 511 765

930 450 1321 505 WALAFRIDI
1361 447 1607 504 STRABI
1648 445 1849 501 FULD.
1892 439 2058 498 MON.
2097 440 2249 497 OPP.
2292 443 2470 500 PARS
2510 444 2550 498 I.
2592 473 2657 484 -ο-
2696 441 3154 499 THEOLOGICA.

3598 450 3707 502 764

432 573 739 635 extrahere,
762 580 816 624 et
849 582 1104 640 tanquam
1134 568 1250 624 dies
1275 577 1332 623 et
1364 575 1551 622 noctes
1580 565 1790 621 alterno
1819 560 2012 618 aﬂ‘ectu
2038 558 2091 621 Α
2116 558 2248 625 rint,
2280 569 2460 617 tamen
2501 562 2553 616 in
2584 570 2782 615 natura
2813 575 2909 614 sua
2946 561 3072 615 boni
3117 576 3148 614 a
3192 560 3303 617 Deo
3333 564 3507 618 creati
3533 576 3662 623 sunt
3691 588 3706 624 :

437 665 647 735 cogitur
692 664 805 734 pati
836 670 956 727 :ut,
980 676 1101 717 cum
1139 660 1269 716 dicit
1303 679 1314 713 :
1347 669 1514 714 mente
1542 658 1708 713 servio
1756 655 1855 726 legi
1901 654 2014 720 Dei,

435 766 692 825 tanquam
741 755 885 810 diem
938 754 1178 808 sentiat:
1215 768 1404 808 rursus
1449 766 1571 806 cum
1614 750 1745 803 dicit
1794 766 1807 801 :
1858 763 2015 801 carne

432 859 606 903 autem
661 846 760 917 legi
808 847 1034 917 peccati,
1088 844 1380 899 inclinetur
1435 843 1489 896 in
1544 848 1796 904 noctem,
1845 838 2016 892 donec

431 939 608 994 omnis
633 953 739 992 nox
770 944 1030 1000 transeat,
1060 944 1117 991 et
1142 934 1324 989 veniat
1358 948 1497 987 unus
1539 931 1676 996 dies,
1708 930 1772 984 de
1801 942 1906 998 quo
1934 927 2017 981 di-

431 1029 626 1083 citur:
671 1043 822 1081 mane
871 1026 1089 1080 adstabo
1145 1026 1256 1079 tibi.
1317 1023 1431 1078 Hoc
1488 1030 1668 1077 autem
1720 1017 2015 1090 accipimus

428 1127 678 1183 stratum,
703 1117 844 1186 quod
871 1125 925 1171 et
969 1116 1167 1173 lectum
1198 1130 1214 1168 :
1242 1128 1550 1184 quanquam
1584 1111 1761 1182 rigabo
1785 1108 2014 1178 amplius

433 1206 505 1260 sit
540 1206 743 1275 aliquid
773 1220 934 1274 quam
967 1204 1153 1259 lavabo
1186 1221 1203 1258 :
1232 1204 1486 1275 quoniam
1518 1208 1696 1271 potest
1729 1199 1929 1267 aliquid
1958 1198 2013 1251 in

431 1297 717 1366 superﬁcie
745 1297 939 1361 lavari,
969 1296 1167 1366 rigatio
1195 1310 1324 1349 vero
1356 1296 1422 1348 ad
1468 1294 1727 1349 interiora
1758 1291 2009 1363 pertinet,

432 1389 576 1460 quod
603 1389 875 1460 signiﬁcat
899 1388 1080 1444 ﬂetum
1112 1404 1283 1458 usque
1309 1387 1377 1442 ad
1409 1387 1588 1442 cordis
1612 1386 1821 1440 intima.

503 1483 667 1537 Vsus.
703 1481 756 1537 8.
796 1511 867 1523 -—
900 1479 1160 1535 Turbatus
1189 1489 1285 1545 est,
1328 1488 1434 1533 etc.
1472 1478 1698 1548 Propter
1734 1477 1871 1535 iram
1903 1475 2010 1530 Do-

433 1575 564 1630 mini
616 1574 825 1628 oculum
875 1573 1054 1629 cordis
1103 1572 1186 1627 sui
1228 1571 1517 1643 proﬁtetur
1557 1585 1677 1625 esse
1721 1570 2007 1637 turbatum.

433 1668 572 1735 Quid
596 1667 737 1721 enim
776 1665 1181 1723 formidolosius
1206 1681 1367 1734 quam
1410 1664 1557 1719 illum
1587 1665 1770 1730 irasci,
1804 1664 1929 1733 qui,
1965 1663 2012 1718 si

434 1776 538 1812 non
566 1760 872 1822 miseretur,
897 1758 1226 1828 exstinguit?
1254 1756 1513 1827 Quodque
1542 1756 1835 1827 subjungit,
1872 1756 2013 1811 inve-

431 1851 591 1902 teravi
620 1850 756 1904 inter
781 1866 958 1904 omnes
987 1851 1223 1903 inimicos
1246 1866 1406 1911 meos,
1438 1850 1643 1907 invenit
1672 1866 1730 1906 se
1762 1850 2012 1906 omnibus

2118 651 2176 707 lii
2204 653 2349 723 enim
2401 654 2659 707 adversus
2687 651 2964 706 Christum
2995 659 3051 706 et
3076 651 3377 708 Ecclesiam
3416 655 3476 711 in
3519 672 3708 727 pem-

2118 744 2343 813 cutione
2368 745 2486 815 pari
2513 759 2780 799 consensu
2804 744 3275 813 conspiraverunt.

2193 833 2353 889 Vnus.
2402 835 2456 899 1,
2490 834 2547 889 2.
2577 864 2645 874 —
2673 833 2895 888 Domine
2936 833 3078 888 Deus
3112 851 3278 901 meus,
3322 836 3382 890 in
3428 846 3483 891 te
3518 855 3710 908 φησι.

2117 926 2185 992 vi,
2208 934 2313 982 etc.
2352 925 2435 979 Ne
2462 926 2673 996 quando
2713 927 2907 996 rapiat,
2929 934 3034 981 etc.
3067 925 3207 982 Dicit
3231 928 3528 998 Apostolus
3556 951 3570 985 :
3602 934 3710 999 Ad:

2116 1017 2381 1071 versarius
2408 1026 2574 1070 vester
2603 1015 2846 1070 diabolus
2878 1026 3129 1091 tanquam
3154 1015 3233 1071 lea
3256 1020 3469 1089 rugiens
3499 1023 3709 1089 circuit,

2114 1125 2353 1180 qurerens
2376 1124 2526 1180 quem
2551 1108 2777 1163 devoret.
2811 1108 2995 1179 Itaque
3022 1124 3145 1162 cum
3172 1110 3379 1166 diceret
3404 1127 3508 1182 per
3530 1114 3715 1184 plura-

2116 1202 2220 1257 lem
2272 1217 2558 1257 numerum
2594 1221 2606 1256 :
2648 1201 2851 1258 salvum
2899 1220 2980 1257 me
3021 1202 3109 1272 fac
3141 1220 3205 1257 ex
3251 1205 3497 1260 omnibus
3540 1225 3712 1277 perse-

2114 1294 2388 1366 quentibus
2425 1311 2526 1360 me,
2580 1295 2907 1366 singularem
2939 1305 3128 1366 postea
3153 1296 3334 1351 intulit
3368 1297 3559 1353 dicens
3595 1317 3609 1353 :
3654 1316 3715 1352 ne

2114 1387 2324 1457 quando
2368 1389 2538 1458 rapiat
2580 1397 2635 1441 ut
2668 1387 2747 1443 l’eo
2774 1389 3003 1442 animam
3043 1404 3230 1445 meam.
3265 1388 3383 1445 Non
3406 1390 3557 1445 enim
3594 1392 3710 1443 ait:

2116 1497 2179 1536 ne
2216 1481 2427 1552 quando
2471 1482 2716 1551 rapiant;
2752 1489 3008 1551 tanquam
3051 1480 3140 1534 cui
3182 1495 3287 1536 non
3340 1482 3567 1536 resistat
3596 1480 3712 1549 jam

2114 1570 2357 1643 perfecto
2399 1571 2503 1626 nisi
2548 1571 2764 1628 invidus
2789 1572 3057 1637 diabolus,
3089 1580 3347 1642 superato
3377 1574 3533 1628 muni
3572 1574 3713 1628 bello

2116 1672 2279 1733 atque
2308 1662 2638 1718 adversitate
2667 1662 2943 1717 vitiorum.
2973 1661 3128 1728 Quod
3166 1671 3349 1719 autem
3376 1664 3669 1735 subjungit
3697 1686 3709 1718 :

2115 1756 2241 1809 dum
2282 1772 2385 1811 non
2422 1764 2497 1809 est
2536 1755 2625 1825 qui
2670 1754 2912 1820 redimat,
2961 1754 3036 1809 ita
3063 1754 3597 1824 intelligendum,ne
3626 1756 3713 1811 ille

2116 1847 2311 1917 rapiat,
2344 1846 2470 1900 dum
2499 1854 2551 1899 tu
2581 1861 2686 1900 non
2713 1845 2935 1900 redimis
2958 1860 3132 1916 neque
3160 1845 3373 1900 salvum
3396 1845 3561 1903 facis.

431 1940 575 1995 vitiis
603 1956 725 1996 esse
756 1942 1033 2008 vallatum,
1055 1958 1176 2013 quae
1201 1943 1457 2012 quoniam
1488 1943 1688 1998 veteris
1716 1943 1839 2000 vita:
1863 1954 2007 2010 sunt,
2040 1920 2086 1979 Β
2186 1937 2351 1993 Vens.
2378 1938 2434 1992 Δ.
2468 1968 2534 1978 —-
2557 1937 2781 1993 Domine
2828 1937 2970 1992 Deus
2996 1954 3166 2004 meus,
3193 1946 3299 1993 ctc.
3331 1938 3493 2005 Quod
3538 1939 3673 1995 dicit
3696 1958 3709 1994 :

427 2040 481 2085 et
508 2033 705 2089 veteris
750 2033 1005 2099 hominis,
1049 2048 1156 2103 quo
1203 2033 1438 2089 exuendi
1483 2049 1669 2090 sumus
1724 2042 1782 2087 ut
1822 2035 2011 2089 indua-

430 2137 550 2175 mur
571 2138 729 2187 novo,
758 2133 903 2180 recte
934 2125 1137 2179 dictum
1183 2134 1267 2181 est
1296 2144 1309 2179 :
1343 2127 1641 2181 inveteravi.
1668 2126 1739 2181 In
1775 2116 2043 2187 omnibus'.

429 2221 608 2268 autem
655 2215 883 2270 inimicis
926 2216 1076 2282 meis,
1105 2216 1189 2272 vel
1230 2217 1371 2272 inter
1406 2218 1520 2288 ipsa
1562 2217 1693 2272 vitia
1743 2218 1892 2284 dicit,
1929 2218 2014 2274 vel

429 2304 574 2359 inter
618 2306 884 2373 homines,
919 2309 1011 2377 qui
1056 2309 1246 2364 nolunt
1274 2310 1340 2365 ad
1372 2310 1539 2366 Deum
1582 2312 1847 2366 converti.
1876 2311 2011 2366 Nam

427 2406 485 2452 et
520 2398 573 2452 hi
605 2399 816 2454 etiamsi
864 2402 1133 2467 nesciunt,
1170 2402 1384 2458 etiamsi
1415 2412 1668 2473 parcunt,
1698 2414 1879 2459 tamen
1926 2406 2012 2461 in—

431 2488 669 2543 tentione
698 2490 973 2545 contraria
1008 2491 1211 2546 inimici
1249 2501 1376 2547 sunt
1405 2492 1485 2547 eis
1520 2492 1613 2562 qui
1649 2508 1706 2548 se
1746 2494 1815 2547 ad
1842 2493 2010 2549 Deum

424 2588 766 2636 convertunt.
785 2579 986 2637 Verum
1016 2583 1143 2653 quia
1166 2583 1326 2639 inane
1354 2599 1463 2639 non
1490 2592 1668 2655 potest
1689 2600 1832 2651 esse,
1865 2587 2011 2656 quod

428 2681 537 2728 tam
562 2675 912 2732 vehementer
938 2684 1180 2747 rogatur,
1207 2677 1298 2747 qui
1326 2676 1449 2734 fons
1471 2686 1556 2733 est
1583 2679 1823 2735 omnium
1849 2678 2011 2737 mise-

426 2764 808 2831 ricordiarum,
833 2767 1224 2839 ve‘rissimeque
1249 2767 1453 2823 dictum
1481 2778 1564 2824 est
1586 2783 1603 2822 :
1630 2786 1789 2840 prope
1811 2780 1885 2825 est
1912 2770 2011 2825 Do-

421 2858 594 2923 minus
626 2857 828 2911 obtritis
854 2857 1029 2923 corde,
1059 2867 1184 2928 post
1213 2866 1391 2913 tantas
1415 2844 1763 2915 difﬁcultates
1791 2860 2010 2915 exaudi-

427 2953 536 2997 tam
574 2959 633 2999 se
673 2945 849 2998 anima
881 2944 968 3015 pia
998 2945 1310 3016 signiﬁcans
1339 2945 1522 3017 (quam
1552 2946 1680 3003 licet
1702 2948 1867 3005 etiam
1902 2948 2006 3004 Ec-

426 3033 644 3089 clcsiam
675 3034 1021 3107 intelligere),
1048 3024 1173 3091 vide
1195 3037 1321 3107 quid
1346 3037 1589 3109 adjungit
1613 3053 1628 3092 :

496 3126 662 3182 Vens.
694 3128 749 3183 9.
774 3159 843 3167 —
870 3128 1131 3184 Discedite
1155 3148 1188 3184 a
1216 3147 1317 3197 me,
1345 3139 1451 3186 etc.
1481 3129 1575 3186 Vel
1625 3132 1681 3187 in
1725 3134 2008 3205 prophetia

421 3221 625 3295 dictum
654 3231 736 3278 est
763 3237 778 3277 :
808 3222 1101 3278 Discessuri
1136 3225 1273 3279 enim
1301 3235 1445 3290 sunt,
1470 3225 1521 3279 id
1552 3235 1636 3281 est
1675 3229 2005 3298 separaban-

423 3323 510 3369 tur
557 3331 589 3370 a
630 3313 793 3383 justis
845 3317 1017 3389 impii,
1056 3334 1181 3373 cum
1220 3317 1407 3388 jndicii
1457 3319 1574 3376 dies
1631 3322 1842 3379 venerit
1873 3340 1885 3375 :
1922 3322 2008 3376 vel

422 3418 587 3467 nunc,
619 3404 743 3475 quia
774 3406 985 3462 etiamsi
1015 3408 1221 3478 pariter
1252 3419 1410 3479 atque
1441 3409 1634 3465 iisdem
1661 3398 2011 3467 eonvcnticn-

423 3495 488 3550 lis
516 3498 891 3563 continentur;
931 3507 1107 3554 tamen
1151 3502 1204 3554 in
1248 3517 1373 3556 area
1403 3503 1543 3556 nuda
1576 3504 1688 3574 jam
1728 3521 1894 3575 grana
1927 3520 2010 3561 se-

429 3598 690 3655 parantur
719 3604 746 3641 a
780 3589 969 3657 paleis,
996 3604 1302 3659 quanquam
1341 3593 1482 3646 inter
1511 3594 1691 3663 paleas
1715 3594 1936 3650 lateant.

498 3678 781 3733 Exandivit
806 3664 1085 3746 Dominus,
1111 3690 1216 3735 etc.
1240 3682 1705 3754 Crebralcjusdem
1732 3678 2009 3743 sententicé

426 3768 677 3838 repetitio
706 3782 811 3822 non
841 3770 994 3839 quasi
1022 3772 1291 3825 narrantis
1322 3774 1721 3840 necessitatem,
1758 3775 1852 3830 sed
1882 3775 2008 3833 affe-

425 3867 569 3912 ctum
597 3858 917 3915 exsultantis
943 3861 1199 3917 ostendit.

498 3945 664 4003 Vens.
696 3949 781 4004 10.
806 3982 875 3990 ——
905 3951 1251 4022 Erubescant,
1284 3962 1389 4010 etc.
1415 3950 1529 4010 Hoc
1560 3955 1651 4011 illo
1683 3957 1767 4012 die
1816 3957 2004 4029 imple-

426 4038 591 4106 hitur,
625 4055 746 4095 cum
780 4042 1122 4099 manifestata
1154 4042 1353 4101 fuerint
1382 4047 1652 4117 justorum
1682 4050 1921 4119 praemia,
1952 4038 2006 4105 et

427 4131 684 4201 supplicia
741 4146 1112 4204 peccatorum.
1150 4132 1283 4193 Nam
1331 4154 1498 4208 usque
1546 4140 1680 4195 adeo
1732 4157 1839 4195 non
1881 4158 2004 4196 cru-

423 4222 650 4278 bescunt
682 4225 852 4295 impii,
886 4236 945 4280 ut
971 4224 1127 4282 nobis
1156 4228 1414 4284 insultare
1441 4246 1547 4284 non
1584 4230 1857 4287 desinant.

495 4314 815 4386 Quanquam
844 4327 901 4373 et
929 4317 1056 4372 illud
1086 4318 1175 4376 hic
1206 4320 1376 4391 accipi
1407 4330 1604 4392 potest,
1635 4331 1694 4376 ut
1715 4321 1849 4392 jam,
1878 4324 2002 4392 quia

423 4417 727 4477 gementem
763 4417 819 4462 et
868 4420 974 4464 tam
1015 4427 1156 4481 saepe
1184 4412 1383 4483 diuque
1412 4406 1628 4469 ﬂentem
1656 4415 1797 4470 Deus
1831 4432 1998 4472 exau-

424 4495 580 4561 divit,
613 4497 944 4569 intelligatur
988 4499 1214 4555 liherata
1269 4517 1298 4555 a
1349 4504 1587 4573 peccatis
1636 4520 1792 4560 orare
1837 4507 1999 4561 etiam

421 4599 522 4655 pro
552 4586 806 4654 inimicis,
838 4596 896 4643 ut
924 4584 990 4643 de
1025 4592 1264 4660 peccatis
1300 4593 1411 4647 suis
1442 4604 1601 4665 agant
1629 4597 1997 4665 pmnitentiam

421 4676 587 4747 (quod
619 4678 735 4732 sine
759 4678 1077 4735 confusione
1104 4690 1159 4736 et
1192 4684 1607 4740 conturbatione
1635 4684 1750 4740 ﬁeri
1778 4704 1880 4741 non
1904 4704 1998 4758 po-

423 4770 522 4837 tet)
552 4778 607 4823 et
632 4780 1018 4826 convertantur
1049 4775 1115 4827 ad
1144 4775 1453 4841 Dominum,
1484 4778 1913 4850 erubescantque
1939 4796 1998 4835 se

419 4861 473 4914 in
527 4862 797 4931 prioribus
848 4866 1087 4921 tenebris
1127 4878 1470 4938 peccatorum
1522 4870 1798 4941 gloriatos.
1844 4871 1996 4940 Quod

419 4962 598 5005 autem
646 4953 794 5009 addit
822 4973 835 5008 :
860 4956 1017 5011 'valde
1052 4958 1312 5023 velociter,
1342 4968 1435 5014 aut
1476 4962 1542 5015 ad
1588 4964 1827 5032 optantis
1861 4963 1995 5019 affe-

417 5049 581 5101 ctum,
611 5051 703 5096 aut
729 5044 796 5096 ad
823 5036 1021 5099 Christi
1049 5050 1342 5116 potentiam
1383 5048 1723 5107 referendum
1763 5062 1867 5118 est,
1903 5056 1995 5125 qui

417 5140 625 5201 gentes,
655 5147 774 5203 qua:
814 5150 911 5204 pro
958 5136 1116 5192 idolis
1159 5139 1273 5193 suis
1312 5140 1776 5209 persequebantur
1814 5143 1997 5198 Eccle-

418 5224 577 5289 siani,
602 5224 669 5279 ad
706 5225 979 5299 Evangelii
1014 5227 1173 5282 ﬁdem
1206 5235 1352 5281 tanta
1395 5236 1691 5299 temporum
1722 5232 1994 5288 celeritate

419 5316 705 5371 convertit.

426 5454 445 5472 .
910 5387 979 5442 1N
1027 5386 1357 5443 PSALMUM
1398 5390 1506 5445 VII.

487 5497 647 5555 Chusi
681 5501 1071 5572 interpretatur
1094 5500 1368 5572 Ethiops,
1405 5503 1673 5575 signiﬁcat
1700 5505 1989 5573 diabolum,

419 5594 500 5647 vel
527 5592 719 5650 Iudam
745 5594 1100 5663 proditorem,
1129 5610 1222 5651 seu
1262 5596 1516 5669 papulum
1544 5594 1871 5662 Judarorum,
1905 5599 1997 5669 qui

420 5699 543 5759 post
564 5699 841 5760 acceptam
871 5686 1251 5743 beatitudinem
1292 5689 1359 5744 ad
1393 5700 1736 5760 peccatorum
1764 5692 1998 5762 nigredi-

420 5798 541 5837 ncm
570 5792 694 5837 sunt
722 5781 988 5836 conversi.
1018 5782 1118 5847 Qui
1141 5783 1304 5837 etiam
1328 5783 1471 5851 ﬁlius
1499 5782 1713 5847 hmini,
1740 5785 1841 5839 hoc
1863 5794 1946 5839 cst
1979 5802 1992 5839 :

418 5875 558 5931 ﬁlius
588 5876 823 5929 dextera:
855 5874 1145 5939 scribitur;
1185 5875 1277 5948 qui
1325 5876 1451 5931 licet
1498 5877 1626 5932 vitio
1661 5893 1760 5933 suo
1783 5880 1993 5935 cecide-

2114 2034 2159 2086 si
2204 2032 2306 2102 feci
2350 2028 2785 2109 istud,linferius
2834 2030 2963 2100 quid
3004 2030 3078 2084 sit
3120 2031 3368 2101 exponit,
3396 2045 3526 2087 cum
3574 2030 3658 2086 ait
3696 2050 3709 2084 :

2114 2126 2159 2179 si
2186 2134 2259 2178 est
2284 2125 2532 2196 iniquitas
2561 2124 2616 2177 in
2640 2123 2883 2177 manibus
2908 2122 3055 2177 meis.

2186 2216 2347 2272 Vens.
2389 2216 2443 2272 5.
2475 2212 2631 2271 -——Si
2676 2214 2902 2278 reddidi,
2946 2222 3053 2269 etc.
3089 2212 3207 2268 Non
3254 2213 3334 2267 ait
3364 2227 3379 2266 :
3407 2214 3454 2273 si
3502 2214 3711 2268 reddidi

2114 2306 2449 2379 facientibus,
2475 2306 2569 2361 sed
2616 2304 3014 2360 retribuentibus
3057 2305 3184 2358 mihi
3234 2302 3398 2357 mala.
3432 2302 3541 2371 Qui
3567 2303 3712 2357 enim

2114 2400 2384 2466 retribuit,
2410 2398 2524 2469 jam
2554 2398 2762 2469 aliquid
2793 2404 3095 2467 acceperat.
3140 2394 3359 2466 Majoris
3397 2406 3586 2451 autem
3616 2411 3710 2464 pa-

2115 2490 2317 2545 tientia:
2343 2500 2428 2545 est
2454 2506 2554 2545 nec
2583 2490 2634 2545 ei
2657 2488 2797 2543 mala
2822 2487 3138 2558 rependere,
3166 2486 3259 2555 qui
3279 2487 3526 2556 acceptis
3549 2486 3711 2542 bene-

2116 2583 2249 2639 ﬁciis
2296 2584 2530 2639 reddidit
2582 2583 2723 2638 mala
2778 2597 2876 2651 pro
2924 2580 3291 2649 nobis,quam
3338 2578 3387 2634 si
3432 2578 3592 2635 nullo
3612 2594 3712 2637 ao-

2113 2684 2267 2746 cepto
2310 2675 2577 2731 beneﬁcio
2610 2689 2808 2730 nocere
2837 2673 3119 2729 voluisset.
3162 2671 3232 2728 Et
3258 2672 3400 2727 bene
3442 2672 3709 2729 addidit:

2111 2767 2350 2821 decidam
2399 2767 2583 2821 merito
2633 2766 2697 2820 ab
2753 2766 2982 2827 inimicis
3032 2765 3162 2818 meis
3221 2763 3420 2818 inanis.
3465 2762 3713 2819 [nauiter

2110 2860 2255 2915 enim
2300 2874 2357 2914 se
2400 2861 2596 2930 jactat,
2624 2857 2716 2929 qui
2744 2873 2867 2913 cum
2908 2857 3021 2927 ipse
3065 2856 3227 2911 homo
3254 2854 3346 2920 sit,
3373 2855 3533 2926 cupit
3558 2869 3621 2910 se
3644 2856 3711 2911 de

2109 2950 2329 3008 homine
2358 2949 2635 3006 vindicare
2659 2967 2671 3003 :
2697 2958 2754 3004 et
2776 2965 2900 3003 cum
2924 2960 3182 3018 superare
3208 2946 3491 3003 hominem
3526 2945 3707 3017 palam

2110 3042 2325 3112 quaerit,
2353 3041 2564 3096 occulte
2607 3057 2637 3095 a
2687 3039 2899 3095 diabolo
2938 3048 3245 3109 superatur,
3272 3038 3453 3095 inanis
3478 3038 3711 3095 enectus

2110 3149 2246 3187 vana
2275 3141 2330 3187 et
2361 3134 2593 3204 superba
2636 3132 2844 3197 laetitia,
2888 3131 3034 3202 quod
3074 3131 3231 3202 quasi
3279 3131 3432 3187 vinci
3467 3147 3581 3186 non
3616 3147 3712 3203 po-

2111 3224 2232 3278 tuit.
2261 3223 2575 3295 Intelligens
2617 3238 2746 3294 ergo
2796 3222 2919 3287 ista,
2966 3222 3057 3278 ubi
3096 3220 3270 3291 major
3318 3220 3416 3277 ﬁat
3450 3222 3710 3288 victoria,

2114 3314 2247 3370 iram
2274 3315 2455 3384 potius
2478 3330 2637 3385 quam
2666 3314 2944 3370 hominem
2965 3314 3153 3369 vincit.

2182 3407 2345 3462 Vens.
2374 3407 2427 3462 6.
2456 3438 2526 3446 —
2552 3405 2905 3477 Persequatur
2948 3405 3194 3460 inimicus
3208 3404 3235 3470 ,’
3254 3414 3362 3461 etc.
3409 3404 3707 3461 Inimicum

2110 3498 2373 3564 nominat,
2421 3512 2580 3567 quem
2634 3497 2885 3567 superius
2936 3496 3135 3550 leonem
3179 3496 3475 3566 appellavit
3528 3514 3543 3549 :
3596 3496 3707 3566 ipse

2110 3589 2253 3647 enim
2286 3590 2525 3644 animam
2568 3590 2935 3662 persequitur,
2973 3597 3027 3643 et
3057 3589 3103 3645 si
3130 3588 3432 3661 deceperit,
3455 3604 3711 3660 compre-

2108 3674 2320 3750 hendit,
2344 3683 2620 3754 vitamque
2648 3681 2765 3752 ejus
2794 3682 3165 3738 conculcando
3191 3693 3383 3737 terram
3429 3682 3599 3748 facit,
3627 3686 3705 3740 ci-

2106 3772 2232 3826 bum
2288 3772 2539 3829 vidclicet
2582 3789 2759 3829 suum.
2811 3772 2925 3828 Non
2982 3773 3128 3828 enim
3186 3781 3397 3827 tantum
3457 3774 3575 3840 leo,
3611 3775 3707 3831 sed

2107 3864 2271 3921 etiam
2301 3878 2526 3935 serpens
2566 3863 2866 3935 appellatus
2904 3872 3009 3927 est,
3049 3863 3136 3920 cui
3166 3850 3386 3920 dictum
3425 3875 3513 3921 est
3550 3881 3566 3920 :
3596 3876 3707 3920 ter-

2109 3974 2222 4012 ram
2265 3958 2629 4012 manducabis.
2671 3957 2911 4013 Gloriam
2955 3972 3169 4028 quoque
3197 3956 3314 4023 ejus
3341 3958 3397 4011 in
3432 3958 3706 4028 puluerem

2107 4049 2342 4116 deducit,
2376 4063 2538 4119 quem
2595 4048 2809 4118 projicit
2852 4057 3044 4105 ventus
3091 4064 3122 4103 a
3157 4048 3297 4104 facie
3340 4060 3526 4113 terrm,
3560 4052 3705 4120 quod

2107 4150 2191 4196 est
2234 4157 2369 4195 vana
2416 4150 2472 4195 et
2516 4141 2695 4211 inepta
2736 4141 3002 4213 jactantia
3036 4149 3291 4212 tanquam
3322 4152 3494 4196 vento
3527 4141 3705 4197 elatus

2106 4230 2343 4301 pulveris
2381 4231 2589 4302 globus.

2176 4322 2339 4376 Vens.
2366 4323 2416 4376 7.
2448 4350 2515 4360 -
2542 4322 2801 4393 Exsurge,
2842 4322 3081 4385 Domine,
3111 4330 3215 4377 etc.
3268 4319 3383 4377 Non
3436 4324 3703 4378 adversus

2105 4413 2351 4468 homines
2382 4413 2495 4467 haec
2532 4406 2808 4483 precatur,
2850 4413 2944 4469 sed
2997 4413 3256 4469 adversus
3290 4412 3597 4485 diabolum
3652 4424 3701 4468 et

2103 4503 2323 4575 angelos
2372 4501 2527 4572 ejus,
2558 4519 2786 4574 quorum
2837 4502 3108 4574 possessio
3156 4511 3483 4573 peccatores
3536 4512 3701 4573 atque

2104 4594 2253 4664 impii
2282 4590 2527 4650 homines
2556 4603 2704 4660 sunt,
2732 4594 2925 4665 quibus
2951 4607 3114 4664 poena
3141 4602 3246 4660 est,
3271 4609 3397 4648 cum
3450 4592 3703 4649 aufertur

2102 4685 2171 4741 ah
2216 4686 2296 4741 eis
2343 4686 2443 4742 ista
2493 4687 2782 4758 possessio,
2816 4688 2869 4741 in
2910 4702 3015 4757 qua
3045 4686 3311 4742 dominari
3360 4689 3696 4745 desiderant.

2103 4780 2251 4836 Hanc
2277 4797 2493 4852 poenam
2525 4781 2657 4837 dicit
2688 4781 2823 4834 iram
2868 4779 2963 4836 Dei
3012 4781 3273 4837 adversus
3307 4783 3622 4848 diabolum,
3647 4796 3701 4837 nt

2101 4872 2313 4928 desinat
2353 4871 2630 4941 possidere
2684 4886 2820 4940 quos
2867 4871 3126 4941 possidet.
3168 4871 3342 4939 Quam
3391 4875 3700 4942 posscssio-

2101 4980 2221 5019 nem
2259 4965 2394 5017 dixit
2416 4963 2564 5032 ﬁnes,
2591 4964 2680 5017 ubi
2712 4963 2823 5017 vult
2848 4963 3012 5018 Deum
3038 4964 3265 5018 exaltari
3291 4966 3499 5033 potius,
3529 4966 3581 5019 id
3618 4976 3699 5020 est

2101 5057 2354 5110 honorari
2402 5065 2454 5110 et
2500 5056 2811 5128 gloriﬁcari,
2843 5072 3004 5127 quam
3050 5056 3342 5124 diabolum,
3374 5058 3507 5113 dum
3545 5060 3695 5130 impii

2095 5147 2463 5218 justiﬁcantur
2494 5158 2545 5202 et
2577 5149 2809 5219 migrant
2839 5149 2894 5203 in
2930 5148 3186 5218 templum
3216 5150 3333 5204 Dei.

2173 5238 2426 5309 Exsurge,
2462 5240 2680 5293 Domine
2726 5239 2866 5295 Deus
2897 5258 3063 5307 meus,
3087 5251 3191 5296 etc.
3224 5244 3361 5308 Quia
3405 5242 3691 5296 humilita-

2102 5340 2208 5385 tem
2260 5331 2583 5401 praecepisti,
2614 5332 2835 5385 humilis
2865 5347 3086 5402 appare,
3127 5339 3183 5388 et
3230 5342 3285 5387 tu
3337 5335 3494 5404 prior
3528 5335 3691 5405 imple

2098 5422 2241 5491 quod
2281 5422 2607 5492 praecepisti,
2653 5428 2710 5476 ut
2753 5422 3000 5501 exemplo
3053 5434 3145 5480 tuo
3174 5425 3458 5480 vincentes
3494 5442 3689 5497 super-

2100 5512 2244 5566 biam
2272 5527 2378 5565 non
2404 5512 2784 5581 pOSsideantur
2808 5529 2838 5567 a
2869 5513 3101 5570 diabolo.

2171 5600 2451 5673 Synagoga
2494 5611 2671 5655 autem
2719 5603 3030 5673 populorum
3061 5645 3075 5670 ,
3111 5606 3162 5660 id
3220 5614 3303 5661 est
3343 5608 3687 5663 credentium

2097 5708 2193 5763 per
2219 5692 2335 5761 ejus
2358 5691 2711 5747 humilitatem
2742 5693 3045 5759 multitudo,
3072 5696 3141 5749 ita
3164 5711 3287 5750 eum
3311 5699 3683 5763 circumdedit,

2101 5795 2158 5839 ut
2186 5786 2464 5839 verissime
2495 5785 2803 5840 diceretur:
2833 5785 3054 5842 chitas
3090 5805 3154 5842 ea:
3191 5800 3340 5859 parte
3371 5793 3588 5861 contigit
3629 5794 3682 5846 in

2099 5878 2290 5944 Israel,
2318 5878 2479 5933 donec
2508 5878 2775 5950 plenitudo
2812 5883 3039 5953 gentium
3067 5884 3300 5939 intraret.
