3948 6314
156 427 258 485 765

1233 422 1475 479 EXPOS.
1513 423 1581 477 IN
1620 423 1714 479 XX
1754 423 2007 482 PRIMOS
2045 424 2376 484 PSALMOS.

3318 416 3419 471 766

227 543 390 598 Vens.
420 543 658 599 8.-—Et
701 553 908 613 prapter
954 545 1110 609 lianc,
1140 552 1246 598 etc.
1296 543 1352 597 Id
1391 550 1474 596 est
1520 550 1738 610 propter
1765 547 1811 605 Α
1842 541 2156 597 fortitudine
2206 542 2338 598 Novi
2389 540 2738 606 Testamenti,
2783 536 2934 609 quasi
2979 549 3144 589 nervo
3187 530 3418 602 quodam

158 640 294 695 hanc
339 639 812 707 congregationem
857 639 1142 707 regredere
1172 638 1226 691 in
1259 638 1442 697 altum,
1477 636 1618 703 quod
1648 650 1734 688 re-

158 732 424 801 surgendo
452 739 506 784 et
553 731 605 786 in
653 731 847 786 ccelum
887 731 1225 786 ascendendo
1268 727 1459 782 fecisse
1487 725 1738 796 intelligi-

161 833 263 879 tur.
297 823 363 876 Et
390 824 529 878 bene
565 824 908 893 prosequitur
940 841 952 876 :

230 916 392 970 Vens.
425 916 482 972 9.
524 948 594 957 —
629 917 888 971 Dominus
930 916 1135 986 judicat
1185 911 1420 984 populos,
1452 919 1555 964 etc.
1583 910 1739 984 (Quia

160 999 280 1064 inde
313 1023 578 1066 venturus
628 1019 708 1064 cst
751 1009 992 1079 judicare
1036 1009 1186 1061 vivos
1219 1015 1272 1060 et
1303 1013 1561 1059 mortuos.
1593 1002 1738 1071 Qua:-

159 1111 381 1174 propter
411 1105 524 1158 haec
566 1104 769 1168 anima,
801 1115 921 1172 qua:
966 1101 1204 1171 perfecte
1235 1106 1372 1162 orat,
1407 1097 1527 1151 vide
1554 1109 1742 1165 quem-

159 1195 450 1252 admodum
477 1211 584 1250 non
613 1197 800 1250 timeat
823 1194 1011 1265 judicii
1048 1193 1210 1256 diem,
1237 1198 1294 1245 et
1319 1201 1446 1243 vero
1473 1186 1743 1242 desiderio

161 1290 303 1344 dicat
337 1290 391 1343 in
421 1290 665 1343 oratione
698 1307 711 1342 :

227 1379 421 1433 Judica
458 1396 560 1443 me,
594 1379 834 1443 Domine,
859 1387 964 1432 etc.
994 1377 1082 1430 Illa
1129 1382 1212 1430 est
1245 1384 1370 1428 vera
1411 1371 1739 1434 innocentia,

160 1484 278 1539 quae
317 1485 419 1524 nec
460 1469 678 1523 inimico
708 1477 886 1522 nocet.
917 1469 1102 1535 Itaque
1132 1467 1268 1519 bene
1289 1463 1521 1532 judicari
1561 1476 1618 1514 se
1645 1473 1742 1530 po-

159 1560 322 1614 stulat
365 1560 650 1613 secundum
693 1559 1044 1612 innocentiam
1085 1572 1261 1619 suam,
1287 1555 1530 1624 quivere
1563 1552 1743 1605 dicere

159 1654 334 1724 potuit
351 1672 363 1707 :
378 1655 424 1708 si
440 1654 642 1707 reddidi
658 1652 1058 1707 retribucntibus
1073 1651 1199 1703 mihi
1216 1648 1376 1702 mala.
1395 1647 1546 1714 Quod
1563 1653 1741 1698 autem

160 1746 365 1800 addidit
395 1764 406 1798 :
441 1759 596 1814 super
617 1761 718 1807 me,
749 1744 1083 1798 demonstrat
1113 1743 1360 1810 idipsum,
1392 1738 1532 1807 quod
1564 1736 1741 1788 anima

150 1836 299 1904 justa
327 1846 410 1891 est
440 1853 453 1889 :
483 1835 551 1889 Et
571 1835 809 1904 inquam,
833 1835 877 1887 si
909 1834 1125 1888 lucerna
1154 1827 1349 1884 ardens
1370 1839 1422 1882 et
1444 1828 1629 1881 lucens
1657 1825 1741 1878 di-

1841 633 2037 688 duritia
2069 633 2280 686 Veteris
2327 630 2462 685 flexa
2505 640 2561 685 et
2594 630 2829 684 edomita
2865 635 2967 682 est.
3001 625 3139 679 Hinc
3166 632 3417 692 tanquam

1839 727 2042 794 sagitta:
2069 725 2392 778 emittuntur
2421 722 2668 792 apostoli,
2702 720 2784 775 vel
2834 719 3013 772 divina
3050 715 3315 785 praeconia
3339 710 3416 778 ja-

1841 817 2108 871 culantur.
2161 819 2306 880 Quas
2361 815 2585 886 sagittas
2630 811 2932 866 ardentibus
2981 810 3172 878 effecit,
3229 806 3424 874 quibus

1842 910 2106 980 percussi,
2139 910 2320 963 divino
2347 925 2532 963 amore
2569 907 2880 978 ﬂagrarent.
2927 902 3063 957 Vasa
3090 915 3216 956 vero
3241 898 3424 952 mortis

1843 999 1917 1053 vel
1943 1001 2186 1056 haeretici
2221 1000 2612 1068 intelliguntur,
2646 998 2738 1066 qui
2775 1011 2841 1050 ex
2875 995 3064 1048 eodem
3094 1007 3243 1055 arcu,
3270 989 3321 1042 id
3343 994 3428 1042 est

1843 1103 1909 1143 ex
1955 1089 2157 1143 eisdem
2205 1090 2490 1159 scripturis
2533 1089 2586 1142 in
2639 1087 2848 1142 animas
2889 1100 2993 1138 non
3043 1082 3309 1137 charitate
3341 1078 3428 1130 in-

1843 1181 2194 1237 ﬂammandos
2223 1224 2237 1248 ,
2285 1181 2379 1237 scd
2429 1181 2654 1236 venenis
2709 1177 3051 1249 perimendas
3118 1173 3364 1228 insiliunt
3412 1187 3426 1222 :

1841 1280 1984 1350 quod
2020 1296 2124 1333 non
2159 1281 2406 1349 contigit,
2452 1279 2556 1333 nisi
2586 1291 2685 1347 pro
2723 1275 2931 1330 meritis
2965 1291 2978 1326 :
3009 1281 3062 1328 et
3103 1272 3173 1325 oh
3220 1271 3322 1324 hoc
3350 1267 3431 1320 di-

1841 1370 1980 1424 vina:
2030 1369 2386 1424 Providentiae
2436 1368 2600 1422 etiam
2655 1367 2758 1420 ista
2811 1363 3095 1432 dispositio
3146 1356 3433 1414 tribuenda

1843 1470 1942 1517 est.
1985 1459 2075 1513 Vel
2113 1461 2274 1514 iidem
2307 1459 2552 1529 apostoli,
2581 1458 2706 1526 quia
2750 1455 2872 1509 aliis
2900 1462 3026 1508 sunt
3056 1451 3187 1506 odor
3221 1449 3340 1503 vita:
3378 1447 3432 1499 in

1843 1553 2020 1615 vitam,
2050 1553 2169 1606 aliis
2195 1554 2323 1606 odor
2348 1553 2528 1605 mortis
2559 1551 2610 1604 in
2635 1558 2873 1602 mortem.

1919 1647 2080 1700 Vens.
2135 1645 2219 1699 15.
2263 1675 2333 1685 -—
2377 1644 2509 1697 Ecce
2544 1641 2788 1712 parturiit
2825 1679 2840 1703 ,
2889 1645 2994 1691 etc.
3054 1630 3436 1701 Unusquisque

1846 1739 2058 1808 iniquus
2089 1739 2318 1807 concepit
2346 1735 2596 1794 dolorem,
2632 1734 2757 1787 dum
2790 1730 2916 1800 quid
2957 1722 3295 1796 concupiscit
3330 1719 3433 1774 illi-

1845 1832 2009 1885 citum
2045 1849 2056 1883 :
2091 1831 2318 1901 parturit
2350 1827 2688 1898 injustitiam,
2714 1840 2834 1879 cum
2867 1817 3227 1875 desiderando
3269 1809 3440 1868 medi-

157 1939 308 1984 ceret
331 1948 342 1983 ε
365 1928 551 1983 εἶυίίίοα
586 1942 673 1982 me
699 1928 993 1982 secundum
1015 1925 1306 1988 ﬂammam.
1331 1937 1452 1992 qua?
1473 1933 1731 1990 δηρθΐιηθ
1762 1925 1807 1986 Β
1838 1926 1984 1981 tatur
2015 1945 2027 1979 :
2057 1927 2194 1996 parit
2227 1925 2588 1992 iniquitatem;
2625 1919 2751 1990 quia
2799 1924 3090 1985 peccatum,
3138 1926 3252 1964 cum
3308 1922 3436 1960 con-

85 2030 89 2034 '
158 2032 274 2077 est:
301 2023 353 2077 id
374 2032 457 2078 est
480 2035 586 2076 non
619 2035 740 2092 quae
761 2037 878 2077 sum
905 2033 1024 2088 ego,
1057 2020 1151 2073 sed
1177 2033 1281 2088 qua
1308 2015 1486 2086 fulgeo
1516 2028 1742 2070 accensa

158 2116 225 2172 de
248 2124 320 2171 te.

232 2207 396 2261 Vens.
431 2207 515 2260 10.
541 2236 612 2246 —
637 2204 1038 2260 Consummatur
1067 2204 1317 2274 nequitia,
1348 2211 1457 2256 etc.
1487 2200 1748 2254 Consum-

157 2308 348 2364 metur,
376 2298 569 2369 inquit,
595 2298 923 2368 perﬁciatur,
957 2298 1011 2350 id
1055 2306 1136 2351 est
1179 2294 1463 2366 perveniat
1500 2293 1565 2345 ad
1596 2307 1746 2345 sum-

156 2407 302 2446 mam
325 2392 639 2461 nequitiam,
673 2399 730 2444 ut
759 2391 930 2460 possit
963 2390 1108 2443 istud
1127 2389 1239 2458 jam
1260 2388 1445 2441 venire
1461 2383 1744 2452 judicium.

161 2485 270 2539 Sed
299 2485 549 2554 quoniam
601 2500 704 2536 non
755 2482 926 2537 solum
957 2482 1160 2536 dictum
1191 2489 1274 2534 est
1314 2477 1562 2532 sordibus
1597 2493 1608 2526 :
1639 2489 1750 2526 sor-

156 2577 333 2628 descat
384 2576 594 2639 adhuc;
642 2575 736 2629 sed
775 2575 938 2628 etiam
971 2585 984 2626 :
1005 2573 1182 2642 justus
1211 2571 1410 2641 justior
1439 2568 1557 2636 ﬁat,
1589 2565 1752 2618 adre

159 2666 259 2720 ctit
283 2675 336 2719 et
358 2666 488 2719 dicit
518 2684 528 2717 :
557 2665 747 2734 diriges
777 2665 1006 2734 justum,
1037 2673 1278 2716 scrutans
1320 2659 1477 2712 corda
1517 2667 1563 2710 et
1604 2671 1749 2708 renes

156 2755 323 2810 Deus.
357 2753 634 2820 Quomodo
681 2769 810 2823 ergo
857 2753 1106 2821 dirigitur
1136 2751 1280 2820 jusle
1305 2748 1358 2800 in
1384 2754 1531 2799 tanta
1557 2743 1749 2798 confu-

158 2847 313 2900 sione
336 2845 716 2908 simulationis,
742 2845 846 2899 nisi
878 2845 1002 2897 dum
1027 2849 1302 2896 scrutatur
1329 2838 1494 2892 corda
1515 2844 1571 2888 et
1592 2849 1750 2888 renes

157 2936 338 3002 Deus,
371 2936 562 2990 videns
614 2935 852 2990 omnium
909 2933 1265 3004 cogitationes
1293 2970 1306 2994 ,
1360 2941 1484 2997 quas
1529 2925 1747 2979 nomine

154 3027 336 3080 cordis
366 3027 680 3097 signiﬁcata:
709 3034 852 3088 sunt,
877 3035 932 3078 et
949 3024 1354 3085 delectationes,
1383 3033 1504 3088 quae
1531 3018 1749 3071 nomine

153 3120 366 3171 renium
396 3117 810 3186 intelliguntur?
841 3116 1096 3170 Scrutans
1122 3131 1252 3185 ergo
1280 3129 1369 3165 cor
1399 3118 1668 3172 nostrum,
1695 3117 1749 3161 et

150 3211 519 3280 prospiciens,
553 3226 657 3264 non
689 3224 788 3263 nos
817 3209 1163 3278 acquiescere
1193 3206 1341 3260 carni
1383 3213 1437 3258 et
1473 3201 1744 3273 sanguini.

1849 2028 2166 2074 summatum
2207 2016 2404 2085 fuerit,
2445 2023 2652 2083 generat
2684 2020 2920 2063 mortem.

1920 2081 2291 2167 Vens.16.'-—
2324 2081 2521 2160 Lacum
2561 2103 2796 2175 aperuit,
2835 2108 2942 2153 etc.
2991 2095 3104 2149 lloc
3146 2099 3264 2155 est,
3295 2081 3442 2157 quod

1851 2209 1904 2264 in
1930 2206 2037 2261 alio
2066 2203 2282 2258 Psalmo
2309 2201 2512 2255 dicitur
2541 2217 2554 2251 :
2588 2198 2639 2251 in
2676 2193 2916 2265 operibus
2952 2202 3202 2244 manuum
3225 2194 3441 2237 suarum

1851 2298 2252 2369 comprehensus
2280 2305 2353 2348 est
2384 2301 2640 2363 peccator.

1928 2361 2088 2444 Vens.
2119 2388 2203 2440 l7.
2229 2417 2299 2426 ——
2323 2361 2665 2438 Convcrletur
2687 2376 2862 2438 dolor,
2892 2383 2996 2430 ctc.
3019 2371 3188 2425 Recte
3212 2365 3316 2420 erit
3342 2361 3444 2417 ini-

1855 2481 2031 2549 quitas
2053 2476 2169 2544 ejus
2192 2490 2356 2544 super
2385 2475 2578 2541 ipsum,
2605 2485 2725 2523 cum
2750 2483 2806 2520 se
2837 2461 3107 2533 iniquitati
3125 2472 3234 2513 sum
3251 2460 3444 2525 sponte

1854 2567 2156 2634 subdiderit
2185 2583 2196 2618 :
2233 2564 2373 2619 sicut
2403 2570 2458 2616 et
2487 2562 2538 2614 in
2569 2559 2673 2612 alio
2697 2557 2911 2610 Psalmo
2936 2552 3131 2607 dicitur
3161 2567 3173 2600 :
3198 2544 3444 2616 iniquita-

1852 2673 1924 2717 tes
1975 2677 2100 2715 mew
2132 2671 2477 2727 supergressw
2507 2663 2625 2707 sunt
2657 2659 2810 2719 caput
2862 2661 3073 2710 meum;
3125 2643 3259 2696 sicut
3312 2652 3443 2692 onus

1852 2770 2027 2824 grave,
2060 2759 2290 2822 gravata:
2325 2756 2443 2801 sunt
2473 2760 2630 2814 super
2656 2759 2748 2795 me.

1927 2848 2089 2903 Vens.
2139 2845 2225 2897 'l8.
2253 2873 2323 2882 —
2351 2838 2650 2908 Conﬁtcbor
2676 2834 3042 2896 Domino,etc.
3077 2825 3192 2881 Non
3225 2831 3310 2879 est
3340 2823 3444 2876 ista

1853 2937 2125 2994 conieSsio
2151 2941 2518 3006 peccatorum,
2538 2928 2633 2984 sed
2658 2926 2881 2997 justitia:
2907 2923 3020 2986 Dei,
3038 2922 3113 2974 ita
3139 2916 3443 2986 loquimur:

1853 3029 2025 3083 Verus
2050 3027 2228 3095 justus
2271 3036 2350 3088 es,
2377 3021 2625 3082 Domine,
2661 3016 2876 3088 quando
2922 3023 2976 3066 et
3013 3012 3193 3082 justos
3219 3007 3297 3060 sic
3318 3020 3445 3076 pro-

1853 3120 2010 3190 tegis,
2042 3128 2100 3171 ut
2147 3132 2242 3186 per
2291 3114 2521 3182 teipsum
2566 3125 2660 3164 eos
2689 3107 2961 3162 illumines
2993 3123 3004 3156 :
3035 3111 3089 3156 et
3131 3107 3446 3170 peccatores

1853 3212 1931 3265 sic
1962 3209 2180 3264 ordinas
2201 3249 2214 3272 ,
2248 3216 2306 3259 ut
2333 3220 2439 3259 non
2469 3212 2557 3256 tua
2581 3243 2595 3267 ,
2629 3201 2720 3255 sed
2754 3213 2850 3252 sua
2889 3193 3097 3250 malitia
3128 3190 3440 3262 puniantur.

153 3278 256 3356 sed
297 3278 555 3355 delectari
597 3300 651 3354 in
693 3301 937 3363 Domino,
963 3299 1140 3368 dirigit
1159 3297 1363 3366 justum
1396 3296 1448 3348 in
1477 3296 1586 3363 ipsa
1617 3307 1749 3346 con-

1926 3295 2114 3354 Potest
2159 3298 2324 3352 etiam
2372 3296 2472 3349 iste
2525 3291 2764 3362 psalmus
2815 3288 2869 3341 in
2911 3297 3142 3357 persona
3175 3278 3445 3336 Dominici

157 3393 391 3448 scientia
437 3407 622 3447 coram
670 3407 749 3457 se,
791 3392 882 3445 ubi
927 3390 1102 3444 nullus
1151 3388 1424 3442 hominum
1456 3386 1625 3448 videt,
1655 3383 1751 3437 sed

159 3486 311 3541 solus
357 3486 468 3550 ille,
513 3486 602 3554 qui
655 3485 935 3554 prospicit,
981 3483 1108 3553 quid
1170 3482 1398 3551 quisque
1441 3479 1664 3549 cogitet,
1698 3485 1755 3530 et

170 3578 294 3650 quid
322 3589 591 3647 quemque
615 3577 862 3632 delectet.

237 3667 404 3723 Vens.
454 3669 541 3722 H.
592 3697 663 3709 —
711 3668 923 3721 Iustum
977 3667 1321 3736 adjutorium,
1375 3672 1479 3718 etc.
1537 3663 1752 3717 Justum

167 3760 428 3814 auxilium
455 3767 558 3824 est,
584 3759 726 3829 quod
750 3760 861 3830 jam
885 3760 1035 3830 justo
1060 3758 1332 3812 tribuitur.
1366 3756 1422 3811 Si
1457 3756 1600 3810 enim
1635 3771 1754 3808 me-

172 3853 401 3907 iicinam
428 3855 670 3916 exhibet,
693 3845 797 3922 qua
826 3869 1082 3908 sanantur
1107 3852 1327 3916 inﬁrmi,
1351 3859 1555 3920 quanto
1585 3849 1755 3919 magis

164 3959 308 4008 eam,
342 3960 445 4012 qua
472 3944 841 3998 custodiamur
873 3945 988 3997 sani
1019 3959 1032 3997 :
1061 3944 1329 4013 quoniam,
1363 3942 1407 3995 si
1438 3958 1554 3994 cum
1581 3941 1753 3994 adhuc

171 4044 461 4108 peccatores
501 4053 750 4100 essemus,
782 4034 1021 4088 Christus
1052 4051 1146 4105 pro
1188 4035 1335 4088 nobis
1383 4043 1620 4087 mortuus
1655 4044 1750 4098 est,

166 4138 370 4198 quanto
395 4129 562 4198 magis
592 4143 727 4181 nunc
747 4128 1033 4197 justiﬁcati
1057 4126 1188 4181 salvi
1216 4127 1412 4180 erimus
1457 4126 1520 4178 ab
1559 4127 1638 4178 ira
1665 4143 1757 4191 per

158 4220 357 4287 ipsum.
385 4218 464 4272 ita
513 4219 605 4283 fit,
638 4226 695 4271 ut
741 4229 992 4273 scrutans
1033 4219 1192 4272 corda
1234 4227 1285 4270 et
1320 4232 1475 4271 renes
1506 4216 1667 4280 Deus,
1703 4223 1758 4269 et

157 4311 501 4380 prospiciens
538 4312 592 4365 in
624 4313 785 4367 corde
814 4321 988 4366 rectas
1020 4312 1398 4383 cogitationes,
1435 4312 1488 4365 in
1529 4311 1754 4365 renibus

159 4404 342 4458 nullas
402 4405 688 4459 inferiores
756 4405 1144 4458 delectationes
1173 4446 1187 4468 ,
1233 4404 1439 4475 justum
1494 4402 1753 4456 aurci-lium

157 4496 406 4566 prtebcat
435 4497 596 4551 rectis
625 4497 804 4560 corde,
841 4497 932 4551 ubi
975 4498 1189 4551 mundis
1215 4497 1634 4566 cogitationibus
1665 4512 1754 4551 su-

158 4604 350 4659 perna:
380 4589 763 4644 delectationes
796 4590 1088 4643 sociantur.

1860 3392 2094 3448 hominis
2125 3387 2371 3456 intelligi,
2402 3387 2446 3440 si
2479 3384 2639 3438 modo
2667 3397 2729 3436 ca
2759 3393 2876 3449 quae
2897 3375 2970 3431 ibi
2993 3374 3272 3430 humiliter
3302 3371 3443 3425 dicta

1858 3493 2004 3548 sunt,
2039 3481 2105 3536 ad
2135 3489 2376 3536 nostram
2407 3476 2774 3532 inﬁrmitatem
2802 3469 3130 3532 referantttr,
3159 3479 3326 3551 quam
3354 3461 3446 3518 ille

1857 3578 2121 3648 gestabat.

2348 3641 2415 3696 IN
2458 3635 2791 3695 PSALMUM
2830 3633 2963 3690 Vlll.

1929 3760 2238 3816 Torcularia
2289 3769 2579 3827 possumus
2627 3753 2874 3823 accipere
2911 3747 3202 3810 Ecclesias,
3255 3743 3446 3800 eadem

1856 3855 2070 3910 ratione
2099 3867 2204 3922 qua
2254 3859 2308 3904 et
2342 3863 2524 3902 aream
2560 3845 2912 3915 intelligimus
2944 3840 3242 3896 Ecclesiam
3273 3856 3284 3889 :
3315 3836 3445 3906 quia

1857 3947 1970 4000 sive
2000 3946 2053 3997 in
2099 3957 2225 3996 area
2255 3942 2371 3995 sive
2399 3940 2452 3992 in
2483 3937 2742 3992 t‘orculari
2771 3935 2903 3988 nihil
2935 3933 3082 3986 aliud
3111 3931 3310 4000 agitur,
3341 3925 3444 3981 nisi

1857 4046 1915 4091 ut
1940 4037 2149 4090 fructus
2187 4035 2254 4088 ab
2289 4030 2711 4100 inquinamentis
2751 4035 3072 4097 purgentur,
3103 4038 3222 4090 quae
3261 4034 3448 4074 neces-

1859 4127 2000 4183 saria
2029 4133 2186 4178 erant
2210 4164 2222 4185 ,
2259 4132 2314 4175 et
2355 4130 2416 4174 ut
2451 4126 2805 4174 nascerentur
2829 4155 2843 4179 ,
2895 4123 2948 4168 et
2982 4122 3042 4166 ut
3093 4116 3444 4171 crescerent,

1859 4232 2020 4295 atque
2074 4219 2139 4272 ad
2199 4216 2566 4270 maturitatem
2625 4210 2706 4264 vel
2761 4208 2993 4271 messis,
3039 4204 3123 4258 vel
3161 4199 3447 4256 vindemia:

1858 4309 2202 4382 pervenirent
2227 4348 2240 4370 ,
2299 4306 2438 4358 sicut
2490 4318 2632 4356 unnc
2668 4300 2883 4368 agitur,
2920 4306 2977 4351 ut
3028 4309 3132 4350 non
3163 4293 3279 4346 loco
3301 4331 3315 4355 ,
3351 4289 3445 4344 sed

1861 4381 2055 4458 affectu
2087 4399 2304 4454 interim
2342 4403 2664 4466 separentur
2713 4391 2842 4446 boni
2883 4403 2912 4442 a
2968 4388 3124 4442 malis
3157 4401 3170 4438 :
3199 4381 3448 4453 quamvis

1860 4494 2018 4550 simul
2057 4494 2110 4546 in
2155 4490 2410 4545 Ecclesiis
2439 4529 2453 4552 ,
2485 4495 2746 4556 quantum
2791 4482 2987 4536 attinet
3013 4479 3077 4533 ad
3109 4474 3445 4544 corporalem

1859 4585 2229 4657 praesentiam,
2260 4587 2673 4636 conversentur.
2692 4575 2850 4630 Aliud
2875 4583 3054 4628 autem
3083 4571 3187 4625 erit
3211 4578 3443 4636 tempus,

241 4680 400 4735 Vens.
438 4681 524 4734 {2.
555 4712 626 4721 —
655 4681 794 4734 Deus
823 4681 993 4750 jadex
1025 4682 1226 4750 justus,
1271 4689 1373 4734 etc.
1418 4677 1626 4744 Justus,
1667 4679 1756 4742 qui
1786 4667 1836 4734 D
1863 4693 1968 4747 quo
1996 4675 2081 4730 vel
2104 4676 2377 4728 frumenta
2406 4673 2460 4726 in
2487 4671 2700 4731 horrea,
2734 4667 2817 4722 vel
2846 4668 2971 4723 vina
3002 4666 3053 4719 in
3085 4662 3246 4719 cellas
3265 4676 3445 4731 segre-

163 4776 349 4829 reddit
387 4775 673 4844 unicuique
719 4775 1012 4829 secundum
1058 4790 1220 4844 opera
1265 4789 1359 4828 sua
1408 4794 1418 4828 :
1454 4775 1625 4844 fortis,
1659 4775 1752 4844 qui

156 4867 332 4920 etiam
379 4869 750 4936 persecutores
788 4867 1000 4936 impios,
1039 4883 1159 4921 cum
1206 4868 1276 4921 sit
1327 4868 1752 4937 potentissimus,

161 4974 269 5030 pro
317 4970 500 5014 nostra
545 4960 716 5014 salute
753 4961 1002 5014 toleravit
1029 4979 1040 5013 :
1066 4961 1290 5030 patiens,
1320 4962 1408 5028 qui
1456 4960 1620 5028 ipsos,
1662 4961 1753 5028 qui

158 5051 438 5123 persecuti
482 5058 627 5114 sunt,
667 5065 772 5104 non
817 5052 999 5104 statim
1033 5059 1155 5120 post
1199 5051 1646 5105 resurrectionem
1689 5051 1755 5104 ad

159 5142 489 5212 supplicium
527 5142 722 5209 rapuit,
753 5144 846 5197 sed
877 5142 1154 5204 sustinuit,
1181 5150 1239 5194 ut
1266 5157 1322 5195 se
1360 5142 1646 5209 aliquando
1687 5142 1753 5194 ad

161 5233 400 5287 salutem
431 5232 499 5286 ab
527 5231 615 5285 illa
647 5233 920 5301 impietate
944 5241 1341 5286 converterent.
1367 5231 1480 5286 Non
1506 5234 1755 5286 irascitur

159 5341 260 5395 per
284 5323 517 5393 singulos
543 5323 674 5388 dies,
697 5325 819 5393 quia
862 5325 1036 5378 adhuc
1063 5325 1294 5378 sustinet
1318 5339 1541 5378 servans
1564 5324 1754 5379 ultimo

155 5414 371 5482 judicio
398 5414 638 5468 ultimam
670 5429 906 5483 poenam.
1125 5469 1132 5474 .

243 5507 407 5561 Vens.
442 5507 526 5570 l5,
553 5506 637 5560 Μ.
659 5536 730 5546 --
755 5507 874 5560 Nisi
905 5491 1157 5572 conversi,
1190 5515 1294 5560 etc.
1327 5504 1395 5558 Et
1425 5507 1476 5559 in
1508 5521 1566 5558 eo
1603 5521 1758 5576 para-

167 5601 258 5661 rit,
295 5607 399 5651 etc.
445 5597 696 5653 Secundo
728 5599 957 5653 adventu
987 5601 1207 5653 veniens
1244 5599 1486 5666 judicare
1514 5598 1666 5650 vivos
1702 5605 1755 5651 et

168 5700 420 5747 mortuos
445 5690 622 5746 Iudex
635 5692 814 5761 justus
836 5693 886 5745 in
915 5693 1199 5747 manifesto
1230 5692 1514 5760 splendore
1537 5690 1755 5744 clarita-

171 5786 245 5838 tis
274 5799 385 5838 suto
411 5783 572 5851 justis
598 5785 710 5837 suis
737 5785 914 5837 lumen
941 5795 995 5839 et
1027 5794 1260 5839 terrores
1292 5785 1469 5854 impiis
1500 5799 1755 5837 corusca-

174 5876 275 5932 bit.
327 5878 518 5929 Arcum
560 5884 738 5930 autem
788 5875 1096 5944 Scriptores
1121 5887 1334 5931 sanctas
1383 5876 1632 5946 appellat,
1667 5876 1756 5930 ubi

1863 4779 2073 4841 gentur.

1935 4862 2124 4917 Solent
2160 4859 2332 4929 accipi
2361 4855 2650 4912 toreularia
2681 4853 2843 4909 etiam
2875 4847 3156 4919 martyria,
3186 4855 3446 4914 nunquam

1865 4956 2154 5009 afﬂictione
2197 4951 2637 5022 persecutionum
2700 4943 2924 4999 calcatis
2981 4943 3060 4998 eis
3101 4940 3192 5009 qui
3245 4935 3446 4992 Christi

1865 5062 2059 5102 nomen
2093 5045 2324 5099 confessi
2370 5050 2537 5105 sunt,
2585 5047 2646 5092 ut
2678 5037 2926 5092 mortalia
2971 5050 3158 5089 eorum
3191 5040 3446 5099 tanquam

1865 5141 2086 5193 vinacea
2119 5139 2171 5191 in
2209 5145 2350 5190 terra
2387 5131 2749 5188 remanserint
2783 5144 2796 5181 :
2827 5129 3019 5182 anima?
3047 5134 3224 5180 autem
3263 5125 3313 5177 in
3363 5135 3444 5174 rc-

1862 5230 2042 5299 quiem
2097 5227 2334 5282 caelestis
2379 5222 2728 5278 habitationis
2783 5217 3170 5274 ernanaverint.
3206 5213 3443 5268 Verbum

1860 5336 2075 5390 quoque
2108 5319 2349 5373 divinum
2399 5321 2574 5384 potest
2613 5328 2714 5366 uva
2753 5311 3010 5381 intelligi,
3038 5325 3160 5364 cum
3191 5306 3440 5361 enuntia-

1861 5418 2024 5471 tionis
2052 5415 2371 5470 necessitate
2401 5417 2625 5478 usurpat
2646 5407 2792 5460 vocis
2818 5421 3043 5469 sonum,
3071 5419 3177 5472 quo
3201 5403 3254 5455 in
3284 5413 3443 5454 aures

1859 5507 2206 5577 perveniatur
2231 5501 2582 5557 audientium.
2622 5499 2824 5552 Eodem
2851 5513 2983 5553 sono
3009 5495 3154 5549 vocis
3188 5503 3440 5557 tanquam

1862 5601 2084 5652 vinacea
2130 5596 2434 5651 intellectus
2483 5602 2740 5662 tanquam
2789 5591 2973 5645 vinum
3023 5584 3354 5640 includitur:
3386 5587 3442 5634 et

1861 5691 1939 5743 sic
1969 5704 2068 5740 uva
2093 5689 2194 5741 ista
2220 5689 2276 5741 in
2301 5700 2461 5739 aures
2483 5684 2645 5748 venit,
2663 5683 2816 5754 quasi
2841 5683 2894 5735 in
2932 5674 3226 5734 calcatorio
3254 5681 3438 5724 torcu-

1862 5785 2076 5837 larium.
2130 5782 2206 5835 lbi
2249 5792 2429 5834 autem
2467 5780 2815 5841 discernitur,
2863 5786 2918 5830 ut
2957 5787 3122 5828 sonus
3168 5782 3338 5839 usque
3371 5763 3444 5820 ad

1819 5912 1822 5916 ι
1862 5889 2020 5929 aures
2076 5873 2298 5936 valeat,
2359 5871 2664 5928 intellectus
2725 5879 2908 5924 autem
2937 5861 3200 5922 memoria
3229 5872 3442 5926 eorum.
