3948 6314
504 350 604 407 767

965 349 1356 406 WALAFRIDI
1394 351 1476 407 ST
1484 352 1640 408 RABI
1677 353 1879 411 FULD.
1923 353 2089 412 MON.
2127 353 2281 413 OPP.
2323 359 2504 418 PARS
2538 361 2578 417 1.
2618 393 2687 404 -
2725 361 3179 420 THEOLOGICA.

3642 376 3744 430 768

495 465 587 535 qui
633 462 887 529 audiunt,
938 461 1084 516 velut
1119 465 1351 532 quodam
1396 466 1517 523 loco
1557 469 1856 539 accipiatur
1877 509 1893 535 ,
1943 469 2066 525 inde
2093 471 2148 534 Α
2169 471 2297 528 dum
2323 474 2659 533 divinitatem
2677 479 2956 534 evidenter
2973 480 3367 548 ostenditur,et
3385 485 3566 541 minor
3587 486 3766 543 Patre

495 561 732 612 transeat
765 554 821 608 in
855 567 1067 608 morum
1105 553 1444 624 disciplinam
1481 567 1536 613 et
1574 558 1816 615 habitum
1845 561 2064 628 mentis,

493 654 751 715 tanquam
783 643 848 699 de
867 642 988 699 lacu
1011 643 1065 696 in
1087 643 1280 711 cellas,
1328 646 1382 701 in
1427 647 1643 718 quibus,
1673 649 1719 704 si
1743 650 2068 722 negligentia

493 751 604 791 non
640 735 868 802 acuerit,
905 740 1174 789 vetustate
1211 735 1534 792 ﬁrmabitur.
1562 739 1723 794 Acuit
1749 755 1982 810 namque
2009 741 2066 796 in

491 832 692 889 Judxis
715 841 772 888 et
796 833 901 888 hoc
925 840 1080 888 aceto
1117 831 1402 888 Dominum
1443 843 1784 904 potaverunt.

564 947 725 1003 Vsus.
768 946 821 1001 2.
859 977 929 988 —-—
964 947 1212 1015 Domine,
1252 946 1510 1002 Dominus
1543 957 1748 1014 noster,
1778 955 1884 1004 etc.
1912 947 1993 1004 Ac
2020 949 2068 1004 si

491 1048 678 1112 aperte
709 1039 854 1096 dicat
879 1057 893 1094 :
932 1038 1175 1106 Domine,
1198 1038 1292 1109 qui
1315 1053 1375 1094 es
1398 1038 1654 1094 Dominus
1681 1049 1873 1106 noster,
1905 1055 2067 1110 quam

491 1141 544 1188 te
572 1131 910 1188 admirantur
937 1144 1125 1185 omnes
1154 1129 1247 1200 qui
1274 1129 1515 1185 incolunt
1549 1137 1749 1185 terram
1769 1170 1784 1195 ,
1813 1129 2068 1199 quoniam

490 1232 581 1279 tua
614 1223 1015 1296 magniﬁcentia
1046 1223 1112 1277 de
1142 1229 1357 1276 terrena
1385 1220 1686 1276 humilitate
1710 1236 1872 1292 super
1903 1220 2069 1277 eteius

489 1315 695 1372 elevata
725 1317 849 1371 est!
892 1314 1030 1369 Hinc
1075 1314 1219 1368 enim
1249 1313 1499 1384 apparuit
1531 1313 1656 1383 quia
1689 1312 2065 1380 descenderis‘,

489 1422 610 1464 cum
638 1423 670 1463 a
696 1407 1016 1477 quibusdam
1039 1405 1188 1462 visus
1213 1419 1302 1472 es,
1355 1413 1410 1460 et
1458 1420 1491 1459 a
1530 1405 1741 1460 exteris
1769 1404 2064 1470 creditum,

491 1499 635 1570 quod
661 1498 986 1555 ascenderis.

564 1610 726 1668 Vsus.
755 1613 808 1668 5.
832 1643 904 1653 -
929 1611 1016 1666 Ea:
1045 1628 1133 1666 ore
1161 1611 1466 1682 infantium,
1498 1619 1604 1665 etc.
1636 1609 1870 1666 Possunt
1896 1608 2066 1680 accipi

485 1706 714 1776 infantes
746 1713 907 1776 atque
941 1705 1188 1760 lactentes
1235 1703 1290 1760 hi
1331 1703 1528 1774 quibus
1572 1703 1702 1759 dicit
1739 1701 2066 1774 Apostolus:

489 1794 762 1866 Tanquam
785 1797 1020 1868 parvulis
1050 1797 1107 1849 in
1135 1794 1364 1862 Christo,
1407 1793 1490 1848 lac
1528 1795 1668 1849 vobis
1706 1805 1884 1865 potum
1925 1793 2063 1859 dedi,

487 1903 590 1941 non
627 1904 822 1942 escam.
867 1886 1028 1954 .Quod
1069 1885 1449 1958 signiﬁcabant
1489 1885 1600 1952 illi,
1647 1885 1739 1956 qui
1783 1884 2070 1940 Dominum

482 1978 857 2048 praecedebant
903 1978 1217 2050 laudantes,
1267 1976 1322 2030 in
1359 1991 1466 2046 quo
1513 1975 1628 2046 ipse
1676 1975 1935 2031 Dominus
1968 1975 2072 2031 hoc

485 2069 796 2124 testimonio
823 2084 952 2124 usus
989 2075 1088 2123 est.
1122 2067 1372 2122 Inimicos
1418 2075 1598 2121 autem
1627 2065 1754 2120 huic
1787 2066 2069 2136 dispensa-

488 2159 648 2226 tioni,
681 2175 800 2229 qux
829 2159 972 2215 facta
999 2167 1100 2218 .est
1137 2173 1235 2229 per
1270 2159 1544 2215 Christum
1585 2155 1800 2222 Jesum,
1833 2169 1888 2213 et
1926 2159 2070 2216 hunc

485 2251 804 2308 cruciﬁxum
827 2293 842 2320 ,
889 2251 1215 2324 generaliter
1253 2250 1499 2321 accipere
1544 2251 1804 2307 debemus
1846 2266 2068 2319 omnes,

483 2345 576 2415 qui
615 2353 800 2400 vetant
845 2345 1037 2400 cedere
1081 2345 1351 2417 incognita
1379 2384 1394 2409 ,
1446 2351 1500 2398 et
1534 2354 1738 2400 certam
1787 2345 2069 2403 scientiam

480 2436 824 2506 pollicentur,
849 2436 990 2491 sicut
1010 2436 1216 2492 faciunt
1250 2436 1492 2492 hxretici
1525 2435 1761 2492 universi
1793 2444 1848 2493 et
1870 2437 1946 2495 illi
1977 2439 2068 2510 qui

483 2530 538 2584 in
587 2529 968 2601 superstitione
1015 2529 1292 2602 gentilium
1343 2529 1651 2600 philosophi
1700 2529 2067 2587 nominantur.

480 2622 738 2679 Diabolus
764 2638 894 2680 vero
918 2623 1214 2679 acerrimus
1245 2623 1501 2680 inimicus
1531 2633 1710 2695 potest
1734 2632 1790 2680 et
1820 2624 1960 2678 ultor
1980 2624 2068 2679 in-

482 2712 680 2785 telligi;
723 2715 824 2785 ipsi
864 2714 1009 2769 enim
1035 2721 1324 2783 peccantes
1360 2713 1646 2769 traduntur
1689 2713 1746 2769 in
1789 2713 2067 2769 interitum

481 2804 684 2873 carnis,
711 2813 773 2860 ut
809 2805 1032 2875 spiritus
1061 2804 1241 2859 salvus
1275 2805 1346 2860 sit
1390 2806 1445 2859 in
1479 2804 1565 2859 die
1605 2804 1838 2859 Domini.
1881 2804 1990 2860 Sed
2009 2811 2068 2861 et

480 2911 670 2954 omnes
719 2899 812 2968 qui
841 2897 1022 2953 divina
1047 2897 1217 2968 gratia
1245 2897 1311 2952 de
1345 2897 1460 2966 ejus
1484 2896 1730 2952 faucibus
1758 2896 1928 2968 erepti
1957 2913 2065 2954 non

482 2989 708 3057 fuerint,
735 2990 792 3046 in
823 2998 1085 3046 xternum
1113 2989 1370 3061 possidet.

556 3110 718 3166 Vens.
748 3110 803 3165 4.
831 3139 902 3150 —-
934 3108 1194 3176 Quoniam
1230 3108 1408 3163 videbo
1450 3108 1634 3175 casias,
1677 3121 1782 3164 etc.
1839 3107 2059 3178 Videbo,

2169 562 2383 622 futurus
2410 571 2707 626 secundum
2735 571 3126 628 humanitatem
3152 574 3476 631 declaratur.

2240 656 2403 713 Vens.
2433 659 2486 713 7.
2517 691 2588 700 —
2618 659 2810 718 Omnia
2836 663 3136 734 subjecisti',
3180 675 3284 723 etc.
3331 666 3477 726 Nihil
3513 674 3750 745 excipit,

2167 761 2289 802 cum
2326 749 2457 805 dieit
2493 753 2688 808 omnia.
2730 754 2797 810 Et
2825 770 2894 811 ne
2932 757 3092 814 aliter
3131 757 3322 818 liceret
3360 764 3628 839 intelligi,
3675 771 3756 826 sic

2167 837 2455 908 Apostolus
2481 843 2626 898 credi
2647 843 2820 914 jubet,
2852 861 2973 902 cum
2995 848 3165 905 dicit:
3206 852 3440 924 Excepto
3472 837 3556 912 eo:
3576 863 3672 930 qui
3709 866 3756 916 ei

2168 930 2384 1000 subjecit
2413 933 2605 988 omnia.
2638 933 2749 991 Nec
2779 946 2958 994 tamen
2983 944 3366 1020 quasialiquid
3390 964 3661 1020 magnum
3681 953 3759 1007 vi-

2169 1020 2326 1076 detur
2352 1023 2665 1096 adjungere,
2691 1042 2817 1083 cum
2839 1031 3008 1087 dicit:
3039 1019 3170 1090 Oves
3190 1046 3238 1091 et
3261 1037 3439 1106 boves,
3476 1019 3619 1108 etc.,
3651 1046 3756 1100 nisi

2171 1130 2284 1168 oves
2305 1123 2356 1169 et
2383 1116 2530 1172 boves
2554 1118 2914 1192 intelligamus
2941 1126 3153 1184 animas
3177 1140 3421 1201 sanctas,
3466 1135 3558 1190 vel
3600 1138 3756 1192 inno-

2169 1207 2360 1261 centia:
2383 1205 2622 1265 fructum
2649 1211 2859 1280 dantes,
2892 1216 2975 1270 vel
2994 1217 3158 1274 etiam
3176 1232 3485 1293 operantes,
3511 1235 3574 1281 ut
3606 1237 3756 1284 terra

2169 1299 2484 1370 fructiﬁcet,
2523 1305 2580 1362 id
2601 1316 2703 1374 est,
2749 1319 2807 1364 ut
2846 1313 3049 1368 terreni
3075 1313 3321 1374 homines
3348 1320 3415 1375 ad
3443 1321 3759 1392 spiritalem

2169 1392 2474 1450 ubertatem
2513 1409 2918 1470 regenerentur.
2950 1402 3060 1460 Has
3105 1419 3233 1478 ergo
3273 1409 3483 1466 animas
3525 1424 3758 1470 sanctas

2171 1500 2278 1540 non
2302 1487 2580 1544 hominum
2610 1498 2839 1558 tantum,
2873 1496 2969 1550 sed
3006 1495 3173 1551 etiam
3197 1500 3510 1571 angelorum
3533 1516 3763 1575 oportet

2171 1575 2344 1646 accipi
2367 1591 2436 1632 ex
2463 1593 2529 1634 eo
2552 1581 2695 1649 quod
2716 1582 2976 1640 Dominus
3025 1587 3155 1642 dicit
3184 1588 3469 1662 reliquisse
3501 1608 3564 1648 se
3589 1612 3761 1649 nona-

2171 1667 2316 1737 ginta
2340 1685 2522 1724 novem
2543 1688 2659 1727 oves
2678 1674 2738 1728 in
2764 1676 3044 1745 montibus,
3065 1679 3122 1735 id
3151 1688 3235 1736 est
3259 1681 3317 1737 in
3343 1683 3764 1743 sublimioribus

2174 1756 2329 1826 locis,
2367 1768 2423 1815 et
2453 1762 2795 1820 descendisse
2837 1777 3060 1837 propter
3092 1785 3271 1827 unam.
3320 1772 3457 1829 Nam
3488 1775 3555 1830 de
3587 1778 3763 1832 bubus

2096 1831 2148 1894 Β
2173 1845 2350 1904 facilis
2391 1853 2663 1922 expeditio
2693 1863 2794 1921 est,
2828 1831 3083 1928 quoniam
3113 1862 3214 1933 ipsi
3243 1863 3490 1922 homines
3531 1883 3656 1924 non

2175 1937 2322 1994 aliud
2353 1941 2500 1997 boves
2529 1943 2661 2000 dicti
2687 1955 2836 2013 sunt,
2866 1949 2972 2004 nisi
2997 1952 3141 2020 quod
3177 1955 3609 2026 evangeliundo
3640 1975 3763 2015 ver-

2172 2033 2301 2090 bum
2347 2036 2443 2092 Dei
2489 2038 2709 2110 angelos
2735 2040 3097 2099 imitarentur.
3130 2044 3330 2101 Pecora
3369 2057 3550 2105 autem
3588 2055 3766 2122 campi

2173 2127 2659 2197 congruentissime
2683 2131 3022 2201 accipiuntur
3039 2133 3286 2190 homines
3314 2137 3370 2191 in
3394 2140 3582 2194 carnis
3609 2141 3764 2195 volu-

2171 2216 2412 2286 ptatibus
2438 2218 2755 2287 gaudentes,
2787 2221 2880 2276 ubi
2905 2221 3043 2278 nihil
3069 2225 3314 2290 arduum,
3345 2227 3483 2282 nihil
3512 2228 3766 2286 laborio-

2171 2322 2292 2363 sum
2320 2311 2637 2366 ascendunt.
2667 2309 2896 2383 Campus
2921 2322 3006 2371 est
3033 2315 3178 2371 enim
3201 2317 3310 2372 lata
3328 2319 3436 2387 via,
3460 2335 3588 2390 quae
3616 2323 3766 2379 ducit

2172 2403 2240 2457 ad
2268 2402 2568 2458 interitum.

2242 2490 2405 2546 Vens.
2432 2491 2486 2547 8.
2511 2522 2582 2534 —
2621 2491 2869 2550 Volucres
2917 2495 3062 2564 cteli,
3112 2505 3216 2554 etc.
3255 2498 3391 2556 Vide
3414 2517 3563 2558 nunc
3595 2505 3764 2560 etiam

2169 2580 2402 2637 volucres
2432 2583 2546 2638 caeli
2576 2585 2856 2655 superbos,
2887 2587 2952 2642 de
2977 2588 3174 2659 quibus
3201 2590 3434 2647 dicitur:
3466 2608 3762 2662 posuerunt

2167 2674 2223 2729 in
2247 2675 2430 2730 caelum
2474 2693 2532 2731 os
2568 2692 2760 2731 suunt:
2805 2679 2929 2735 vide
2958 2695 3123 2750 quam
3161 2681 3215 2736 in
3240 2682 3408 2738 altum
3435 2696 3608 2742 vento
3638 2704 3760 2758 por-

2170 2774 2373 2833 tentur,
2388 2768 2480 2838 qui
2504 2768 2719 2824 dicunt:
2737 2767 2996 2840 Linguam
3017 2781 3248 2827 nostram
3271 2776 3759 2846 magniﬁcabimus,

2167 2859 2309 2913 labia
2337 2869 2514 2915 nostra
2543 2879 2577 2916 a
2614 2862 2760 2916 nobis
2799 2872 2919 2918 sunt
2940 2905 2954 2930 ,
2979 2865 3112 2936 guis
3149 2877 3321 2923 noster
3341 2867 3612 2926 Dominus
3639 2883 3715 2927 est
3738 2876 3762 2926 .’

2165 2948 2378 3006 Intuere
2400 2951 2565 3006 etiam
2593 2953 2757 3024 pisces
2787 2955 2950 3010 maris
2976 2957 3239 3025 curiosos,
3267 2959 3358 3029 qui
3384 2963 3760 3030 perambulat

2164 3041 2376 3098 semitas
2412 3045 2606 3114 maris,
2655 3047 2708 3102 id
2748 3057 2867 3114 est,
2913 3048 3193 3121 inquirunt
3219 3051 3272 3106 in
3299 3053 3574 3122 profundo
3595 3056 3757 3126 hujus

2165 3136 2344 3191 sxculi
2373 3139 2706 3209 temporalia,
2737 3156 2856 3210 quae
2886 3152 3140 3213 tanquam
3168 3145 3375 3200 semitx
3410 3147 3467 3201 in
3498 3149 3642 3203 mari
3681 3152 3756 3204 vi-

480 3202 674 3305 inquit,
687 3200 857 3305 caelos
882 3217 1040 3305 opera
1063 3201 1346 3272 digitorum
1377 3209 1621 3256 tuorum:
1649 3201 1701 3257 id
1723 3210 1808 3257 est
1837 3216 2060 3305 cernam
2089 3202 2136 3266 C
2166 3226 2380 3284 lescum
2399 3237 2456 3286 et
2475 3200 2770 3287 humum:
2792 3200 3168 3289 “rami-mlum
3191 3244 3370 3292 autem

478 3303 536 3350 et
573 3293 866 3366 intelligam
902 3290 1242 3364 Scripturas,
1276 3308 1410 3364 quas
1436 3303 1696 3364 operante
1721 3303 1908 3351 sancto
1937 3295 2062 3366 Spi-

480 3389 609 3456 ritu,
639 3389 731 3458 qui
760 3387 964 3459 digitus
986 3387 1083 3443 Dei
1108 3387 1327 3453 dicitur,
1356 3401 1454 3458 per
1481 3387 1762 3444 ministros
1787 3398 1909 3444 tuos
1931 3403 2058 3445 con-

479 3481 762 3551 scripsisti.

553 3596 646 3652 Sic
691 3611 822 3667 ergo
843 3594 1164 3651 'destruitur
1203 3595 1490 3664 inimicus,
1539 3612 1661 3654 cum
1693 3599 2063 3672 intelliguntur

481 3687 776 3757 Scripturx
797 3685 1104 3757 prxdicatx
1131 3700 1303 3756 usque
1329 3688 1397 3742 ad
1423 3686 1706 3743 infantium
1731 3689 2057 3747 tarditatem.

483 3780 634 3835 Luna
660 3794 790 3836 vero
817 3787 874 3836 et
913 3778 1076 3835 stella:
1117 3780 1175 3834 in
1205 3779 1357 3835 caelis
1397 3788 1523 3836 sunt
1550 3781 1819 3837 fundatx:
1850 3785 1978 3854 quia
2007 3792 2062 3840 et

481 3871 806 3928 universalis
826 3871 1088 3937 Ecclesia,
1104 3871 1157 3926 in
1177 3869 1332 3941 cujus
1356 3887 1500 3942 sxpe
1519 3873 1912 3944 signiﬁcatione
1934 3877 2061 3934 luna

480 3965 718 4037 ponitur,
756 3973 812 4020 et
839 3963 1206 4035 particulatim
1232 3977 1333 4034 per
1364 3963 1480 4020 loca
1509 3965 1734 4038 singqu
1773 3967 2058 4037 Ecclesiae,

479 4073 616 4129 quas
636 4057 854 4118 nomine
877 4056 1148 4113 stellarum
1170 4055 1474 4112 insinuatas
1499 4057 1755 4126 arbitror,
1779 4059 1833 4114 in
1856 4059 2061 4116 eisdem

479 4149 762 4219 scripturis
805 4149 1083 4206 collocatae
1126 4156 1284 4215 sunt,
1315 4163 1452 4218 quas
1495 4148 1754 4206 extorum
1799 4151 2061 4208 vocabulo

477 4239 683 4310 positas
702 4240 997 4296 credimus.

551 4333 710 4386 Vens.
741 4331 793 4386 5.
817 4331 1040 4398 —Quid
1069 4341 1144 4388 est
1169 4331 1346 4399 homo,
1367 4339 1476 4388 etc.
1500 4331 1637 4400 Quid
1661 4333 1803 4392 inter
1827 4337 2058 4391 homines

476 4435 524 4481 et
579 4423 750 4494 ﬁlium
786 4426 1010 4480 hominis
1037 4425 1199 4482 distet
1240 4425 1408 4496 quxri
1432 4433 1629 4496 potest.
1664 4425 1723 4481 Si
1751 4427 1897 4482 enim
1924 4425 2060 4481 nihil

2166 3321 2301 3378 deus
2321 3323 2817 3394 pertinacissimum
2847 3327 3083 3384 studium
3108 3329 3291 3386 inania
3311 3341 3368 3388 et
3387 3334 3758 3403 praeterfluen-

2167 3417 2240 3472 tia
2273 3417 2685 3488 requirentium.
2890 3425 2901 3434 ‘

2235 3507 2400 3564 Vsus.
2429 3509 2519 3567 ‘10.
2547 3542 2618 3553 —
2641 3511 2883 3582 Domine,
2915 3514 3168 3572 Dominus
3197 3527 3393 3584 noster,
3418 3528 3530 3576 etc.
3557 3521 3756 3578 Decen-

2164 3607 2249 3655 ter
2269 3609 2394 3672 post
2414 3609 2620 3659 textum
2649 3606 2915 3662 sermonis
2945 3607 3013 3662 ad
3033 3615 3196 3678 caput
3215 3609 3446 3678 reditur,
3460 3626 3575 3682 quo
3596 3613 3754 3668 tritus

2165 3691 2305 3748 idem
2333 3708 2513 3752 sermo
2544 3694 2861 3753 referendus
2887 3706 2990 3754 est.

2667 3828 2736 3884 lN
2773 3827 3107 3886 pssum»!
3141 3790 3230 3886 ix.

2231 3965 2310 4020 De
2347 3964 2561 4021 occultis
2585 3964 2686 4034 ﬁlii
2717 3965 2888 4036 quxri
2907 3973 3104 4036 potest.
3131 3965 3237 4022 Sed
3258 3966 3387 4036 quia
3411 3982 3527 4023 non
3549 3969 3758 4025 addidit

2163 4056 2337 4126 cujus,
2365 4057 2541 4127 ipsum
2565 4058 2903 4129 unigenitum
2921 4058 3018 4114 Dei
3037 4057 3234 4114 Filium
3254 4067 3473 4129 oportet
3498 4059 3749 4130 intelligi.

2161 4147 2296 4202 Nam
2325 4156 2382 4203 et
2409 4148 2526 4219 ipse
2552 4149 2844 4216 Dominus,
2891 4166 3014 4206 cum
3043 4151 3160 4206 sine
3191 4151 3570 4207 additamento
3606 4153 3756 4223 ponit

2160 4239 2454 4307 Filium,se
2474 4240 2652 4310 ipsum
2679 4240 3027 4313 Unigenitum
3046 4242 3161 4298 vult
3178 4242 3427 4314 intelligi,
3453 4245 3601 4298 sicut
3626 4243 3750 4297 illud

2161 4331 2253 4387 ubi
2277 4331 2387 4386 ait:
2405 4329 2466 4387 Si
2486 4347 2573 4387 vos
2588 4330 2762 4387 Filius
2783 4333 3094 4400 liberaverit,
3115 4350 3233 4388 vere
3259 4334 3414 4388 liberi
3437 4335 3611 4390 eritis.
3625 4333 3754 4400 Qu:

2163 4431 2289 4480 sunt
2315 4431 2496 4478 autem
2534 4424 2738 4479 occulta
2778 4424 2908 4494 ﬁlii,
2937 4440 3006 4481 ex
3032 4425 3258 4481 Hebrxo
3290 4426 3560 4483 translata
3588 4429 3753 4484 editio

477 4523 722 4588 distaret,
754 4535 863 4576 non
893 4519 968 4575 ita
993 4527 1321 4591 poneretur:
1367 4528 1458 4574 aut
1491 4519 1634 4588 filius
1665 4520 1924 4587 hominis,
1963 4535 2062 4590 per
2087 4569 2140 4591 ﬁ
2163 4515 2448 4572 manifeste
2473 4518 2731 4584 ostendit,
2768 4533 2889 4588 qux
2918 4518 3087 4574 dicit:
3134 4517 3332 4574 Victori
3380 4537 3549 4590 super
3591 4535 3754 4575 mort:

478 4569 722 4588 mm--.
755 4569 863 4576 --νπ
893 4569 968 4575 -η
993 4569 1321 4591 ,νη-νην
1963 4569 2052 4590 ,ν-
2773 4569 2884 4588 γη
2925 4569 3086 4574 mm
3382 4569 3534 4590 --τπ
3591 4569 3749 4575 ηπ---

475 4616 913 4686 disjunctionem.
944 4613 1133 4671 Omnis
1168 4627 1402 4683 namque
1441 4612 1582 4668 ﬁlius
1613 4613 1846 4668 hominis
1874 4613 2052 4678 homo,
2087 4569 2280 4677 Dﬁlit'.
2313 4607 2580 4676 Quocirca
2610 4610 2664 4664 in
2706 4611 2808 4665 hoc
2849 4611 3056 4680 psalmo
3095 4612 3436 4667 observanda
3481 4624 3617 4669 sunt
3663 4632 3752 4668 or-

474 4709 724 4780 quamvis
751 4723 857 4763 non
887 4707 1066 4763 omnis
1087 4697 1254 4761 homo
1295 4705 1463 4760 Filius
1508 4705 1745 4761 hominis
1769 4706 1942 4777 possit
1972 4706 2056 4760 in-

475 4801 661 4871 telligi.
690 4799 860 4854 Adam
884 4799 1084 4870 quippe
1115 4799 1304 4864 homo,
1351 4797 1446 4853 sed
1486 4812 1595 4853 non
1624 4795 1768 4852 ﬁlius
1799 4797 2054 4854 hominis.

474 4890 724 4945 Christus
747 4898 927 4944 autem
954 4898 1009 4944 et
1035 4890 1196 4944 homo
1219 4895 1273 4943 et
1290 4887 1458 4942 Filius
1487 4886 1743 4942 hominis.
1769 4885 1942 4941 Homo
1963 4887 2059 4942 ita-

475 4999 581 5054 que
623 4983 852 5047 dicitur,
883 4983 978 5052 qui
1006 4987 1190 5051 portat
1230 4979 1520 5048 imaginem
1555 4977 1757 5033 terreni
1800 4977 2053 5062 hominis.

475 5074 646 5145 Hujus
673 5089 870 5128 memor
895 5083 979 5129 est
1007 5074 1146 5130 Deus
1168 5082 1423 5144 tanquam
1445 5073 1702 5127 absentis.
1734 5070 1936 5127 Filium
1957 5090 2054 5129 au-

475 5173 584 5221 tem
616 5165 862 5231 hominis,
894 5165 985 5234 qui
1015 5173 1195 5236 portat
1239 5164 1530 5236 imaginem
1569 5162 1840 5230 caelestis,
1881 5164 2055 5218 visitat

477 5268 732 5328 tanquam
777 5266 1144 5326 prxsentem:
1181 5265 1236 5312 et
1273 5257 1376 5312 hoc
1404 5256 1459 5310 in
1484 5256 1826 5326 susceptione
1866 5257 2056 5311 huma-

473 5349 661 5406 nitatis
691 5349 832 5404 Deus
856 5349 1101 5404 verbum.
1130 5347 1283 5403 Unde
1307 5348 1590 5419 sequitur:

543 5439 706 5496 Vens.
752 5441 803 5496 6.
850 5471 920 5481 —
960 5439 1199 5494 Minuisti
1229 5457 1378 5506 eum,
1409 5451 1515 5496 etc.
1553 5440 2046 5496 Minoratnmeuim

473 5550 594 5590 eum
618 5534 780 5604 paulo
801 5535 980 5588 minus
1002 5533 1071 5587 ab
1092 5533 1297 5602 angelis
1319 5548 1414 5604 per
1437 5533 1794 5589 humilitatem
1815 5535 2050 5590 carnalis

472 5627 836 5700 generationis
871 5634 1034 5696 atque
1061 5625 1326 5695 passionis
1354 5626 1654 5682 audivimus
1681 5635 1735 5682 et
1755 5627 2046 5682 credimus.

475 5717 627 5788 Quod
675 5718 1108 5790 magniﬁcentius
1154 5719 1209 5773 in
1252 5717 1518 5774 Hebraico
1561 5720 1791 5791 legitur:
1845 5719 2050 5776 Minues

473 5827 590 5869 sum
625 5813 782 5882 paulo
815 5815 986 5873 minus
1013 5832 1047 5869 a
1076 5811 1186 5868 Deo
1211 5829 1229 5868 :
1259 5813 1350 5870 ubi
1374 5822 1428 5868 et
1448 5813 1671 5886 xqualis
1695 5813 1839 5869 Patri
1865 5827 2052 5869 secun-

2162 4701 2301 4755 culta
2331 4701 2430 4772 ﬁlii
2450 4742 2466 4768 ,
2499 4703 2552 4758 id
2581 4712 2665 4758 est
2693 4703 2911 4759 humilis
2945 4702 3061 4772 ejus
3085 4704 3374 4768 adventus,
3409 4720 3525 4774 quo
3553 4706 3755 4775 pml‘uit

2160 4793 2411 4866 gentibus
2449 4809 2574 4850 cum
2619 4795 2862 4850 excitate
2897 4793 3238 4862 Judxorum,
3282 4803 3339 4851 et
3382 4811 3586 4865 pxna,
3635 4815 3754 4868 qua:

2161 4900 2305 4941 nunc
2350 4886 2551 4941 occulte
2593 4888 2804 4959 agitur,
2847 4889 3083 4944 nondum
3123 4889 3476 4946 damnatione
3522 4908 3756 4964 [)6st-

2164 4977 2317 5045 tium,
2345 4977 2441 5033 sed
2471 4988 2565 5033 aut
2591 4981 2986 5036 exercitatione
3006 4995 3417 5049 conversorum,
3448 4994 3550 5040 aut
3568 4986 3754 5041 admo-

2161 5069 2367 5126 nitione
2393 5080 2454 5126 ut
2474 5081 2882 5140 convertantur,
2912 5082 3008 5129 aut
3034 5074 3295 5141 excitate,
3319 5084 3378 5130 ut
3407 5076 3754 5134 damnationi

2160 5164 2551 5226 praeparentur,
2581 5158 2675 5227 qui
2707 5159 2949 5214 converti
2989 5159 3277 5216 noluerint.
3312 5160 3452 5216 Nam
3489 5173 3550 5218 et
3587 5165 3753 5227 illud,

2159 5248 2303 5318 quod
2333 5249 2487 5304 titulo
2525 5248 2878 5304 inscribitur:
2919 5250 2973 5302 in
3013 5249 3168 5319 ﬁnem
3210 5269 3304 5322 pro
3351 5253 3579 5309 occultis
3616 5256 3754 5323 ﬁlii,

2160 5353 2214 5400 et
2243 5359 2404 5414 supra
2429 5345 2572 5399 dicta
2599 5359 2662 5398 ex
2691 5344 2914 5418 Hebrxo
2939 5346 3220 5401 translatio
3245 5349 3418 5418 ponit,
3443 5351 3635 5403 victori
3654 5367 3756 5416 pro

2159 5407 2326 5492 morte
2349 5437 2479 5506 ﬁlii,
2513 5407 2894 5494 decentissime
2923 5438 3008 5493 his
3041 5407 3290 5510 congruit
3318 5407 3510 5510 procul
3549 5407 3750 5505 dubio,

2157 5533 2350 5604 quibus
2377 5533 2575 5604 quippe
2606 5543 2795 5588 auctor
2826 5541 2909 5588 est
2936 5532 3200 5598 Christus,
3234 5534 3326 5604 qui
3356 5533 3537 5590 dixit:
3569 5533 3757 5602 Conﬁ-

2157 5625 2279 5688 dite,
2313 5641 2407 5695 ego
2436 5625 2536 5678 vici
2565 5625 2818 5680 mundum
2838 5666 2854 5691 ,
2884 5639 3008 5680 cum
3033 5625 3101 5680 de
3128 5635 3302 5680 morte
3344 5627 3554 5697 pariter
3577 5638 3627 5681 et
3659 5628 3754 5681 in-

2159 5715 2312 5771 ferno
2339 5716 2708 5786 triumphavit.
2737 5717 2853 5789 Ipse
2881 5727 2938 5773 et
2963 5719 3107 5788 linis,
3138 5719 3239 5773 hoc
3263 5727 3347 5774 est
3380 5720 3754 5791 complemen-

2161 5820 2274 5867 tum
2295 5810 2447 5880 legis,
2464 5811 2605 5867 sicut
2627 5811 2735 5868 ait:
2762 5809 2885 5867 Non
2907 5812 3022 5866 veni
3040 5811 3234 5868 solvere
3255 5811 3441 5882 legem,
3463 5813 3555 5867 sed
3573 5812 3754 5867 adius.
