3948 6314
185 436 286 493 769

1238 429 1484 488 EXPOS.
1525 429 1592 506 lN
1625 430 1724 486 XX
1755 428 2010 486 PRIMOS
2043 429 2384 488 PSALMOS.

3323 434 3429 489 770

181 563 330 620 plere.
374 543 652 613 Siquidem
682 553 738 600 et
764 546 1046 602 victoriam
1086 546 1225 603 feret
1253 548 1320 604 de
1353 549 1553 606 mundo
1570 591 1585 617 ,
1629 549 1752 604 ﬁnis
1777 549 1832 610 Α
1857 545 2456 614 mortuosjudicandos,
2484 547 2697 617 paravit
2725 546 2778 602 in
2805 545 3017 603 occulto
3029 545 3234 616 judicio
3254 549 3430 606 sedem

181 645 261 694 est
287 635 591 690 futurorum
616 635 900 692 bonorum.

246 729 408 784 Vens.
440 727 494 781 2.
521 758 589 768 --
614 725 910 798 Conﬁtebor
937 730 1059 797 tibi,
1107 729 1360 798 Domine,
1387 740 1496 788 etc.
1534 731 1661 787 Non
1694 734 1752 786 in

181 831 280 879 toto
308 821 463 877 corde
483 821 760 892 conﬁtetur
788 824 900 879 Deo
919 865 934 891 ,
962 825 1054 894 qui
1081 824 1146 880 de
1182 825 1522 896 providentia
1553 826 1670 896 ejus
1696 826 1750 880 in

180 916 353 985 aliquo
381 914 610 971 dubitat.
645 914 851 971 Narrat
877 925 1057 972 autem
1103 918 1282 971 omnia
1317 916 1584 972 mirabilia
1619 917 1748 984 Dei,

180 1006 294 1076 quia
323 1021 431 1061 non
459 1007 633 1062 solum
656 1007 711 1062 in
733 1008 1050 1079 corporibus
1071 1007 1269 1078 palam,
1292 1009 1386 1064 sed
1407 1016 1462 1064 et
1486 1008 1538 1063 in
1559 1008 1752 1064 animis

178 1099 514 1155 invisibiliter
540 1100 780 1171 quidem,
820 1102 912 1157 sed
959 1100 1115 1173 longe
1151 1101 1432 1157 sublimius
1468 1111 1523 1158 et
1570 1103 1751 1159 excel-

177 1188 368 1245 lentius
399 1189 516 1244 ﬁeri
543 1190 706 1246 videt.

243 1279 408 1336 Vens.
433 1281 486 1337 5.
509 1313 580 1323 —
599 1281 844 1337 Lwtabor
868 1292 916 1338 et
941 1283 1214 1338 exsultabo
1231 1325 1246 1350 ,
1273 1292 1380 1340 etc.
1422 1284 1537 1340 Non
1571 1286 1622 1339 in
1652 1286 1756 1341 hoc

177 1373 389 1439 seculo,
418 1374 510 1429 ubi
535 1373 785 1430 lethifera
817 1374 1000 1430 laetitia
1026 1384 1128 1442 est,
1159 1391 1266 1431 non
1295 1376 1349 1431 in
1371 1375 1755 1432 ambitionibus

176 1467 390 1533 mundi,
440 1465 532 1522 ubi
565 1475 787 1538 peccata
814 1483 1001 1522 amara
1041 1468 1228 1523 suavia
1261 1476 1420 1533 sunt,
1449 1469 1545 1524 sed
1588 1470 1643 1522 in
1671 1478 1752 1534 te,

175 1559 261 1614 ubi
291 1573 548 1614 securum
573 1558 827 1630 gaudium
853 1572 1069 1630 semper
1093 1559 1261 1616 sumit
1288 1567 1658 1631 augmentum.

241 1648 491 1703 Narrabo
517 1657 698 1704 autem
733 1651 911 1705 omnia
950 1650 1218 1705 mirabilia
1258 1660 1380 1716 tua,
1414 1639 1592 1722 pqtest
1621 1665 1756 1721 prae-

175 1741 325 1811 cipue
356 1741 585 1812 intelligi
606 1758 673 1797 ex
699 1756 932 1812 persona
960 1741 1187 1808 Christi,
1214 1743 1307 1813 qui
1333 1742 1614 1813 discipulis
1635 1743 1713 1798 ait
1739 1761 1751 1797 :

175 1829 362 1886 Omnia
391 1848 711 1906 quaecunque
739 1835 918 1888 audivi
938 1851 971 1888 a
990 1831 1153 1888 Patre
1172 1849 1286 1888 meo
1311 1843 1438 1890 nota
1457 1833 1556 1902 feci
1578 1835 1718 1890 vobis
1733 1849 1752 1887 :

1858 657 2029 694 suam.

1931 728 2092 786 Vens.
2141 730 2195 786 9.
2228 760 2297 772 —
2330 729 2400 784 Et
2428 730 2537 802 ipse
2581 730 2709 786 item
2753 729 2928 800 palam
2951 730 3216 800 judicabit
3260 732 3436 787 orbem

1855 833 2009 879 terra:
2033 825 2091 878 in
2120 824 2382 895 (equitate.
2412 823 2471 879 Id
2495 832 2584 878 est
2606 823 2815 880 meritis
2841 823 3002 894 digna
3033 823 3342 880 restituens.

1926 914 2090 973 Vens.
2121 915 2208 972 10.
2230 947 2300 957 -
2323 915 2396 970 Et
2417 915 2589 986 factus
2623 924 2697 970 est
2729 910 2984 970 Dominus
3025 914 3284 985 refugium
3308 930 3436 984 pau-

1852 1009 1983 1079 peri,
2010 1014 2118 1062 etc.
2156 1006 2293 1075 Quid
2319 1006 2392 1061 sit
2415 1006 2632 1075 adjutor
2660 1007 2716 1060 in
2747 1007 3216 1077 opportunitatibus
3233 1047 3246 1072 ,
3271 1021 3434 1076 expo-

1853 1098 1962 1154 suit
1985 1113 2110 1153 cum
2145 1097 2350 1152 addidit
2375 1114 2386 1150 :
2412 1097 2469 1150 in
2500 1095 2855 1152 tribulatione.
2891 1096 3007 1152 Non
3034 1098 3179 1153 enim
3209 1113 3435 1154 conver-

1855 1188 1988 1244 titur
2016 1188 2194 1243 anima
2222 1189 2288 1244 ad
2318 1187 2640 1254 Dominum,
2685 1188 2788 1243 nisi
2823 1204 2946 1243 cum
2984 1189 3052 1244 ab
3095 1189 3198 1243 hoc
3235 1189 3432 1244 StBClllO

1855 1281 2143 1337 avertitur.
2173 1280 2285 1337 Nec
2322 1289 2656 1352 opportunus
2689 1281 2758 1336 ab
2791 1281 2896 1337 hoc
2924 1281 3118 1337 saeculo
3147 1284 3436 1346 avertitur,

1855 1373 1960 1429 nisi
1991 1373 2292 1444 nugatoriis
2313 1370 2449 1441 ejus,
2478 1381 2534 1428 et
2556 1372 2752 1438 noxiis,
2775 1379 2830 1427 et
2852 1372 3172 1442 perniciosis
3198 1373 3438 1442 volupta-

1857 1466 2002 1522 tibus
2025 1465 2242 1522 labores.
2265 1465 2590 1536 doloresque
2620 1466 2973 1522 misceantur.

1927 1555 2093 1613 Vens.
2141 1558 2228 1614 11.
2281 1589 2350 1598 -
2398 1556 2470 1612 Et
2508 1567 2710 1627 sperent
2750 1558 2804 1612 in
2845 1567 2913 1625 te,
2951 1568 3055 1615 etc.
3103 1559 3438 1625 Quazrentem

1855 1648 2055 1720 quippe
2085 1649 2345 1716 animam,
2374 1648 2466 1704 ubi
2495 1649 2624 1720 ﬁgat
2653 1664 2826 1720 spem,
2858 1663 2982 1704 cum
3012 1647 3081 1703 ab
3108 1648 3210 1703 hoc
3243 1647 3442 1703 mundo

1857 1741 2136 1807 evellitur,
2186 1750 2489 1814 opportune
2531 1742 2734 1813 excipit
2773 1744 2997 1814 cognitio
3046 1743 3271 1798 nominis
3303 1742 3437 1799 Dei:

1857 1850 1983 1916 nam
2007 1829 2206 1891 nomen
2236 1835 2412 1906 ipsum
2441 1834 2545 1892 Dei
2567 1851 2954 1908 usquequaque
2978 1836 3308 1908 divulgatum
3337 1843 3438 1899 est,

175 1922 438 1993 siquidem
457 1924 572 1994 jam
596 1924 785 1995 incipit
805 1939 1067 1995 apparere
1084 1940 1317 1996 persona
1343 1925 1554 1981 Domini
1577 1925 1631 1981 in
1656 1926 1760 1982 hoc
1787 1919 1836 1981 B
1862 1925 1957 1980 sed
1982 1925 2207 1996 cognitio
2231 1926 2455 1980 nominis
2484 1935 2586 1993 est,
2622 1942 2747 1983 cum
2776 1925 2867 1982 ille
2893 1927 3258 1999 cognoscitur,
3291 1926 3445 1997 cujus

172 2013 378 2083 psalmo
408 2013 701 2085 loquentis.
735 2014 872 2070 Nam
894 2016 1139 2086 sequitur
1163 2035 1175 2070 :

242 2107 404 2164 Vens.
435 2109 491 2163 4.
522 2141 593 2150 --
613 2099 690 2164 ’1η
717 2111 1056 2166 convertendo
1078 2152 1094 2176 ,
1125 2118 1230 2166 etc.
1271 2109 1443 2180 Hujus
1479 2111 1624 2166 enim
1650 2109 1756 2166 ini-

172 2198 338 2256 micus
381 2207 685 2255 retrorsum
708 2215 1005 2256 conversus
1043 2210 1156 2268 est,
1201 2201 1416 2272 quando
1460 2202 1511 2257 ei
1554 2202 1756 2257 dictum

171 2297 250 2344 est
274 2307 287 2344 :
320 2289 462 2344 Redi
488 2299 648 2359 retro,
667 2289 915 2346 Satanas.
935 2291 1086 2347 Tunc
1113 2292 1386 2362 enim,qui
1414 2292 1670 2348 tentando
1700 2307 1759 2348 se

171 2398 487 2454 praeponere
521 2384 809 2455 cupiebat,
855 2393 1000 2441 retro
1037 2386 1216 2441 factus
1239 2394 1353 2451 est,
1382 2386 1435 2441 in
1470 2401 1593 2441 eum
1623 2385 1758 2440 nihil

175 2474 419 2533 valendo.
452 2469 746 2532 Hominum
783 2491 998 2547 quoque
1038 2476 1216 2532 nullus
1245 2492 1368 2532 eum
1394 2477 1679 2548 praecedit,
1706 2484 1760 2532 et

172 2577 320 2624 retro
348 2583 471 2625 esse
495 2567 645 2635 facit,
677 2561 781 2624 nisi
809 2569 901 2638 qui
931 2569 1203 2638 deponens
1240 2564 1759 2640 imaginem'terreni

174 2659 412 2716 hominis
438 2660 740 2732 portaverit
767 2661 1060 2732 imaginem
1091 2661 1362 2729 caelestis,
1412 2677 1476 2717 ea
1522 2662 1757 2728 scilicet,

176 2766 292 2820 qua:
326 2758 467 2805 retro
491 2760 612 2806 sunt
636 2750 958 2817 obliviscens,
985 2761 1033 2806 et
1062 2769 1117 2806 se
1141 2751 1211 2806 ad
1235 2769 1298 2806 ea
1325 2769 1442 2823 qua:
1492 2762 1614 2808 ante
1639 2761 1761 2808 sunt

176 2842 478 2896 extendens.
503 2841 638 2896 Nam
667 2845 810 2913 quod
845 2843 1049 2900 dictum
1085 2853 1169 2900 est
1194 2861 1208 2900 :
1230 2843 1511 2900 Inimicum
1550 2860 1724 2899 meum
1744 2885 1759 2910 ,

169 2933 500 3003 generaliter
541 2935 788 3004 accipere
830 2951 938 2991 non
975 2937 1081 2992 erit
1105 2937 1424 3004 absurdum,
1468 2937 1610 2993 sicut
1659 2937 1761 2993 He-

166 3024 360 3082 braica
409 3028 566 3083 docet
611 3008 808 3095 editio,
853 3045 975 3099 qua:
1013 3039 1298 3099 postquam
1341 3031 1519 3086 dixit:
1560 3029 1762 3085 Canam

168 3120 376 3173 nomini
401 3129 518 3186 tuo,
547 3120 832 3186 Altissime,
865 3122 1047 3176 statim
1070 3121 1272 3176 infert:
1316 3122 1449 3177 Cum
1483 3122 1762 3176 ceciderint

167 3209 376 3264 inimici
407 3211 510 3266 mei
544 3221 860 3278 retrorsum,
907 3223 956 3266 et
994 3213 1316 3278 corruerint,
1363 3224 1412 3266 et
1453 3213 1703 3282 perierint
1729 3231 1761 3267 a

169 3301 307 3370 facie
331 3311 445 3357 tua.
475 3301 697 3371 Quare?

244 3390 414 3447 Vens.
447 3392 500 3446 5.
529 3425 600 3434 —
631 3393 893 3460 Quoniam
932 3394 1101 3464 fecisti
1130 3393 1422 3464 judicium,
1455 3403 1562 3452 etc.
1592 3394 1649 3450 ld
1675 3403 1761 3450 est

169 3482 437 3552 judicium
467 3483 620 3552 illud,
649 3484 703 3540 in
744 3502 850 3557 quo
871 3487 1105 3558 judicari
1133 3487 1282 3542 visus
1310 3501 1451 3554 sum,
1481 3503 1654 3542 nicum
1683 3487 1760 3543 fe—

173 3575 317 3642 clsti,
350 3584 406 3632 et
428 3593 644 3632 causam
673 3578 844 3646 illam,
873 3578 929 3633 in
957 3594 1063 3650 qua
1093 3595 1181 3634 me
1200 3580 1408 3650 justum
1431 3587 1488 3635 et
1509 3579 1761 3636 innocen-

175 3676 282 3722 tem
315 3668 567 3726 homines
591 3670 1008 3737 damnaverunt,
1037 3687 1207 3725 meam
1237 3670 1435 3728 fecisti.
1468 3670 1596 3728 Ηῖθο
1615 3672 1759 3728 enim

175 3761 223 3814 ei
247 3753 625 3817 militaverunt
645 3763 714 3818 ad
735 3771 977 3819 nostram
998 3761 1403 3819 liberationem:
1422 3763 1562 3818 sicut
1583 3770 1761 3818 nautae

175 3855 361 3912 dicunt
410 3866 629 3912 ventum
675 3873 866 3924 suum,
903 3873 1009 3928 quo
1051 3865 1278 3912 utuntur
1320 3855 1387 3911 ad
1427 3858 1566 3912 bene
1610 3855 1761 3910 navi-

173 3949 430 4018 gandum.

241 4039 411 4096 Veiis.
443 4041 496 4096 6.
529 4072 600 4082 —
633 4041 926 4114 Increpasti
959 4051 1166 4114 gentes,
1199 4051 1303 4096 etc.
1344 4038 1764 4096 Convenientius

177 4131 276 4188 hoc
322 4132 560 4189 Domino
584 4131 712 4189 Jesu
753 4112 970 4189 Christo
999 4112 1148 4198 dici,‘
1187 4147 1349 4203 quam
1381 4131 1554 4201 ipsum
1584 4130 1765 4187 dicere

176 4224 498 4295 accipimus.
528 4224 663 4292 Quis
685 4225 831 4280 enim
853 4225 990 4281 alius
1011 4226 1294 4295 increpavit
1320 4233 1519 4295 gentes,
1541 4232 1590 4276 et
1612 4223 1763 4293 periit

175 4315 390 4387 impius,
406 4317 510 4374 nisi
534 4319 625 4388 qui
647 4325 998 4390 posteaquam
1024 4317 1271 4373 ascendit
1291 4316 1345 4371 in
1372 4314 1593 4382 caelum,
1619 4315 1768 4371 misit

123 4461 129 4467 .
178 4406 445 4478 Spiritum
465 4417 736 4478 sanctum,
754 4425 860 4481 quo
880 4409 1134 4480 completi
1157 4408 1385 4479 apostoli
1415 4423 1541 4463 cum
1567 4407 1765 4463 ﬁducia

174 4500 544 4570 pmdicarent
566 4502 794 4557 verbum
823 4500 940 4565 Dei,
968 4509 1023 4556 et
1043 4507 1262 4570 peccata
1292 4498 1572 4555 hominum
1598 4497 1767 4554 libere

179 4595 496 4665 arguerent?
517 4593 634 4662 Qua
659 4594 1030 4664 increpatione
1047 4593 1200 4663 periit
1222 4593 1434 4663 impius,
1466 4591 1590 4661 quia
1607 4591 1765 4661 justi-

177 4682 370 4741 ﬁcatus
418 4694 518 4742 est.
552 4685 891 4757 Deletumque
933 4693 1017 4741 est
1060 4700 1249 4739 nomen
1291 4683 1600 4754 impiorum.
1645 4681 1762 4740 Non

179 4774 322 4830 enim
352 4775 697 4847 appellantur
721 4775 897 4847 impii,
929 4776 1021 4846 qui
1050 4775 1278 4831 Domino
1301 4789 1432 4830 vero
1462 4775 1708 4830 credunt.

250 4865 420 4922 Vens.
449 4869 504 4922 7.
532 4899 602 4908 -—
627 4868 842 4922 Inimici
863 4867 1179 4938 defecerunt,
1205 4878 1309 4922 etc.
1342 4866 1509 4936 Cujus
1537 4866 1766 4931 inimici,

181 4960 282 5015 nisi
312 4961 513 5017 diaboli
538 4961 755 5032 framea:
776 4961 1097 5032 defecerunt,
1129 4976 1250 5033 qua:
1281 4961 1653 5032 intelliguntur
1683 4962 1767 5017 di-

183 5067 355 5109 versa:
373 5055 662 5125 opiniones
690 5056 921 5122 erroris,
961 5057 1158 5126 quibus
1181 5055 1271 5111 ille
1295 5065 1553 5127 tanquam
1578 5057 1768 5128 gladiis

183 5144 394 5200 animas
417 5145 680 5214 perimit?
713 5145 782 5201 In
809 5146 968 5215 ﬁnem
998 5161 1126 5201 vero
1148 5187 1163 5212 ,
1204 5147 1308 5202 hoc
1331 5157 1415 5202 est
1440 5148 1492 5201 in
1521 5147 1768 5211 Christo,

186 5234 274 5303 qui
302 5237 537 5292 ciuitates
556 5238 672 5308 ejus
693 5238 971 5303 destruxit,
1007 5253 1129 5294 cum
1158 5238 1389 5294 exclusit
1417 5238 1541 5294 inde
1567 5239 1769 5309 princi-

187 5338 331 5393 pem,
357 5328 424 5383 de
450 5343 560 5399 quo
585 5329 787 5386 dictum
813 5339 932 5386 est:
975 5328 1226 5399 Princeps
1247 5329 1405 5399 hujus
1436 5329 1618 5385 sceculi
1641 5318 1768 5384 mis-

188 5430 275 5468 sus
303 5425 379 5470 est
406 5417 572 5487 foras.

263 5505 429 5562 Periit
464 5513 737 5577 memoria,
761 5520 865 5568 etc.
897 5477 1219 5582 Sive,!1uia
1252 5512 1311 5566 ﬁt
1337 5511 1614 5582 strepitus,
1643 5527 1764 5567 cum

193 5596 440 5670 impietas
492 5603 789 5670 evertitur,
851 5605 980 5678 sive.
1017 5606 1179 5660 etiam
1235 5605 1350 5674 ipso
1383 5604 1612 5674 strepitu
1646 5617 1766 5672 per-

192 5698 373 5757 eunte,
406 5693 460 5748 in
489 5710 597 5764 quo
636 5696 990 5752 tumultuatur
1019 5698 1285 5768 impietas.

265 5783 429 5843 Vens.
459 5787 510 5844 8.
553 5821 625 5831 -—
663 5790 879 5845 Paravit
908 5791 1178 5862 injudicio
1203 5793 1466 5860 thronum,
1496 5800 1600 5848 etc.
1631 5792 1764 5860 Quia

192 5875 353 5930 etiam
389 5880 564 5948 palam
603 5882 994 5952 manifesteque
1024 5893 1279 5941 venturus
1304 5893 1388 5941 est
1421 5884 1489 5941 ad
1531 5886 1680 5941 vivos
1711 5895 1769 5942 et

1858 2030 2057 2071 ηοιηθιι
2086 2023 2188 2071 est.

1843 2163 1845 2165 ,
1889 2147 1902 2165 .
1928 2107 2092 2164 Vens.
2127 2108 2215 2163 12.
2259 2139 2328 2149 -
2366 2107 2588 2164 Psallite
2627 2108 2883 2177 Domino,
2928 2117 3034 2166 etc.
3077 2109 3172 2165 His
3215 2109 3443 2173 dicitur,

1857 2215 1995 2273 quos
2038 2217 2143 2258 non
2184 2200 2511 2274 derelinquit
2552 2211 2857 2273 quaerentes
2899 2216 2958 2258 se
3001 2201 3278 2256 Dominus.
3328 2201 3445 2271 Ipse

1858 2293 2060 2346 habitat
2085 2293 2141 2347 in
2172 2292 2320 2359 Sion,
2361 2309 2482 2364 quae
2509 2294 2899 2365 interpretatur
2922 2291 3206 2364 speculatio
3224 2332 3242 2359 ,
3271 2300 3326 2348 et
3353 2307 3446 2361 ge-

1859 2393 1968 2442 stat
2000 2386 2288 2457 imaginem
2318 2386 2595 2453 Ecclesiac,
2619 2402 2739 2457 qua:
2767 2403 2910 2442 nunc
2931 2394 3034 2451 cst,
3059 2393 3114 2440 et
3135 2386 3222 2441 cui
3242 2386 3443 2440 dictum

1860 2484 1983 2532 est:
2019 2475 2291 2547 Templum
2316 2477 2530 2532 Domini
2556 2487 2794 2531 sanctum
2825 2487 2918 2544 est,
2955 2477 3092 2548 quod
3117 2478 3238 2530 estis
3268 2493 3373 2530 vos.

1930 2567 2096 2623 Vens.
2130 2567 2220 2622 15.
2260 2598 2330 2608 -
2371 2566 2634 2634 Quoniam
2682 2567 2981 2638 requirens,
3025 2573 3131 2621 etc.
3166 2564 3328 2633 Quasi
3365 2582 3446 2620 re—

1861 2661 2220 2731 sponderetur
2249 2662 2317 2717 ab
2341 2661 2427 2716 his
2453 2661 2546 2731 qui
2573 2660 2726 2716 missi
2760 2670 2888 2716 sunt
2912 2661 3280 2731 evangelizare
3310 2661 3440 2715 inter

1861 2761 2048 2827 gentes
2074 2754 2250 2810 studia
2281 2754 2397 2820 Dei,
2431 2762 2486 2808 et
2519 2754 2822 2810 diceretur:
2858 2754 3079 2808 Domine
3098 2795 3112 2820 ,
3141 2755 3257 2825 quis
3282 2754 3451 2807 credi-

1861 2846 1939 2899 dit
1963 2844 2171 2899 auditui
2206 2846 2430 2900 nostro?
2463 2844 2566 2900 Et:
2598 2843 2823 2916 Propter
2851 2853 2898 2899 te
2937 2844 3318 2914 mortiﬁcamur
3342 2855 3451 2898 tota

1863 2936 1966 2991 die.
2012 2936 2138 3004 Aut,
2185 2937 2340 3007 quasi
2387 2935 2586 3007 aliquis
2620 2935 2922 3006 imperitior
2967 2945 3025 2991 et
3067 2936 3296 2991 minoris
3325 2935 3447 2990 ﬁdei

1863 3036 2136 3098 quaereret
2157 3027 2343 3083 dicens
2370 3046 2382 3081 :
2415 3029 2688 3097 quomodo
2717 3025 3153 3094 annuntiabitur,
3181 3041 3304 3082 cum
3333 3025 3450 3080 inﬁ-

1865 3119 2060 3175 delitas
2089 3120 2330 3191 gentium
2362 3121 2616 3175 saevitum
2652 3120 2766 3174 sit?
2795 3119 3180 3176 convenienter
3209 3119 3452 3188 sequitur

1867 3208 2090 3264 dicens:
2121 3225 2230 3265 non
2254 3211 2372 3264 sine
2397 3225 2594 3280 magno
2615 3209 2793 3264 fructu
2821 3210 3142 3266 aeternitatis
3161 3210 3453 3271 moriturus

1787 3283 1835 3346 Ο
1865 3300 1919 3354 in
1949 3302 2327 3371 persecutione
2351 3299 2714 3367 Christianos,
2743 3302 2992 3372 quoniam
3030 3302 3293 3371 requirens
3323 3319 3448 3355 san-

1861 3391 2073 3462 guinem
2104 3409 2284 3447 eorum
2315 3393 2622 3447 recordatus
2649 3402 2744 3448 est.

1935 3483 2098 3539 Vens.
2130 3483 2217 3538 14.
2241 3515 2310 3524 ——
2337 3484 2585 3539 Miserere
2609 3485 2733 3550 mei,
2755 3483 3010 3551 Domine,
3043 3492 3147 3540 etc.
3182 3484 3333 3540 Unus
3362 3485 3416 3538 iu
3433 3513 3448 3523 -

1863 3574 2111 3645 terpellat
2139 3590 2238 3646 pro
2270 3575 2474 3630 sanctis
2494 3615 2510 3641 ,
2555 3575 2648 3646 qui
2690 3577 2896 3646 primus
2921 3589 3020 3646 pro
3055 3575 3211 3631 nobis
3244 3591 3450 3646 pauper

1861 3663 2037 3722 factus
2062 3674 2146 3722 est
2208 3680 2330 3721 cum
2359 3673 2502 3722 esset
2542 3666 2724 3733 dives,
2774 3682 2898 3723 cum
2929 3683 3092 3738 supra
3129 3667 3325 3738 plurali
3353 3683 3451 3721 nu-

1863 3771 2013 3812 mero
2041 3757 2286 3813 diceret:
2328 3756 2454 3812 Non
2488 3768 2564 3813 est
2591 3759 2781 3814 oblitus
2816 3759 3101 3816 clamorem
3138 3775 3446 3832 pauperum.

1862 3850 1932 3906 Et
1961 3850 2077 3922 ipse
2100 3853 2233 3908 dicit
2259 3871 2272 3906 :

1935 3942 2101 4001 Vens.
2151 3945 2239 4000 15.
2265 3975 2330 3986 -
2354 3945 2459 4024 Qui
2487 3947 2691 4002 exultas
2718 3965 2821 4013 me,
2857 3955 2962 4003 etc.
2991 3946 3278 4003 Exaltatur
3305 3948 3450 4004 enim

1867 4035 1923 4090 iu
1949 4035 2040 4092 illo
2061 4037 2291 4107 quisque
2321 4047 2565 4093 nostrum
2593 4039 2652 4094 in
2678 4039 2938 4094 membris
2966 4038 3084 4107 ejus
3113 4039 3182 4094 ab
3203 4039 3452 4094 omnibus

1868 4126 2053 4197 pravis
2081 4127 2497 4198 cupiditatibus,
2540 4144 2662 4200 qua:
2690 4139 2817 4184 sunt
2844 4140 3010 4199 porta:
3058 4131 3276 4195 mortis,
3325 4128 3450 4199 quia

1867 4234 1966 4290 per
1990 4219 2111 4275 illas
2131 4219 2242 4275 itur
2261 4221 2318 4276 in
2339 4229 2592 4278 mortem.
2619 4219 2761 4278 Sunt
2784 4230 2964 4278 autem
2985 4232 3150 4293 porta:
3171 4221 3298 4292 ﬁlia:
3320 4221 3450 4276 Sion

1867 4312 2051 4368 omnia
2075 4312 2278 4383 optima
2303 4312 2481 4368 studia
2499 4352 2514 4379 ,
2548 4328 2648 4384 per
2688 4329 2823 4384 quas
2851 4314 3066 4369 venitur
3089 4313 3158 4369 ad
3188 4313 3449 4369 visionem

1868 4405 2040 4478 pacis.
2088 4404 2146 4459 ln
2195 4414 2380 4462 sancta
2429 4404 2669 4462 Ecclesia
2725 4419 2887 4477 porta:
2939 4415 3066 4464 sunt
3107 4406 3268 4463 etiam
3325 4405 3452 4475 ﬁlia:

1867 4494 1999 4551 Sion
2027 4503 2366 4552 sacramenta
2393 4504 2452 4552 et
2474 4497 2626 4552 initia
2652 4498 2796 4554 ﬁdei.

1938 4590 2105 4646 Vens.
2134 4591 2224 4646 16.
2242 4621 2310 4631 —
2329 4589 2622 4646 Exsultabo
2647 4591 2702 4646 in
2730 4591 2955 4646 salutari
2982 4601 3093 4659 tuo,
3117 4599 3224 4647 etc.
3257 4592 3452 4646 Exsul-

1869 4686 1988 4741 tabo
2010 4727 2024 4753 ,
2051 4687 2105 4742 id
2131 4694 2214 4742 est
2253 4701 2380 4742 cum
2428 4687 2761 4743 beatitudine
2798 4687 3117 4744 continebor
3158 4704 3189 4742 a
3230 4687 3450 4742 salutari

1870 4790 1977 4845 tuo,
2013 4779 2156 4851 quod
2187 4788 2275 4836 est
2295 4781 2557 4838 Dominus
2586 4789 2773 4837 noster
2793 4780 2952 4837 Iesus
2979 4780 3248 4848 Christus,
3283 4780 3453 4836 virtus

1868 4878 1926 4926 et
1953 4870 2218 4941 sapientia
2242 4871 2358 4928 Dei.
2390 4873 2594 4928 Deinde
2630 4872 3164 4929 animadvertendum
3200 4873 3454 4943 quemadv

1875 4963 2092 5019 modum
2120 4973 2368 5020 servetur
2390 4978 2550 5036 paena
2575 4967 2849 5036 peccatori
2875 4967 2944 5022 de
2967 4968 3222 5038 operibus
3247 4967 3378 5024 suis.

1945 5056 2013 5112 In
2035 5056 2221 5129 laqueo
2239 5061 2365 5126 isto,
2395 5067 2501 5116 etc.
2528 5057 2768 5130 Laqueus
2798 5061 3144 5118 absconditus
3166 5071 3249 5118 est
3268 5060 3450 5118 dolosa

1873 5148 2169 5220 cogitatio:
2205 5167 2292 5220 pes
2332 5152 2526 5207 anima:
2572 5161 2719 5209 recte
2763 5153 3080 5226 intelligitur
3125 5170 3308 5221 amor,
3359 5153 3449 5223 qui

1873 5256 1996 5298 cum
2026 5258 2225 5312 pravus
2251 5252 2357 5310 est,
2383 5254 2608 5301 vocatur
2633 5246 2921 5317 cupiditas,
2954 5255 3048 5302 aut
3083 5247 3284 5302 libido:
3327 5261 3446 5300 cum

1874 5340 2056 5388 autem
2101 5341 2313 5400 rectus,
2358 5333 2576 5392 dilectio
2606 5337 2692 5394 vel
2721 5339 2978 5394 charitas.
3022 5337 3080 5394 ln
3110 5337 3449 5394 fraudulento
3500 5375 3510 5385 .

1871 5437 2002 5493 ergo
2021 5423 2250 5479 consilio
2269 5427 2667 5496 comprehensus
2690 5439 2765 5484 est
2784 5447 2871 5500 pes
2895 5447 3097 5497 eorum,
3123 5444 3247 5486 cum
3266 5440 3451 5482 amore

1875 5516 2120 5585 pervenit
2145 5530 2242 5586 per
2267 5515 2517 5574 fraudem
2541 5519 2612 5575 ad
2641 5535 2835 5576 vanam
2860 5521 3120 5577 laetitiam.

1946 5609 2108 5665 Vens.
2143 5610 2229 5664 17.
2251 5641 2323 5650 -
2351 5610 2701 5683 Cognoscetur
2723 5612 3003 5679 Dominus,
3033 5623 3137 5668 etc.
3168 5611 3291 5666 llaec
3327 5623 3452 5665 sunt

1863 5700 2077 5770 judicia
2109 5701 2242 5769 Dei,
2283 5719 2407 5759 cum
2447 5704 2624 5760 reddit
2665 5705 2954 5776 unicuique
2986 5705 3278 5760 secundum
3315 5719 3450 5772 opus

1871 5811 2048 5854 suum.

1949 5877 2108 5947 Vens.
2133 5892 2221 5946 18.
2262 5923 2329 5933 —
2376 5893 2755 5950 Convertuntur
2781 5901 3108 5962 peccatores,
3141 5899 3245 5946 etc.
3285 5890 3340 5944 id
3367 5897 3450 5946 est
