3948 6314
513 420 612 479 ττι

1006 423 1393 480 WALAFRIDI
1433 426 1677 482 STRABI
1716 426 1917 484 FULD.
1960 428 2122 485 MON.
2163 431 2311 487 OPP.
2353 433 2533 489 PARS
2573 436 2614 490 I.
2652 466 2719 475 —
2763 434 3217 495 THEOLOGICA.

3665 440 3776 496 772

512 535 707 591 dentur
726 534 778 588 in
805 548 997 589 manus
1024 542 1308 597 s'uas,cum
1337 537 1417 592 eis
1438 538 1696 609 parcitur,
1719 547 1774 593 et
1793 537 2082 609 illaquecn-
2111 549 2156 606 Α
2187 559 2349 614 gnum
2379 546 2725 613 obtenturus,
2772 548 2985 617 quando
3015 552 3180 606 etiam
3210 552 3505 607 secundum
3539 554 3781 624 Aposto-

511 634 601 681 tur
625 625 985 682 delectatione
1017 627 1317 683 mortifera.

576 718 741 775 Vens.
775 720 862 775 l9.
895 750 966 759 —
999 718 1261 784 Quoniam
1291 738 1394 775 non
1427 723 1483 777 in
1518 723 1674 793 ﬁnem
1715 725 1933 791 oblivio,
1974 734 2080 780 etc.

507 809 774 881 Pauperes
802 810 1074 875 dicuntur,
1104 814 1194 881 qui
1227 829 1369 868 nunc
1394 814 1662 882 videntur,
1695 817 1846 886 quasi
1872 817 1925 870 in
1950 817 2083 872 obli-

506 901 665 956 vione
688 916 844 956 esse:
883 916 1007 955 cum
1037 902 1164 956 mali
1190 903 1405 971 ﬂorent,
1433 915 1487 960 et
1509 905 1582 960 illi
1606 907 1948 962 tribulantnr.
1977 906 2084 963 Sed

501 995 753 1063 patientia
772 1009 981 1059 eorum,
1000 1011 1105 1067 qua
1131 1012 1273 1053 nunc
1295 1006 1515 1067 portant
1534 1001 1721 1068 malos,
1748 1017 1852 1055 non
1873 1003 2078 1072 peribit,

501 1087 595 1142 sed
622 1087 1055 1142 remunerabitur
1078 1088 1130 1142 in
1160 1088 1344 1144 linem.

571 1176 735 1233 Vsus.
769 1178 858 1233 20.
890 1209 960 1218 --
988 1178 1259 1250 Exsurge,
1305 1182 1556 1248 Domine,
1599 1201 1703 1238 non
1740 1184 2077 1254 confortetur,

498 1277 604 1323 etc.
634 1267 960 1339 lmploratur
987 1269 1226 1325 futurum
1268 1270 1574 1342 judicium:
1622 1276 1873 1346 quodque
1910 1277 2077 1332 dicit:

497 1359 553 1411 in
579 1370 854 1428 conspectu
881 1370 971 1414 tuo
991 1401 1005 1425 ,
1054 1361 1323 1432 significat
1343 1405 1356 1427 ,
1388 1364 1441 1418 in
1474 1365 1686 1421 occulto
1723 1380 1903 1421 coram
1934 1369 2079 1434 Deo,

496 1453 682 1521 paucis
705 1455 907 1509 sanctis
935 1463 989 1509 et
1008 1455 1168 1525 justis
1194 1457 1639 1530 intelligentibus.

571 1540 730 1596 Vens.
757 1542 846 1597 2i.
879 1575 949 1584 —
977 1543 1266 1613 Constitue,
1293 1548 1533 1617 Domine,
1559 1559 1666 1607 etc.
1692 1551 1918 1609 Videtur
1935 1556 2082 1611 Anti-

495 1633 759 1688 christum
806 1635 1141 1705 significare,
1174 1640 1240 1694 de
1268 1656 1376 1711 quo
1419 1643 1709 1713 Apostolus
1749 1645 1910 1701 dicit':
1947 1647 2078 1701 Cum

430 1759 439 1769 .
495 1724 803 1781 revelabitur
823 1729 975 1783 homo
995 1733 1212 1800 peccati,
1230 1742 1289 1787 ut
1315 1735 1405 1805 qui
1434 1736 1622 1791 nolunt
1649 1737 1866 1793 liberari
1890 1754 1919 1793 a
1943 1739 2079 1796 Filio

495 1818 608 1885 Dei,
642 1826 693 1874 et
721 1820 994 1889 pertinere
1023 1825 1090 1879 ad
1118 1823 1313 1881 Filium
1345 1827 1598 1895 hominis,
1628 1839 1681 1886 et
1709 1846 1830 1887 esse
1856 1830 1950 1888 lilii
1982 1834 2077 1889 ho-

2186 631 2295 686 lum
2339 635 2393 689 in
2429 636 2615 706 templo
2641 636 2740 690 Dei
2774 639 3003 706 sedebit;
3045 642 3297 697 extollens
3338 660 3392 697 se
3432 660 3591 714 super
3620 662 3778 700 omne

2184 724 2324 791 quod
2345 718 2534 777 colitur
2553 735 2599 779 et
2624 726 2763 797 quod
2788 727 2983 782 dicitur
3010 730 3169 788 Deus.

2256 814 2417 870 Vens.
2443 816 2531 870 27.
2558 848 2629 856 —
2655 818 2801 872 Dixit
2844 821 2979 874 enim
3012 824 3066 875 in
3105 825 3258 878 corde
3286 842 3399 889 suo,
3428 835 3536 882 etc.
3571 826 3629 882 Id
3657 838 3771 895 est,

2186 906 2325 962 fama
2350 924 2467 964 mea
2492 919 2549 965 et
2574 927 2769 967 nomen
2796 929 2973 969 meum
3002 917 3067 970 de
3093 916 3195 971 hac
3223 922 3579 989 generatione
3610 922 3664 975 in
3688 939 3774 993 ge-

2187 1002 2521 1057 nerationem
2566 1014 2908 1073 posterorum
2947 1022 3053 1062 non
3101 1012 3359 1076 transiet,
3406 1013 3513 1066 nisi
3562 1015 3776 1070 artibus

2184 1092 2342 1147 malis
2385 1093 2656 1163 adipiscar
2691 1104 2801 1151 tam
2832 1111 3105 1155 excelsum
3132 1101 3496 1173 principatum
3517 1146 3535 1171 ,
3568 1106 3637 1159 de
3667 1123 3772 1175 quo

2183 1184 2382 1254 posteri
2409 1194 2590 1240 tacere
2616 1203 2720 1241 non
2750 1189 2977 1258 possint.
3009 1190 3105 1246 Vel
3139 1201 3285 1247 certe
3310 1193 3376 1248 de
3404 1195 3649 1248 humana
3680 1215 3771 1266 ge-

2184 1274 2464 1331 neratione
2510 1275 2566 1329 in
2611 1276 2851 1332 divinam
2895 1282 3297 1351 generationem
3338 1284 3503 1339 rebus
3542 1286 3772 1357 magicis

2184 1367 2537 1421 transiturum
2564 1383 2624 1424 se
2647 1369 3022 1426 arbitrabitur.

2253 1459 2540 1515 Sciendum
2570 1469 2749 1518 autem
2775 1465 2920 1534 quod
2946 1463 3212 1521 Hebraica
3245 1468 3532 1523 translatio
3562 1470 3769 1541 signino

2181 1558 2268 1605 cat
2296 1549 2445 1604 illum
2475 1551 2791 1607 damnatum
2819 1554 3095 1610 hominem
3123 1556 3199 1611 ita
3228 1572 3258 1611 a
3289 1558 3509 1614 diabolo
3536 1562 3770 1615 suaden-

2181 1641 2306 1695 dum
2327 1681 2341 1707 ,
2366 1649 2520 1696 ut-se
2553 1651 2707 1713 putet
2746 1645 2801 1699 in
2830 1655 3088 1701 azlernum
3136 1649 3254 1703 sine
3293 1649 3398 1704 ulla
3434 1652 3769 1709 adversitate

2180 1741 2564 1804 regnaturum;
2605 1750 2724 1805 quae
2750 1738 2822 1792 ita
2851 1737 3020 1793 dicit:
3062 1738 3319 1811 Loquitur
3345 1743 3398 1797 in
3441 1747 3609 1799 corde
3636 1760 3767 1799 suo:

2185 1826 2305 1883 Non
2333 1830 2576 1886 movebar
2596 1849 2615 1887 :
2637 1833 2693 1886 in
2719 1838 3051 1905 generatione
3087 1847 3135 1893 et
3176 1824 3513 1911 generalione
3538 1860 3635 1897 ero
3663 1845 3767 1898 sine

492 1911 717 1976 minum,
751 1912 803 1967 id
829 1922 912 1968 est
940 1915 1061 1971 novi
1094 1915 1360 1986 homines,
1391 1922 1629 1976 serviant
1652 1922 1876 1989 homini,
1906 1924 1959 1979 id
1990 1932 2072 1981 est
2098 1934 2147 1997 Β
2177 1923 2336 1976 malo.

490 2001 657 2055 veteri
688 2002 890 2057 homini
921 2006 1223 2073 peccatori,
1272 2010 1519 2077 quoniam
1547 2011 1779 2065 homines
1821 2022 1961 2066 sunt.
2007 2013 2075 2069 Et

494 2091 617 2159 quia
659 2090 749 2147 ille
791 2093 858 2148 ad
902 2101 1114 2149 tantum
1159 2097 1370 2153 culmen
1401 2100 1579 2157 inanis
1604 2103 1788 2173 glorizc
1812 2113 2072 2162 venturus

490 2185 748 2249 creditur,
776 2193 829 2239 et
855 2196 1005 2240 tanta
1027 2188 1077 2242 ei
1104 2188 1287 2244 licebit
1308 2192 1489 2248 facere
1512 2194 1565 2248 in
1593 2212 1782 2251 omnes
1826 2198 2073 2257 homines

489 2282 543 2329 et
570 2275 623 2329 in
656 2285 874 2333 sanctos
904 2277 1021 2345 Dei,
1045 2289 1104 2333 ut
1135 2289 1262 2337 tunc
1289 2298 1414 2339 vere
1436 2287 1679 2342 nonnulli
1700 2289 1897 2345 inﬁrmi
1929 2290 2072 2347 arbi-

489 2372 699 2421 trentur
730 2367 895 2422 Deum
935 2385 1023 2425 res
1059 2371 1321 2429 humanas
1352 2377 1659 2447 negligere:
1701 2379 1918 2451 subjicit
1946 2391 2068 2437 tan-

485 2470 645 2524 quam
672 2470 806 2512 voce
839 2460 1167 2530 gementium
1207 2472 1262 2518 et
1296 2468 1639 2535 querentium
1679 2467 2062 2539 curjudicium

487 2546 786 2602 differatur.

554 2640 716 2694 Vsus.
742 2639 832 2695 22.
863 2671 934 2682 -—
961 2640 1177 2713 thuid,
1201 2644 1444 2713 Domine,
1468 2650 1745 2716 recessisti,
1772 2659 1875 2705 etc.
1904 2650 1961 2706 Id
1986 2659 2069 2706 est

484 2740 785 2801 opportuna
816 2733 1071 2803 despicis,
1102 2742 1156 2789 et
1187 2736 1319 2791 facis
1355 2739 1729 2796 tribulationes
1756 2742 1821 2796 ad
1851 2742 2067 2797 inﬂam-

483 2823 710 2877 mandos
735 2824 945 2880 animos
971 2826 1236 2882 desiderio
1267 2829 1530 2886 adventus
1560 2833 1655 2886 tui.
1690 2832 1785 2887 His
1809 2835 1952 2889 enim
1974 2831 2064 2903 jn-

482 2913 711 2967 cundior
734 2922 818 2967 est
845 2914 966 2969 fons
992 2915 1080 2970 ille
1104 2917 1250 2983 vitae,
1274 2919 1366 2988 qui
1394 2920 1620 2974 multum
1646 2921 1856 2976 sitiunt.
1880 2923 2065 2991 Itaque

483 3001 719 3056 insinuat
747 3004 1034 3060 consilium
1073 3007 1347 3065 dilationis
1375 3011 1558 3067 dicens
1588 3030 1599 3065 :

553 3094 714 3153 Vens.
752 3098 840 3154 25.
864 3130 934 3139 --
956 3099 1097 3154 Dum
1126 3105 1354 3172 superbit
1380 3104 1591 3174 impius,
1623 3116 1727 3161 etc.
1758 3106 1951 3162 Mirum
1980 3116 2063 3162 est

480 3197 533 3243 et
550 3205 758 3255 verum,
787 3202 990 3263 quanto
1017 3195 1194 3250 studio
1214 3196 1370 3252 bona:
1394 3198 1508 3267 spei
1534 3200 1743 3269 parvuli
1766 3200 2062 3256 incendan-

480 3292 567 3338 tur
597 3286 663 3340 ad
696 3295 839 3342 recte
879 3288 1165 3344 vivendum
1187 3331 1200 3356 ,
1245 3293 1654 3361 comparatione
1676 3297 2014 3363 peccantium
2042 3310 2056 3351 :
2087 3298 2132 3361 C

478 3389 584 3442 quo
613 3378 869 3447 mysterio
896 3380 1100 3449 agitur,
1136 3389 1195 3435 ut
1229 3382 1393 3436 etiam
1432 3384 1664 3440 haereses
1691 3401 1811 3439 esse
1835 3387 2059 3456 permit-

475 3473 677 3531 tantur,
713 3478 769 3523 ut
793 3472 1003 3541 probati
1031 3473 1305 3528 manifesti
1331 3474 1463 3529 ﬁant
1500 3477 1640 3531 inter
1667 3479 1940 3545 homines,
1966 3481 2058 3549 qui

474 3556 585 3612 Deo
614 3560 726 3614 noti
752 3569 896 3614 sunt.
925 3560 1448 3631 Compreltenduutur
1476 3575 1651 3622 autem
1683 3569 1832 3638 impii
1860 3572 1915 3625 in
1938 3588 2059 3625 con-

473 3648 626 3714 siliis,
657 3649 785 3718 quia
808 3650 1166 3720 cogitationes
1186 3667 1372 3708 eorum
1401 3656 1613 3711 vincula
1635 3658 1742 3714 illis
1769 3660 1919 3716 fiunt.
1953 3662 2059 3718 Sed

474 3755 643 3809 quare
663 3741 688 3793 'l

565 3830 728 3884 Vens.
753 3829 840 3883 24.
857 3861 927 3870 —
942 3830 1203 3897 Quoniam
1235 3833 1486 3890 laudatur
1504 3849 1885 3907 peccator,etc.
1908 3843 2057 3898 Adu-

475 3920 700 3974 lantium
727 3920 920 3991 linguae
950 3922 1175 3992 alligant
1200 3926 1409 3981 animas
1436 3929 1488 3982 in
1516 3931 1756 3999 peccatis
1784 3950 1796 3986 :
1829 3934 2061 3989 delectat

474 4017 618 4071 enim
649 4033 710 4072 ea
740 4017 954 4085 facere,
982 4019 1037 4073 in
1067 4022 1262 4090 quibus
1290 4040 1395 4078 non
1436 4026 1609 4080 solum
1653 4042 1757 4082 non
1799 4030 2059 4086 metuitur

480 4110 858 4178 reprehensor,
888 4112 981 4165 sed
1015 4112 1180 4166 etiam
1212 4113 1459 4170 laudator
1488 4118 1722 4173 auditur.

545 4199 706 4253 Vsus.
739 4200 827 4253 25.
859 4192 930 4242 -ἐ-
954 4200 1299 4257 Exacerbaeit
1340 4205 1654 4273 Dominum,
1697 4220 1802 4264 etc.
1834 4211 2057 4267 Multum

473 4291 749 4356 irascitur,
778 4292 903 4346 dum
936 4307 1040 4346 non
1070 4295 1325 4364 exquirit,
1358 4297 1484 4350 dum
1516 4300 1669 4366 quasi
1694 4301 2053 4369 obliViscitur,

471 4382 599 4436 dum
644 4397 750 4436 non
781 4383 1011 4437 attendit
1038 4394 1259 4453 peccata
1279 4425 1293 4445 .
1327 4395 1381 4441 et
1412 4388 1605 4457 impius
1633 4406 1729 4459 per
1764 4391 1979 4448 fraudes
2001 4401 2057 4449 et

473 4472 679 4528 scelera
706 4473 773 4528 ad
800 4473 1016 4529 divitias
1047 4475 1386 4546 honoresque
1408 4481 1651 4548 pervenit
1678 4499 1690 4535 :
1721 4484 1862 4551 quod
1886 4485 2055 4539 maxi-

472 4578 558 4618 me
582 4563 634 4617 in
662 4563 755 4617 illo
778 4563 1114 4619 Antichristo
1134 4575 1453 4622 eventurum
1475 4580 1580 4635 est,
1609 4573 1701 4641 qui
1726 4589 1895 4644 usque
1919 4576 2053 4631 adeo

2249 2039 2407 2094 Vsus.
2440 2039 2528 2096 28.
2552 2072 2619 2082 -—
2641 2041 2806 2113 Cujus
2828 2043 3191 2101 maledictione
3212 2065 3269 2103 os
3287 2048 3508 2119 plenum
3534 2061 3637 2113 est,
3663 2059 3759 2106 etc.

2173 2126 2426 2205 Magnum
2447 2136 2591 2190 enim
2624 2136 2969 2194 maledictum
2993 2149 3077 2196 est
3111 2152 3216 2196 tam
3269 2140 3524 2199 nefandis
3557 2144 3763 2201 artibus

2172 2221 2369 2276 coelum
2416 2234 2701 2296 appetere,
2731 2234 2787 2281 et
2817 2226 2884 2282 ad
2914 2230 3229 2300 capiendam
3265 2242 3534 2287 aeternam
3582 2235 3762 2292 sedem

2173 2313 2301 2368 talia
2344 2317 2537 2371 merita
2585 2335 2923 2389 comparare.
2972 2321 3077 2377 Sed
3115 2324 3218 2379 hac
3248 2325 3365 2395 ejus
3393 2325 3763 2380 maledic-tione

2171 2423 2226 2460 os
2256 2404 2371 2479 ejus
2396 2408 2605 2479 plenum
2646 2423 2741 2465 est.
2789 2411 2905 2469 Non
2936 2415 3078 2469 enim
3118 2416 3339 2471 habebit
3369 2416 3637 2473 elIectum
3666 2419 3762 2475 ista

2170 2498 2465 2577 cupiditas,
2513 2502 2608 2557 sed
2646 2502 2787 2558 infra
2824 2518 3013 2560 omnes
3055 2505 3172 2579 ejus
3207 2515 3416 2562 tantum
3448 2507 3661 2563 valebit
3699 2510 3761 2565 ad

2169 2606 2292 2644 eum
2335 2593 2691 2662 perdendum,
2725 2596 2850 2666 quia
2893 2597 2996 2652 hoc
3034 2598 3136 2652 διὺὶ
3183 2614 3349 2654 ausus
3379 2611 3468 2654 est
3494 2600 3756 2670 polliceri.

2169 2680 2301 2736 Cum
2331 2685 2683 2740 amaritudine
2713 2697 2760 2741 et
2791 2686 2929 2753 dolo,
2964 2689 3017 2744 id
3045 2698 3127 2744 est
3152 2689 3235 2745 ira
3264 2691 3622 2769 insidiisque,
3648 2694 3757 2763 qui-

2167 2776 2266 2830 bus
2311 2777 2364 2830 in
2416 2792 2541 2832 suas
2581 2788 2766 2849 partes
2810 2795 3169 2837 conversurus
3206 2792 3290 2837 est
3329 2783 3753 2839 multitudinem.

2168 2868 2319 2935 Quod
2348 2884 2476 2924 vero
2512 2871 2755 2941 sequitur
2780 2891 2790 2924 :
2823 2873 2934 2928 Sub
2968 2873 3147 2946 lingua
3176 2876 3289 2946 ejus
3320 2877 3477 2931 labor
3507 2888 3558 2932 et
3592 2879 3754 2942 dolor,

2166 2961 2232 3014 ad
2264 2960 2394 3015 illud
2421 2962 2655 3018 refertur
2700 2966 2842 3036 quod
2874 2966 3009 3020 dixit
3037 2967 3089 3020 in
3124 2969 3287 3022 corde
3311 2982 3449 3024 suo:
3496 2968 3629 3022 Non
3656 2986 3755 3022 επο-

2164 3054 2353 3120 vehor,
2397 3062 2453 3108 et
2490 3064 2777 3127 propterea
2817 3056 2910 3110 sub
2941 3056 3120 3129 lingua
3164 3059 3315 3129 ejus,
3345 3076 3455 3119 non
3490 3062 3549 3117 in
3583 3061 3753 3131 lingua

2164 3143 2299 3213 ejus,
2339 3145 2592 3213 quoniam
2625 3147 2786 3202 tacite
2812 3146 2914 3200 ista
2945 3148 3277 3219 cogitaturus
3300 3159 3401 3212 est,
3445 3150 3753 3219 hominibus

2167 3244 2344 3288 autem
2375 3234 2499 3289 talia
2524 3234 2823 3306 locuturus,
2838 3247 2899 3292 ut
2920 3237 3095 3295 bonus
3114 3248 3169 3296 et
3182 3240 3367 3311 justus
3386 3252 3443 3299 et
3469 3243 3572 3298 Dei
3596 3242 3755 3300 Filius

2167 3327 2435 3384 videatur.

2233 3439 2395 3497 Vsus.
2426 3441 2519 3497 29.
2539 3472 2611 3483 ——
2638 3440 2795 3498 Sedet
2823 3445 2879 3498 in
2906 3444 3135 3512 insidiis,
3169 3454 3275 3502 etc.
3313 3444 3531 3513 Quibus
3574 3446 3753 3501 diviti-

2160 3532 2283 3598 bus,
2307 3531 2410 3589 uisi
2437 3533 2538 3599 eis,
2566 3548 2700 3604 quos
2729 3532 2888 3603 hujus
2930 3536 3111 3591 saeculi
3142 3536 3463 3599 muneribus
3510 3537 3752 3593 annula—

2159 3623 2291 3678 bitt.
2326 3623 2395 3681 Et
2420 3625 2543 3681 ideo
2571 3627 2627 3679 in
2658 3627 2865 3682 insidiis
2896 3644 3020 3683 cum
3066 3629 3155 3687 bis
3198 3630 3380 3689 sedere
3424 3632 3613 3689 dictus
3653 3641 3752 3695 est,

2161 3716 2416 3786 quoniam
2444 3718 2634 3774 falsam
2682 3720 2924 3791 ipsorum
2953 3705 3272 3779 fclicitatem
3320 3724 3391 3779 ad
3417 3722 3753 3791 dejicide

2161 3808 2406 3867 homines
2448 3810 2763 3864 ostentabit.
2792 3810 2860 3864 In
2888 3811 3108 3866 occultis
3150 3821 3331 3867 autem
3369 3821 3507 3883 puto
3550 3814 3753 3871 dictum

2159 3912 2299 3963 esse,
2334 3898 2425 3952 ubi
2474 3914 2579 3953 non
2627 3899 2788 3954 facile
2826 3901 3144 3972 intelligitur
3189 3904 3316 3973 quid
3361 3906 3749 3974 appetendum,

2158 3988 2353 4058 quidve
2371 3986 2684 4061 fugiendum
2707 3991 2799 4045 sit.
2826 3990 2856 4044 Ι
2862 4003 3164 4048 nnocentem
3196 4009 3326 4050 vero
3346 3995 3653 4064 iiuerﬁcere
3676 4006 3755 4051 est

2158 4094 2226 4137 ex
2268 4080 2558 4137 innocente
2582 4080 3105 4140 facere‘uoceutem.

2229 4194 2392 4249 Vens.
2421 4194 2763 4251 50.—Oculi
2785 4197 2901 4267 ejus
2929 4200 2986 4252 in
3004 4216 3289 4271 pauperem
3314 4203 3749 4272 respiciunt,ete.

2157 4281 2340 4340 iustos
2391 4285 2537 4341 enim
2578 4288 2814 4345 maxime
2860 4300 3247 4361 persecuturus
3275 4302 3384 4361 est,
3433 4294 3507 4351 de
3555 4298 3753 4364 quibus

2159 4376 2360 4432 dictum
2398 4387 2482 4435 est
2514 4396 2527 4431 :
2562 4378 2715 4435 Beati
2750 4398 3007 4451 pauperes
3042 4384 3249 4455 spiritu.
3295 4384 3525 4442 Leonem
3568 4395 3749 4443 autem

2157 4467 2214 4522 in
2239 4467 2487 4539 spelunca
2526 4471 2662 4527 dicit
2686 4487 2831 4540 eum,
2862 4474 2917 4529 in
2944 4491 3054 4544 quo
3075 4485 3131 4531 et
3152 4478 3232 4532 vis
3257 4487 3314 4532 et
3356 4478 3517 4534 dolus
3560 4494 3750 4549 opera—

2158 4559 2322 4615 bitur.
2346 4558 2529 4617 Prima
2555 4562 2699 4621 enim
2729 4567 3037 4633 persecutio
3058 4566 3315 4624 Ecclesiae
3341 4569 3580 4625 violenta
3629 4570 3746 4633 fuit,

472 4657 663 4709 beatus
687 4655 951 4710 videbitur
988 4656 1317 4722 hominibus,
1344 4668 1403 4713 ut
1438 4662 1601 4716 etiam
1629 4665 1770 4719 Deus
1810 4676 2047 4736 putetur.

2174 4667 2278 4707 :um
2303 4654 2813 4725 proscriptionibus,
2838 4650 3146 4724 tormentis,
3176 4661 3421 4716 caedibus
3445 4660 3745 4717 Christiani

472 4744 580 4799 Sed
603 4753 802 4813 quanta
829 4745 930 4800 ista
959 4746 1039 4800 ira
1068 4746 1161 4800 Dei
1189 4748 1260 4802 sit
1287 4748 1483 4804 docent
1503 4756 1801 4822 sequentia.

542 4834 705 4891 Vsus.
732 4835 823 4891 26.
851 4866 922 4877 --
951 4836 1076 4892 Non
1104 4848 1181 4893 est
1211 4839 1352 4895 Deus
1378 4843 1435 4896 in
1462 4856 1738 4916 conspectu
1768 4847 1883 4914 eius
1900 4888 1916 4914 ,
1939 4859 2047 4904 etc.

472 4930 741 4993 Quantam
783 4942 914 4998 ergo
946 4943 1162 4999 poenam
1205 4933 1433 5001 patitur,
1474 4937 1566 5005 qui
1607 4939 1862 4994 secundis
1890 4941 2051 4997 rebus

472 5028 814 5089 peccatorum
854 5034 1073 5077 suorum
1099 5039 1164 5078 eo
1190 5027 1526 5095 perducitur,
1557 5038 1617 5082 ut
1656 5046 1762 5085 non
1809 5033 1879 5086 sit
1911 5034 2051 5089 Deus

476 5111 529 5166 in
556 5120 851 5179 conspectu
873 5112 988 5183 ejus
1013 5133 1025 5170 :
1060 5117 1112 5171 id
1138 5127 1221 5171 est
1249 5118 1533 5173 deseratur
1556 5120 1676 5176 luce
1708 5124 1969 5191 veritatis,
1994 5139 2052 5183 et

473 5204 907 5261 contaminemur
930 5210 1029 5265 viae
1051 5209 1167 5278 ejus
1191 5212 1247 5265 in
1273 5212 1414 5265 omni
1441 5221 1690 5284 tenipore,
1721 5217 1774 5272 id
1801 5230 1886 5274 est
1907 5221 2052 5292 cogi-

475 5295 706 5351 tationes
733 5304 787 5350 et
813 5299 1036 5355 consilia
1060 5300 1183 5370 ejus
1206 5301 1480 5357 inmunda
1508 5304 1616 5359 sint
1638 5306 1661 5358 ?

539 5383 867 5453 Auferuntur
898 5387 1107 5456 judicia
1147 5399 1276 5454 tua,
1306 5399 1412 5446 etc.
1458 5394 1687 5449 Animus
1724 5398 1868 5451 enim
1910 5401 2049 5457 male

468 5476 569 5531 sibi
595 5475 864 5541 conscius,
895 5477 1022 5533 dum
1060 5479 1163 5534 sibi
1194 5480 1407 5537 videtur
1433 5484 1635 5539 nullam
1658 5501 1872 5554 ptenam
1902 5492 2047 5559 pati,

472 5571 642 5625 credit
670 5571 813 5638 quod
842 5585 945 5624 non
970 5571 1176 5639 judicet
1205 5573 1347 5631 Deus
1371 5595 1383 5630 :
1411 5588 1467 5634 et
1491 5580 1571 5635 sic
1618 5582 1940 5638 auferuntur
1958 5585 2046 5653 ju-

467 5665 609 5723 dicia
634 5679 745 5733 tua,
765 5664 928 5730 Deus,
959 5682 987 5719 a
1018 5667 1314 5738 faeieejus;
1343 5688 1466 5727 cum
1494 5674 1609 5728 haec
1628 5676 1741 5745 ipsa
1763 5679 1834 5732 sit
1853 5694 2050 5748 magna

471 5760 765 5817 damnatio.
796 5760 1041 5815 Omnium
1070 5763 1401 5817 inimicorum
1431 5781 1645 5820 suorum
1670 5768 2046 5842 dominabitur,

470 5851 593 5918 quia
632 5867 784 5922 rcges
810 5867 996 5908 omnes
1026 5864 1377 5924 superaturos
1419 5857 1680 5925 traditur,
1713 5868 1767 5915 et
1795 5863 1941 5919 solus
1972 5882 2051 5922 re-

1218 5932 1251 5955 ι.

2160 4745 2229 4797 ad
2258 4743 2669 4801 sacriﬁcandum
2695 4758 3039 4818 cogerentur.
3064 4749 3249 4809 Altera
3270 4754 3583 4820 persecutio
3603 4752 3746 4807 (rau-

2159 4835 2377 4892 dulenta
2404 4845 2508 4903 est,
2543 4853 2664 4908 quae
2691 4856 2838 4896 nunc
2866 4857 2963 4912 per
2984 4843 3357 4913 hujuscemodi
3385 4845 3676 4901 haereticos
3693 4854 3745 4898 et

2158 4928 2322 4986 falsos
2381 4930 2580 4987 fratres
2631 4934 2827 5005 agitur.
2885 4936 3073 4992 Tertia
3128 4948 3378 5008 superest
3439 4955 3543 5009 per
3588 4939 3742 4995 Anti-

2157 5023 2419 5078 christum
2458 5031 2706 5091 ventura,
2741 5042 2847 5095 qua
2890 5028 3031 5083 nihil
3071 5036 3154 5083 est
3181 5029 3569 5099 periculosius,
3611 5046 3741 5099 quo-

2156 5116 2303 5172 niam
2330 5127 2381 5172 et
2410 5117 2643 5173 violenta
2673 5129 2730 5175 et
2753 5120 3095 5176 fraudulenta
3126 5122 3251 5178 erit.
3287 5121 3408 5178 Vim
3437 5123 3666 5179 habebit
3689 5122 3740 5176 in

2154 5206 2404 5276 imperio,
2443 5207 2626 5269 dolum
2664 5210 2718 5264 in
2753 5211 3050 5268 miraculis.
3091 5212 3175 5270 Ad
3212 5213 3321 5270 vim
3354 5214 3589 5269 relatum
3634 5224 3737 5272 est.

2152 5298 2295 5367 quod
2323 5299 2525 5355 diutum
2554 5308 2641 5355 est
2660 5300 2803 5355 Leo:
2837 5304 2904 5358 ad
2929 5304 3100 5370 dolos,
3127 5306 3275 5375 quod
3301 5305 3509 5367 dictum
3538 5318 3626 5362 est
3647 5326 3662 5359 ε
3686 5305 3739 5357 ἐι

2151 5391 2398 5460 spelunca
2425 5408 2543 5445 sua.
2572 5390 2638 5446 Et
2668 5408 2883 5467 rursum
2916 5396 3031 5464 ipsa
3071 5399 3299 5467 repetita
3324 5408 3454 5453 sunt
3478 5412 3737 5454 convena

2151 5454 2382 5537 ordine:
2407 5481 2702 5536 Insidiatur
2723 5494 2779 5538 ut
2792 5454 2995 5555 'apiat,
3020 5454 3291 5543 ate-Nam
3318 5490 3531 5545 incidis
3552 5489 3617 5544 ad
3644 5490 3721 5543 do

2156 5573 2265 5629 lum
2298 5575 2589 5643 pertinent,
2614 5592 2797 5646 rapere
2827 5578 3099 5635 violentia:
3130 5581 3441 5652 deputatur.
3460 5582 3597 5638 itan
3618 5594 3732 5652 qua

2156 5675 2455 5737 sequuntur
2488 5669 2600 5739 ipsa
2636 5679 2764 5725 sunt
2790 5689 2803 5726 :

2227 5780 2390 5836 Vens.
2443 5783 2530 5836 51.
2558 5814 2628 5822 -
2658 5782 2723 5838 In
2753 5786 2936 5856 laqueo
2966 5798 3077 5842 suo‘
3106 5789 3417 5856 humiliauit,
3469 5800 3571 5847 etc.
3622 5790 3697 5845 La

2154 5888 2314 5941 queus
2344 5873 2487 5927 enim
2513 5873 2648 5929 bene
2679 5875 2941 5945 signiﬁcat
2956 5879 3188 5936 insidias
3229 5901 3242 5935 :
3284 5883 3579 5938 dominatio
3604 5894 3725 5939 rem
3778 5884 3785 5889 ’
