3948 6314
223 356 315 416 ⁸175

1278 339 1539 398 ΕΧΡΟΞ..
1562 337 1629 395 1N
1670 335 1764 393 XX
1803 334 2059 393 PRIMUS
2097 282 2461 391 PSALMOS.~

3379 322 3483 383 77b

226 482 478 528 terrorem
514 463 794 537 aptissime
831 460 1070 519 insinuat
1100 477 1114 513 :
1152 457 1295 514 unde
1332 456 1408 511 ait
1454 470 1473 510 :
1524 454 1793 509 inclinabit
1821 460 1869 517 Α
1896 450 2151 524 pupillum
2182 450 2366 514 etiam,
2400 448 2493 521 qui
2538 445 2905 502 condemnat:
2927 442 3135 513 judicat
3165 450 3346 498 autem
3392 459 3487 514 pu-

224 574 265 618 ει
292 560 461 624 cadet,
485 567 590 615 etc.

288 651 444 707 Vsus.
476 650 567 707 52.
597 678 667 689 -
703 647 849 703 Dixit
890 648 1027 703 enim
1076 646 1132 700 in
1184 643 1339 698 corde
1367 659 1486 707 suo,
1516 649 1622 697 etc.
1673 640 1798 696 Haec

221 754 294 800 est
330 742 608 799 inclinatio
638 750 692 797 et
717 757 876 797 casus
903 740 1261 803 miserrimus,
1293 739 1421 791 dum
1448 737 1659 793 animus
1695 737 1797 791 hu-

224 853 403 893 manus
420 837 472 891 in
488 836 602 892 suis
624 833 1001 905 iniquitatibus
1022 832 1176 904 quasi
1194 838 1564 900 prosperatur,
1580 838 1634 882 et
1648 828 1795 898 parci

222 928 313 983 sibi
336 934 518 998 putat,
550 941 670 981 cum
703 932 1030 987 excaecatur,
1061 932 1122 977 ut
1157 928 1404 977 servetur
1437 920 1507 974 ad
1553 919 1797 973 ultimam

221 996 676 1090 opporftunamque
718 1016 1035 1081 vindictam,
1065 1014 1132 1069 de
1158 1029 1263 1084 qua
1304 1025 1448 1067 nunc
1470 1009 1585 1081 jam
1622 1008 1799 1080 loqui-

226 1119 305 1163 tur
352 1109 538 1165 dicens
566 1124 578 1160 :

288 1204 449 1260 Vens.
481 1199 935 1269 55.—Ea:surge,
960 1198 1181 1253 Domine
1197 1196 1359 1265 Deus,
1389 1197 1669 1261 exaltetur,
1692 1202 1796 1276 etc.

223 1295 273 1349 ld
323 1302 409 1349 est
445 1289 734 1348 manifesta
784 1290 855 1345 sit
888 1286 1132 1369 potentia
1182 1296 1291 1343 tua.
1338 1286 1614 1369 Laborans
1657 1285 1803 1341 enim

221 1386 454 1445 Ecclesia
500 1385 604 1442 illis
644 1364 978 1454 temporibus
1008 1389 1269 1452 tanquam
1302 1364 1456 1435 navis
1505 1379 1561 1433 in
1590 1377 1804 1453 magnis

221 1481 466 1541 ﬂuctibus
490 1486 547 1537 et
579 1477 834 1551 procellis
871 1475 1024 1546 quasi
1054 1453 1415 1531 dormientem
1445 1473 1649 1529 excitat
1695 1471 1803 1529 Do-

223 1573 447 1637 minum,
474 1580 534 1625 ut
581 1572 812 1642 imperet
838 1567 1043 1633 ventis,
1073 1576 1130 1622 et
1182 1564 1543 1635 tranquillitas
1595 1563 1801 1619 redeat.

220 1664 333 1720 iam
372 1665 553 1737 itaque
580 1661 868 1717 manifesto
884 1657 1091 1730 judicio
1139 1657 1503 1730 intelligentes
1540 1663 1595 1712 et
1623 1654 1804 1712 exsul-

222 1767 395 1815 tantes
430 1758 619 1812 dicunt
649 1774 663 1810 :

1893 545 2045 616 pillo,
2083 543 2173 615 qui
2201 558 2300 617 pro
2334 540 2537 613 pupillo
2565 538 2774 615 profert
2830 536 3175 593 sententiam.
3232 534 3484 590 Homines

1896 648 2078 692 autem
2113 643 2240 690 sunt
2268 650 2376 689 non
2416 632 2591 688 solum
2623 631 2691 687 de
2720 629 2916 700 quibus
2946 629 3150 684 dictum
3181 635 3266 683 est
3304 647 3317 681 :
3351 627 3489 682 Con-

1896 732 2084 795 stitue,
2105 729 2329 785 Domine
2354 768 2369 794 ,
2395 725 2743 798 legislatorem
2770 741 2925 796 super
2953 741 3061 788 eos,
3089 733 3143 777 ut
3167 724 3336 778 sciunt
3363 739 3490 794 gen-

1898 834 1992 885 tes,
2015 819 2265 892 quoniam
2293 817 2527 872 homines
2551 825 2707 881 sunt;
2736 815 2832 871 sed
2852 815 3016 870 etiam
3042 813 3153 878 ille,
3182 813 3273 883 qui
3299 815 3489 869 eodem

1899 912 2019 970 loco
2050 910 2371 980 intelligitur
2413 906 2541 978 poni
2581 921 2744 977 super
2773 920 2893 970 eos,
2927 896 3082 959 Itonia
3107 905 3232 969 erit,
3284 904 3351 959 de
3380 920 3492 976 quo

1902 1020 2045 1059 nunc
2100 1003 2300 1059 dicitur
2352 1019 2365 1055 :
2420 1010 2476 1055 ut
2534 1016 2638 1055 non
2696 1007 2923 1069 apponat
2962 997 3103 1053 ultra
3150 998 3493 1069 magniﬁcare

1901 1111 1955 1149 se
2004 1098 2157 1148 hante
2206 1107 2361 1162 super
2423 1100 2657 1155 terram,
2716 1105 2838 1144 cum
2883 1088 3095 1143 venerit
3158 1078 3367 1144 scilicet
3404 1086 3495 1144 Εἰς

1906 1184 2013 1238 lius
2069 1181 2304 1237 hominis
2345 1178 2590 1249 judicare
2636 1178 2877 1250 pupillo,
2931 1179 3023 1247 qui
3078 1180 3228 1235 exuit
3254 1187 3494 1241 veterem

1904 1274 2181 1329 hominem
2205 1312 2220 1341 ,
2281 1280 2444 1343 atque
2495 1272 2599 1329 hoc
2654 1271 2817 1327 modo
2854 1278 3114 1340 tanquam
3154 1272 3348 1329 extulit
3389 1287 3489 1343 pa-

1906 1373 2068 1420 trem.

2433 1453 2499 1509 lN
2540 1452 2870 1512 PSALMUM
2910 1454 2979 1511 X.

1977 1566 2225 1623 Psalmus
2260 1566 2362 1623 iste
2382 1565 2596 1623 canitur
2627 1566 2893 1622 adversus
2918 1565 3228 1634 haereticos,
3254 1565 3349 1636 qui
3399 1579 3502 1623 nos

1907 1659 1977 1714 ab
2026 1658 2284 1715 uberibus
2323 1659 2514 1713 matris
2568 1658 2824 1715 Ecclesiae
2877 1667 3124 1715 avertere
3181 1658 3500 1726 moliuntur,

1909 1750 2240 1807 aﬂirmantes
2268 1751 2414 1820 quod
2446 1750 2589 1820 apud
2624 1752 2773 1819 ipsos
2820 1750 2891 1806 sit
2914 1748 3204 1815 Christus,
3256 1757 3311 1806 et
3339 1742 3503 1820 quasi

314 1851 482 1909 Vnus.
550 1847 643 1905 54.
703 1877 772 1886 ——
834 1842 1056 1912 Proyter
1132 1840 1261 1914 quid
1323 1841 1549 1896 irritavit
1612 1839 1803 1909 impius
1830 1827 1996 1915 Bpie
2042 1845 2422 1911 admonentes,
2446 1853 2509 1899 ut
2540 1844 2609 1900 ad
2651 1859 2744 1900 eos
2775 1845 3104 1900 transeundo
3150 1843 3505 1916 transmigre-

222 1944 420 2010 Deum,
459 1951 567 1998 etc.
598 1940 656 1997 ιιι
694 1949 780 1996 est
808 1939 937 2009 quid
980 1933 1185 2008 proluit
1222 1942 1375 1991 tanta
1420 1931 1565 1991 mala
1590 1931 1805 1988 facere?

224 2042 423 2101 Deinde
449 2040 692 2111 sequitur
720 2052 738 2093 :

291 2135 455 2191 Vens.
476 2134 566 2190 55.
599 2162 669 2174 -—
707 2129 866 2185 Vides
890 2129 1138 2200 quoniam
1160 2135 1217 2182 tu
1240 2124 1491 2190 laborem,
1533 2134 1641 2179 etc.
1671 2122 1807 2178 Sen-

224 2242 314 2283 sus
338 2226 442 2282 iste
461 2222 957 2296 pronuntiationem
990 2218 1205 2292 quaerit,
1251 2218 1307 2274 in
1335 2232 1442 2287 qua
1488 2215 1537 2272 si
1566 2223 1807 2271 erratum

224 2318 387 2374 fuerit
436 2317 778 2373 obscuratur.
820 2313 911 2368 Sic
949 2313 1095 2367 enim
1127 2311 1262 2364 dixit
1291 2310 1346 2364 in
1385 2309 1548 2364 corde
1579 2323 1677 2364 suo
1709 2308 1810 2363 im—

223 2412 344 2482 pius
372 2426 475 2466 non
506 2408 727 2480 requiret
758 2406 900 2462 Deus
919 2445 935 2470 ,
965 2403 1122 2474 quasi
1147 2402 1292 2459 Deus
1324 2401 1568 2457 laborem
1618 2408 1675 2457 et
1714 2401 1812 2457 do-

226 2505 393 2562 lorem
433 2504 763 2569 consideret,
804 2510 858 2555 ut
908 2497 1085 2553 tradat
1119 2513 1206 2552 eos
1239 2497 1294 2549 in
1338 2510 1527 2550 manus
1572 2508 1719 2558 suas,
1758 2491 1815 2547 id

227 2606 309 2653 est
335 2596 491 2668 quasi
549 2593 800 2649 laborare
842 2599 898 2646 et
944 2588 1127 2645 dolere
1176 2588 1387 2653 timeat,
1430 2595 1486 2642 et
1529 2594 1816 2657 propterea

228 2688 332 2744 illis
378 2694 585 2759 parcat,
625 2701 693 2741 ne
740 2696 971 2740 onerosa
1017 2681 1091 2737 sit
1144 2680 1220 2736 illi
1270 2695 1431 2751 paena
1480 2693 1690 2743 eorum,
1723 2685 1818 2732 aut

230 2795 298 2835 ne
340 2776 633 2836 iracundia:
680 2784 1005 2847 tempestate
1051 2772 1299 2830 turbetur
1340 2792 1354 2828 :
1388 2772 1659 2844 quomodo
1706 2770 1819 2842 ple-

231 2885 460 2940 rumque
509 2868 758 2924 homines
801 2866 1010 2922 faciunt
1062 2866 1404 2923 dissimulata
1453 2864 1691 2920 vindicta
1749 2877 1818 2921 ne

232 2961 501 3027 laborent,
532 2968 627 3014 aut
652 2958 887 3014 doleant.

306 3049 419 3103 Tibi
448 3048 723 3104 derelictus
752 3058 848 3113 est,
893 3056 1000 3103 etc.
1035 3046 1162 3101 Ideo
1196 3045 1343 3101 enim
1384 3060 1591 3115 pauper
1632 3052 1734 3110 est,
1768 3044 1821 3100 id

234 3149 319 3195 est
352 3140 535 3194 omnia
574 3138 734 3208 hujus
770 3138 956 3194 mundi
1011 3138 1334 3209 temporalia
1382 3137 1524 3191 bona
1573 3144 1820 3192 contem-

1905 1956 2028 1997 mus
2053 1941 2111 1996 iu
2132 1938 2431 2007 Christum,
2461 1956 2624 2010 quem
2653 1956 2713 1997 se
2750 1942 2955 1999 habere
2988 1942 3345 2003 mentiuntur.
3364 1940 3502 1998 Nam

1906 2047 2031 2089 cum
2070 2020 2255 2089 multis
2301 2033 2612 2089 nominibus
2647 2032 2899 2091 Christus
2939 2034 2996 2091 in
3047 2034 3331 2104 prophetia
3369 2032 3504 2091 alle-

1909 2128 2093 2198 gorice
2140 2126 2556 2193 insinuaretur,
2607 2126 2772 2183 etiam
2823 2143 2974 2183 mons
3026 2125 3331 2197 appellatus
3381 2134 3503 2183 est:

1909 2221 2033 2277 Istis
2064 2220 2248 2290 itaque
2293 2219 2733 2290 respondendum
2761 2227 2849 2276 est
2874 2220 2947 2275 ita
2979 2238 2993 2274 :

1982 2312 2149 2369 Vens.
2177 2314 2231 2367 2.
2256 2343 2326 2352 —
2354 2313 2421 2367 In
2449 2312 2676 2368 Domino
2715 2312 2924 2381 conﬁdo
2942 2353 2957 2377 ,
2999 2312 3261 2381 quomodo
3309 2310 3509 2377 dicitis,

1912 2417 2018 2463 etc.
2052 2407 2230 2463 Unum
2256 2405 2402 2460 enim
2436 2414 2663 2459 montem
2696 2412 2871 2465 teneo,
2905 2403 2959 2457 in
2990 2418 3098 2473 quo
3123 2402 3354 2471 conﬁdo,
3379 2417 3508 2471 quo-

1913 2498 2068 2555 modo
2116 2497 2308 2560 dicitis,
2352 2504 2413 2550 ιιι
2450 2495 2521 2551 ad
2561 2510 2658 2552 vos
2703 2503 3009 2562 transeam,
3056 2503 3314 2564 tanquam
3354 2490 3513 2548 multi

1916 2592 2027 2647 sint
2046 2590 2283 2646 Christi“!

1989 2682 2154 2739 Vens.
2184 2684 2240 2737 5.
2263 2710 2334 2722 —
2359 2679 2624 2746 Quoniam
2652 2697 2766 2737 ecce
2796 2690 3125 2750 peccatores,
3143 2687 3250 2734 etc.
3269 2677 3516 2733 Tetende-

1920 2784 2040 2831 runt
2081 2790 2302 2840 arcum,
2342 2771 2658 2841 Scriptores
2701 2764 2977 2837 videlicet,
3037 2787 3176 2842 quas
3218 2769 3515 2827 carnaliter

1920 2867 2347 2939 interpretando,
2377 2876 2676 2921 venenatas
2728 2866 3027 2921 sententias
3068 2865 3193 2921 inde
3237 2864 3515 2921 emittunt.

1922 2960 2249 3017 Paraoerunt
2277 2960 2498 3030 sagittas
2541 2960 2599 3014 in
2635 2958 2904 3029 pharetra,
2936 2959 3127 3015 eadem
3170 2960 3337 3015 verba
3365 2957 3518 3014 scili-

1923 3059 2031 3117 cet,
2074 3066 2195 3123 quae
2247 3051 2642 3119 scripturarum
2698 3051 3022 3106 auctoritate
3065 3050 3407 3120 jaculantur,
3464 3055 3525 3107 ut

1927 3157 2049 3196 cum
2097 3141 2365 3202 senserint
2400 3140 2661 3196 Ecclesiae
2699 3141 2901 3197 lumine
2942 3152 3165 3212 propter
3213 3141 3516 3197 multitudi-

235 3233 365 3302 psit,
396 3239 453 3285 ut
487 3239 542 3286 ιιι
590 3231 667 3287 sis
694 3240 903 3287 tantum
954 3246 1079 3303 spes
1116 3231 1251 3301 ejus.
1286 3228 1595 3300 Orphanum
1642 3236 1825 3284 autem
1850 3201 1901 3266 θ
1933 3248 2053 3288 nem
2089 3232 2469 3301 imperitorum
2509 3240 2567 3287 et
2610 3233 2913 3289 carnalium
2943 3201 3258 3300 obscurato,
3300 3250 3405 3289 non
3462 3249 3525 3291 se

237 3326 396 3390 dixit,
439 3326 525 3381 cui
554 3326 787 3380 moritur
814 3333 971 3397 pater
1000 3326 1088 3380 hic
1111 3324 1367 3389 mundus,
1397 3338 1494 3395 per
1522 3336 1684 3394 quem
1708 3337 1830 3377 car—

238 3418 435 3473 naliter
485 3419 699 3489 genitus
748 3427 852 3482 est,
890 3420 983 3473 sed
1019 3426 1197 3488 potest
1236 3416 1350 3486 jam
1397 3417 1579 3471 dicere
1631 3436 1643 3469 :
1697 3416 1830 3470 Mihi

239 3511 466 3564 mundus
495 3511 778 3579 cruciﬁxus
818 3519 912 3575 est,
942 3519 991 3563 et
1020 3525 1112 3580 ego
1152 3508 1368 3562 mundo.
1413 3508 1633 3563 Talibus
1684 3506 1831 3561 enim

238 3605 500 3673 orphanis
524 3612 678 3673 pater
724 3606 782 3658 tit
816 3604 993 3668 Deus,
1042 3602 1241 3674 quibus
1278 3602 1409 3663 dicit
1443 3620 1457 3656 :
1510 3598 1594 3655 Ne
1641 3601 1831 3657 dicatis

242 3695 381 3751 vobis
411 3705 609 3765 patrem
641 3696 695 3749 in
734 3695 906 3749 terris.

315 3793 477 3849 VERE.
509 3792 597 3848 56.
636 3821 707 3832 —-
742 3791 962 3846 Caruere
1014 3790 1285 3845 brachium
1333 3789 1626 3858 peccatoris
1651 3829 1667 3855 ,
1723 3796 1829 3845 etc.

242 3890 391 3945 illius
417 3890 649 3955 scilicet,
673 3889 739 3943 de
766 3904 874 3958 quo
902 3902 1068 3956 supra
1103 3885 1387 3942 dicebatur
1420 3904 1433 3939 :
1476 3886 1708 3941 omnium
1730 3886 1836 3940 ini-

245 3985 500 4038 micorum
552 3996 770 4037 suorum
817 3979 1194 4034 dominabitur.
1238 3976 1526 4031 Bracltium
1561 3992 1692 4046 ergo
1719 3976 1838 4045 ejus

246 4076 385 4131 dixit
438 4074 735 4145 potentiam
786 4069 923 4140 ejus.
980 4066 1258 4135 Quwrelur
1324 4077 1506 4123 autem
1568 4076 1839 4135 peccatum

244 4167 383 4238 ejus,
417 4167 471 4222 id
504 4174 587 4221 est
628 4162 964 4232 iudicabitur
993 4161 1059 4215 de
1088 4167 1313 4229 peccato
1359 4173 1458 4212 suo
1499 4174 1511 4208 :
1555 4172 1646 4209 nec
1701 4159 1841 4209 inve-

247 4260 440 4322 nietur,
478 4258 605 4328 quia
631 4256 803 4327 periet
839 4255 953 4325 ipse
980 4269 1080 4323 pro
1107 4260 1329 4322 peccato
1360 4266 1476 4308 suo.

274 4383 286 4397 ο
322 4358 490 4413 Vens.
522 4356 612 4413 57.
635 4386 702 4397 --
733 4354 991 4408 Dominus
1042 4350 1270 4421 regnabit
1315 4351 1369 4404 ia
1418 4360 1690 4415 aeternum,
1731 4358 1839 4405 etc.

247 4449 443 4504 Gentes
471 4448 655 4517 posuit
699 4455 1019 4517 peceatores
1057 4451 1113 4497 et
1142 4444 1355 4512 impios.

1932 3339 2090 3396 posse
2130 3324 2402 3391 convinci,
2426 3333 2784 3395 corrumpunt
2812 3338 2996 3382 mores
3022 3327 3195 3382 bonos
3234 3325 3525 3396 colloquiis

1933 3417 2119 3481 malis.

2004 3508 2169 3563 Vnus.
2217 3508 2273 3562 4.
2321 3538 2392 3549 --
2441 3510 2708 3576 Quoniam
2765 3525 2883 3580 qua:
2934 3509 3197 3579 perfecisti
3252 3508 3528 3565 destruxe-

1936 3607 2091 3665 runt,
2132 3609 2238 3654 etc.
2297 3598 2500 3656 Omnes
2540 3598 2807 3666 haeretici,
2839 3607 3100 3668 quantum
3143 3600 3198 3653 in
3235 3598 3369 3668 ipsis
3421 3608 3524 3663 est,

1934 3692 2303 3747 destruxerunt
2357 3692 2615 3759 laudem,
2672 3708 2835 3764 quam
2890 3706 2955 3747 ex
3015 3705 3111 3746 ore
3148 3690 3436 3747 infantium
3474 3698 3532 3747 et

1935 3785 2254 3843 lactentium
2297 3785 2529 3855 perfecit
2558 3786 2721 3851 Deus,
2768 3786 2899 3842 dum
2939 3786 3330 3855 quaestionibus
3367 3784 3529 3843 vanis

1937 3885 1992 3933 et
2038 3876 2370 3946 scrupulosis
2418 3878 2699 3948 exagitant
2730 3876 3003 3947 parvulos,
3060 3884 3115 3931 et
3160 3876 3360 3933 nutriri
3408 3874 3532 3931 ﬁdei

1939 3969 2077 4025 lacte
2106 3984 2215 4023 non
2258 3970 2462 4024 sinunt.
2494 3969 2648 4036 Quod
2681 3970 2727 4023 si
2777 3969 3039 4033 haeretici,
3070 3979 3164 4024 aut
3207 3967 3380 4025 «ιιιάωί
3410 3968 3530 4023 lau-

1941 4060 2061 4115 dem
2091 4058 2174 4114 vel
2202 4058 2376 4128 legem
2403 4059 2497 4114 Dei
2529 4060 2933 4124 destruxerunt,
2951 4056 3203 4119 Christus
3226 4058 3356 4130 quid
3386 4058 3535 4127 fecit,

1941 4151 2033 4221 qui
2058 4151 2193 4204 dixit
2222 4167 2234 4202 :
2270 4148 2464 4203 Pacem
2487 4166 2654 4205 meam
2681 4152 2751 4209 do
2781 4150 2921 4207 vobis
2949 4165 2967 4203 :
2998 4166 3163 4222 quam
3191 4150 3269 4207 illi
3298 4148 3535 4207 nefanda

1944 4242 2282 4299 dissensione
2321 4242 2623 4299 violarunt?
3365 4252 3373 4261 ‘

2018 4338 2181 4393 Vens.
2210 4338 2262 4392 5.
2285 4368 2355 4379 —
2391 4338 2651 4394 Dominus
2684 4341 2740 4395 in
2782 4339 2973 4409 templo
3021 4349 3205 4399 sancto
3253 4355 3372 4404 suo,
3423 4345 3533 4394 etc.

1946 4432 2025 4486 lta
2066 4448 2215 4495 vero,
2243 4432 2384 4487 sicut
2425 4431 2716 4502 Apostolus
2756 4432 2927 4488 dicit:
2963 4426 3235 4502 Templum
3273 4431 3413 4486 enim
3436 4430 3538 4486 Dei

326 4540 491 4597 γεω,
523 4540 613 4595 38.
654 4567 727 4579 —
755 4535 1085 4591 Desiderium
1113 4548 1420 4603 pauperum,
1463 4542 1568 4588 etc.
1622 4532 1846 4588 Deside.
1869 4595 1914 4603 _
1947 4535 2187 4581 sanctum
2216 4535 2311 4590 est,
2336 4525 2476 4597 quod
2506 4526 2629 4580 estis
2660 4542 2771 4581 vos.
2796 4524 2864 4579 In
2894 4526 2997 4580 hoc
3019 4523 3208 4589 templo
3228 4533 3410 4577 sancto
3439 4540 3538 4579 suo

252 4633 397 4687 rium
434 4631 563 4687 illud
590 4670 607 4695 ,
658 4644 766 4699 quo
803 4595 1151 4689 zestuabant',
1192 4640 1317 4680 cum
1374 4624 1428 4679 in
1482 4625 1745 4695 angustiis
1788 4636 1846 4682 et
1869 4595 1924 4657 Β
1950 4619 2208 4674 Dominus
2238 4595 2355 4683 est,
2378 4619 2523 4688 quod
2570 4626 2792 4675 constat
2816 4634 2886 4699 ex
2922 4616 3107 4671 multis
3147 4616 3406 4671 membris
3441 4632 3540 4673 sua

254 4724 703 4781 tribulationibus
748 4720 907 4790 hujus
954 4718 1138 4776 Saeculi
1188 4717 1401 4773 Domini
1452 4718 1594 4774 diem
1641 4733 1844 4774 concu-

253 4822 551 4890 piscerent.

333 4911 668 4981 Prwparotio
718 4917 903 4966 autem
934 4907 1107 4963 cordis
1143 4906 1237 4962 illa
1279 4914 1382 4971 est,
1413 4906 1481 4961 de
1511 4920 1617 4975 qua
1648 4905 1701 4960 in
1739 4906 1846 4960 alio

255 5003 471 5073 psalmo
497 5002 715 5059 canitur
747 5020 760 5056 :
796 4998 1052 5056 Paratum
1082 5014 1173 5052 cor
1199 5014 1391 5063 meum,
1419 4997 1583 5063 Deus,
1606 5007 1849 5068 paratum

261 5114 358 5151 cor
400 5110 573 5151 meum
612 5110 631 5147 :
681 5095 747 5150 de
774 5109 879 5164 qua
909 5100 965 5146 et
1005 5090 1297 5161 Apostolus
1346 5091 1428 5145 :si
1476 5100 1671 5156 autem,
1710 5089 1851 5161 quod

263 5204 371 5240 non
397 5186 650 5251 videmus,
683 5200 950 5256 speramus
969 5223 985 5245 ,
1011 5198 1102 5251 per
1132 5183 1439 5250 patientiam
1468 5191 1847 5251 exspectamus.

261 5278 389 5333 Jan:
418 5294 546 5335 vero
572 5293 754 5334 aurem
781 5276 877 5331 Dei
915 5291 1023 5330 non
1049 5274 1353 5329 membrum
1386 5288 1730 5342 corporeum,
1758 5274 1871 5329 sed‘

266 5368 568 5439 potentiam
621 5381 764 5433 esse,
794 5380 900 5435 qua
950 5364 1192 5427 exaudit,
1247 5362 1563 5434 regulariter
1600 5365 1858 5424 debemus

268 5461 541 5529 accipere.
571 5458 685 5513 Non
714 5458 859 5513 enim
888 5472 1209 5527 corporeum
1239 5455 1322 5511 fas
1348 5464 1433 5510 est
1469 5464 1683 5524 putare,
1712 5458 1856 5525 quod

269 5549 537 5605 Dominus
568 5550 707 5605 Deus
752 5565 860 5604 non
889 5558 1172 5604 sonantem
1198 5562 1406 5611 vocem,
1456 5547 1550 5602 sed
1582 5563 1856 5620 prepara-

273 5640 480 5695 tionem
515 5640 695 5696 cordis
738 5639 969 5695 audivit.

357 5732 516 5789 Vens.
545 5734 636 5790 59.
658 5764 731 5774 -—
754 5732 1010 5787 Judicare
1030 5731 1227 5802 pupillo
1255 5740 1303 5785 et
1326 5732 1536 5793 humili,
1560 5740 1665 5787 etc.
1700 5732 1860 5801 Aliud

271 5805 519 5895 iudicare
566 5825 846 5896 pupillum,
891 5824 1034 5879 aliud
1074 5824 1317 5893 judicare
1368 5824 1585 5896 pupillo.
1643 5824 1860 5881 Iudicat

1949 4730 2181 4786 quaeque
2210 4714 2383 4772 cilicia
2430 4715 2772 4783 gerentibus,
2812 4694 2866 4767 in
2920 4728 3082 4767 unam
3126 4709 3543 4768 aediﬁcationem

1950 4809 2218 4864 cbaritate
2239 4806 2590 4864 constructis.
2623 4806 2802 4876 lpsum
2829 4802 3150 4873 intelligitur
3180 4810 3236 4858 et
3256 4800 3467 4869 celum,
3486 4804 3542 4858 in

1951 4917 2059 4971 quo
2097 4909 2307 4970 regnat,
2336 4908 2404 4965 .et
2430 4899 2574 4957 unde
2603 4896 2817 4968 judicat
2846 4896 3007 4952 Deus.

2030 4992 2184 5049 Oculi
2214 4994 2326 5063 ejus
2379 4994 2435 5047 in
2480 5006 2802 5063 pauperem,
2849 4998 2956 5045 etc.
3006 4988 3216 5059 Quippe
3251 4989 3338 5043 cui
3385 4989 3543 5044 dere-

1960 5088 2119 5143 lictus
2143 5096 2229 5143 est
2265 5101 2488 5157 pauper,
2523 5095 2579 5141 et
2628 5088 2719 5153 qui
2750 5084 2932 5139 factus
2970 5092 3056 5139 est
3102 5083 3368 5151 refugium
3414 5096 3547 5151 pau-

1960 5180 2095 5249 peri.
2140 5177 2310 5232 Filios
2337 5187 2517 5232 autem
2543 5177 2815 5231 hominum
2853 5176 2922 5232 de
2960 5176 3234 5231 veteribus
3256 5190 3357 5245 per
3384 5174 3545 5237 fidem

1960 5277 2307 5340 regeneratos
2346 5268 2549 5338 accipe.
2576 5265 2645 5322 lli
2685 5266 2831 5322 enim
2870 5268 3195 5338 quibusdam
3239 5266 3547 5336 Scriptura-

1960 5378 2081 5418 rum
2114 5362 2248 5418 locis
2275 5361 2526 5417 obscuris
2559 5371 2816 5430 tauquam
2842 5362 3044 5417 clausis
3066 5362 3236 5418 oculis
3268 5362 3362 5416 Dei
3394 5375 3551 5415 exer-

1958 5469 2172 5523 centur,
2206 5466 2266 5513 ut
2292 5464 2574 5527 quierant:
2609 5465 2667 5513 et
2686 5473 2878 5516 rursus
2911 5459 3234 5529 quibusdam
3273 5456 3407 5511 locis
3442 5470 3554 5510 ma~

1964 5551 2175 5607 nifestis
2216 5560 2473 5620 tanquam
2515 5551 2718 5619 apertis
2745 5552 2917 5606 oculis
2949 5552 3044 5605 Dei
3074 5550 3461 5613 illuminantur,
3495 5558 3555 5605 ut

1963 5643 2272 5714 gaudeant,
2314 5650 2373 5695 et
2414 5641 2517 5696 ista
2562 5642 2618 5695 in
2657 5641 2865 5696 sanctis
2913 5640 3073 5696 libris
3117 5640 3312 5694 crebra
3343 5641 3556 5709 apertio

1964 5743 2128 5804 atque
2171 5732 2418 5803 operatio
2460 5740 2714 5803 tauquam
2760 5731 3022 5804 palpebra:
3069 5739 3198 5786 sunt
3248 5731 3383 5795 Dei,
3438 5748 3559 5801 qua:

1966 5826 2333 5897 interrogant,
2390 5826 2444 5882 id
2486 5833 2573 5882 est
2622 5827 2854 5897 probant
2906 5824 3046 5881 ﬁlios
3097 5825 3410 5895 hominum,
3466 5827 3560 5898 qui
