3948 6314
527 417 622 472 175

1014 413 1406 471 WALAFRIDI
1443 413 1692 470 STRABI
1728 413 1929 471 FULD.
1971 411 2135 470 MON.
2177 383 2344 469 OPP.
2373 409 2554 466 PARS
2592 411 2632 465 ι.
2675 440 2742 449 --
2787 406 3243 465 THEOLOGICA.
3622 415 3693 468 776

521 544 694 600 neque
730 528 1020 600 fatigantur
1065 542 1249 582 rerum
1305 527 1668 594 obscuritate,
1704 526 1799 582 sed
1835 541 2093 582 exercen-
2118 532 2172 592 Α
2265 526 2430 582 Vens.
2475 525 2530 580 5.
2557 555 2627 565 -—
2656 525 2759 591 Qui
2798 525 3043 580 dixerunt
3087 524 3318 595 linguam
3345 532 3577 589 nostram,
3613 537 3689 584 etc.

522 629 643 688 tur,
695 635 872 692 neque
927 619 1181 676 inflantur
1228 619 1534 692 cognitione
1556 660 1571 689 ,
1625 620 1719 676 sed
1765 618 2094 676 conﬁrman-

521 721 626 767 tur.

610 803 776 859 Vens.
821 802 873 858 6.
903 832 975 845 ——
1008 800 1264 857 Dominus
1315 803 1604 874 interrogat
1654 803 1858 872 justum
1902 810 1952 856 et
1999 802 2098 856 im-

521 895 695 966 pium,
742 902 848 947 etc.
900 889 1039 958 Quid
1084 905 1214 963 ergo
1258 893 1570 958 metuimus,
1600 907 1670 947 ne
1698 892 1900 962 aliquid
1945 893 2101 948 nobis

521 987 703 1042 obsint
726 984 909 1055 impii,
941 983 988 1040 si
1014 982 1155 1040 forte
1175 984 1459 1041 nobiscum
1487 993 1823 1042 sacramenta
1859 1000 1966 1042 non
1998 985 2103 1041 sin-

523 1094 649 1136 cero
683 1065 846 1134 corde
871 1077 1292 1144 communicant,
1325 1077 1541 1148 quando
1570 1077 1661 1133 ille
1690 1077 1988 1150 interrogat
2011 1079 2101 1149 ju-

522 1179 664 1226 stum
711 1179 766 1226 et
804 1160 1050 1240 impium,
1081 1178 1139 1226 et
1173 1169 1369 1226 anima:
1399 1179 1612 1226 tantum
1653 1186 1764 1226 sum
1808 1180 1968 1226 nocet
2017 1170 2100 1226 di-

522 1263 691 1318 lector
736 1259 1078 1330 iniquitatis?
1375 1323 1378 1328 _

591 1352 755 1410 Vens.
781 1351 834 1405 7.
856 1381 928 1392 —-
957 1349 1115 1406 Pluet
1147 1367 1303 1422 super
1332 1361 1649 1422 peccatores,
1679 1362 1784 1408 etc.
1814 1351 1990 1420 Pluet,
2036 1352 2103 1408 ad

521 1447 685 1501 verba
736 1445 1147 1516 praedicantium
1194 1444 1380 1501 retulit
1433 1445 1574 1502 ccelo
1626 1447 1934 1512 manantia,
1984 1461 2105 1516 quae

519 1544 626 1614 piis
649 1542 850 1597 imbres
877 1549 1037 1597 sunt:
1060 1541 1204 1597 male
1233 1550 1416 1598 autem
1438 1541 1859 1613 intelligentibus
1885 1549 1977 1595 aut
1995 1556 2102 1596 non

522 1634 868 1691 credentibus
897 1632 1088 1705 laquei.
1115 1633 1194 1688 Illi
1217 1633 1365 1688 enim
1391 1632 1528 1689 bene
1549 1634 1894 1705 intelligendo
1922 1634 1976 1688 in
2001 1634 2105 1689 ﬁde

522 1723 858 1780 fructiﬁcant
895 1742 908 1778 :
940 1724 1032 1780 isti
1056 1723 1198 1780 male
1226 1723 1512 1780 tractando
1553 1724 1766 1780 animas
1793 1739 1919 1780 suas
1945 1724 2106 1779 modo

521 1818 896 1891 perversitatis
947 1817 1307 1889 strangulant.
1356 1816 1525 1873 Ptena
1583 1832 1714 1873 vero
1774 1831 1961 1874 eorum
2021 1827 2106 1872 est

2203 615 2432 686 Superbi
2474 615 2771 688 hypocrita:
2819 615 3189 688 signiﬁcantur
3213 657 3228 681 ,
3284 615 3336 670 in
3379 631 3593 673 sermone
3627 636 3694 676 suo

2203 724 2354 780 spem
2381 715 2643 779 ponentes
2667 708 2735 764 ad
2770 709 3019 765 homines
3041 707 3397 780 decipiendos,
3435 718 3485 765 et
3509 711 3598 768 Deo
3618 729 3690 769 non

2204 812 2332 858 sunt
2376 802 2598 859 subditi.
3248 801 3252 805 ’

2272 895 2438 950 Vens.
2465 894 2519 949 6.
2559 923 2634 936 --
2668 893 2895 965 Propter
2927 894 3192 949 miseriam
3235 895 3468 966 inapum,
3509 906 3595 952 etc.
3619 897 3696 955 Hoc

2205 989 2271 1043 de
2323 1003 2553 1058 persona
2604 988 2702 1043 Dei
2747 986 2924 1043 Patris
2965 988 3368 1058 accipiendum,
3414 990 3497 1060 qui
3538 1002 3698 1064 propter

2204 1079 2378 1150 inopes
2412 1087 2465 1134 et
2501 1095 2756 1149 pauperes
2779 1118 2795 1145 ,
2842 1078 2897 1134 id
2929 1088 3034 1145 est,
3060 1078 3237 1149 inopia
3265 1086 3318 1134 et
3343 1089 3614 1151 paupertate
3637 1082 3698 1137 bo-

2205 1186 2397 1226 norum
2425 1169 2787 1242 spiritualium
2809 1179 3052 1242 egentes,
3075 1170 3271 1226 Filium
3301 1187 3447 1227 suum
3472 1173 3608 1229 misit.

2278 1261 2484 1317 Ponam
2510 1263 2568 1317 in
2605 1263 2866 1330 salutari,
2912 1271 3018 1320 etc.
3066 1263 3137 1318 In
3192 1264 3427 1332 salutari,
3455 1266 3503 1320 in
3544 1266 3699 1322 Christo

2206 1355 2578 1425 accipiendum
2599 1363 2683 1411 est
2703 1355 3002 1412 secundum
3028 1355 3160 1411 illud
3185 1374 3199 1410 :
3231 1357 3353 1427 quia
3378 1358 3583 1413 viderunt
3609 1360 3699 1413 oculi

2206 1448 2307 1503 mei
2339 1447 2574 1503 salutare
2597 1458 2781 1516 tuum;
2816 1449 2872 1503 in
2910 1464 3018 1520 quo
3043 1447 3358 1520 intelligitur
3383 1449 3590 1518 posuisse
3604 1450 3698 1519 quod

2208 1543 2276 1597 ad
2324 1541 2604 1598 miseriam
2645 1542 2866 1613 inopum
2908 1541 3261 1598 auferendam
3297 1548 3358 1596 et
3399 1539 3698 1598 consolandum

2208 1636 2467 1708 gemitum
2515 1649 2812 1707 pauperum
2841 1635 3098 1706 pertinet.
3134 1631 3474 1688 Fiducialiter
3501 1648 3604 1690 vero
3635 1633 3698 1702 egit

2207 1730 2264 1783 in
2291 1745 2370 1794 eo,
2406 1728 2707 1785 secundum
2741 1727 2870 1784 illud
2896 1728 2953 1784 in
2984 1725 3279 1799 Evangelio
3321 1724 3483 1781 :Erat
3517 1726 3622 1780 enim
3642 1723 3700 1777 do-

2207 1838 2326 1876 cens
2348 1837 2435 1876 eos
2458 1831 2707 1892 tanquam
2745 1828 3049 1892 potestatem
3089 1817 3306 1874 habens.

521 1923 684 1985 atque
716 1914 917 1980 exitus,
957 1928 1054 1984 per
1083 1928 1220 1984 quos
1249 1912 1660 1982 blasphematur
1680 1927 1876 1967 nomen
1901 1910 2017 1977 Dei,
2047 1919 2106 1965 ut
2133 1912 2182 1972 B
2279 1911 2446 1968 Vens.
2469 1913 2521 1967 7.
2562 1943 2632 1952 —-
2681 1909 2908 1982 Eloquia
2938 1910 3179 1977 Domini,
3209 1908 3412 1980 eloquia
3441 1917 3594 1973 casta,
3628 1917 3696 1962 etc.

519 2009 752 2079 primum
797 2007 1151 2078 cupiditatum
1181 2022 1401 2063 suarum
1436 2008 1556 2077 igne
1581 2013 1882 2069 vastentur,
1913 2002 2106 2058 deinde

523 2099 788 2155 malorum
817 2113 1042 2168 operum
1080 2098 1287 2169 pudore
1309 2113 1341 2151 a
1369 2105 1512 2153 coetu
1536 2097 1822 2152 beatorum
1849 2092 2108 2162 abjician«

523 2198 645 2255 tur,
689 2197 965 2258 postremo
1013 2189 1216 2259 arrepti
1269 2196 1432 2257 atque
1482 2185 1751 2242 submersi
1801 2182 2106 2240 ineffabiles

522 2295 713 2351 poenas
739 2279 890 2334 luant
921 2296 936 2333 :
966 2280 1084 2336 haec
1116 2279 1263 2334 enim
1289 2295 1412 2350 pars
1444 2285 1530 2334 est
1555 2277 1734 2331 calicis
1763 2293 1963 2331 eorum.
2007 2274 2108 2330 Ca-

522 2369 673 2424 licem
730 2378 908 2426 autem
955 2377 1209 2440 proptera
1261 2376 1393 2439 puto
1443 2367 1770 2439 appellatum
1797 2407 1811 2430 ,
1865 2381 1935 2421 ne
1980 2366 2109 2437 quid

520 2473 719 2535 praeter
748 2465 968 2519 modum
996 2472 1162 2533 atque
1186 2477 1498 2518 mensuram
1538 2460 1623 2516 vel
1653 2459 1708 2515 in
1756 2459 1888 2529 ipsis
1918 2473 2109 2530 pecca-

522 2564 702 2611 torum
733 2554 1015 2625 suppliciis
1039 2568 1137 2625 per
1169 2553 1411 2609 divinam
1436 2550 1836 2625 providentiam
1859 2549 1976 2606 ﬁeri
2021 2565 2108 2604 ar.

521 2646 810 2701 bitremur.

592 2737 756 2792 Vens.
795 2736 848 2791 8.
876 2767 945 2777 -—
975 2736 1238 2802 Quoniam
1280 2735 1459 2806 justus
1517 2734 1772 2790 Dominus
1796 2774 1811 2799 ,
1857 2744 1963 2790 etc.
2003 2733 2108 2789 Pro

516 2828 682 2898 justis
728 2828 945 2896 iustitia:
983 2827 1359 2899 intelliguntur
1384 2827 1597 2898 positae.
1643 2827 1702 2883 In
1734 2825 1918 2883 multis
1962 2827 2107 2881 enim

516 2921 679 2992 iustis
705 2931 961 2992 tanquam
987 2921 1171 2976 multa}
1189 2920 1414 2990 iustitiae
1437 2921 1688 2976 videntur
1705 2936 1846 2986 esse,
1888 2935 2010 2975 cum
2039 2919 2110 2974 sit

521 3029 630 3068 una
655 3013 771 3078 Dei,
803 3010 956 3081 cujus
993 3027 1183 3068 omnes
1224 3013 1555 3084 participant
1586 3021 1885 3084 :tanquam
1924 3013 1969 3069 si
2001 3028 2110 3067 una

521 3107 690 3164 facies
711 3108 987 3162 intueatur
1010 3107 1165 3177 plura
1190 3108 1432 3178 specula,
1463 3109 1608 3179 quod
1634 3109 1691 3164 in
1714 3108 1805 3164 illa
1831 3109 2108 3180 singulare

522 3206 622 3263 est,
647 3199 714 3254 de
740 3197 846 3253 illis
873 3197 1121 3269 pluribus
1161 3198 1443 3268 pluraliter
1479 3201 1742 3256 redditur.
1773 3199 1965 3256 Facies
2012 3216 2108 3256 au-

2207 2005 2398 2072 Casta,
2443 2005 2498 2061 id
2549 2013 2634 2061 est
2683 2003 2831 2061 nullo
2885 2001 3191 2059 adulterata
3245 2002 3525 2067 mendacio,
3563 2001 3633 2055 sed
3658 1998 3699 2052 ad

2207 2097 2383 2154 vicem
2406 2095 2640 2168 argenti,
2667 2095 2812 2165 quod
2843 2094 3212 2160 examinatur,
3245 2090 3551 2165 septemplici
3583 2090 3698 2162 Spiri.

2209 2197 2317 2261 tus.
2338 2189 2511 2245 sancti
2539 2188 2662 2260 igne
2689 2187 2937 2259 probata.
2977 2185 3134 2253 Quod
3168 2195 3346 2241 autem
3373 2185 3445 2239 ait
3469 2202 3481 2237 :
3505 2182 3699 2254 probatus:

2209 2292 2384 2348 terrte,
2407 2279 2751 2338 manifestius
2779 2279 3050 2337 Hebraica
3074 2279 3246 2335 editio
3271 2277 3461 2350 posuit,
3485 2285 3698 2346 separatum

2208 2391 2242 2428 a
2275 2383 2435 2430 terra.

2279 2467 2444 2521 Vens.
2491 2467 2546 2522 8.
2576 2494 2647 2505 —
2676 2463 2778 2531 Tu,
2829 2463 3086 2530 Domine,
3119 2463 3348 2518 servabis
3372 2478 3486 2527 nos,
3526 2467 3605 2514 etc.
3639 2454 3699 2509 llic

2210 2571 2471 2632 tanquam
2509 2559 2699 2630 inopes
2723 2568 2782 2617 et
2805 2573 3092 2630 pauperes,
3125 2557 3203 2614 ibi
3233 2563 3476 2626 tanquam
3501 2549 3700 2622 opulentos

2208 2662 2264 2710 et
2293 2653 2511 2709 divites.

2298 2743 2462 2801 Vens.
2517 2742 2570 2800 9.
2620 2772 2691 2784 --
2743 2741 2812 2798 In
2874 2743 3099 2798 circuitu
3147 2739 3296 2812 impii
3342 2734 3599 2796 ambulant,
3634 2740 3698 2784 etc.

2210 2839 2278 2893 In
2329 2838 2552 2893 circuitu
2605 2837 2895 2893 ambulant.
2943 2837 3000 2892 ld
3038 2845 3152 2904 est,
3187 2837 3243 2890 in
3288 2830 3614 2912 temporalium
3646 2841 3698 2878 rc-

2209 2948 2329 2988 rum
2373 2931 2704 3002 cupiditate,
2753 2946 2874 3002 quae
2919 2940 3130 3003 septem
3174 2929 3382 2986 dierum
3428 2924 3612 2996 repetito
3634 2919 3698 2974 cir-

2209 3027 2357 3083 cuitu
2399 3036 2655 3096 tanquam
2677 3033 2798 3081 rota
2823 3024 3082 3091 volvitur,
3106 3031 3166 3079 et
3192 3023 3312 3079 ideo
3340 3036 3438 3077 non
3467 3013 3699 3088 perveniunt

2210 3120 2266 3175 in
2298 3129 2554 3185 octavam,
2595 3118 2650 3174 id
2689 3126 2774 3174 est
2802 3117 2859 3172 in
2889 3125 3156 3172 aeternum
3176 3156 3191 3183 ,
3243 3129 3340 3185 pro
3384 3126 3479 3182 qua
3515 3109 3594 3162 iste
3614 3100 3700 3174 psal-

2211 3229 2335 3268 mus
2363 3211 2613 3268 titulatus
2642 3220 2745 3267 est.
2793 3210 3221 3278 Multiplicantur
3261 3216 3432 3263 autem
3476 3201 3557 3272 ﬁlii
3594 3193 3701 3249 homi-

523 3301 633 3349 tem
678 3292 775 3347 Dei
824 3300 908 3348 est
952 3292 1215 3363 potentia,
1265 3309 1372 3365 qua
1422 3293 1602 3366 dignis
1650 3294 1964 3351 innotescit.
1999 3293 2104 3348 Aut

2213 3321 2336 3360 num
2365 3345 2380 3370 ,
2433 3305 2537 3359 hoc
2584 3311 2706 3370 est,
2763 3302 2896 3374 justi
2954 3300 3246 3356 secundum
3288 3295 3576 3354 altitudinem
3616 3283 3698 3340 Dei.

521 3391 672 3439 certe
693 3383 992 3454 azquitatem
1036 3381 1162 3436 vidit
1186 3383 1359 3439 vultus
1386 3385 1524 3455 ejus,
1556 3385 1682 3456 quia
1734 3401 1844 3441 non
1877 3401 1937 3442 se
1965 3400 2106 3456 prte-

519 3475 614 3530 bet
635 3473 1092 3548 {cognoscendum
1148 3475 1306 3532 malis
1331 3517 1346 3544 ,
1395 3477 1492 3534 sed
1536 3478 1714 3535 bonis.
1746 3477 1816 3533 Et
1865 3478 1981 3547 ipsa
2026 3485 2111 3533 est

521 3568 760 3639 (aquilas.

1021 3645 1088 3700 1N
1125 3642 1461 3699 PSALMUM
1499 3641 1588 3698 Xl.

595 3754 791 3810 Octava
827 3765 1005 3828 potest
1033 3757 1257 3828 intelligi
1287 3753 1630 3824 diesjudicii,
1651 3763 1746 3810 aut
1763 3761 1912 3810 certe
1937 3754 2110 3809 Evan-

521 3843 748 3915 gelicam
775 3846 1213 3916 praedicationem
1243 3846 1459 3916 ﬁgurat,
1473 3843 1531 3897 in
1564 3858 1672 3914 qua
1699 3842 1866 3898 Judaei
1894 3843 1979 3898 vel
2002 3843 2109 3898 bte-

523 3937 678 3994 retici
718 3938 1032 4012 decalogum
1072 3940 1205 4013 legis
1237 3938 1683 4012 transgrediendo
1722 3937 1869 3994 velut
1914 3938 1969 3992 in
2011 3954 2110 3992 un-

523 4031 745 4089 denario
773 4049 1000 4090 numero
1026 4033 1164 4106 lapsi
1196 4043 1338 4090 sunt.
1391 4032 1543 4089 Unde
1590 4046 1787 4101 corpus
1828 4029 2106 4096 Ecclesiae,

521 4123 663 4193 quod
687 4124 846 4180 unius
873 4134 931 4182 et
949 4126 1100 4182 vocis
1124 4135 1179 4182 et
1223 4125 1427 4193 cordis,
1455 4123 1744 4181 Dominum
1785 4129 1926 4189 orat,
1952 4131 2014 4178 ut
2039 4123 2107 4178 ab

521 4229 708 4270 eorum
745 4216 1093 4275 damnatione
1134 4219 1395 4290 eripiatur
1426 4236 1440 4272 :

594 4305 760 4362 Vens.
788 4307 843 4362 2.
865 4338 936 4348 —
957 4308 1174 4365 Salvum
1205 4326 1285 4364 me
1309 4310 1415 4379 fac,
1431 4307 1678 4376 Domine,
1700 4309 1971 4377 quoniam,
1997 4317 2102 4365 etc.

519 4398 720 4467 Defecit
767 4411 999 4468 sanctus,
1048 4402 1103 4458 id
1148 4411 1233 4459 est
1263 4418 1370 4458 non
1422 4403 1720 4470 invenitur,
1751 4403 1895 4459 sicut
1931 4401 2106 4474 loqui-

521 4506 665 4556 mur,
712 4508 834 4548 cum
862 4493 1091 4550 dicimus
1119 4513 1132 4548 :
1161 4495 1358 4551 defecit
1394 4492 1750 4563 frumentum,
1781 4503 1877 4551 aut
1906 4494 2106 4552 defecit

520 4583 766 4652 pecunia.
815 4584 1028 4642 Veritas
1079 4595 1259 4642 autem
1285 4602 1395 4642 una
1427 4594 1550 4653 est,
1603 4603 1711 4658 qua
1763 4588 2105 4645 illustrantur

2213 3395 2430 3465 quando
2453 3402 2585 3450 eunt
2608 3393 2676 3450 de
2694 3392 2900 3449 virtute
2928 3393 2985 3448 in
3007 3392 3302 3447 virtutem.

2701 3531 2771 3587 IN
2820 3529 3152 3588 PSALMUM
3204 3528 3316 3584 ΧΠ.

2283 3669 2450 3724 Vens.
2482 3667 2535 3722 l.
2555 3696 2628 3707 —
2647 3663 2949 3737 Usquequo,
2988 3663 3234 3727 Domine,
3282 3655 3563 3715 obliviscaris
3586 3664 3642 3703 me
3669 3645 3702 3696 in

2208 3762 2368 3831 linem
2396 3761 2422 3813 ?
2448 3767 2554 3816 etc.
2591 3757 2651 3813 ld
2674 3766 2759 3814 est
2788 3754 2973 3812 differs
3005 3769 3093 3810 me
3119 3755 3189 3809 ad
3218 3740 3582 3823 intelligendum
3603 3737 3704 3796 Chri-

2211 3859 2352 3909 stum
2393 3850 2769 3922 spiritualiter,
2797 3850 2888 3920 qui
2919 3857 3004 3904 est
3031 3847 3300 3917 sapientia
3343 3843 3454 3910 Dei,
3490 3847 3536 3895 et
3575 3840 3700 3928 rectus

2212 3945 2335 3999 linis
2384 3943 2562 4000 omnis
2609 3941 2925 3998 intentionis
2972 3940 3190 3995 animae.
3247 3940 3472 3992 Avertere
3513 3928 3624 3984 enim
3653 3931 3704 3987 Ια⁴

2211 4036 2342 4090 ciem
2390 4035 2533 4089 Deus
2582 4033 2799 4099 dicitur,
2838 4033 2963 4088 dum
3007 4046 3115 4087 non
3172 4031 3265 4086 dat
3307 4030 3486 4083 animae
3529 4014 3703 4075 notitiam

2210 4127 2326 4192 sui,
2364 4141 2483 4196 quae
2517 4125 2695 4182 adhuc
2742 4139 2937 4196 purum
2979 4123 3179 4178 mentis
3219 4121 3429 4180 oculum
3468 4130 3559 4170 non
3581 4107 3702 4205 habet-

2300 4221 2464 4275 Vens.
2507 4219 2563 4274 2.
2607 4248 2678 4259 —-
2708 4217 2956 4284 Quandiu
3012 4233 3206 4287 ponam
3251 4211 3508 4271 consilium
3550 4206 3594 4300 in
3630 4213 3704 4300 αξι-

2207 4332 2327 4381 ma,
2385 4322 2492 4369 etc.
2533 4311 2775 4368 Consilio
2806 4326 2914 4368 non
2965 4327 3103 4381 opus
3153 4319 3239 4367 est
3277 4309 3379 4365 nisi
3422 4306 3471 4360 in
3512 4298 3702 4355 adversis.

2209 4409 2382 4479 Ergo,
2411 4406 2648 4478 quandiu
2693 4421 2887 4476 ponam
2933 4404 3213 4459 consilium
3259 4404 3316 4458 in
3342 4401 3507 4456 anima
3533 4385 3701 4483 meai?

2209 4501 2407 4557 dicitur
2422 4517 2435 4556 :
2452 4497 2691 4570 quandiu
2718 4512 2815 4554 ero
2840 4499 2896 4554 in
2913 4497 3193 4552 adversis?
3213 4495 3322 4551 Aut
3344 4499 3482 4550 certe
3502 4488 3704 4574 responsio

2208 4600 2327 4661 est,
2341 4599 2403 4646 ut
2437 4591 2541 4647 iste
2566 4590 2638 4645 sit
2659 4603 2854 4646 sensus
2886 4605 2899 4642 :
2931 4587 3162 4652 Tandiu,
3192 4585 3428 4646 Domine,
3452 4575 3703 4638 obliviscaris

519 4675 712 4730 animae
749 4685 968 4733 sanctae.
1005 4677 1114 4733 Sed
1153 4678 1408 4748 quoniam
1460 4679 1644 4735 multa:
1691 4690 1814 4736 sunt
1865 4681 2060 4737 animae
2085 4721 2099 4746 ,
2130 4645 2182 4706 Β
2209 4697 2296 4736 me
2319 4655 2379 4735 in
2404 4679 2588 4747 ﬁnem,
2625 4685 2681 4734 et
2717 4677 2906 4733 tandiu
2933 4677 3136 4732 avertis
3169 4676 3363 4731 faciem
3404 4680 3535 4726 tuam
3576 4679 3601 4716 ιι
3635 4669 3701 4711 mer

519 4763 573 4818 in
597 4765 728 4835 ipsis
760 4767 943 4822 multae
971 4768 1208 4822 veritates
1228 4767 1333 4824 dici
1352 4777 1607 4839 possunt;
1632 4770 1775 4827 sicut
1800 4772 1871 4828 ab
1901 4787 2006 4827 una
2022 4770 2103 4826 fa-

517 4855 602 4911 cie
631 4856 809 4909 multae
838 4857 892 4910 in
921 4857 1154 4926 speculis
1197 4859 1461 4930 imagines
1495 4871 1775 4931 apparent.

592 4946 754 5000 Vens.
792 4947 844 5001 5.
873 4977 942 4986 —
979 4946 1130 5003 Vana
1180 4949 1341 5004 locuti
1395 4961 1515 5005 sunt
1564 4954 1938 5024 unusquisque,
1993 4961 2094 5008 etc.

520 5037 830 5091 Proximum
860 5053 1077 5094 omnem
1131 5041 1404 5098 hominem
1433 5049 1647 5112 oportet
1699 5043 1945 5116 intelligi,
1975 5044 2101 5116 quia

519 5145 678 5186 nemo
702 5140 786 5188 est
811 5148 935 5188 cum
958 5150 1067 5206 quo
1113 5136 1187 5192 sit
1208 5137 1542 5208 operandum
1569 5138 1794 5204 malum,
1822 5147 1876 5193 et
1896 5139 2102 5193 dilectio

517 5221 742 5291 proximi
770 5223 970 5279 malum
997 5243 1102 5281 non
1123 5237 1384 5298 operatur.
1412 5227 1566 5295 Quod
1592 5235 1775 5283 autem
1797 5229 1880 5284 bis
1902 5229 1977 5283 ait
2003 5246 2014 5282 :
2047 5229 2102 5282 in

518 5312 672 5367 corde
702 5323 748 5368 et
784 5317 958 5386 corde,
995 5318 1188 5390 duplex
1220 5335 1313 5375 cor
1362 5319 1631 5391 signiﬁcat
1661 5338 1673 5374 :
1703 5321 1796 5391 qui
1844 5322 1987 5376 enim
2048 5322 2101 5375 in

517 5407 680 5463 corde
705 5424 803 5466 suo
832 5411 935 5467 scit
964 5428 1153 5468 verum
1187 5427 1340 5476 esse,
1370 5412 1513 5481 quod
1547 5428 1732 5467 verum
1791 5423 1911 5479 est,
1961 5421 2100 5484 quo-

519 5498 806 5558 dammodo
852 5504 956 5560 alio
989 5505 1151 5560 corde
1185 5514 1474 5574 suppressa
1514 5505 1749 5561 veritate
1795 5506 1916 5563 dolo
1946 5506 2099 5562 iusti-

518 5601 680 5660 gante
708 5596 990 5652 mentitur.

595 5679 752 5740 Vens.
776 5685 1211 5758 L—Disperdat
1247 5686 1506 5741 Dominus
1547 5689 1786 5743 universa
1812 5686 2096 5754 labia,etc.

524 5770 770 5832 Universa
794 5779 953 5845 dixit,
981 5795 1051 5835 ne
1073 5779 1195 5850 quis
1221 5795 1279 5835 se
1307 5786 1591 5848 exceptum
1636 5787 1810 5849 putet.
1839 5778 2099 5851 Linguam

521 5877 699 5924 autent
728 5869 1116 5942 magniloquam
1141 5872 1451 5944 superbiam
1484 5871 1742 5944 intelligo.

2210 4771 2448 4842 quandiu
2498 4784 2697 4840 ponam
2743 4768 3028 4825 consilium
3080 4768 3138 4822 in
3182 4766 3361 4822 anima
3406 4775 3529 4824 mea,
3551 4761 3598 4810 ut
3614 4759 3705 4842 pe!“

2211 4840 2351 4922 fecte
2375 4870 2630 4933 operetur
2656 4859 3109 4917 misericordiam.
3148 4858 3265 4915 Non
3290 4870 3411 4912 eum
3433 4846 3588 4918 dirigit
3610 4840 3703 4933 Betis

2211 4956 2264 5010 in
2304 4925 2487 5018 ﬁnem,
2536 4966 2711 5022 neque
2739 4951 2990 5008 notitiam
3020 4951 3104 5006 sui
3133 4950 3367 5021 plenam,
3414 4940 3538 5015 quod
3556 4941 3622 4991 est
3654 4925 3703 4978 ἴθ’

2211 5048 2294 5104 cie
2320 5049 2389 5103 ad
2431 5044 2649 5112 faciem,
2680 5045 2885 5116 praebet
2926 5045 3025 5100 illi.
3075 5045 3134 5100 In
3180 5059 3246 5099 eo
3273 5043 3450 5105 etiam,
3475 5031 3594 5106 quod
3615 5023 3702 5082 sub-

2205 5135 2384 5207 iungit
2415 5154 2427 5190 :
2453 5134 2687 5190 dolerent
2711 5137 2768 5190 in
2797 5135 2954 5191 corde
2979 5151 3093 5190 meo
3125 5151 3217 5206 per
3259 5134 3412 5196 diem,
3441 5119 3701 5185 subauditur.

2211 5229 2451 5300 quandiu
2475 5229 2714 5299 ponam?
2736 5228 2841 5284 Per
2866 5230 3008 5284 diem
3036 5244 3167 5284 vero
3211 5235 3304 5282 aut
3330 5215 3701 5281 continuationem

2211 5322 2502 5394 signiﬁcat,
2535 5331 2630 5377 aut
2667 5322 2782 5378 dies
2809 5337 2907 5392 pro
2962 5330 3205 5393 tempore
3252 5316 3560 5387 intelligitur,
3585 5323 3609 5360 α
3631 5314 3702 5370 ⁴Ι¹¹⁰

2207 5429 2268 5472 se
2313 5415 2437 5486 quis
2487 5414 2806 5472 desiderans
2835 5415 2962 5472 exui
3020 5415 3262 5472 dolorem
3298 5411 3444 5485 ponit
3490 5406 3537 5461 in
3569 5394 3697 5455 corde,

2210 5504 2508 5576 deprecans
2565 5507 2633 5563 ad
2706 5513 2909 5562 aeterna
2967 5504 3328 5564 conscendere
3383 5508 3436 5557 et
3483 5493 3698 5551 humanum

2209 5597 2354 5655 diem
2379 5614 2486 5654 non
2524 5597 2659 5668 pati.

2282 5688 2446 5745 Vens.
2475 5690 2531 5744 5.
2562 5719 2630 5728 -
2679 5685 2953 5762 Usquequo
3002 5689 3320 5745 exaltabitur
3366 5681 3590 5739 inimicus,
3624 5675 3695 5762 etc:

2209 5783 2463 5838 Inimicus
2493 5783 2596 5840 iste
2624 5783 2868 5842 diabolus
2913 5794 3017 5853 est,
3057 5785 3170 5842 sive
3196 5781 3413 5856 populus
3437 5773 3621 5844 impius,
3645 5754 3698 5810 ιρι

2211 5871 2545 5930 consuetudo
2573 5873 2826 5930 carnalis.
