3948 6314
194 407 275 464 777
1223 407 1470 466 EXPOS.
1511 406 1580 464 IN
1619 409 1718 464 ΧΧ
1757 408 2012 465 I’RIMOS
2048 409 2380 466 PSALMOS.

3316 417 3420 472 778

141 527 162 532 “
252 523 396 578 Vsus.
422 520 476 574 4.
508 549 574 560 -
612 519 830 592 Respice
874 530 1057 579 autem
1100 522 1334 580 refertur
1379 527 1448 582 ad
1496 527 1550 582 id
1592 527 1735 596 quod
1761 533 1816 594 Α
1839 525 2124 591 hominum,
2157 537 2262 581 etc.
2298 527 2472 597 Super
2493 526 2694 585 Iudaeis
2735 537 2916 599 potest
2940 531 3190 604 intelligi,
3219 544 3278 588 ut
3323 535 3423 592 ho-

191 616 366 672 dictum
393 620 475 668 est
506 629 519 666 :
554 609 831 685 Usquequo
861 615 1179 670 Oblivisceris
1205 633 1286 671 me
1315 619 1370 672 in
1395 618 1555 687 ﬁnem
1579 621 1603 673 ?

248 707 391 763 Vsus.
419 705 475 762 5.
503 704 833 762 -—Illumina
864 707 1043 764 oculos
1069 726 1226 774 meos,
1261 726 1324 764 ne
1354 727 1604 781 unquam,
1637 724 1742 768 etc.

186 801 301 858 Orat
323 799 493 854 oculos
538 799 623 878 sui
657 799 844 855 cordis
868 799 1180 866 illuminari,
1207 816 1274 856 ne
1302 801 1608 859 delectabili
1658 804 1746 859 de-

184 894 310 950 fectu
340 891 544 964 peccati
583 890 925 947 claudantur.
969 891 1179 948 Diaboli
1227 893 1428 964 quippe
1457 895 1741 952 insultatio

184 993 442 1050 metuenda
465 998 586 1058 est,
617 991 710 1061 qui
739 989 1047 1046 detestabili
1076 991 1472 1047 consuetudine
1499 999 1627 1048 tunc
1657 993 1742 1048 ef-

183 1083 340 1139 ﬁcitur
364 1082 518 1138 laetus
540 1122 554 1147 ,
585 1085 804 1152 quando
829 1096 925 1138 eos
957 1095 1096 1152 quos
1137 1081 1432 1152 deceperit,
1465 1096 1526 1138 se
1547 1097 1746 1155 cogno-

181 1176 304 1232 verit
335 1175 627 1247 possidere.

241 1266 336 1333 Qui
358 1265 610 1321 tribulant
628 1281 712 1320 me
731 1265 1092 1332 exsultabant,
1116 1273 1222 1323 etc.
1247 1265 1591 1325 Tribulantes
1620 1277 1748 1324 sunt

176 1358 351 1415 diaboli
372 1367 426 1416 et
453 1358 630 1432 angeli
653 1359 793 1431 ejus,
825 1359 919 1430 qui
943 1374 1054 1416 non
1082 1359 1494 1416 exsultaverunt
1513 1359 1747 1431 dejusto

171 1453 279 1508 viro
303 1449 415 1517 Job,
445 1467 570 1508 cum
591 1466 717 1507 eum
743 1451 1093 1518 tribularent,
1123 1452 1251 1522 quia
1285 1467 1394 1508 non
1433 1461 1520 1508 est
1551 1463 1741 1520 motus,

170 1546 220 1601 id
245 1555 340 1611 est,
368 1545 432 1602 de
477 1545 775 1602 stabilitate
801 1544 928 1602 fidei
955 1561 1067 1603 non
1095 1547 1340 1604 recessit.
1381 1545 1620 1620 Idipsum
1651 1563 1745 1603 au-

169 1650 271 1695 tem
311 1639 447 1710 quod
489 1654 600 1696 non
626 1648 876 1697 movetur
924 1640 1110 1708 homo,
1142 1648 1198 1695 et
1229 1640 1372 1698 fixus
1401 1641 1458 1696 in
1516 1639 1745 1696 Domino

167 1743 446 1802 permanet,
493 1749 603 1790 non
632 1734 736 1789 sibi
774 1733 936 1790 debet
965 1733 1238 1800 tribuere,
1287 1750 1357 1790 ne
1389 1748 1515 1790 cum
1544 1749 1604 1790 se
1633 1733 1746 1804 glo-

165 1827 327 1881 riatur
353 1842 456 1882 non
486 1840 610 1883 esse
637 1835 857 1895 motum,
883 1827 1004 1898 ipsa
1040 1826 1296 1897 superbia
1331 1835 1638 1884 moveatur.

1848 617 2092 671 noratius
2143 631 2238 673 eos
2286 619 2640 689 appellaverit
2689 621 2829 690 ﬁlios
2881 623 3149 678 hominum
3205 636 3433 696 prOptcr

1848 710 2006 766 unius
2046 710 2143 766 Dei
2177 710 2382 766 cultum
2418 713 2474 767 in
2510 715 2915 784 comparatione
2960 717 3262 788 gentilium.
3295 719 3433 775 Pro-

1847 802 1999 872 spicit
2020 811 2202 857 autem
2235 801 2518 871 Dominus,
2542 813 2604 859 ut
2638 804 2817 861 videat
2843 821 2940 878 per
2974 808 3184 864 animas
3209 820 3432 866 sanctas

1847 907 1993 958 suas,
2020 893 2165 963 quod
2205 893 2475 965 signiﬁcat
2515 895 2569 951 id
2605 897 2751 968 quod
2790 899 2995 954 dictum
3023 909 3130 967 est,
3175 902 3240 956 de
3279 903 3426 958 ccelo.

1847 983 1982 1040 Nam
2028 1001 2127 1057 per
2172 987 2411 1057 seipsum
2465 988 2600 1044 nihil
2641 1005 2767 1045 eum
2811 991 2942 1048 latet
2963 1003 2988 1047 ‘:
3028 994 3135 1049 nisi
3171 993 3311 1051 forte
3366 1011 3432 1052 eo

1847 1079 2008 1135 modo
2053 1080 2384 1152 intelligatur
2424 1079 2653 1148 dictum,
2701 1091 2758 1135 ut
2789 1083 2982 1150 videat,
3026 1084 3080 1140 id
3105 1094 3208 1152 est,
3247 1087 3464 1142 videre

1846 1175 2057 1231 faciat:
2089 1178 2232 1232 sicut
2278 1177 2557 1233 Abraham
2600 1178 2807 1234 dictum
2853 1187 2974 1234 est:
2999 1178 3157 1236 Nunc
3192 1183 3432 1254 cognovi,

1844 1269 1985 1338 quod
2014 1269 2199 1325 timeas
2220 1268 2413 1337 Deum,
2443 1270 2498 1324 id
2530 1281 2635 1336 est,
2675 1286 2821 1326 nunc
2840 1285 3168 1342 cognoscere
3192 1274 3321 1330 feci.

1917 1360 2081 1416 Vens.
2110 1361 2167 1416 ὅ.
2200 1393 2271 1402 -
2303 1361 2495 1417 Omnes
2535 1362 2946 1430 declinaverunt,
2980 1373 3086 1420 etc.
3117 1365 3175 1421 Id
3204 1375 3308 1434 est,
3335 1367 3434 1425 Ju-

1847 1449 1950 1505 daei
1985 1450 2125 1508 tales
2149 1452 2278 1508 facti
2304 1462 2454 1519 sunt,
2491 1453 2678 1525 quales
2703 1463 2758 1509 et
2781 1463 2989 1525 gentes.

1919 1540 2229 1614 Sepulcrum
2255 1555 2436 1614 patens
2461 1554 2558 1613 est,
2583 1553 2689 1600 etc.
2722 1544 2780 1600 In
2815 1546 3065 1617 sepulcro
3092 1556 3315 1618 patente
3343 1559 3442 1606 aut

1844 1634 2120 1692 voracitas
2162 1633 2503 1707 signiﬁcatur
2530 1635 2790 1692 inhiantia
2825 1637 2984 1707 gulae,
3012 1646 3108 1694 aut
3146 1641 3203 1695 in
3234 1640 3438 1714 allego-
3478 1661 3497 1717 ρ

1846 1725 1948 1792 ria,
1973 1724 2066 1794 qui
2095 1724 2371 1790 occidunt,
2403 1733 2458 1780 et
2491 1724 2648 1794 quasi
2673 1725 2938 1781 devorant
2972 1727 3291 1784 interfectus
3319 1744 3440 1795 eos,

1847 1815 2047 1887 quibus
2075 1832 2289 1872 morum
2327 1831 2551 1872 suorum
2589 1817 3006 1887 perversitatem
3046 1822 3298 1876 suadent.
3337 1821 3441 1876 Cui

234 1915 382 1973 Vnus.
408 1917 460 1973 6.
493 1949 564 1959 -
589 1917 891 1974 Exsultabit
917 1935 1012 1974 cor
1052 1935 1227 1974 meum
1265 1920 1324 1974 in
1351 1920 1602 1985 salutari,
1634 1927 1741 1975 etc.

1854 1909 2028 1965 srmile
2073 1921 2177 1976 est,
2220 1925 2252 1966 e
2301 1910 2616 1978 contrario,
2667 1912 2812 1981 quod
2860 1911 3022 1968 Petro
3065 1913 3269 1969 dictum
3318 1924 3437 1981 est,

160 2009 231 2065 In
264 2010 478 2066 salutari
524 2021 614 2066 tuo
634 2052 650 2080 ,
694 2012 800 2068 hoc
824 2020 910 2068 est
945 2011 1002 2068 in
1034 2009 1249 2067 Christo
1277 2010 1432 2079 Jesu,
1464 2011 1746 2067 exsultabit

157 2120 250 2157 cor
289 2122 488 2172 meum,
515 2105 607 2176 qui
637 2105 820 2159 tribuit
849 2105 981 2160 mihi
1023 2105 1160 2160 bona
1208 2105 1502 2177 spiritalia,
1534 2122 1641 2162 non
1677 2106 1745 2162 ad

156 2196 443 2251 humanum
499 2196 641 2252 diem
698 2197 1046 2269 pertinentia.
1106 2197 1337 2270 Propter
1395 2199 1540 2270 quod
1603 2199 1780 2271 psal-.

151 2284 261 2339 lam
315 2287 504 2342 nomini
559 2286 851 2354 Altissimi,
903 2287 958 2344 id
996 2299 1098 2355 est,
1146 2304 1274 2346 cum
1314 2290 1512 2362 gaudio
1542 2291 1745 2362 gratias

151 2393 276 2448 ago,
302 2386 352 2433 et
375 2379 779 2436 ordinatissime
806 2387 934 2435 utor
975 2394 1226 2452 corpore,
1258 2382 1404 2452 quod
1431 2390 1515 2438 est
1551 2390 1743 2438 cantus

147 2468 342 2524 anima:
383 2469 698 2540 spiritualis.
751 2468 811 2525 Si
860 2477 1044 2526 autem
1076 2471 1257 2542 aliqua
1304 2472 1396 2528 hic
1438 2471 1742 2530 differentia

146 2545 534 2617 consideranda
563 2569 667 2628 est,
714 2560 939 2616 cantabo
974 2562 1163 2630 corde,
1215 2563 1445 2634 psallam
1485 2567 1742 2636 operibus

144 2649 374 2707 Domino
398 2694 413 2720 ,
460 2653 554 2725 qui
609 2654 758 2710 solus
785 2654 932 2710 videt
965 2673 978 2709 :
1012 2656 1220 2712 nomini
1251 2666 1433 2714 autem
1482 2659 1739 2726 Domini,

141 2745 294 2815 quod
326 2747 463 2821 apud
495 2749 742 2805 homines
767 2749 1081 2816 innotescit,
1111 2750 1258 2821 quod
1278 2767 1388 2809 non
1416 2751 1496 2808 illi
1519 2753 1614 2809 sed
1644 2769 1742 2809 no-

139 2837 237 2893 bis
262 2845 346 2895 est
379 2838 532 2896 utile.

631 2975 699 3032 IN
738 2975 1074 3035 PSALMUM
1113 2977 1250 3034 XIII.

217 3107 374 3163 Finis
412 3107 538 3181 legis
587 3109 846 3167 Christus.
897 3113 981 3168 Ad
1031 3112 1180 3168 illum
1233 3111 1494 3180 redimus,
1524 3115 1742 3185 quando

132 3203 439 3274 incipimus
469 3203 612 3258 viam
663 3204 862 3259 bonam
916 3205 1128 3277 ingredi
1163 3224 1174 3258 :
1211 3205 1387 3276 ipsum
1416 3205 1740 3273 videbimus,

1851 2001 2052 2069 Macta,
2079 2012 2129 2058 et
2158 2004 2444 2071 manduca,
2470 2013 2532 2060 ut
2563 2005 2619 2060 in
2651 2020 2804 2061 suam
2839 2005 3003 2062 fidem
3036 2016 3093 2062 et
3121 2009 3293 2064 bonos
3322 2025 3441 2064 mo-

1848 2110 1938 2151 res
1972 2104 2160 2167 gentes
2207 2104 2573 2152 converteret.
2617 2097 2777 2154 Patet
2800 2113 2933 2154 vero
2968 2099 3113 2169 quod
3140 2101 3389 2170 sequitur
3423 2120 3438 2155 :

1849 2187 2068 2259 Linguis
2092 2189 2203 2244 suis
2225 2189 2406 2245 dolose
2431 2191 2676 2262 agebant.
2702 2190 2898 2248 Comes
2937 2193 3138 2265 quippe
3175 2204 3261 2251 est
3284 2211 3444 2251 vora-

1847 2281 2003 2337 cibus
2025 2281 2265 2340 adulatio
2302 2292 2358 2339 et
2405 2284 2660 2340 omnibus
2706 2287 2885 2343 malis.
2940 2286 3208 2345 Venenum
3257 2302 3439 2348 autem

1847 2374 2028 2430 dolum
2075 2375 2244 2442 dicit;
2297 2378 2542 2448 aspidum
2589 2393 2720 2434 vero
2751 2419 2766 2445 ,
2825 2381 2951 2450 quia
3004 2381 3196 2437 nolunt
3247 2384 3440 2439 audire

1847 2465 2013 2521 verba
2037 2465 2390 2523 incantantis.
2415 2466 2603 2540 Aspidi
2627 2470 2775 2526 enim
2796 2469 2968 2527 Judaei
2989 2473 3268 2543 aptissime
3290 2491 3442 2530 com—

1842 2565 2131 2625 parantur,
2154 2559 2248 2629 qui
2277 2559 2570 2615 adversum
2594 2561 2763 2617 verba
2803 2561 3064 2619 salutaria
3105 2564 3440 2622 induxerunt

1844 2647 2032 2706 miseri
2055 2649 2367 2706 lethiferam
2393 2651 2739 2708 surditatem.

1917 2741 2158 2809 Quorum
2183 2761 2242 2800 os
2271 2743 2658 2814 maledictione,
2688 2756 2796 2803 etc.
2830 2745 2999 2804 Pedes
3032 2751 3266 2822 appellat
3302 2769 3435 2809 con-

1843 2833 1950 2891 silii
1971 2852 2315 2908 progressus,
2346 2838 2544 2909 quibus
2565 2839 2632 2895 de
2653 2839 2895 2911 incoepto
2919 2858 3203 2900 movemur
3231 2847 3298 2901 ad
3344 2863 3438 2902 ex-

1843 2927 1952 2983 itus
1975 2944 2180 2985 rerum.
2207 2928 2345 2984 Nam
2365 2932 2512 3001 quod
2541 2931 2679 2987 dixit
2699 2932 2920 3000 veloces,
2956 2937 3217 3003 ostendit,
3248 2938 3436 2994 mode—

1842 3019 2072 3074 rationis
2099 3019 2204 3075 illis
2231 3021 2462 3076 consilia
2504 3021 2764 3078 defuisse.
2794 3022 2877 3076 Ad
2903 3025 3280 3094 eﬂ‘undendum
3304 3045 3433 3082 sau-

1842 3110 2073 3181 guincm,
2115 3111 2360 3167 divinum
2397 3113 2650 3169 videlicet
2691 3113 3014 3182 Salvatoris,
3057 3125 3120 3172 ut
3160 3120 3436 3176 sceleratae

1846 3201 1926 3256 rei
1957 3210 2172 3258 crescat
2191 3202 2506 3260 immanitas
2526 3205 2776 3260 actionis.

130 3313 274 3354 cum
321 3297 751 3368 pervenerimus,
787 3297 853 3353 Et
885 3297 1007 3355 ideo
1033 3299 1148 3368 ipse
1168 3298 1322 3365 ﬁnis,
1377 3315 1539 3369 quem
1570 3298 1740 3356 Judaﬁ
1769 3280 1816 3345 Ο
1918 3289 2178 3347 Contritio
2220 3301 2268 3347 et
2300 3293 2584 3364 infelicitas
2621 3295 2677 3348 in
2721 3296 2820 3351 viis
2846 3313 3048 3364 eorum,
3099 3307 3205 3355 etc.
3239 3301 3441 3357 Omnes

131 3387 397 3443 vidente‘s
427 3386 688 3442 humilem
748 3388 801 3442 in
841 3396 1126 3458 assumpta
1177 3403 1343 3444 carne
1370 3389 1605 3455 venisse,
1637 3405 1746 3446 non

129 3476 530 3534 intellexerunt
590 3478 764 3549 ipsum
823 3494 946 3536 esse
996 3481 1091 3551 qui
1141 3480 1431 3552 praedictus
1481 3479 1661 3538 fuerat
1715 3497 1746 3538 a

128 3570 445 3642 prophetis.
471 3569 598 3626 Ideo
624 3571 705 3628 sic
741 3571 934 3642 incipit
969 3572 1250 3643 psalmus:

217 3661 384 3717 Vens.
425 3664 474 3716 I.
498 3662 729 3718 —Dixit
754 3665 1004 3736 insipiens
1039 3667 1095 3720 in
1127 3667 1287 3722 corde
1307 3684 1423 3734 suo,
1453 3675 1562 3723 etc.
1591 3666 1746 3735 Quod

128 3753 266 3807 ideo
288 3753 525 3824 gravius,
552 3754 679 3825 quia
705 3769 814 3811 non
838 3764 1048 3811 tantum
1077 3756 1238 3813 labiis
1268 3758 1542 3823 dixerunt,
1569 3759 1664 3814 sed
1690 3759 1748 3812 in

128 3844 323 3909 corde,
362 3853 421 3898 ut
460 3845 606 3901 malo
654 3855 781 3902 voto
809 3847 966 3918 pejor
1005 3848 1357 3906 incredulitas
1401 3851 1741 3921 jungeretur.

123 3934 331 3991 Potest
351 3937 457 3992 hoc
489 3944 544 3992 et
573 3938 640 3992 de
666 3939 919 4008 gentibus
944 3938 1194 4012 intelligi,
1224 3940 1317 4011 qui
1346 3942 1745 4011 providentiam

122 4028 385 4083 divinam
417 4036 676 4100 negantes
703 4029 920 4086 casibus
951 4032 1212 4088 mundum
1249 4032 1522 4088 :estimant
1551 4032 1748 4102 guber-

125 4121 288 4176 uari.

206 4211 468 4284 Corrupti
512 4222 634 4268 sunt
665 4222 713 4269 et
747 4214 1154 4291 abominabiles,
1187 4224 1294 4272 etc.
1345 4215 1404 4271 Id
1461 4223 1567 4281 est,
1617 4214 1745 4270 dum

118 4313 336 4362 amant
364 4307 471 4363 hoc
511 4307 792 4375 saeculum,
824 4316 880 4363 et
907 4324 1015 4365 non
1043 4317 1228 4364 amant
1250 4309 1440 4377 Deum,
1474 4309 1592 4380 ipsa
1621 4318 1746 4365 sunt

118 4398 345 4466 studia,
369 4413 494 4469 quae
513 4409 869 4470 corrumpunt
895 4402 1154 4467 animam,
1187 4410 1242 4456 et
1269 4402 1348 4457 sic
1369 4408 1668 4468 excaecant,
1687 4410 1747 4456 ut

112 4494 316 4565 possit
357 4493 528 4550 etiam
581 4495 765 4552 dicere
824 4494 1086 4565 insipiens
1125 4495 1180 4548 in
1231 4497 1395 4551 corde
1432 4510 1530 4550 suo
1564 4514 1576 4549 :
1621 4492 1745 4549 Non

1850 3384 2118 3440 malorum
2142 3385 2425 3442 hominum
2452 3387 2554 3444 via:
2580 3388 2756 3460 plenae
2779 3398 2906 3446 sunt
2937 3390 3219 3449 laboribus
3249 3402 3304 3450 et
3333 3396 3439 3450 mi-

1849 3479 2012 3534 seria.
2047 3479 2204 3536 Unde
2231 3498 2335 3536 non
2375 3495 2722 3553 cognoverunt
2745 3487 2882 3541 viam
2919 3488 3089 3558 pacis,
3121 3505 3242 3560 quae
3261 3491 3396 3548 dicit
3425 3511 3438 3547 :

1855 3568 2040 3625 Venite
2062 3571 2132 3626 ad
2164 3587 2268 3639 me,
2297 3588 2474 3627 omnes
2495 3575 2585 3644 qui
2614 3573 2868 3631 laboratis
2910 3586 2960 3632 et
2987 3581 3192 3633 onerati
3218 3582 3362 3646 estis,
3393 3592 3442 3636 et

1849 3677 1942 3732 ego
1987 3661 2222 3731 reficiam
2253 3679 2365 3730 vos,
2395 3671 2444 3717 et
2473 3663 2656 3719 discite
2681 3682 2714 3719 a
2759 3683 2840 3721 me
2881 3669 3008 3738 quia
3045 3671 3188 3724 mitis
3230 3687 3349 3726 sum
3392 3683 3442 3726 et

1847 3753 2063 3808 humilis
2083 3755 2264 3822 corde,
2294 3765 2344 3810 et
2367 3757 2638 3813 invenietis
2674 3761 2902 3832 requiem
2926 3763 3205 3819 animabus
3224 3767 3442 3820 vestris:

1841 3843 2032 3915 jugum
2057 3846 2195 3899 enim
2223 3862 2397 3901 meum
2437 3845 2550 3902 lene
2579 3858 2678 3914 est,
2706 3859 2754 3903 et
2781 3852 2994 3906 sarcina
3033 3870 3150 3922 mea
3193 3854 3316 3910 levis
3340 3868 3438 3911 est.

1923 3937 2086 3993 Vsus.
2121 3937 2178 3992 4.
2204 3964 2275 3977 -·-
2306 3937 2496 3992 Nonne
2522 3952 2833 4010 cognoscent
2875 3960 3072 4009 omnes,
3106 3955 3215 4002 etc.
3257 3947 3442 4002 Omni-

1848 4028 1942 4082 bus
1990 4029 2172 4099 impiis
2219 4029 2484 4084 Dominus
2517 4029 2781 4099 judicium
2811 4033 3194 4103 comminatur,
3228 4039 3438 4102 dicens.

1849 4120 1904 4174 in
1938 4119 2294 4176 retributione
2341 4121 2581 4192 generali
2631 4139 2943 4193 cognoscere
2982 4127 3300 4196 vindictam,
3344 4133 3440 4202 qui

1847 4227 1993 4268 nunc
2019 4221 2313 4282 operantur
2337 4213 2439 4269 sub
2460 4212 2711 4270 libertate
2731 4216 3014 4274 malitiam.
3039 4219 3144 4287 Qui
3165 4223 3438 4291 devorant,

1845 4304 2046 4375 inquit,
2087 4305 2287 4376 plebem
2330 4322 2502 4362 meam
2543 4309 2677 4362 sicut
2722 4326 2897 4366 escam
2952 4313 3107 4383 panis
3159 4328 3178 4367 :
3227 4315 3284 4371 id
3329 4325 3435 4385 est,

1848 4397 2108 4467 quotidie.
2133 4397 2299 4454 Cibus
2324 4400 2468 4456 enim
2493 4401 2651 4470 panis
2672 4402 3020 4471 quotidianus
3043 4412 3150 4472 est,
3174 4405 3439 4464 devorant

1847 4493 2015 4546 etiam
2044 4491 2326 4562 pepulum,
2347 4493 2476 4564 quia
2505 4509 2604 4549 sua
2635 4495 2921 4551 commoda
2960 4511 3029 4553 ex
3070 4497 3163 4552 illo
3187 4499 3436 4569 capiunt,

111 4597 206 4643 est
241 4588 395 4643 Deus
427 4603 446 4641 :
482 4591 617 4644 sicut
655 4590 792 4645 enim
835 4607 940 4645 non
950 4589 1315 4682 probaverunt
1348 4591 1519 4646 Deum
1554 4592 1744 4646 habere
1768 4666 1817 4682 ﬁ
1848 4598 1956 4638 ιιοιι
1987 4575 2227 4640 ferentes
2255 4584 2620 4682 minifterium
2651 4602 2808 4642 suum
2843 4587 2911 4644 ad
2952 4587 3183 4658 ειοτὶειιι
3221 4590 3341 4657 θεῖν
3383 4601 3440 4650 ει

108 4681 181 4734 in
215 4680 438 4747 notitia,
473 4681 616 4735 dedit
656 4681 776 4737 illos
808 4666 1044 4738 Deus'in
1077 4683 1352 4754 reprobum
1380 4701 1592 4739 sensum
1617 4726 1632 4750 ,
1682 4694 1744 4740 ut

1854 4675 1912 4728 ad
1945 4689 2158 4741 eorum,
2179 4669 2659 4747 quibus‘prtesunt,
2691 4677 2939 4734 salutem.

110 4771 541 4827 nefandissima
590 4773 969 4829 incredulitate
1013 4775 1310 4841 maculati,
1367 4775 1745 4831 abominabiles

1924 4763 2088 4820 Vsus.
2122 4765 2175 4820 5.
2203 4766 2580 4822 —Dominum
2617 4784 2720 4822 non
2744 4769 3132 4840 invocaverunt,
3163 4782 3270 4831 etc.
3316 4775 3435 4835 Non

109 4864 379 4921 ῃοιηίηο
412 4867 527 4921 suis
566 4867 846 4922 erroribus
877 4867 1252 4922 redderemur,
1281 4867 1436 4936 Quod
1487 4883 1617 4923 vero
1646 4868 1746 4933 ait,
1850 4859 1998 4913 enim
2020 4873 2148 4914 vere
2185 4859 2392 4914 invocat
2414 4860 2720 4926 Dominum,
2773 4878 2864 4932 qui
2895 4863 3169 4921 desiderat
3204 4883 3325 4939 quae
3361 4871 3438 4927 illi

107 4973 304 5027 usque
334 4957 409 5011 ad
439 4975 634 5025 unum,
665 4957 753 5014 vel
776 4974 900 5013 cum
928 4959 1044 5029 ipso
1074 4975 1184 5014 uno
1207 4968 1387 5030 potest
1412 4959 1662 5032 intelligi,
1691 4969 1750 5015 ut
1851 4949 2158 5020 ἀίδριὶοθηιο
2192 4951 2363 5007 Iuda“
2410 4969 2627 5024 (ιιιοίιυθ
2667 4954 2962 5011 timueram
2993 4972 3221 5030 regnum
3264 4968 3439 5018 ῑθιΊῈ·

104 5048 326 5104 nullus
356 5049 642 5106 hominum
675 5049 1005 5122 intelligatur
1037 5067 1052 5116 ς
1092 5051 1176 5106 vel
1217 5061 1409 5121 praeter
1437 5069 1598 5106 unum
1621 5093 1636 5120 ,
1688 5062 1748 5108 υι
1852 5043 2288 5110 num’amittere,
2319 5046 2409 5100 ubi
2434 5063 2539 5102 non
2583 5057 2695 5101 erat
2721 5050 2896 5104 timor.
2939 5049 3202 5108 Dixerunt
3240 5055 3388 5110 enim
3420 5074 3433 5110 ἒ

105 5140 486 5214 intelligatur
547 5142 808 5199 Dominus
874 5141 1125 5198 Christus
1153 5184 1168 5208 ,
1237 5143 1378 5200 sicut
1445 5145 1678 5200 dicimus
1730 5163 1743 5199 :
1854 5135 1914 5192 Si
1949 5138 2260 5194 άὶηιὶιιίιηιω
2283 5155 2403 5193 eum
2433 5140 2530 5205 δίεν
2569 5157 2746 5196 omnes
2771 5144 2979 5199 ονθάεηε
3003 5145 3058 5199 in
3083 5162 3223 5213 eum,
3254 5157 3306 5202 ετ
3348 5165 3437 5203 υθ-

101 5232 239 5288 iste
266 5247 412 5303 ager
434 5247 606 5303 usque
629 5234 698 5290 ad
727 5248 878 5289 mare
904 5240 1010 5300 est,
1042 5249 1152 5290 non
1195 5235 1383 5303 utique
1409 5234 1568 5290 simul
1601 5249 1751 5290 com-
1853 5231 1995 5283 uient
2023 5229 2274 5298 Romani,
2319 5241 2366 5285 et
2395 5230 2578 5286 tollent
2615 5233 2761 5287 nobis
2807 5243 2856 5288 et
2897 5245 3100 5306 gentem
3143 5247 3193 5292 et
3221 5236 3437 5304 locum;

95 5335 404 5401 putamus
431 5335 489 5383 et
516 5343 686 5382 mare.
736 5328 804 5383 Et
849 5327 952 5384 iste
993 5335 1078 5383 est
1107 5327 1298 5382 melior
1340 5327 1665 5393 intellectus,
1690 5337 1751 5383 ut
1851 5331 1906 5377 et
1932 5325 2234 5380 amiserunt
2266 5339 2492 5396 regnum
2521 5324 2802 5392 caelorum,
2830 5328 2977 5397 quod
3005 5329 3200 5384 timere
3229 5329 3436 5384 debue-

93 5436 302 5479 nemo
356 5423 692 5494 intelligatur
733 5422 929 5480 fecisse
961 5424 1258 5481 bonitatem
1287 5439 1458 5494 usque
1487 5425 1553 5479 ad
1583 5425 1745 5482 Chri-

1854 5420 2000 5468 ruut.
2054 5413 2126 5468 Et
2172 5414 2278 5469 hoc
2311 5415 2377 5470 de
2405 5415 2658 5471 omnibus
2703 5418 3093 5488 temporalibus
3137 5420 3436 5475 commodis

90 5520 308 5578 stum,
341 5513 477 5584 quia
525 5530 635 5569 non
675 5522 852 5584 potest
888 5513 1118 5584 quisque
1152 5513 1467 5581 hominum,
1495 5514 1599 5569 nisi
1629 5515 1745 5584 ipse
1854 5505 2266 5580 intelligendum
2310 5516 2415 5576 est,
2445 5524 2676 5580 quorum
2706 5510 3055 5568 amissionem
3083 5527 3207 5568 cum
3244 5511 3440 5567 timent

89 5605 475 5672 donaverit,
518 5606 703 5663 facere
751 5607 1071 5662 bonitatem.
1121 5605 1191 5662 Et
1235 5605 1366 5662 illud
1413 5622 1582 5662 unum
1620 5615 1740 5662 est:
1856 5603 2124 5670 homines,
2155 5603 2224 5659 ad
2248 5611 2451 5660 aeterna
2482 5619 2593 5660 non
2621 5603 2860 5660 veniunt.

86 5695 263 5766 quia
291 5712 592 5769 usquequo
621 5699 852 5771 quisque
889 5706 1183 5770 cognoscat
1209 5714 1378 5755 unum
1413 5698 1606 5762 Deum.
1635 5715 1743 5756 non
1926 5694 2093 5751 Vsus.
2119 5694 2173 5750 6.
2201 5725 2272 5736 —
2302 5693 2566 5762 Quoniam
2589 5695 2848 5752 Dominus
2872 5697 2930 5751 in
2949 5696 3297 5767 generatione,
3327 5707 3433 5754 etc.

84 5799 324 5862 potest
368 5790 559 5848 facere
592 5793 817 5849 bonum.
1855 5789 1936 5844 Ad
2014 5789 2294 5860 superiora
2375 5787 2653 5854 refertur,
2715 5788 2860 5857 quod
2938 5786 3138 5843 dicitur
3183 5791 3437 5860 quoniam

191 5886 389 5940 Vens.
416 5887 472 5940 2.
495 5917 567 5928 —-
604 5886 860 5941 Dominus
893 5887 956 5940 de
980 5885 1106 5942 caelo
1130 5889 1395 5959 prospexit
1424 5906 1581 5959 super
1605 5889 1744 5959 ﬁlios
1858 5883 1993 5938 Deus
2018 5883 2072 5936 in
2103 5884 2437 5953 generatione
2452 5882 2601 5950 justn
2641 5889 2739 5944 est,
2785 5885 2844 5933 ut
2871 5879 2942 5933 sit
2970 5892 3163 5934 sensus
3209 5896 3221 5934 :
3251 5878 3438 5938 Nonne

603 5981 866 6041 i’nuoc.
902 5981 1124 6042 CXIV.
1639 6060 1644 6064 η
2915 5976 2994 6037 25
