3948 6328
492 406 596 466 779

988 395 1377 455 WALAFBIDI
1419 379 1663 451 STRABI
1697 389 1901 448 FULD.
1943 382 2109 443 non.
2146 372 2297 441 opp.
2338 379 2518 436 PARS
2561 378 2602 435 l.
2638 404 2709 419 -
2743 372 3202 432 THEOLOGICA.

3661 362 3774 427 780

492 526 820 595 cognoscent
836 530 1047 579 omnes,
1090 514 1181 585 qui
1212 518 1509 582 operantur
1529 508 1895 578 iniquitatem,
1941 518 2071 574 quo-
2097 505 2149 571 Α
2249 497 2411 595 linus.
2443 494 2494 548 4.
2544 523 2618 595 A—
3039 488 3296 595 deductus
3318 498 3435 595 'est‘,
3488 499 3639 595 etc:
3660 485 3773 542 Ista

491 620 638 677 niam
665 618 805 673 Deus
826 614 882 669 in
911 611 1258 681 generatione
1281 606 1429 677 justa
1460 613 1563 671 est,
1600 604 1655 659 id
1698 610 1804 668 est,
1852 615 1957 656 non
2012 600 2069 654 in

491 712 574 768 eis
610 708 701 780 qui
732 707 958 779 diligunt
988 702 1263 761 saeculum.
1295 699 1556 769 lnjustum
1607 705 1692 752 est
1718 695 1864 751 enim
1906 693 2070 748 relin-

491 817 660 876 quere
707 798 1023 856 stecttlorum
1072 795 1406 850 conditorem
1454 801 1511 846 et
1537 790 1761 860 diligere
1788 784 2067 849 saeculum,

492 907 549 950 et
566 893 770 950 servire
793 896 1059 945 creatum
1097 900 1261 955 quam
1289 882 1554 939 Creatori.
1586 878 1877 935 Consilium
1901 876 2070 946 inopis

492 984 803 1057 confudistis
823 1024 838 1047 ,
866 991 996 1047 etc.,
1027 981 1078 1035 id
1109 990 1224 1041 est,
1254 975 1657 1046 contempsistis
1686 971 1945 1028 humilem
1978 970 2072 1024 ad-

490 1085 707 1133 ventum
738 1075 855 1137 Dei,
884 1073 1009 1142 quia
1042 1086 1147 1124 non
1177 1069 1231 1123 in
1254 1084 1320 1124 eo
1356 1067 1567 1122 vidistis
1594 1080 1845 1135 pompam
1868 1061 2069 1128 saeculi,

491 1179 549 1224 ut
575 1169 654 1232 hi,
676 1181 811 1238 quos
833 1164 1082 1224 vocabat,
1109 1163 1161 1215 in
1191 1160 1303 1221 Deo
1331 1158 1447 1214 solo
1476 1173 1627 1228 spem
1650 1163 1936 1226 ponerent,
1964 1167 2072 1207 non

489 1258 546 1316 in
576 1258 738 1313 rebus
764 1254 1183 1310 transeuntibus.

560 1349 728 1407 Vnus.
766 1349 819 1404 7.
850 1378 923 1389 —
962 1344 1091 1412 Quis
1136 1343 1280 1397 dabit
1307 1359 1370 1398 ex
1401 1341 1556 1406 Sion,
1581 1350 1687 1395 etc.
1721 1340 1851 1406 Quis
1883 1338 2075 1392 dabit?

490 1440 811 1499 subauditur
848 1456 861 1492 :
895 1437 997 1493 nisi
1050 1437 1184 1507 ipse,
1233 1425 1386 1503 cujus
1422 1433 1784 1489 humilitatem
1831 1441 2074 1487 contem-

488 1534 696 1606 psistis.
724 1533 842 1604 Ipse
884 1531 1028 1587 enim
1062 1530 1115 1585 in
1138 1528 1385 1585 claritate
1415 1537 1676 1584 venturus
1717 1535 1802 1583 est
1838 1527 1905 1579 ad
1925 1526 2072 1596 )udi-

490 1628 635 1685 cium
663 1627 907 1682 vivorum
934 1633 989 1679 et
1014 1632 1374 1687 mortuorum,
1407 1635 1741 1692 regnumque
1779 1618 2073 1689 justorum,

490 1726 551 1774 ut
578 1718 829 1788 quoniam
858 1718 964 1773 isto
1000 1716 1189 1772 humili
1228 1717 1460 1770 adventu
1504 1716 1647 1784 facta
1675 1723 1749 1767 est
1781 1713 1982 1767 caecitas
2012 1728 2077 1766 ea:

488 1820 638 1883 parte
683 1811 740 1866 in
778 1807 971 1875 Israel,
1020 1817 1076 1862 ut
1126 1807 1394 1879 plenitudo
1424 1806 1655 1877 gentium
1700 1806 1939 1869 intraret,
1986 1803 2077 1858 illo

489 1900 596 1956 alio
650 1898 743 1956 ﬁat
796 1900 937 1970 quod
973 1899 1218 1969 sequitur
1254 1917 1266 1952 :
1299 1908 1347 1953 et
1375 1899 1451 1953 sic
1494 1899 1663 1953 omnis
1699 1895 1869 1950 Israel
1898 1894 2077 1952 salvus

487 1992 656 2062 ﬁeret.
685 1990 791 2046 Pro
814 1989 1018 2046 Iudaeis
1058 1990 1353 2060 Apostolus
1379 1990 1541 2045 etiam
1584 1987 1712 2042 illud
1748 1986 1901 2041 Isaia:
1927 1986 2079 2041 testi—

491 2084 730 2137 monium
756 2083 986 2152 accepit,
1018 2085 1162 2152 quod
1193 2081 1394 2137 dictum
1427 2089 1510 2136 est
1553 2099 1564 2134 :
1616 2076 1803 2134 Veniat
1825 2095 1890 2133 ea;
1921 2077 2075 2145 Sion,

488 2173 578 2243 qui
605 2172 814 2242 eripiat,
840 2182 886 2226 et
919 2181 1114 2224 avertat
1143 2172 1462 2240 impietatem
1490 2187 1554 2225 ea:
1584 2169 1772 2237 Iacob,
1814 2171 1953 2225 sicut
1989 2170 2077 2225 hic

490 2263 725 2334 positum
754 2270 837 2318 est
871 2279 884 2317 :
922 2261 1051 2328 Quis
1080 2260 1224 2315 dabit
1250 2277 1315 2314 ea:
1340 2260 1471 2317 Sion
1513 2265 1747 2316 salutare
1786 2259 1998 2315 Israel?
2019 2258 2077 2325 Si

490 2365 693 2421 autem,
724 2363 785 2409 ut
811 2352 1130 2424 plerumque
1153 2352 1313 2418 solet,
1342 2369 1407 2407 ea:
1433 2350 1600 2407 Iacob
1628 2351 1937 2408 Iudaeorum
1984 2367 2079 2423 po-

488 2432 665 2518 pulus,
714 2461 810 2517 per
850 2442 1023 2499 Israel
1062 2444 1386 2516 intelligitur
1421 2446 1684 2514 gentium,
1730 2444 2081 2500 consideran-

488 2539 613 2594 dum
639 2548 724 2592 est
750 2537 977 2592 diversis
1002 2537 1201 2601 causis,
1234 2552 1398 2607 quam
1430 2537 1651 2607 propria
1678 2538 1845 2592 verba
1875 2536 2079 2592 tributa

489 2635 636 2683 sunt.
667 2629 759 2683 Ait
780 2627 926 2682 enim
952 2645 964 2681 ε
986 2626 1287 2681 Exsultabit
1319 2626 1509 2689 Jacob,
1536 2628 1586 2682 id
1614 2637 1698 2682 est
1729 2626 2080 2685 inenarrabili

489 2720 682 2792 gaudio
711 2718 1095 2783 cumulabitur,
1128 2720 1344 2789 quando
1379 2718 1575 2774 viderit
1615 2719 1758 2791 quod
1813 2718 2082 2774 ardentis-

489 2810 625 2865 sima
646 2809 987 2864 desiderabat
1021 2824 1117 2878 spe
1149 2827 1163 2875 ;
1188 2809 1455 2864 laetabitur
1478 2808 1673 2878 Israel,
1699 2808 1793 2882 qui
1826 2827 1935 2867 non
1960 2827 2081 2883 spe-

491 2909 665 2957 ratam
685 2902 925 2972 suscepit
952 2902 1297 2957 medicinam.

973 3031 1040 3088 IN
1079 3031 1410 3092 PSALMUM
1448 3031 1587 3091 XIV.

567 3164 725 3222 Vens.
752 3162 805 3217 i.
833 3194 907 3205 —
941 3162 1183 3228 Domine,
1210 3165 1328 3235 quis
1367 3163 1624 3219 habitabit
1653 3164 1729 3231 in,
1756 3172 1863 3221 etc.
1905 3164 2082 3233 Quan-

2168 587 2432 661 perfectio
2473 593 2578 649 est,
2610 592 2670 638 ut
2709 582 2840 637 nihil
2891 581 2945 635 in
2984 579 3206 636 homine
3247 578 3426 635 valeat
3471 577 3772 647 malignus.

2168 680 2238 736 Et
2261 687 2321 733 ut
2358 674 2490 730 nihil
2518 673 2590 729 sit
2626 674 2679 728 in
2718 681 2997 742 conspectu
3024 670 3172 741 ejus,
3206 668 3514 724 certissime
3557 671 3773 725 noverit

2168 772 2465 842 malignum
2493 785 2602 824 non
2628 782 2771 832 esse,
2794 766 2896 821 nisi
2924 781 3046 821 cum
3075 764 3291 818 animus
3324 779 3353 816 a
3379 777 3483 816 suo
3503 760 3773 817 Creatore

2170 871 2373 919 aeterno
2399 867 2453 916 et
2487 856 2913 915 incommutabili
2942 855 3008 910 ad
3031 864 3300 910 creaturae
3328 853 3572 924 speciem
3614 868 3773 907 ater-

2170 956 2329 1022 titur,
2391 969 2510 1025 quae
2573 953 2639 1008 de
2695 948 2867 1006 nihilo
2912 947 3054 1004 facta
3099 956 3203 1003 est.
3270 945 3536 1000 Timentes
3595 956 3772 998 autem

2171 1044 2457 1102 Dominum
2496 1041 2941 1115 gloriﬁcat,"qui
2987 1049 3165 1112 potest
3218 1040 3400 1095 dicere
3450 1056 3583 1094 cum
3643 1039 3777 1094 Pro-

2171 1140 2329 1210 pheta
2359 1158 2371 1194 :
2403 1134 2538 1193 Hihi
2572 1148 2747 1193 autem
2773 1137 2935 1191 nimis
2954 1133 3289 1204 Itonoriﬁcati
3316 1142 3439 1189 sunt
3470 1134 3639 1189 amici
3679 1135 3775 1201 tui,

2171 1231 2336 1287 Deus.

2247 1321 2352 1388 Qui
2371 1322 2525 1391 jura!
2544 1321 2784 1391 proximo
2808 1336 2904 1375 suo
2930 1327 2977 1374 et
3008 1336 3112 1374 non
3139 1314 3349 1387 decipit,
3384 1325 3497 1373 etc.
3531 1317 3645 1374 Ista
3672 1333 3778 1378 non

2175 1424 2301 1471 sunt
2331 1431 2520 1485 magna
2553 1394 2569 1468 έ
2600 1414 2694 1469 sed
2726 1416 2817 1483 qui
2867 1429 2968 1468 nec
3012 1413 3114 1468 ista
3146 1419 3341 1484 potest,
3380 1413 3559 1468 multo
3601 1413 3779 1471 minus

2175 1515 2353 1578 potest
2396 1505 2539 1577 loqui
2587 1507 2856 1562 veritatem
2890 1505 2946 1560 in
2982 1506 3139 1561 corde
3181 1521 3298 1573 suo,
3346 1514 3405 1560 et
3454 1522 3567 1561 non
3620 1522 3778 1576 agere

2176 1599 2353 1654 dolum
2377 1601 2431 1655 in
2451 1600 2632 1671 lingua
2663 1619 2783 1664 sua,
2825 1601 2919 1656 sed
2950 1610 3006 1656 ut
3047 1610 3133 1657 est
3168 1596 3226 1656 in
3268 1602 3456 1666 corde,
3482 1619 3682 1658 verum
3713 1604 3777 1659 ita

2177 1690 2442 1762 proferre,
2472 1701 2524 1746 et
2560 1691 2762 1747 habere
2787 1694 2840 1747 in
2877 1708 2972 1749 ore
2996 1693 3112 1759 Est,
3133 1704 3236 1760 est,
3262 1693 3401 1759 Non,
3430 1710 3568 1759 non,
3601 1706 3652 1750 et
3682 1715 3778 1750 non

2178 1782 2352 1853 facere
2380 1782 2617 1852 proximo
2650 1800 2746 1839 suo
2774 1784 2973 1839 malum
2994 1827 3009 1851 ,
3042 1785 3095 1840 id
3133 1795 3218 1841 est
3265 1786 3397 1842 nulli
3436 1788 3697 1853 homini;
3729 1798 3777 1845 et

2106 1869 2153 1937 Β
2181 1875 2512 1947 opprobrium
2547 1893 2649 1931 non
2695 1879 2928 1950 accipere
2954 1880 3204 1936 adversus
3245 1882 3553 1953 proximum
3602 1899 3774 1947 suum,

2178 1982 2297 2039 quae
2335 1977 2461 2023 sunt
2490 1968 2876 2039 perfectorum,
2917 1973 2970 2031 iu
2998 1983 3288 2046 conspectu
3314 1991 3555 2046 quorum
3588 1978 3660 2031 ad
3710 1979 3779 2032 ui-

2178 2060 2347 2116 hilum
2380 2062 2643 2120 deductus
2668 2074 2750 2121 est
2778 2065 3067 2138 malignus.
3096 2068 3299 2129 Tamen
3330 2071 3504 2126 etiam
3538 2071 3654 2127 ista
3682 2074 3777 2128 mi-

2179 2166 2314 2208 nora
2337 2154 2410 2209 ita
2452 2155 2727 2212 concludit

2251 2245 2415 2301 Vens.
2453 2246 2504 2302 5.
2546 2280 2613 2291 —
2639 2250 2744 2317 Qui
2771 2251 2900 2321 facii
2926 2254 3060 2320 liceo,
3094 2273 3198 2312 non
3230 2258 3607 2314 movebiturin
3638 2271 3781 2317 ceter-

2179 2350 2325 2391 um
2678 2411 2749 2468 IN
2783 2412 3120 2473 essanun
3152 2415 3271 2472 xv.

2251 2518 2368 2576 Rex
2419 2532 2606 2579 noster
2636 2525 2689 2579 in
2744 2524 2844 2582 hoc
2878 2527 3089 2598 psalmo
3130 2527 3374 2600 loquitur
3415 2548 3487 2589 ex
3546 2549 3780 2604 persona

2182 2614 2543 2685 susceptionis
2584 2618 2855 2684 humanm,
2899 2620 2967 2675 de
3008 2637 3116 2692 quo
3158 2622 3347 2680 titulus
3395 2627 3605 2696 regalis
3655 2639 3782 2686 tem-

2181 2720 2311 2775 pore
2338 2709 2605 2777 passionis
2634 2709 2928 2780 inscriptus
2958 2714 3188 2773 emicuit,
3214 2735 3225 2769 :
3256 2714 3417 2772 Iesus
3463 2719 3782 2779 Nazareni“

2183 2814 2277 2852 rea:
2298 2798 2625 2855 Iuda-orum.
2661 2800 2766 2856 Sed
2791 2804 2891 2874 ipsi
2939 2805 2990 2859 in
3028 2805 3131 2862 hoc
3160 2808 3278 2864 loco
3308 2812 3585 2867 veraciter
3616 2813 3783 2871 ludii

2182 2889 2576 2961 intelliguntur,
2606 2895 2695 2963 qui
2710 2895 2873 2951 tidem
2890 2897 3093 2954 Christi
3118 2903 3282 2957 corde
3308 2898 3555 2960 retinent
3584 2909 3659 2961 ad
3675 2907 3784 2975 jus-

2183 2984 2382 3041 titiam.
2414 2996 2469 3042 et
2503 3003 2600 3041 ore
2621 2988 2948 3047 continentur
2976 2994 3045 3047 in.
3062 2995 3313 3051 saluom.

2252 3075 2420 3133 Vens.
2463 3080 2514 3142 I,
2559 3080 2616 3139 2.
2668 3111 2742 3120 -—
2779 3080 3044 3139 Conserva
3090 3103 3190 3152 me,
3246 3087 3495 3155 Domine,
3536 3093 3783 3158 quoniam

2185 3170 2389 3239 speravi
2428 3171 2482 3223 in
2510 3179 2577 3224 te.
2624 3168 2752 3227 Dixi
2801 3171 3029 3230 Domino
3058 3194 3077 3233 :
3116 3175 3250 3233 Deus
3292 3195 3440 3234 meus
3460 3199 3517 3236 es
3553 3194 3637 3243 tu,
3666 3202 3787 3254 quo-

489 3270 649 3329 quam
671 3254 959 3326 aliquando
978 3256 1646 3325 ponaturtabernaculum,
1674 3259 1840 3314 etiam
1865 3275 1963 3329 pro
1985 3260 2081 3315 ha-
2108 3230 2155 3294 C
2189 3265 2331 3319 niam
2388 3266 2643 3322 bonorum
2685 3285 2920 3325 meorum
2971 3289 3075 3327 non
3126 3290 3258 3343 eges.
3320 3274 3598 3343 Quoniam
3648 3279 3786 3334 bouis

487 3347 749 3404 bitatione
776 3338 1124 3418 sempiterna,
1157 3356 1338 3405 tamen
1364 3365 1487 3405 cum
1520 3352 1740 3421 proprio
1787 3353 2075 3422 accipitur,

487 3438 884 3496 tabernaculum
923 3439 1047 3493 belli
1098 3453 1191 3495 res
1226 3448 1329 3496 est.
1378 3440 1460 3495 Ad
1511 3452 1725 3512 tempus
1762 3443 1907 3497 enim
1957 3459 2079 3499 cum

488 3529 703 3586 diabolo
745 3529 1084 3592 dimicamus,
1133 3538 1189 3583 et
1233 3538 1361 3586 tunc
1396 3546 1534 3602 opus
1578 3542 1662 3588 est
1708 3535 2079 3602 tabernaculo,

488 3634 598 3691 quo
635 3636 735 3676 nos
768 3620 1094 3687 rellciamus,
1148 3622 1293 3692 quod
1321 3623 1593 3694 signiﬁcat
1632 3627 1868 3689 maxime
1921 3627 2081 3683 [idem

488 3712 805 3782 temporalis
848 3712 1280 3782 dispensationis,
1316 3730 1437 3785 qua:
1468 3731 1566 3786 pro
1606 3718 1767 3773 nobis
1820 3727 1942 3775 acta
1997 3728 2082 3776 est

489 3807 863 3878 temporaiiter
886 3823 984 3879 per
1024 3809 1452 3866 incarnationem
1485 3812 1719 3868 Domini.
1769 3806 1920 3869 Mons
1954 3831 2083 3871 vero

490 3905 711 3951 sanctus
739 3896 908 3967 ipsam
932 3909 1192 3954 aeternam
1216 3900 1608 3957 habitationem
1650 3902 1942 3975 signiﬁcat.
1976 3905 2083 3961 Sed

489 3988 702 4045 intuere
735 4002 897 4059 quam
931 3990 1157 4061 pulchre
1194 4004 1291 4062 per
1322 3994 1503 4048 Varios
1539 4010 1733 4050 sensus
1759 4004 1880 4065 apta
1919 3999 2082 4052 verba

488 4080 921 4153 distinguantur:
942 4080 1005 4136 In
1027 4083 1389 4149 tabernaculo,
1414 4086 1715 4158 dicitur,qu
1738 4106 1762 4142 s
1786 4088 2086 4144 habitabit?

489 4173 678 4228 deaillo
707 4175 798 4245 qui
849 4174 1028 4229 adhuc
1055 4175 1106 4229 in
1139 4175 1298 4246 hujus
1327 4177 1509 4232 saeculi
1539 4194 1711 4250 agone
1748 4181 2030 4235 contendit
2063 4197 2079 4247 ;

488 4264 549 4318 in
570 4275 766 4324 monte.
793 4268 910 4336 quis
944 4269 1224 4337 requiescet
1248 4268 1273 4322 ?
1296 4270 1512 4337 quando
1550 4269 1665 4339 jam
1710 4273 2083 4343 unusquisque

490 4358 727 4413 ﬁdelium
756 4374 855 4430 per
878 4358 1091 4419 labores
1132 4362 1293 4432 hujus
1336 4364 1521 4421 saeculi
1562 4375 1782 4425 aeterna:
1808 4369 1960 4440 pacis
1992 4384 2081 4425 se-

487 4451 721 4506 curitate
753 4452 1015 4508 reficitur.

560 4537 723 4595 Vens.
756 4539 812 4606 Ξ,
842 4542 897 4597 5.
935 4572 1008 4584 -
1042 4542 1147 4609 Qui
1172 4544 1469 4615 ingreditur
1504 4547 1619 4602 sine
1648 4549 1857 4610 macula
1884 4560 1934 4606 et
1963 4569 2084 4623 ope-

490 4638 641 4682 ratur
660 4631 949 4699 justitiam.
980 4631 1084 4698 Qui
1104 4634 1368 4705 loquitur,
1409 4647 1517 4693 etc.
1558 4637 1812 4696 Nonnulli
1847 4602 2082 4698 enimrin
2114 4602 2162 4663 υ

489 4717 647 4774 labiis
689 4721 888 4775 habent
925 4723 1209 4789 reri'atem,
1242 4726 1295 4780 in
1336 4730 1493 4784 corde
1527 4745 1631 4786 non
1683 4732 1917 4798 habent;
1969 4745 2091 4791 tan-

492 4822 653 4879 quam
696 4811 742 4863 si
788 4809 986 4881 aliquis
1013 4814 1195 4870 dolose
1232 4819 1470 4872 ostendit
1509 4821 1675 4887 viam,
1711 4824 1889 4880 sciens
1936 4826 1988 4880 in
2020 4842 2085 4883 ea

491 4913 615 4952 esse
644 4900 901 4966 latrones,
934 4911 988 4956 et
1014 4905 1157 4959 dicat
1182 4923 1195 4959 :
1225 4905 1282 4961 Si
1314 4909 1415 4963 hac
1444 4911 1593 4977 ieris,
1627 4921 1774 4968 tutus
1802 4930 1831 4968 a
1861 4916 2087 4972 latroni-

491 4989 746 5054 buseris,
777 5000 837 5046 et
870 4994 1148 5066 contingat
1189 5005 1248 5050 ut
1289 5014 1415 5054 vere
1447 5001 1518 5055 ibi
1561 5018 1668 5057 non
1716 5003 2080 5063 inveniantur.

493 5081 694 5137 Verum
720 5083 821 5140 ille
847 5084 1051 5141 locutus
1078 5099 1152 5143 est
1194 5090 1250 5144 in
1276 5091 1434 5147 corde
1464 5109 1582 5159 suo,
1623 5095 1767 5152 aliud
1796 5099 1942 5155 enim
1974 5116 2079 5172 pu-

493 5174 662 5241 tabat,
694 5180 1023 5236 etnescieus
1052 5198 1236 5237 verum
1279 5184 1435 5241 dixit.
1472 5187 1612 5260 Ergo
1653 5206 1844 5261 parum
1881 5204 1965 5249 est
2000 5210 2086 5250 ve-

493 5282 623 5322 rum-
644 5269 811 5341 loqui,
834 5274 934 5329 nisi
966 5276 1129 5331 etiam
1154 5279 1209 5331 in
1234 5280 1390 5335 corde
1421 5283 1493 5337 ita
1525 5285 1616 5339 sit.
1646 5284 1714 5339 In
1743 5287 1924 5359 (inqua
1952 5306 2085 5347 vero

491 5363 673 5434 agitur
694 5365 870 5434 dolus,
902 5382 1024 5425 cum
1074 5370 1219 5426 aliud
1246 5388 1341 5429 ore
1367 5373 1663 5445 profertur,
1689 5379 1835 5436 aliud
1860 5390 2084 5452 pectore

490 5453 592 5529 legi
600 5466 706 5515 tur.

563 5548 677 5604 Nec
702 5550 824 5622 fecit
845 5554 1089 5621 proximo
1109 5572 1206 5611 suo
1242 5559 1460 5627 malum,
1485 5570 1594 5617 etc.
1630 5561 1941 5618 Proximum
1964 5581 2083 5622 om-

490 5654 614 5698 nem
644 5643 917 5701 hominem
948 5647 1118 5718 accipi
1157 5662 1408 5721 oportere
1448 5664 1635 5711 notum
1666 5664 1785 5713 est:
1818 5654 2082 5717 adversus

492 5748 652 5809 quem
690 5739 1036 5812 opprobrium
1069 5758 1173 5798 non
1213 5745 1424 5818 accipit,
1456 5749 1549 5821 qui
1591 5765 1699 5807 non
1743 5750 1980 5808 libenter
2020 5767 2084 5810 ac

513 5832 901 5889 autemet-abs
917 5833 1274 5893 criminatori.

2186 3356 2314 3409 meis
2344 3372 2449 3412 non
2475 3368 2763 3428 exspectas
2794 3370 2846 3413 tu
2876 3360 2996 3416 ﬁeri
3024 3363 3234 3419 beatus.
3269 3364 3401 3436 Quae
3422 3367 3623 3434 verba,
3648 3372 3696 3425 si
3727 3386 3783 3425 es

2183 3463 2416 3518 persona
2476 3449 2689 3507 Domini
2734 3454 3047 3523 accipienda
3094 3466 3240 3525 sunt,
3283 3461 3589 3523 natandum
3642 3463 3788 3519 valle

2185 3554 2347 3609 quam
2371 3543 2651 3612 aptissime
2679 3557 2979 3621 congruant
3005 3548 3184 3614 titulo,
3217 3550 3313 3625 qui
3336 3552 3389 3607 in
3415 3552 3701 3612 IIebraico
3721 3558 3786 3613 ita

2185 3630 2387 3703 legitur
2435 3651 2447 3687 :
2493 3634 2709 3690 humilis
2765 3647 2813 3692 et
2869 3640 3123 3710 simplicis
3168 3640 3289 3707 Dei,
3336 3644 3487 3700 illius
3535 3649 3789 3705 videlicet

2185 3727 2277 3794 qui
2317 3725 2456 3781 dixit
2489 3742 2504 3781 :
2536 3726 2737 3784 Discite
2766 3746 2799 3785 a
2847 3749 2950 3797 me,
2978 3735 3103 3806 quia
3144 3737 3285 3791 mitis
3314 3755 3453 3803 sum,
3490 3751 3542 3794 et
3572 3743 3789 3797 humilis

2186 3818 2361 3872 corde.
2413 3818 2966 3881 Animadvertendum
3012 3844 3249 3899 quoque,
3296 3832 3442 3900 quod
3498 3834 3658 3890 solus
3709 3835 3788 3891 ille

2186 3910 2456 3966 veraciter
2512 3913 2767 3969 Dominus
2811 3920 2918 3982 sit,
2964 3920 3093 3989 qui,
3146 3924 3469 3978 secundum.
3497 3929 3653 3997 quod
3712 3929 3790 3984 bis

2186 4000 2643 4061 excellentissime
2700 4006 2985 4075 delinitur,
3048 4012 3191 4069 bono
3245 4015 3390 4069 servi
3460 4033 3577 4071 non
3647 4027 3788 4090 eget.

2188 4088 2302 4144 Non
2335 4092 2478 4147 enim
2508 4095 2642 4162 Deo,
2676 4099 2771 4153 sed
2810 4101 2967 4156 nobis
3015 4115 3361 4173 praestamus,
3410 4108 3455 4163 si
3492 4109 3637 4165 bene

2189 4198 2240 4235 In
2249 4198 2330 4237 IIS.

2259 4270 2422 4328 Vsus.
2450 4275 2504 4330 5.
2548 4308 2619 4319 —
2647 4272 2859 4336 Sanctis
2902 4284 2991 4356 qui
3038 4295 3161 4351 sunt
3205 4288 3263 4342 in
3310 4297 3455 4343 terra
3499 4292 3647 4363 ejus.
3690 4305 3785 4349 etc.

2189 4362 2407 4422 Sanctis
2436 4384 2527 4438 qm
2577 4371 2629 4425 in
2680 4381 2822 4429 terra
2871 4376 3170 4433 viventium
3216 4395 3371 4450 spem
3413 4398 3577 4439 suam
3610 4402 3791 4454 post»

2188 4467 2334 4523 runt,
2364 4459 2573 4516 civibus
2609 4462 2649 4517 Il
2676 4467 2940 4522 erusalem
2988 4470 3245 4534 caelestis,
3282 4491 3524 4544 quorum
3570 4494 3789 4534 romer-

2189 4552 2328 4605 satio
2359 4553 2658 4622 spiritualis
2680 4574 2774 4627 per
2804 4560 3102 4616 ant-horam
3122 4565 3234 4634 spei
3264 4566 3316 4620 in
3346 4565 3438 4620 illa
3470 4571 3655 4638 patria
3684 4571 3789 4641 ﬁgi-

2192 4652 2297 4706 tur,
2323 4661 2444 4715 quae
2475 4657 2620 4703 recte
2645 4648 2745 4704 Dei
2785 4662 2924 4707 terra
2949 4656 3292 4720 nominatur,
3331 4664 3599 4728 quamvis
3623 4664 3787 4717 adhuc

2190 4734 2243 4788 in
2276 4735 2360 4789 his
2399 4739 2558 4791 terris
2601 4755 2765 4797 carne
2792 4755 3103 4813 versentur,
3143 4749 3307 4803 miras
3348 4750 3476 4820 fecit
3526 4753 3789 4809 Paterno

2189 4825 2416 4883 luntates
2460 4848 2602 4885 meas
2646 4834 2698 4888 in
2747 4836 2990 4905 profectu
3045 4836 3283 4909 illorum,
3342 4860 3459 4913 quo
3505 4854 3791 4905 senserant

2190 4920 2322 4988 quid
2385 4921 2466 4977 eis
2511 4924 2779 4994 profuerit
2842 4937 2897 4982 et
2949 4930 3260 4988 humanitas
3297 4950 3437 4990 mea:
3490 4939 3791 4993 divinitatis

2190 5021 2251 5067 ut
2293 5029 2552 5084 morerer,
2612 5027 2665 5074 et
2707 5020 2965 5079 divinitas
3014 5026 3372 5097 humanitatis
3420 5038 3481 5087 ut
3537 5046 3789 5102 resurge

2190 5116 2326 5159 rem.

2264 5196 2429 5253 Vens.
2478 5199 2533 5255 4.
2584 5232 2657 5243 -
2712 5203 3084 5278 ΜιιΙιὸρΙὶοαηε
3129 5222 3250 5266 sunt
3306 5212 3653 5282 inﬁrmitates
3705 5233 3791 5270 ee-

2192 5305 2329 5351 rum,
2381 5300 2487 5347 etc.
2524 5292 2618 5350 Ha:
2659 5297 2994 5367 inﬁrmiates
3036 5317 3255 5359 errores
3302 5314 3457 5372 sunt,
3502 5323 3653 5377 quas,
3704 5324 3795 5379 per

2191 5379 2572 5454 Evangelicam
2608 5388 2909 5444 doctrinam
2943 5392 3141 5449 multas
3176 5393 3229 5449 in
3262 5412 3322 5452 se
3347 5411 3473 5453 esse
3502 5410 3794 5454 cernentes

2191 5474 2609 5532 acceleraverunt
2642 5481 2867 5536 salutem
2900 5498 3157 5555 expetere
3182 5503 3210 5541 a
3232 5485 3479 5543 Christo.

2262 5564 2385 5620 Non
2438 5570 2777 5640 congregabo,
2812 5575 3174 5632 conventicula
3221 5594 3407 5634 eorum
3461 5578 3529 5636 de
3571 5582 3794 5652 sangui-

2189 5661 2358 5726 nibus,
2420 5671 2525 5721 etc.
2578 5662 2753 5721 Erunt
2806 5681 2938 5741 ergo
2987 5671 3370 5743 conventicula
3423 5688 3616 5737 eorum
3684 5690 3791 5733 non

2187 5753 2448 5821 carnalia,
2496 5771 2599 5813 nec
2647 5756 2713 5813 de
2756 5763 3105 5833 sanguinibus
3144 5776 3407 5837 pecorum
3453 5766 3795 5840 propitiatus

2185 5852 2530 5925 congregabo
2553 5867 2667 5919 eos,
2700 5855 2794 5911 sed
2828 5857 3099 5929 spirituali
3120 5852 3437 5918 mutatione
3459 5860 3796 5919 obliviscun-
