  <div class='ocr_page' id='page_1' title='image "/cluster/home/n/w/nwhite01/storage/ocr_20150623/114/hvd.32044018909580/398.png"; bbox 0 0 3948 6328; ppageno 0'>
   <div class='ocr_carea' id='block_1_1' title="bbox 199 398 288 466">
    <p class='ocr_par' dir='ltr' id='par_1_1' title="bbox 199 398 288 466">
     <span class='ocr_line' id='line_1_1' title="bbox 199 398 288 466; baseline -0.045 1"><span class='ocrx_word' id='word_1_1' title='bbox 199 398 288 466; x_wconf 65' lang='lat'><strong>781</strong></span> 
     </span>
    </p>
   </div>
   <div class='ocr_carea' id='block_1_2' title="bbox 1241 395 2382 460">
    <p class='ocr_par' dir='ltr' id='par_1_2' title="bbox 1241 395 2382 460">
     <span class='ocr_line' id='line_1_2' title="bbox 1241 395 2382 460; baseline -0.007 0"><span class='ocrx_word' id='word_1_2' title='bbox 1241 401 1482 460; x_wconf 74' lang='lat' dir='ltr'><strong>EXPOS.</strong></span> <span class='ocrx_word' id='word_1_3' title='bbox 1525 403 1590 458; x_wconf 82' lang='lat' dir='ltr'><strong>IN</strong></span> <span class='ocrx_word' id='word_1_4' title='bbox 1628 400 1723 458; x_wconf 72' lang='lat' dir='ltr'><strong>XX</strong></span> <span class='ocrx_word' id='word_1_5' title='bbox 1761 399 2012 456; x_wconf 79' lang='lat' dir='ltr'><strong>PRIMOS</strong></span> <span class='ocrx_word' id='word_1_6' title='bbox 2047 395 2382 452; x_wconf 83' lang='lat' dir='ltr'><strong>PSALMOS.</strong></span> 
     </span>
    </p>
   </div>
   <div class='ocr_carea' id='block_1_3' title="bbox 3326 400 3430 454">
    <p class='ocr_par' dir='ltr' id='par_1_3' title="bbox 3326 400 3430 454">
     <span class='ocr_line' id='line_1_3' title="bbox 3326 400 3430 454; baseline 0.01 -1"><span class='ocrx_word' id='word_1_7' title='bbox 3326 400 3430 454; x_wconf 73' lang='lat'><strong>782</strong></span> 
     </span>
    </p>
   </div>
   <div class='ocr_carea' id='block_1_4' title="bbox 202 511 3428 590">
    <p class='ocr_par' dir='ltr' id='par_1_4' title="bbox 202 511 3428 590">
     <span class='ocr_line' id='line_1_4' title="bbox 202 511 3428 590; baseline -0.002 -12"><span class='ocrx_word' id='word_1_8' title='bbox 202 535 286 580; x_wconf 82' lang='lat' dir='ltr'><strong>tur</strong></span> <span class='ocrx_word' id='word_1_9' title='bbox 319 519 444 590; x_wconf 87' lang='lat' dir='ltr'><strong>quid</strong></span> <span class='ocrx_word' id='word_1_10' title='bbox 497 519 736 585; x_wconf 78' lang='lat' dir='ltr'><strong>fuerint;</strong></span> <span class='ocrx_word' id='word_1_11' title='bbox 793 535 893 576; x_wconf 87' lang='lat' dir='ltr'><strong>nec</strong></span> <span class='ocrx_word' id='word_1_12' title='bbox 933 537 963 574; x_wconf 87' lang='lat' dir='ltr'><strong>a</strong></span> <span class='ocrx_word' id='word_1_13' title='bbox 999 535 1084 575; x_wconf 90' lang='lat' dir='ltr'><strong>me</strong></span> <span class='ocrx_word' id='word_1_14' title='bbox 1115 519 1220 588; x_wconf 79' lang='lat' dir='ltr'><strong>iam</strong></span> <span class='ocrx_word' id='word_1_15' title='bbox 1255 529 1316 574; x_wconf 85' lang='lat' dir='ltr'><strong>et</strong></span> <span class='ocrx_word' id='word_1_16' title='bbox 1348 529 1680 590; x_wconf 83' lang='lat' dir='ltr'><strong>peccatores,</strong></span> <span class='ocrx_word' id='word_1_17' title='bbox 1707 526 1762 572; x_wconf 90' lang='lat' dir='ltr'><strong>et</strong></span> <span class='ocrx_word' id='word_1_18' title='bbox 1788 521 1837 580; x_wconf 77' lang='grc' dir='ltr'><strong>Α</strong></span> <span class='ocrx_word' id='word_1_19' title='bbox 1864 514 2015 583; x_wconf 85' lang='lat' dir='ltr'><strong>Apud</strong></span> <span class='ocrx_word' id='word_1_20' title='bbox 2041 513 2323 567; x_wconf 88' lang='lat' dir='ltr'><strong>Dominum</strong></span> <span class='ocrx_word' id='word_1_21' title='bbox 2347 520 2550 567; x_wconf 85' lang='lat' dir='ltr'><strong>certum</strong></span> <span class='ocrx_word' id='word_1_22' title='bbox 2600 521 2686 567; x_wconf 88' lang='lat' dir='ltr'><strong>est</strong></span> <span class='ocrx_word' id='word_1_23' title='bbox 2711 511 2910 567; x_wconf 86' lang='lat' dir='ltr'><strong>habere</strong></span> <span class='ocrx_word' id='word_1_24' title='bbox 2943 511 3205 583; x_wconf 80' lang='lat' dir='ltr'><strong>justitiam</strong></span> <span class='ocrx_word' id='word_1_25' title='bbox 3246 530 3428 571; x_wconf 85' lang='lat' dir='ltr'><strong>vocem</strong></span> 
     </span>
    </p>
   </div>
   <div class='ocr_carea' id='block_1_5' title="bbox 202 610 1762 680">
    <p class='ocr_par' dir='ltr' id='par_1_5' title="bbox 202 610 1762 680">
     <span class='ocr_line' id='line_1_5' title="bbox 202 610 1762 680; baseline -0.004 -10"><span class='ocrx_word' id='word_1_26' title='bbox 202 612 374 674; x_wconf 93' lang='lat' dir='ltr'><strong>amici,</strong></span> <span class='ocrx_word' id='word_1_27' title='bbox 413 619 468 664; x_wconf 89' lang='lat' dir='ltr'><strong>et</strong></span> <span class='ocrx_word' id='word_1_28' title='bbox 505 610 764 674; x_wconf 83' lang='lat' dir='ltr'><strong>homines,</strong></span> <span class='ocrx_word' id='word_1_29' title='bbox 809 612 904 666; x_wconf 83' lang='lat' dir='ltr'><strong>sed</strong></span> <span class='ocrx_word' id='word_1_30' title='bbox 935 610 1066 680; x_wconf 88' lang='lat' dir='ltr'><strong>justi</strong></span> <span class='ocrx_word' id='word_1_31' title='bbox 1105 619 1161 666; x_wconf 86' lang='lat' dir='ltr'><strong>et</strong></span> <span class='ocrx_word' id='word_1_32' title='bbox 1197 612 1396 667; x_wconf 68' lang='lat' dir='ltr'><strong>fratres</strong></span> <span class='ocrx_word' id='word_1_33' title='bbox 1428 611 1555 677; x_wconf 86' lang='lat' dir='ltr'><strong>mei,</strong></span> <span class='ocrx_word' id='word_1_34' title='bbox 1585 620 1644 666; x_wconf 87' lang='lat' dir='ltr'><strong>et</strong></span> <span class='ocrx_word' id='word_1_35' title='bbox 1669 610 1762 664; x_wconf 82' lang='lat' dir='ltr'><strong>ﬁlii</strong></span> 
     </span>
    </p>
   </div>
   <div class='ocr_carea' id='block_1_6' title="bbox 203 700 672 757">
    <p class='ocr_par' dir='ltr' id='par_1_6' title="bbox 203 700 672 757">
     <span class='ocr_line' id='line_1_6' title="bbox 203 700 672 757; baseline -0.011 0"><span class='ocrx_word' id='word_1_36' title='bbox 203 702 289 757; x_wconf 88' lang='lat' dir='ltr'><strong>Dei</strong></span> <span class='ocrx_word' id='word_1_37' title='bbox 322 714 449 755; x_wconf 86' lang='lat' dir='ltr'><strong>voca</strong></span> <span class='ocrx_word' id='word_1_38' title='bbox 458 700 672 753; x_wconf 87' lang='lat' dir='ltr'><strong>buntur.</strong></span> 
     </span>
    </p>
   </div>
   <div class='ocr_carea' id='block_1_7' title="bbox 268 790 1764 859">
    <p class='ocr_par' dir='ltr' id='par_1_7' title="bbox 268 790 1764 859">
     <span class='ocr_line' id='line_1_7' title="bbox 268 790 1764 859; baseline 0.001 -15"><span class='ocrx_word' id='word_1_39' title='bbox 268 793 426 844; x_wconf 73' lang='lat' dir='ltr'><strong>Vitas.</strong></span> <span class='ocrx_word' id='word_1_40' title='bbox 459 790 587 844; x_wconf 84' lang='lat'><strong>5.—</strong></span> <span class='ocrx_word' id='word_1_41' title='bbox 610 791 862 845; x_wconf 78' lang='lat' dir='ltr'><strong>Dominus</strong></span> <span class='ocrx_word' id='word_1_42' title='bbox 879 809 1000 859; x_wconf 81' lang='lat' dir='ltr'><strong>pars</strong></span> <span class='ocrx_word' id='word_1_43' title='bbox 1024 793 1344 847; x_wconf 69' lang='lat' dir='ltr'><strong>ha&#39;reditatis</strong></span> <span class='ocrx_word' id='word_1_44' title='bbox 1374 809 1499 846; x_wconf 76' lang='lat' dir='ltr'><strong>mete</strong></span> <span class='ocrx_word' id='word_1_45' title='bbox 1515 803 1562 846; x_wconf 85' lang='lat' dir='ltr'><strong>et</strong></span> <span class='ocrx_word' id='word_1_46' title='bbox 1585 791 1764 845; x_wconf 83' lang='lat' dir='ltr'><strong>colicis</strong></span> 
     </span>
    </p>
   </div>
   <div class='ocr_carea' id='block_1_8' title="bbox 201 885 1763 955">
    <p class='ocr_par' dir='ltr' id='par_1_8' title="bbox 201 885 1763 955">
     <span class='ocr_line' id='line_1_8' title="bbox 201 885 1763 955; baseline -0.003 -13"><span class='ocrx_word' id='word_1_47' title='bbox 201 889 433 942; x_wconf 83' lang='lat' dir='ltr'><strong>mei.etc.</strong></span> <span class='ocrx_word' id='word_1_48' title='bbox 459 885 964 941; x_wconf 73' lang='lat' dir='ltr'><strong>Possitlebuntenim</strong></span> <span class='ocrx_word' id='word_1_49' title='bbox 987 903 1192 942; x_wconf 89' lang='lat' dir='ltr'><strong>mecum</strong></span> <span class='ocrx_word' id='word_1_50' title='bbox 1218 887 1568 941; x_wconf 73' lang='lat' dir='ltr'><strong>[nereditatem</strong></span> <span class='ocrx_word' id='word_1_51' title='bbox 1594 888 1763 955; x_wconf 92' lang='lat' dir='ltr'><strong>ipsum</strong></span> 
     </span>
    </p>
   </div>
   <div class='ocr_carea' id='block_1_9' title="bbox 199 979 1764 1052">
    <p class='ocr_par' dir='ltr' id='par_1_9' title="bbox 199 979 1764 1052">
     <span class='ocr_line' id='line_1_9' title="bbox 199 979 1764 1052; baseline -0.001 -17"><span class='ocrx_word' id='word_1_52' title='bbox 199 980 498 1035; x_wconf 83' lang='lat' dir='ltr'><strong>Dominum.</strong></span> <span class='ocrx_word' id='word_1_53' title='bbox 538 979 749 1049; x_wconf 78' lang='lat' dir='ltr'><strong>Eligam</strong></span> <span class='ocrx_word' id='word_1_54' title='bbox 773 982 873 1034; x_wconf 90' lang='lat' dir='ltr'><strong>sibi</strong></span> <span class='ocrx_word' id='word_1_55' title='bbox 923 982 1010 1035; x_wconf 84' lang='lat' dir='ltr'><strong>alii</strong></span> <span class='ocrx_word' id='word_1_56' title='bbox 1041 990 1240 1052; x_wconf 89' lang='lat' dir='ltr'><strong>partes,</strong></span> <span class='ocrx_word' id='word_1_57' title='bbox 1272 983 1467 1050; x_wconf 76' lang='lat' dir='ltr'><strong>quibus</strong></span> <span class='ocrx_word' id='word_1_58' title='bbox 1496 981 1578 1033; x_wconf 87' lang='lat' dir='ltr'><strong>fru</strong></span> <span class='ocrx_word' id='word_1_59' title='bbox 1618 990 1764 1045; x_wconf 89' lang='lat' dir='ltr'><strong>ntur,</strong></span> 
     </span>
    </p>
   </div>
   <div class='ocr_carea' id='block_1_10' title="bbox 200 1071 1768 1141">
    <p class='ocr_par' dir='ltr' id='par_1_10' title="bbox 200 1071 1768 1141">
     <span class='ocr_line' id='line_1_10' title="bbox 200 1071 1768 1141; baseline 0 -15"><span class='ocrx_word' id='word_1_60' title='bbox 200 1079 440 1126; x_wconf 80' lang='lat' dir='ltr'><strong>terrenas</strong></span> <span class='ocrx_word' id='word_1_61' title='bbox 483 1079 540 1123; x_wconf 91' lang='lat' dir='ltr'><strong>et</strong></span> <span class='ocrx_word' id='word_1_62' title='bbox 569 1071 890 1140; x_wconf 80' lang='lat' dir='ltr'><strong>temporaies</strong></span> <span class='ocrx_word' id='word_1_63' title='bbox 916 1091 928 1125; x_wconf 74' lang='grc' dir='ltr'><strong>ε</strong></span> <span class='ocrx_word' id='word_1_64' title='bbox 959 1074 1135 1141; x_wconf 90' lang='lat' dir='ltr'><strong>portio</strong></span> <span class='ocrx_word' id='word_1_65' title='bbox 1164 1081 1468 1126; x_wconf 87' lang='lat' dir='ltr'><strong>sanctorum</strong></span> <span class='ocrx_word' id='word_1_66' title='bbox 1509 1071 1768 1126; x_wconf 78' lang='lat' dir='ltr'><strong>Dominus</strong></span> 
     </span>
    </p>
   </div>
   <div class='ocr_carea' id='block_1_11' title="bbox 195 1160 1770 1233">
    <p class='ocr_par' dir='ltr' id='par_1_11' title="bbox 195 1160 1770 1233">
     <span class='ocr_line' id='line_1_11' title="bbox 195 1160 1770 1233; baseline 0.001 -17"><span class='ocrx_word' id='word_1_67' title='bbox 195 1169 432 1216; x_wconf 66' lang='lat' dir='ltr'><strong>mternus</strong></span> <span class='ocrx_word' id='word_1_68' title='bbox 457 1168 560 1214; x_wconf 89' lang='lat' dir='ltr'><strong>est.</strong></span> <span class='ocrx_word' id='word_1_69' title='bbox 581 1160 774 1215; x_wconf 84' lang='lat' dir='ltr'><strong>Bibant</strong></span> <span class='ocrx_word' id='word_1_70' title='bbox 795 1162 881 1215; x_wconf 84' lang='lat' dir='ltr'><strong>alii</strong></span> <span class='ocrx_word' id='word_1_71' title='bbox 915 1163 1220 1217; x_wconf 73' lang='lat' dir='ltr'><strong>mortiferas</strong></span> <span class='ocrx_word' id='word_1_72' title='bbox 1237 1163 1564 1231; x_wconf 79' lang='lat' dir='ltr'><strong>voluptates:</strong></span> <span class='ocrx_word' id='word_1_73' title='bbox 1593 1164 1770 1233; x_wconf 84' lang='lat' dir='ltr'><strong>portio</strong></span> 
     </span>
    </p>
   </div>
   <div class='ocr_carea' id='block_1_12' title="bbox 197 1251 1769 1325">
    <p class='ocr_par' dir='ltr' id='par_1_12' title="bbox 197 1251 1769 1325">
     <span class='ocr_line' id='line_1_12' title="bbox 197 1251 1769 1325; baseline 0.003 -20"><span class='ocrx_word' id='word_1_74' title='bbox 197 1251 375 1305; x_wconf 70' lang='lat' dir='ltr'><strong>calicis</strong></span> <span class='ocrx_word' id='word_1_75' title='bbox 423 1253 522 1304; x_wconf 82' lang='lat' dir='ltr'><strong>mei</strong></span> <span class='ocrx_word' id='word_1_76' title='bbox 567 1252 827 1307; x_wconf 81' lang='lat' dir='ltr'><strong>Dominus</strong></span> <span class='ocrx_word' id='word_1_77' title='bbox 854 1263 954 1308; x_wconf 74' lang='lat' dir='ltr'><strong>est.</strong></span> <span class='ocrx_word' id='word_1_78' title='bbox 995 1254 1143 1321; x_wconf 87' lang='lat' dir='ltr'><strong>Quod</strong></span> <span class='ocrx_word' id='word_1_79' title='bbox 1188 1255 1323 1318; x_wconf 83' lang='lat' dir='ltr'><strong>dico,</strong></span> <span class='ocrx_word' id='word_1_80' title='bbox 1365 1257 1508 1318; x_wconf 89' lang='lat' dir='ltr'><strong>mei,</strong></span> <span class='ocrx_word' id='word_1_81' title='bbox 1539 1255 1769 1325; x_wconf 74' lang='lat' dir='ltr'><strong>adiungo</strong></span> 
     </span>
    </p>
   </div>
   <div class='ocr_carea' id='block_1_13' title="bbox 195 1342 1768 1415">
    <p class='ocr_par' dir='ltr' id='par_1_13' title="bbox 195 1342 1768 1415">
     <span class='ocr_line' id='line_1_13' title="bbox 195 1342 1768 1415; baseline 0.003 -19"><span class='ocrx_word' id='word_1_82' title='bbox 195 1342 520 1405; x_wconf 79' lang='lat' dir='ltr'><strong>Ecclesiam,</strong></span> <span class='ocrx_word' id='word_1_83' title='bbox 544 1343 668 1412; x_wconf 89' lang='lat' dir='ltr'><strong>quia</strong></span> <span class='ocrx_word' id='word_1_84' title='bbox 695 1345 782 1398; x_wconf 88' lang='lat' dir='ltr'><strong>ubi</strong></span> <span class='ocrx_word' id='word_1_85' title='bbox 809 1346 1056 1414; x_wconf 85' lang='lat' dir='ltr'><strong>eaputibi</strong></span> <span class='ocrx_word' id='word_1_86' title='bbox 1089 1355 1142 1400; x_wconf 79' lang='lat' dir='ltr'><strong>et</strong></span> <span class='ocrx_word' id='word_1_87' title='bbox 1165 1362 1379 1415; x_wconf 85' lang='lat' dir='ltr'><strong>corpus.</strong></span> <span class='ocrx_word' id='word_1_88' title='bbox 1414 1345 1545 1400; x_wconf 85' lang='lat' dir='ltr'><strong>Nam</strong></span> <span class='ocrx_word' id='word_1_89' title='bbox 1573 1348 1626 1401; x_wconf 91' lang='lat' dir='ltr'><strong>in</strong></span> <span class='ocrx_word' id='word_1_90' title='bbox 1659 1349 1768 1401; x_wconf 63' lang='lat' dir='ltr'><strong>hae-</strong></span> 
     </span>
    </p>
   </div>
   <div class='ocr_carea' id='block_1_14' title="bbox 194 1434 1766 1507">
    <p class='ocr_par' dir='ltr' id='par_1_14' title="bbox 194 1434 1766 1507">
     <span class='ocr_line' id='line_1_14' title="bbox 194 1434 1766 1507; baseline 0.003 -21"><span class='ocrx_word' id='word_1_91' title='bbox 194 1434 422 1488; x_wconf 84' lang='lat' dir='ltr'><strong>reditate</strong></span> <span class='ocrx_word' id='word_1_92' title='bbox 446 1435 766 1504; x_wconf 80' lang='lat' dir='ltr'><strong>congregabo</strong></span> <span class='ocrx_word' id='word_1_93' title='bbox 793 1437 1147 1490; x_wconf 81' lang='lat' dir='ltr'><strong>conventicula</strong></span> <span class='ocrx_word' id='word_1_94' title='bbox 1180 1453 1379 1500; x_wconf 85' lang='lat' dir='ltr'><strong>eorum,</strong></span> <span class='ocrx_word' id='word_1_95' title='bbox 1421 1446 1474 1491; x_wconf 90' lang='lat' dir='ltr'><strong>et</strong></span> <span class='ocrx_word' id='word_1_96' title='bbox 1514 1453 1610 1507; x_wconf 72' lang='lat' dir='ltr'><strong>per</strong></span> <span class='ocrx_word' id='word_1_97' title='bbox 1637 1437 1766 1491; x_wconf 90' lang='lat' dir='ltr'><strong>cali-</strong></span> 
     </span>
    </p>
   </div>
   <div class='ocr_carea' id='block_1_15' title="bbox 192 1530 1772 1610">
    <p class='ocr_par' dir='ltr' id='par_1_15' title="bbox 192 1530 1772 1610">
     <span class='ocr_line' id='line_1_15' title="bbox 192 1530 1772 1610; baseline 0 -26"><span class='ocrx_word' id='word_1_98' title='bbox 192 1530 270 1584; x_wconf 91' lang='lat' dir='ltr'><strong>cis</strong></span> <span class='ocrx_word' id='word_1_99' title='bbox 300 1530 618 1610; x_wconf 73' lang='lat' dir='ltr'><strong>ebrietatem</strong></span> <span class='ocrx_word' id='word_1_100' title='bbox 649 1530 939 1584; x_wconf 85' lang='lat' dir='ltr'><strong>obliviscar</strong></span> <span class='ocrx_word' id='word_1_101' title='bbox 968 1531 1182 1584; x_wconf 86' lang='lat' dir='ltr'><strong>nomina</strong></span> <span class='ocrx_word' id='word_1_102' title='bbox 1234 1540 1414 1584; x_wconf 87' lang='lat' dir='ltr'><strong>vetera</strong></span> <span class='ocrx_word' id='word_1_103' title='bbox 1461 1545 1668 1591; x_wconf 86' lang='lat' dir='ltr'><strong>eorum,</strong></span> <span class='ocrx_word' id='word_1_104' title='bbox 1714 1539 1772 1584; x_wconf 91' lang='lat' dir='ltr'><strong>ut</strong></span> 
     </span>
    </p>
   </div>
   <div class='ocr_carea' id='block_1_16' title="bbox 192 1623 1770 1695">
    <p class='ocr_par' dir='ltr' id='par_1_16' title="bbox 192 1623 1770 1695">
     <span class='ocr_line' id='line_1_16' title="bbox 192 1623 1770 1695; baseline 0.001 -18"><span class='ocrx_word' id='word_1_105' title='bbox 192 1632 324 1677; x_wconf 84' lang='lat' dir='ltr'><strong>nota</strong></span> <span class='ocrx_word' id='word_1_106' title='bbox 346 1624 420 1678; x_wconf 87' lang='lat' dir='ltr'><strong>sit</strong></span> <span class='ocrx_word' id='word_1_107' title='bbox 450 1633 497 1677; x_wconf 91' lang='lat' dir='ltr'><strong>el</strong></span> <span class='ocrx_word' id='word_1_108' title='bbox 534 1623 638 1689; x_wconf 86' lang='lat' dir='ltr'><strong>his,</strong></span> <span class='ocrx_word' id='word_1_109' title='bbox 661 1639 798 1694; x_wconf 85' lang='lat' dir='ltr'><strong>quos</strong></span> <span class='ocrx_word' id='word_1_110' title='bbox 823 1625 1012 1689; x_wconf 85' lang='lat' dir='ltr'><strong>libero,</strong></span> <span class='ocrx_word' id='word_1_111' title='bbox 1038 1625 1275 1690; x_wconf 88' lang='lat' dir='ltr'><strong>claritas,</strong></span> <span class='ocrx_word' id='word_1_112' title='bbox 1305 1641 1408 1695; x_wconf 86' lang='lat' dir='ltr'><strong>qua</strong></span> <span class='ocrx_word' id='word_1_113' title='bbox 1453 1641 1600 1679; x_wconf 89' lang='lat' dir='ltr'><strong>eram</strong></span> <span class='ocrx_word' id='word_1_114' title='bbox 1631 1624 1770 1695; x_wconf 85' lang='lat' dir='ltr'><strong>apud</strong></span> 
     </span>
    </p>
   </div>
   <div class='ocr_carea' id='block_1_17' title="bbox 193 1713 1769 1784">
    <p class='ocr_par' dir='ltr' id='par_1_17' title="bbox 193 1713 1769 1784">
     <span class='ocr_line' id='line_1_17' title="bbox 193 1713 1769 1784; baseline 0 -16"><span class='ocrx_word' id='word_1_115' title='bbox 193 1725 263 1777; x_wconf 88' lang='lat' dir='ltr'><strong>te,</strong></span> <span class='ocrx_word' id='word_1_116' title='bbox 307 1729 342 1767; x_wconf 92' lang='lat' dir='ltr'><strong>o</strong></span> <span class='ocrx_word' id='word_1_117' title='bbox 393 1713 573 1778; x_wconf 85' lang='lat' dir='ltr'><strong>Pater,</strong></span> <span class='ocrx_word' id='word_1_118' title='bbox 624 1716 946 1784; x_wconf 67' lang='lat' dir='ltr'><strong>priusquam.</strong></span> <span class='ocrx_word' id='word_1_119' title='bbox 979 1717 1210 1770; x_wconf 83' lang='lat' dir='ltr'><strong>mundus</strong></span> <span class='ocrx_word' id='word_1_120' title='bbox 1255 1717 1424 1770; x_wconf 79' lang='lat' dir='ltr'><strong>ﬁeret.</strong></span> <span class='ocrx_word' id='word_1_121' title='bbox 1463 1715 1577 1770; x_wconf 82' lang='lat' dir='ltr'><strong>Non</strong></span> <span class='ocrx_word' id='word_1_122' title='bbox 1626 1717 1769 1768; x_wconf 88' lang='lat' dir='ltr'><strong>enim</strong></span> 
     </span>
    </p>
   </div>
   <div class='ocr_carea' id='block_1_18' title="bbox 192 1804 1768 1877">
    <p class='ocr_par' dir='ltr' id='par_1_18' title="bbox 192 1804 1768 1877">
     <span class='ocr_line' id='line_1_18' title="bbox 192 1804 1768 1877; baseline 0.001 -19"><span class='ocrx_word' id='word_1_123' title='bbox 192 1804 430 1860; x_wconf 70' lang='lat' dir='ltr'><strong>restitues</strong></span> <span class='ocrx_word' id='word_1_124' title='bbox 460 1805 588 1857; x_wconf 85' lang='lat' dir='ltr'><strong>mihi</strong></span> <span class='ocrx_word' id='word_1_125' title='bbox 620 1806 774 1873; x_wconf 86' lang='lat' dir='ltr'><strong>quod.</strong></span> <span class='ocrx_word' id='word_1_126' title='bbox 797 1821 902 1859; x_wconf 87' lang='lat' dir='ltr'><strong>non</strong></span> <span class='ocrx_word' id='word_1_127' title='bbox 934 1807 1111 1868; x_wconf 82' lang='lat' dir='ltr'><strong>amisi,</strong></span> <span class='ocrx_word' id='word_1_128' title='bbox 1151 1808 1244 1860; x_wconf 82' lang='lat' dir='ltr'><strong>sed</strong></span> <span class='ocrx_word' id='word_1_129' title='bbox 1274 1811 1513 1861; x_wconf 67' lang='lat' dir='ltr'><strong>restitues</strong></span> <span class='ocrx_word' id='word_1_130' title='bbox 1545 1809 1646 1872; x_wconf 87' lang='lat' dir='ltr'><strong>his,</strong></span> <span class='ocrx_word' id='word_1_131' title='bbox 1678 1807 1768 1877; x_wconf 85' lang='lat' dir='ltr'><strong>qui</strong></span> 
     </span>
    </p>
   </div>
   <div class='ocr_carea' id='block_1_19' title="bbox 1865 603 3430 672">
    <p class='ocr_par' dir='ltr' id='par_1_19' title="bbox 1865 603 3430 672">
     <span class='ocr_line' id='line_1_19' title="bbox 1865 603 3430 672; baseline 0.001 -13"><span class='ocrx_word' id='word_1_132' title='bbox 1865 621 2041 668; x_wconf 87' lang='lat' dir='ltr'><strong>suam,</strong></span> <span class='ocrx_word' id='word_1_133' title='bbox 2069 619 2187 672; x_wconf 75' lang='lat' dir='ltr'><strong>qum</strong></span> <span class='ocrx_word' id='word_1_134' title='bbox 2225 619 2314 658; x_wconf 87' lang='lat' dir='ltr'><strong>res</strong></span> <span class='ocrx_word' id='word_1_135' title='bbox 2344 604 2542 658; x_wconf 82' lang='lat' dir='ltr'><strong>tacitas.</strong></span> <span class='ocrx_word' id='word_1_136' title='bbox 2573 603 2936 672; x_wconf 71' lang='lat' dir='ltr'><strong>intelligentia:</strong></span> <span class='ocrx_word' id='word_1_137' title='bbox 2973 618 3083 659; x_wconf 69' lang='lat' dir='ltr'><strong>suae</strong></span> <span class='ocrx_word' id='word_1_138' title='bbox 3111 605 3308 659; x_wconf 83' lang='lat' dir='ltr'><strong>virtute</strong></span> <span class='ocrx_word' id='word_1_139' title='bbox 3335 621 3430 662; x_wconf 78' lang='lat' dir='ltr'><strong>co-</strong></span> 
     </span>
    </p>
   </div>
   <div class='ocr_carea' id='block_1_20' title="bbox 1866 697 3438 769">
    <p class='ocr_par' dir='ltr' id='par_1_20' title="bbox 1866 697 3438 769">
     <span class='ocr_line' id='line_1_20' title="bbox 1866 697 3438 769; baseline 0.003 -18"><span class='ocrx_word' id='word_1_140' title='bbox 1866 698 2093 767; x_wconf 78' lang='lat' dir='ltr'><strong>gnoscit.</strong></span> <span class='ocrx_word' id='word_1_141' title='bbox 2143 697 2326 765; x_wconf 70' lang='lat' dir='ltr'><strong>Ipsius.</strong></span> <span class='ocrx_word' id='word_1_142' title='bbox 2363 698 2504 750; x_wconf 82' lang='lat' dir='ltr'><strong>enim</strong></span> <span class='ocrx_word' id='word_1_143' title='bbox 2534 705 2619 751; x_wconf 87' lang='lat' dir='ltr'><strong>est</strong></span> <span class='ocrx_word' id='word_1_144' title='bbox 2659 699 2834 752; x_wconf 84' lang='lat' dir='ltr'><strong>oratio</strong></span> <span class='ocrx_word' id='word_1_145' title='bbox 2879 697 3136 765; x_wconf 82' lang='lat' dir='ltr'><strong>perfecta,</strong></span> <span class='ocrx_word' id='word_1_146' title='bbox 3187 701 3340 769; x_wconf 85' lang='lat' dir='ltr'><strong>cujus</strong></span> <span class='ocrx_word' id='word_1_147' title='bbox 3384 711 3438 755; x_wconf 89' lang='lat' dir='ltr'><strong>et</strong></span> 
     </span>
    </p>
   </div>
   <div class='ocr_carea' id='block_1_21' title="bbox 1865 786 3438 858">
    <p class='ocr_par' dir='ltr' id='par_1_21' title="bbox 1865 786 3438 858">
     <span class='ocr_line' id='line_1_21' title="bbox 1865 786 3438 858; baseline 0.001 -15"><span class='ocrx_word' id='word_1_148' title='bbox 1865 804 2028 844; x_wconf 82' lang='lat' dir='ltr'><strong>causa</strong></span> <span class='ocrx_word' id='word_1_149' title='bbox 2074 789 2269 841; x_wconf 77' lang='lat' dir='ltr'><strong>citust</strong></span> <span class='ocrx_word' id='word_1_150' title='bbox 2312 799 2372 842; x_wconf 87' lang='lat' dir='ltr'><strong>et-</strong></span> <span class='ocrx_word' id='word_1_151' title='bbox 2401 787 2596 858; x_wconf 77' lang='lat' dir='ltr'><strong>lingua.</strong></span> <span class='ocrx_word' id='word_1_152' title='bbox 2645 786 2768 842; x_wconf 79' lang='lat' dir='ltr'><strong>Non</strong></span> <span class='ocrx_word' id='word_1_153' title='bbox 2807 789 2858 841; x_wconf 87' lang='lat' dir='ltr'><strong>in</strong></span> <span class='ocrx_word' id='word_1_154' title='bbox 2903 789 3054 842; x_wconf 88' lang='lat' dir='ltr'><strong>labiis</strong></span> <span class='ocrx_word' id='word_1_155' title='bbox 3089 789 3308 852; x_wconf 78' lang='lat' dir='ltr'><strong>dolosis,</strong></span> <span class='ocrx_word' id='word_1_156' title='bbox 3338 793 3438 844; x_wconf 87' lang='lat' dir='ltr'><strong>hoc</strong></span> 
     </span>
    </p>
   </div>
   <div class='ocr_carea' id='block_1_22' title="bbox 1865 881 3438 951">
    <p class='ocr_par' dir='ltr' id='par_1_22' title="bbox 1865 881 3438 951">
     <span class='ocr_line' id='line_1_22' title="bbox 1865 881 3438 951; baseline 0.001 -15"><span class='ocrx_word' id='word_1_157' title='bbox 1865 891 1972 945; x_wconf 85' lang='lat' dir='ltr'><strong>est,</strong></span> <span class='ocrx_word' id='word_1_158' title='bbox 2008 896 2112 934; x_wconf 91' lang='lat' dir='ltr'><strong>non</strong></span> <span class='ocrx_word' id='word_1_159' title='bbox 2145 881 2294 934; x_wconf 57' lang='lat' dir='ltr'><strong>adite</strong></span> <span class='ocrx_word' id='word_1_160' title='bbox 2331 883 2384 933; x_wconf 80' lang='lat' dir='ltr'><strong>in</strong></span> <span class='ocrx_word' id='word_1_161' title='bbox 2437 881 2591 934; x_wconf 80' lang='lat' dir='ltr'><strong>labiis</strong></span> <span class='ocrx_word' id='word_1_162' title='bbox 2629 882 2823 936; x_wconf 81' lang='lat' dir='ltr'><strong>dolosis</strong></span> <span class='ocrx_word' id='word_1_163' title='bbox 2865 884 3262 951; x_wconf 85' lang='lat' dir='ltr'><strong>procedentem.</strong></span> <span class='ocrx_word' id='word_1_164' title='bbox 3293 884 3438 938; x_wconf 89' lang='lat' dir='ltr'><strong>Bene</strong></span> 
     </span>
    </p>
   </div>
   <div class='ocr_carea' id='block_1_23' title="bbox 1868 969 3086 1038">
    <p class='ocr_par' dir='ltr' id='par_1_23' title="bbox 1868 969 3086 1038">
     <span class='ocr_line' id='line_1_23' title="bbox 1868 969 3086 1038; baseline 0.002 -13"><span class='ocrx_word' id='word_1_165' title='bbox 1868 973 2010 1026; x_wconf 90' lang='lat' dir='ltr'><strong>enim</strong></span> <span class='ocrx_word' id='word_1_166' title='bbox 2041 981 2180 1034; x_wconf 87' lang='lat' dir='ltr'><strong>orat,</strong></span> <span class='ocrx_word' id='word_1_167' title='bbox 2215 971 2266 1024; x_wconf 90' lang='lat' dir='ltr'><strong>in</strong></span> <span class='ocrx_word' id='word_1_168' title='bbox 2300 969 2453 1038; x_wconf 89' lang='lat' dir='ltr'><strong>cujus</strong></span> <span class='ocrx_word' id='word_1_169' title='bbox 2480 971 2634 1024; x_wconf 88' lang='lat' dir='ltr'><strong>labiis</strong></span> <span class='ocrx_word' id='word_1_170' title='bbox 2666 971 2818 1025; x_wconf 89' lang='lat' dir='ltr'><strong>dolus</strong></span> <span class='ocrx_word' id='word_1_171' title='bbox 2855 988 2957 1025; x_wconf 86' lang='lat' dir='ltr'><strong>non</strong></span> <span class='ocrx_word' id='word_1_172' title='bbox 2986 981 3086 1027; x_wconf 88' lang='lat' dir='ltr'><strong>est.</strong></span> 
     </span>
    </p>
   </div>
   <div class='ocr_carea' id='block_1_24' title="bbox 1940 1062 3438 1133">
    <p class='ocr_par' dir='ltr' id='par_1_24' title="bbox 1940 1062 3438 1133">
     <span class='ocr_line' id='line_1_24' title="bbox 1940 1062 3438 1133; baseline 0.001 -17"><span class='ocrx_word' id='word_1_173' title='bbox 1940 1062 2102 1117; x_wconf 70' lang='lat' dir='ltr'><strong>Vens.</strong></span> <span class='ocrx_word' id='word_1_174' title='bbox 2150 1062 2203 1116; x_wconf 73' lang='grc'><strong>2.</strong></span> <span class='ocrx_word' id='word_1_175' title='bbox 2246 1093 2311 1102; x_wconf 89' lang='grc'><strong>-</strong></span> <span class='ocrx_word' id='word_1_176' title='bbox 2363 1062 2439 1116; x_wconf 80' lang='lat' dir='ltr'><strong>Ds</strong></span> <span class='ocrx_word' id='word_1_177' title='bbox 2469 1062 2613 1114; x_wconf 78' lang='lat' dir='ltr'><strong>vultu</strong></span> <span class='ocrx_word' id='word_1_178' title='bbox 2658 1071 2747 1115; x_wconf 79' lang='lat' dir='ltr'><strong>tuo</strong></span> <span class='ocrx_word' id='word_1_179' title='bbox 2778 1062 3042 1131; x_wconf 73' lang='lat' dir='ltr'><strong>judicium</strong></span> <span class='ocrx_word' id='word_1_180' title='bbox 3098 1079 3266 1116; x_wconf 86' lang='lat' dir='ltr'><strong>meum</strong></span> <span class='ocrx_word' id='word_1_181' title='bbox 3314 1080 3438 1133; x_wconf 83' lang='lat' dir='ltr'><strong>pro-</strong></span> 
     </span>
    </p>
   </div>
   <div class='ocr_carea' id='block_1_25' title="bbox 1869 1153 3444 1223">
    <p class='ocr_par' dir='ltr' id='par_1_25' title="bbox 1869 1153 3444 1223">
     <span class='ocr_line' id='line_1_25' title="bbox 1869 1153 3444 1223; baseline -0.002 -14"><span class='ocrx_word' id='word_1_182' title='bbox 1869 1155 2012 1220; x_wconf 78' lang='lat' dir='ltr'><strong>deat,</strong></span> <span class='ocrx_word' id='word_1_183' title='bbox 2043 1163 2146 1208; x_wconf 88' lang='lat' dir='ltr'><strong>etc.</strong></span> <span class='ocrx_word' id='word_1_184' title='bbox 2177 1155 2249 1220; x_wconf 80' lang='lat' dir='ltr'><strong>Ex</strong></span> <span class='ocrx_word' id='word_1_185' title='bbox 2288 1153 2676 1206; x_wconf 86' lang='lat' dir='ltr'><strong>illuminatione</strong></span> <span class='ocrx_word' id='word_1_186' title='bbox 2709 1154 2916 1206; x_wconf 74' lang='lat' dir='ltr'><strong>notitia:</strong></span> <span class='ocrx_word' id='word_1_187' title='bbox 2956 1161 3060 1206; x_wconf 71' lang='lat' dir='ltr'><strong>tua:</strong></span> <span class='ocrx_word' id='word_1_188' title='bbox 3088 1169 3273 1208; x_wconf 88' lang='lat' dir='ltr'><strong>verum</strong></span> <span class='ocrx_word' id='word_1_189' title='bbox 3300 1154 3444 1223; x_wconf 86' lang='lat' dir='ltr'><strong>judi-</strong></span> 
     </span>
    </p>
   </div>
   <div class='ocr_carea' id='block_1_26' title="bbox 1873 1243 3441 1313">
    <p class='ocr_par' dir='ltr' id='par_1_26' title="bbox 1873 1243 3441 1313">
     <span class='ocr_line' id='line_1_26' title="bbox 1873 1243 3441 1313; baseline -0.003 -11"><span class='ocrx_word' id='word_1_190' title='bbox 1873 1263 2010 1302; x_wconf 91' lang='lat' dir='ltr'><strong>cem.</strong></span> <span class='ocrx_word' id='word_1_191' title='bbox 2043 1248 2148 1300; x_wconf 75' lang='lat' dir='ltr'><strong>Aut</strong></span> <span class='ocrx_word' id='word_1_192' title='bbox 2169 1255 2316 1300; x_wconf 87' lang='lat' dir='ltr'><strong>certe</strong></span> <span class='ocrx_word' id='word_1_193' title='bbox 2344 1245 2408 1298; x_wconf 76' lang='lat' dir='ltr'><strong>da</strong></span> <span class='ocrx_word' id='word_1_194' title='bbox 2438 1243 2588 1298; x_wconf 80' lang='lat' dir='ltr'><strong>vultu.</strong></span> <span class='ocrx_word' id='word_1_195' title='bbox 2622 1255 2713 1298; x_wconf 85' lang='lat' dir='ltr'><strong>luo</strong></span> <span class='ocrx_word' id='word_1_196' title='bbox 2755 1244 2832 1297; x_wconf 85' lang='lat' dir='ltr'><strong>ait</strong></span> <span class='ocrx_word' id='word_1_197' title='bbox 2876 1245 3169 1298; x_wconf 88' lang='lat' dir='ltr'><strong>secundum</strong></span> <span class='ocrx_word' id='word_1_198' title='bbox 3204 1243 3289 1297; x_wconf 90' lang='lat' dir='ltr'><strong>illa</strong></span> <span class='ocrx_word' id='word_1_199' title='bbox 3320 1259 3441 1313; x_wconf 66' lang='lat' dir='ltr'><strong>quas</strong></span> 
     </span>
    </p>
   </div>
   <div class='ocr_carea' id='block_1_27' title="bbox 1873 1333 3446 1405">
    <p class='ocr_par' dir='ltr' id='par_1_27' title="bbox 1873 1333 3446 1405">
     <span class='ocr_line' id='line_1_27' title="bbox 1873 1333 3446 1405; baseline -0.001 -15"><span class='ocrx_word' id='word_1_200' title='bbox 1873 1338 1927 1391; x_wconf 86' lang='lat' dir='ltr'><strong>in</strong></span> <span class='ocrx_word' id='word_1_201' title='bbox 1956 1353 2042 1392; x_wconf 90' lang='lat' dir='ltr'><strong>me</strong></span> <span class='ocrx_word' id='word_1_202' title='bbox 2070 1337 2294 1405; x_wconf 83' lang='lat' dir='ltr'><strong>respicis</strong></span> <span class='ocrx_word' id='word_1_203' title='bbox 2317 1344 2478 1404; x_wconf 83' lang='lat' dir='ltr'><strong>atque</strong></span> <span class='ocrx_word' id='word_1_204' title='bbox 2509 1336 2814 1405; x_wconf 70' lang='lat' dir='ltr'><strong>cognoscis.</strong></span> <span class='ocrx_word' id='word_1_205' title='bbox 2835 1333 2948 1388; x_wconf 81' lang='lat' dir='ltr'><strong>line</strong></span> <span class='ocrx_word' id='word_1_206' title='bbox 2967 1345 3144 1386; x_wconf 86' lang='lat' dir='ltr'><strong>autem</strong></span> <span class='ocrx_word' id='word_1_207' title='bbox 3179 1333 3267 1387; x_wconf 89' lang='lat' dir='ltr'><strong>ille</strong></span> <span class='ocrx_word' id='word_1_208' title='bbox 3299 1341 3446 1388; x_wconf 73' lang='lat' dir='ltr'><strong>recte</strong></span> 
     </span>
    </p>
   </div>
   <div class='ocr_carea' id='block_1_28' title="bbox 1870 1428 3447 1501">
    <p class='ocr_par' dir='ltr' id='par_1_28' title="bbox 1870 1428 3447 1501">
     <span class='ocr_line' id='line_1_28' title="bbox 1870 1428 3447 1501; baseline -0.001 -17"><span class='ocrx_word' id='word_1_209' title='bbox 1870 1432 2106 1501; x_wconf 76' lang='lat' dir='ltr'><strong>petebat,</strong></span> <span class='ocrx_word' id='word_1_210' title='bbox 2160 1431 2249 1500; x_wconf 90' lang='lat' dir='ltr'><strong>qui</strong></span> <span class='ocrx_word' id='word_1_211' title='bbox 2303 1445 2360 1483; x_wconf 90' lang='lat' dir='ltr'><strong>se</strong></span> <span class='ocrx_word' id='word_1_212' title='bbox 2407 1436 2628 1483; x_wconf 83' lang='lat' dir='ltr'><strong>noverat</strong></span> <span class='ocrx_word' id='word_1_213' title='bbox 2679 1428 3042 1496; x_wconf 78' lang='lat' dir='ltr'><strong>pollutionem.</strong></span> <span class='ocrx_word' id='word_1_214' title='bbox 3093 1442 3200 1481; x_wconf 80' lang='lat' dir='ltr'><strong>non</strong></span> <span class='ocrx_word' id='word_1_215' title='bbox 3247 1428 3447 1482; x_wconf 81' lang='lat' dir='ltr'><strong>habere</strong></span> 
     </span>
    </p>
   </div>
   <div class='ocr_carea' id='block_1_29' title="bbox 1873 1521 2100 1590">
    <p class='ocr_par' dir='ltr' id='par_1_29' title="bbox 1873 1521 2100 1590">
     <span class='ocr_line' id='line_1_29' title="bbox 1873 1521 2100 1590; baseline -0.009 -16"><span class='ocrx_word' id='word_1_216' title='bbox 1873 1521 2100 1590; x_wconf 88' lang='lat' dir='ltr'><strong>peccati.</strong></span> 
     </span>
    </p>
   </div>
   <div class='ocr_carea' id='block_1_30' title="bbox 1945 1607 3448 1672">
    <p class='ocr_par' dir='ltr' id='par_1_30' title="bbox 1945 1607 3448 1672">
     <span class='ocr_line' id='line_1_30' title="bbox 1945 1607 3448 1672; baseline -0.001 -10"><span class='ocrx_word' id='word_1_217' title='bbox 1945 1611 2110 1665; x_wconf 73' lang='lat' dir='ltr'><strong>Vens.</strong></span> <span class='ocrx_word' id='word_1_218' title='bbox 2141 1611 2194 1664; x_wconf 80' lang='grc'><strong>5.</strong></span> <span class='ocrx_word' id='word_1_219' title='bbox 2223 1641 2292 1651; x_wconf 90' lang='grc'><strong>-</strong></span> <span class='ocrx_word' id='word_1_220' title='bbox 2323 1609 2566 1663; x_wconf 80' lang='lat' dir='ltr'><strong>Probastt</strong></span> <span class='ocrx_word' id='word_1_221' title='bbox 2598 1625 2687 1663; x_wconf 88' lang='lat' dir='ltr'><strong>cor</strong></span> <span class='ocrx_word' id='word_1_222' title='bbox 2723 1626 2892 1663; x_wconf 84' lang='lat' dir='ltr'><strong>meum</strong></span> <span class='ocrx_word' id='word_1_223' title='bbox 2938 1616 2986 1661; x_wconf 84' lang='lat' dir='ltr'><strong>et</strong></span> <span class='ocrx_word' id='word_1_224' title='bbox 3015 1607 3236 1662; x_wconf 81' lang='lat' dir='ltr'><strong>visitasti</strong></span> <span class='ocrx_word' id='word_1_225' title='bbox 3277 1618 3448 1672; x_wconf 83' lang='lat' dir='ltr'><strong>nocte,</strong></span> 
     </span>
    </p>
   </div>
   <div class='ocr_carea' id='block_1_31' title="bbox 1873 1698 3445 1757">
    <p class='ocr_par' dir='ltr' id='par_1_31' title="bbox 1873 1698 3445 1757">
     <span class='ocr_line' id='line_1_31' title="bbox 1873 1698 3445 1757; baseline -0.003 0"><span class='ocrx_word' id='word_1_226' title='bbox 1873 1699 1978 1757; x_wconf 81' lang='lat' dir='ltr'><strong>etc.</strong></span> <span class='ocrx_word' id='word_1_227' title='bbox 2006 1703 2294 1756; x_wconf 83' lang='lat' dir='ltr'><strong>Probatum</strong></span> <span class='ocrx_word' id='word_1_228' title='bbox 2326 1711 2410 1755; x_wconf 89' lang='lat' dir='ltr'><strong>est</strong></span> <span class='ocrx_word' id='word_1_229' title='bbox 2446 1717 2540 1755; x_wconf 85' lang='lat' dir='ltr'><strong>cur</strong></span> <span class='ocrx_word' id='word_1_230' title='bbox 2571 1716 2745 1755; x_wconf 86' lang='lat' dir='ltr'><strong>meum</strong></span> <span class='ocrx_word' id='word_1_231' title='bbox 2792 1700 3103 1753; x_wconf 86' lang='lat' dir='ltr'><strong>visitatione</strong></span> <span class='ocrx_word' id='word_1_232' title='bbox 3142 1698 3445 1752; x_wconf 82' lang='lat' dir='ltr'><strong>tribulatio—</strong></span> 
     </span>
    </p>
   </div>
   <div class='ocr_carea' id='block_1_32' title="bbox 1873 1790 3446 1860">
    <p class='ocr_par' dir='ltr' id='par_1_32' title="bbox 1873 1790 3446 1860">
     <span class='ocr_line' id='line_1_32' title="bbox 1873 1790 3446 1860; baseline -0.004 -10"><span class='ocrx_word' id='word_1_233' title='bbox 1873 1798 1977 1850; x_wconf 89' lang='lat' dir='ltr'><strong>nis.</strong></span> <span class='ocrx_word' id='word_1_234' title='bbox 2004 1796 2115 1850; x_wconf 88' lang='lat' dir='ltr'><strong>Non</strong></span> <span class='ocrx_word' id='word_1_235' title='bbox 2147 1804 2324 1848; x_wconf 73' lang='lat' dir='ltr'><strong>autem</strong></span> <span class='ocrx_word' id='word_1_236' title='bbox 2357 1811 2461 1847; x_wconf 71' lang='lat' dir='ltr'><strong>non:</strong></span> <span class='ocrx_word' id='word_1_237' title='bbox 2493 1802 2719 1856; x_wconf 82' lang='lat' dir='ltr'><strong>tantum,</strong></span> <span class='ocrx_word' id='word_1_238' title='bbox 2741 1792 2864 1860; x_wconf 86' lang='lat' dir='ltr'><strong>quia</strong></span> <span class='ocrx_word' id='word_1_239' title='bbox 2893 1793 3208 1860; x_wconf 86' lang='lat' dir='ltr'><strong>perturbare</strong></span> <span class='ocrx_word' id='word_1_240' title='bbox 3229 1790 3446 1856; x_wconf 78' lang='lat' dir='ltr'><strong>assolet,</strong></span> 
     </span>
    </p>
   </div>
   <div class='ocr_carea' id='block_1_33' title="bbox 189 1882 3448 1970">
    <p class='ocr_par' dir='ltr' id='par_1_33' title="bbox 189 1882 3448 1970">
     <span class='ocr_line' id='line_1_33' title="bbox 189 1882 3448 1970; baseline -0.005 -21"><span class='ocrx_word' id='word_1_241' title='bbox 189 1896 510 1959; x_wconf 83' lang='lat' dir='ltr'><strong>amiserunt,</strong></span> <span class='ocrx_word' id='word_1_242' title='bbox 541 1896 658 1966; x_wconf 70' lang='lat' dir='ltr'><strong>eius</strong></span> <span class='ocrx_word' id='word_1_243' title='bbox 684 1897 946 1952; x_wconf 83' lang='lat' dir='ltr'><strong>claritatis</strong></span> <span class='ocrx_word' id='word_1_244' title='bbox 974 1899 1241 1966; x_wconf 88' lang='lat' dir='ltr'><strong>notitiam,</strong></span> <span class='ocrx_word' id='word_1_245' title='bbox 1277 1900 1329 1953; x_wconf 89' lang='lat' dir='ltr'><strong>in</strong></span> <span class='ocrx_word' id='word_1_246' title='bbox 1378 1901 1596 1968; x_wconf 83' lang='lat' dir='ltr'><strong>quibus,</strong></span> <span class='ocrx_word' id='word_1_247' title='bbox 1641 1901 1767 1970; x_wconf 77' lang='lat' dir='ltr'><strong>quia</strong></span> <span class='ocrx_word' id='word_1_248' title='bbox 1799 1884 1844 1944; x_wconf 89' lang='lat' dir='ltr'><strong>B</strong></span> <span class='ocrx_word' id='word_1_249' title='bbox 1873 1890 1966 1942; x_wconf 87' lang='lat' dir='ltr'><strong>sed</strong></span> <span class='ocrx_word' id='word_1_250' title='bbox 1998 1888 2159 1941; x_wconf 87' lang='lat' dir='ltr'><strong>etiam</strong></span> <span class='ocrx_word' id='word_1_251' title='bbox 2196 1886 2354 1955; x_wconf 80' lang='lat' dir='ltr'><strong>ignis,</strong></span> <span class='ocrx_word' id='word_1_252' title='bbox 2386 1888 2514 1954; x_wconf 86' lang='lat' dir='ltr'><strong>quia</strong></span> <span class='ocrx_word' id='word_1_253' title='bbox 2543 1884 2670 1938; x_wconf 86' lang='lat' dir='ltr'><strong>urit.</strong></span> <span class='ocrx_word' id='word_1_254' title='bbox 2717 1883 2956 1936; x_wconf 79' lang='lat' dir='ltr'><strong>vocanda</strong></span> <span class='ocrx_word' id='word_1_255' title='bbox 3010 1892 3095 1936; x_wconf 83' lang='lat' dir='ltr'><strong>est</strong></span> <span class='ocrx_word' id='word_1_256' title='bbox 3137 1882 3249 1950; x_wconf 90' lang='lat' dir='ltr'><strong>ipsa</strong></span> <span class='ocrx_word' id='word_1_257' title='bbox 3283 1882 3448 1936; x_wconf 81' lang='lat' dir='ltr'><strong>tribu—</strong></span> 
     </span>
    </p>
   </div>
   <div class='ocr_carea' id='block_1_34' title="bbox 189 1989 766 2058">
    <p class='ocr_par' dir='ltr' id='par_1_34' title="bbox 189 1989 766 2058">
     <span class='ocr_line' id='line_1_34' title="bbox 189 1989 766 2058; baseline 0.003 -17"><span class='ocrx_word' id='word_1_258' title='bbox 189 2002 290 2058; x_wconf 73' lang='lat' dir='ltr'><strong>ego</strong></span> <span class='ocrx_word' id='word_1_259' title='bbox 315 2003 439 2042; x_wconf 88' lang='lat' dir='ltr'><strong>sum</strong></span> <span class='ocrx_word' id='word_1_260' title='bbox 451 2027 464 2051; x_wconf 96' lang='lat'><strong>,</strong></span> <span class='ocrx_word' id='word_1_261' title='bbox 500 1989 766 2043; x_wconf 68' lang='lat' dir='ltr'><strong>restitues.</strong></span> 
     </span>
    </p>
   </div>
   <div class='ocr_carea' id='block_1_35' title="bbox 261 2072 1771 2152">
    <p class='ocr_par' dir='ltr' id='par_1_35' title="bbox 261 2072 1771 2152">
     <span class='ocr_line' id='line_1_35' title="bbox 261 2072 1771 2152; baseline 0.001 -18"><span class='ocrx_word' id='word_1_262' title='bbox 261 2078 430 2134; x_wconf 65' lang='lat' dir='ltr'><strong>Vens.</strong></span> <span class='ocrx_word' id='word_1_263' title='bbox 489 2079 541 2132; x_wconf 88' lang='lat'><strong>6.</strong></span> <span class='ocrx_word' id='word_1_264' title='bbox 588 2072 876 2133; x_wconf 75' lang='lat' dir='ltr'><strong>--&#39;Funes</strong></span> <span class='ocrx_word' id='word_1_265' title='bbox 928 2081 1226 2135; x_wconf 82' lang='lat' dir='ltr'><strong>ceciderunt</strong></span> <span class='ocrx_word' id='word_1_266' title='bbox 1268 2081 1397 2136; x_wconf 84' lang='lat' dir='ltr'><strong>mihi</strong></span> <span class='ocrx_word' id='word_1_267' title='bbox 1449 2101 1504 2137; x_wconf 76' lang='lat' dir='ltr'><strong>in</strong></span> <span class='ocrx_word' id='word_1_268' title='bbox 1553 2083 1771 2152; x_wconf 79' lang='lat' dir='ltr'><strong>prtccla-</strong></span> 
     </span>
    </p>
   </div>
   <div class='ocr_carea' id='block_1_36' title="bbox 190 2168 1772 2238">
    <p class='ocr_par' dir='ltr' id='par_1_36' title="bbox 190 2168 1772 2238">
     <span class='ocr_line' id='line_1_36' title="bbox 190 2168 1772 2238; baseline 0.004 -18"><span class='ocrx_word' id='word_1_269' title='bbox 190 2169 282 2231; x_wconf 83' lang='lat' dir='ltr'><strong>ris,</strong></span> <span class='ocrx_word' id='word_1_270' title='bbox 307 2177 420 2223; x_wconf 89' lang='lat' dir='ltr'><strong>etc.</strong></span> <span class='ocrx_word' id='word_1_271' title='bbox 452 2168 673 2224; x_wconf 85' lang='lat' dir='ltr'><strong>Limites</strong></span> <span class='ocrx_word' id='word_1_272' title='bbox 701 2171 968 2238; x_wconf 83' lang='lat' dir='ltr'><strong>passionis</strong></span> <span class='ocrx_word' id='word_1_273' title='bbox 996 2187 1127 2225; x_wconf 67' lang='lat' dir='ltr'><strong>mese</strong></span> <span class='ocrx_word' id='word_1_274' title='bbox 1163 2173 1216 2225; x_wconf 89' lang='lat' dir='ltr'><strong>in</strong></span> <span class='ocrx_word' id='word_1_275' title='bbox 1256 2181 1343 2227; x_wconf 88' lang='lat' dir='ltr'><strong>tua</strong></span> <span class='ocrx_word' id='word_1_276' title='bbox 1376 2173 1624 2228; x_wconf 80' lang='lat' dir='ltr'><strong>claritate</strong></span> <span class='ocrx_word' id='word_1_277' title='bbox 1650 2182 1772 2226; x_wconf 90' lang='lat' dir='ltr'><strong>tan-</strong></span> 
     </span>
    </p>
   </div>
   <div class='ocr_carea' id='block_1_37' title="bbox 189 2262 1770 2335">
    <p class='ocr_par' dir='ltr' id='par_1_37' title="bbox 189 2262 1770 2335">
     <span class='ocr_line' id='line_1_37' title="bbox 189 2262 1770 2335; baseline 0.003 -22"><span class='ocrx_word' id='word_1_278' title='bbox 189 2275 352 2329; x_wconf 81' lang='lat' dir='ltr'><strong>quam</strong></span> <span class='ocrx_word' id='word_1_279' title='bbox 393 2272 538 2316; x_wconf 87' lang='lat' dir='ltr'><strong>sorte</strong></span> <span class='ocrx_word' id='word_1_280' title='bbox 586 2262 900 2329; x_wconf 79' lang='lat' dir='ltr'><strong>ceciderunt,</strong></span> <span class='ocrx_word' id='word_1_281' title='bbox 945 2265 1094 2318; x_wconf 63' lang='lat' dir='ltr'><strong>velut:</strong></span> <span class='ocrx_word' id='word_1_282' title='bbox 1130 2267 1397 2335; x_wconf 74' lang='lat' dir='ltr'><strong>possessio</strong></span> <span class='ocrx_word' id='word_1_283' title='bbox 1429 2267 1770 2319; x_wconf 76' lang='lat' dir='ltr'><strong>sacerdotum</strong></span> 
     </span>
    </p>
   </div>
   <div class='ocr_carea' id='block_1_38' title="bbox 186 2352 1771 2427">
    <p class='ocr_par' dir='ltr' id='par_1_38' title="bbox 186 2352 1771 2427">
     <span class='ocr_line' id='line_1_38' title="bbox 186 2352 1771 2427; baseline 0.003 -21"><span class='ocrx_word' id='word_1_284' title='bbox 186 2361 240 2406; x_wconf 91' lang='lat' dir='ltr'><strong>et</strong></span> <span class='ocrx_word' id='word_1_285' title='bbox 274 2353 584 2408; x_wconf 84' lang='lat' dir='ltr'><strong>Levitarum</strong></span> <span class='ocrx_word' id='word_1_286' title='bbox 614 2352 752 2407; x_wconf 92' lang='lat' dir='ltr'><strong>Deus</strong></span> <span class='ocrx_word' id='word_1_287' title='bbox 782 2366 883 2422; x_wconf 85' lang='lat' dir='ltr'><strong>est.</strong></span> <span class='ocrx_word' id='word_1_288' title='bbox 918 2357 1258 2422; x_wconf 67' lang='lat' dir='ltr'><strong>Quae-autem</strong></span> <span class='ocrx_word' id='word_1_289' title='bbox 1282 2358 1349 2410; x_wconf 86' lang='lat' dir='ltr'><strong>sit</strong></span> <span class='ocrx_word' id='word_1_290' title='bbox 1375 2357 1490 2426; x_wconf 89' lang='lat' dir='ltr'><strong>ejus</strong></span> <span class='ocrx_word' id='word_1_291' title='bbox 1517 2357 1771 2427; x_wconf 68' lang='lat' dir='ltr'><strong>praeclara</strong></span> 
     </span>
    </p>
   </div>
   <div class='ocr_carea' id='block_1_39' title="bbox 188 2445 1775 2514">
    <p class='ocr_par' dir='ltr' id='par_1_39' title="bbox 188 2445 1775 2514">
     <span class='ocr_line' id='line_1_39' title="bbox 188 2445 1775 2514; baseline 0.004 -15"><span class='ocrx_word' id='word_1_292' title='bbox 188 2445 517 2508; x_wconf 57' lang='lat' dir='ltr'><strong>hereditas,</strong></span> <span class='ocrx_word' id='word_1_293' title='bbox 570 2445 908 2501; x_wconf 82' lang='lat' dir='ltr'><strong>manifestius</strong></span> <span class='ocrx_word' id='word_1_294' title='bbox 964 2449 1018 2502; x_wconf 90' lang='lat' dir='ltr'><strong>in</strong></span> <span class='ocrx_word' id='word_1_295' title='bbox 1074 2449 1360 2514; x_wconf 73' lang='lat' dir='ltr'><strong>l‘lebraico;</strong></span> <span class='ocrx_word' id='word_1_296' title='bbox 1424 2451 1775 2506; x_wconf 72' lang='lat' dir='ltr'><strong>conversione</strong></span> 
     </span>
    </p>
   </div>
   <div class='ocr_carea' id='block_1_40' title="bbox 189 2539 1778 2614">
    <p class='ocr_par' dir='ltr' id='par_1_40' title="bbox 189 2539 1778 2614">
     <span class='ocr_line' id='line_1_40' title="bbox 189 2539 1778 2614; baseline 0.004 -23"><span class='ocrx_word' id='word_1_297' title='bbox 189 2539 256 2592; x_wconf 85' lang='lat' dir='ltr'><strong>ad</strong></span> <span class='ocrx_word' id='word_1_298' title='bbox 290 2539 581 2594; x_wconf 90' lang='lat' dir='ltr'><strong>Dominum</strong></span> <span class='ocrx_word' id='word_1_299' title='bbox 609 2539 769 2605; x_wconf 84' lang='lat' dir='ltr'><strong>facta,</strong></span> <span class='ocrx_word' id='word_1_300' title='bbox 793 2542 870 2596; x_wconf 89' lang='lat' dir='ltr'><strong>sic</strong></span> <span class='ocrx_word' id='word_1_301' title='bbox 891 2541 1151 2612; x_wconf 74' lang='lat' dir='ltr'><strong>exponit:</strong></span> <span class='ocrx_word' id='word_1_302' title='bbox 1183 2542 1253 2596; x_wconf 77' lang='lat' dir='ltr'><strong>Et</strong></span> <span class='ocrx_word' id='word_1_303' title='bbox 1275 2551 1336 2596; x_wconf 32' lang='lat' dir='ltr'><strong>tu!</strong></span> <span class='ocrx_word' id='word_1_304' title='bbox 1356 2544 1636 2598; x_wconf 78' lang='lat' dir='ltr'><strong>htereditas</strong></span> <span class='ocrx_word' id='word_1_305' title='bbox 1662 2559 1778 2614; x_wconf 83' lang='lat' dir='ltr'><strong>spe-</strong></span> 
     </span>
    </p>
   </div>
   <div class='ocr_carea' id='block_1_41' title="bbox 189 2633 1676 2684">
    <p class='ocr_par' dir='ltr' id='par_1_41' title="bbox 189 2633 1676 2684">
     <span class='ocr_line' id='line_1_41' title="bbox 189 2633 1676 2684; baseline 0.005 -2"><span class='ocrx_word' id='word_1_306' title='bbox 189 2633 337 2684; x_wconf 84' lang='lat' dir='ltr'><strong>ciosa</strong></span> <span class='ocrx_word' id='word_1_307' title='bbox 367 2647 482 2683; x_wconf 85' lang='lat' dir='ltr'><strong>mea</strong></span> <span class='ocrx_word' id='word_1_308' title='bbox 518 2647 591 2684; x_wconf 83' lang='lat' dir='ltr'><strong>es.</strong></span> <span class='ocrx_word' id='word_1_309' title='bbox 1670 2633 1676 2642; x_wconf 78' lang='grc'><strong><em>“</em></strong></span> 
     </span>
    </p>
   </div>
   <div class='ocr_carea' id='block_1_42' title="bbox 261 2718 1778 2794">
    <p class='ocr_par' dir='ltr' id='par_1_42' title="bbox 261 2718 1778 2794">
     <span class='ocr_line' id='line_1_42' title="bbox 261 2718 1778 2794; baseline 0.003 -23"><span class='ocrx_word' id='word_1_310' title='bbox 261 2718 417 2774; x_wconf 74' lang='lat' dir='ltr'><strong>Vens</strong></span> <span class='ocrx_word' id='word_1_311' title='bbox 450 2720 502 2774; x_wconf 87' lang='lat'><strong>7.</strong></span> <span class='ocrx_word' id='word_1_312' title='bbox 533 2751 602 2763; x_wconf 92' lang='lat'><strong>--</strong></span> <span class='ocrx_word' id='word_1_313' title='bbox 643 2721 967 2776; x_wconf 82' lang='lat' dir='ltr'><strong>Benedicam</strong></span> <span class='ocrx_word' id='word_1_314' title='bbox 1002 2723 1282 2778; x_wconf 86' lang='lat' dir='ltr'><strong>Dominum</strong></span> <span class='ocrx_word' id='word_1_315' title='bbox 1324 2724 1414 2794; x_wconf 79' lang='lat' dir='ltr'><strong>qui</strong></span> <span class='ocrx_word' id='word_1_316' title='bbox 1443 2724 1622 2776; x_wconf 86' lang='lat' dir='ltr'><strong>tribuit</strong></span> <span class='ocrx_word' id='word_1_317' title='bbox 1651 2723 1778 2776; x_wconf 83' lang='lat' dir='ltr'><strong>mihi</strong></span> 
     </span>
    </p>
   </div>
   <div class='ocr_carea' id='block_1_43' title="bbox 190 2812 1778 2886">
    <p class='ocr_par' dir='ltr' id='par_1_43' title="bbox 190 2812 1778 2886">
     <span class='ocr_line' id='line_1_43' title="bbox 190 2812 1778 2886; baseline 0.004 -23"><span class='ocrx_word' id='word_1_318' title='bbox 190 2812 532 2877; x_wconf 66' lang='lat' dir='ltr'><strong>infellectum,</strong></span> <span class='ocrx_word' id='word_1_319' title='bbox 565 2824 667 2869; x_wconf 90' lang='lat' dir='ltr'><strong>etc.</strong></span> <span class='ocrx_word' id='word_1_320' title='bbox 706 2816 778 2870; x_wconf 86' lang='lat' dir='ltr'><strong>E0</strong></span> <span class='ocrx_word' id='word_1_321' title='bbox 809 2819 1003 2886; x_wconf 86' lang='lat' dir='ltr'><strong>quippe</strong></span> <span class='ocrx_word' id='word_1_322' title='bbox 1048 2817 1318 2870; x_wconf 68' lang='lat' dir='ltr'><strong>intellectu</strong></span> <span class='ocrx_word' id='word_1_323' title='bbox 1349 2817 1456 2870; x_wconf 74' lang='lat' dir='ltr'><strong>ista</strong></span> <span class='ocrx_word' id='word_1_324' title='bbox 1490 2817 1778 2870; x_wconf 58' lang='lat' dir='ltr'><strong>hereditas</strong></span> 
     </span>
    </p>
   </div>
   <div class='ocr_carea' id='block_1_44' title="bbox 189 2905 1777 2978">
    <p class='ocr_par' dir='ltr' id='par_1_44' title="bbox 189 2905 1777 2978">
     <span class='ocr_line' id='line_1_44' title="bbox 189 2905 1777 2978; baseline 0.002 -21"><span class='ocrx_word' id='word_1_325' title='bbox 189 2905 372 2959; x_wconf 82' lang='lat' dir='ltr'><strong>videri</strong></span> <span class='ocrx_word' id='word_1_326' title='bbox 403 2915 457 2958; x_wconf 89' lang='lat' dir='ltr'><strong>et</strong></span> <span class='ocrx_word' id='word_1_327' title='bbox 480 2905 740 2974; x_wconf 83' lang='lat' dir='ltr'><strong>possideri</strong></span> <span class='ocrx_word' id='word_1_328' title='bbox 776 2918 970 2978; x_wconf 81' lang='lat' dir='ltr'><strong>potest.</strong></span> <span class='ocrx_word' id='word_1_329' title='bbox 1019 2907 1197 2978; x_wconf 79' lang='lat' dir='ltr'><strong>Super</strong></span> <span class='ocrx_word' id='word_1_330' title='bbox 1241 2909 1569 2962; x_wconf 77' lang='lat' dir='ltr'><strong>intellectum</strong></span> <span class='ocrx_word' id='word_1_331' title='bbox 1599 2919 1777 2960; x_wconf 67' lang='lat' dir='ltr'><strong>autem</strong></span> 
     </span>
    </p>
   </div>
   <div class='ocr_carea' id='block_1_45' title="bbox 190 2996 1781 3067">
    <p class='ocr_par' dir='ltr' id='par_1_45' title="bbox 190 2996 1781 3067">
     <span class='ocr_line' id='line_1_45' title="bbox 190 2996 1781 3067; baseline 0 -17"><span class='ocrx_word' id='word_1_332' title='bbox 190 3013 374 3065; x_wconf 85' lang='lat' dir='ltr'><strong>usque</strong></span> <span class='ocrx_word' id='word_1_333' title='bbox 413 2996 491 3049; x_wconf 62' lang='lat' dir='ltr'><strong>ad:</strong></span> <span class='ocrx_word' id='word_1_334' title='bbox 531 3008 758 3050; x_wconf 88' lang='lat' dir='ltr'><strong>mortem</strong></span> <span class='ocrx_word' id='word_1_335' title='bbox 801 3014 885 3052; x_wconf 91' lang='lat' dir='ltr'><strong>me</strong></span> <span class='ocrx_word' id='word_1_336' title='bbox 927 3001 1157 3054; x_wconf 83' lang='lat' dir='ltr'><strong>ermlivit</strong></span> <span class='ocrx_word' id='word_1_337' title='bbox 1205 3001 1432 3052; x_wconf 77' lang='lat' dir='ltr'><strong>inferior</strong></span> <span class='ocrx_word' id='word_1_338' title='bbox 1468 3014 1612 3067; x_wconf 53' lang='lat' dir='ltr'><strong>pars,</strong></span> <span class='ocrx_word' id='word_1_339' title='bbox 1662 3013 1781 3051; x_wconf 89' lang='lat' dir='ltr'><strong>mea</strong></span> 
     </span>
    </p>
   </div>
   <div class='ocr_carea' id='block_1_46' title="bbox 186 3087 1780 3158">
    <p class='ocr_par' dir='ltr' id='par_1_46' title="bbox 186 3087 1780 3158">
     <span class='ocr_line' id='line_1_46' title="bbox 186 3087 1780 3158; baseline -0.001 -15"><span class='ocrx_word' id='word_1_340' title='bbox 186 3087 386 3143; x_wconf 85' lang='lat' dir='ltr'><strong>carnis</strong></span> <span class='ocrx_word' id='word_1_341' title='bbox 416 3089 732 3156; x_wconf 85' lang='lat' dir='ltr'><strong>assumptio,</strong></span> <span class='ocrx_word' id='word_1_342' title='bbox 755 3101 812 3141; x_wconf 91' lang='lat' dir='ltr'><strong>ut</strong></span> <span class='ocrx_word' id='word_1_343' title='bbox 836 3092 1112 3158; x_wconf 75' lang='lat' dir='ltr'><strong>experirer</strong></span> <span class='ocrx_word' id='word_1_344' title='bbox 1140 3091 1389 3144; x_wconf 88' lang='lat' dir='ltr'><strong>tenebras</strong></span> <span class='ocrx_word' id='word_1_345' title='bbox 1413 3089 1780 3153; x_wconf 84' lang='lat' dir='ltr'><strong>mortalitatis,</strong></span> 
     </span>
    </p>
   </div>
   <div class='ocr_carea' id='block_1_47' title="bbox 188 3179 1135 3248">
    <p class='ocr_par' dir='ltr' id='par_1_47' title="bbox 188 3179 1135 3248">
     <span class='ocr_line' id='line_1_47' title="bbox 188 3179 1135 3248; baseline 0.001 -17"><span class='ocrx_word' id='word_1_346' title='bbox 188 3195 344 3248; x_wconf 87' lang='lat' dir='ltr'><strong>quas</strong></span> <span class='ocrx_word' id='word_1_347' title='bbox 376 3179 464 3232; x_wconf 89' lang='lat' dir='ltr'><strong>ille</strong></span> <span class='ocrx_word' id='word_1_348' title='bbox 491 3179 924 3234; x_wconf 76' lang='lat' dir='ltr'><strong>intellectusnon</strong></span> <span class='ocrx_word' id='word_1_349' title='bbox 956 3181 1135 3233; x_wconf 85' lang='lat' dir='ltr'><strong>habet.</strong></span> 
     </span>
    </p>
   </div>
   <div class='ocr_carea' id='block_1_48' title="bbox 1872 1976 3177 2048">
    <p class='ocr_par' dir='ltr' id='par_1_48' title="bbox 1872 1976 3177 2048">
     <span class='ocr_line' id='line_1_48' title="bbox 1872 1976 3177 2048; baseline -0.004 -16"><span class='ocrx_word' id='word_1_350' title='bbox 1872 1981 2019 2036; x_wconf 83' lang='lat' dir='ltr'><strong>latio,</strong></span> <span class='ocrx_word' id='word_1_351' title='bbox 2048 1996 2152 2048; x_wconf 88' lang='lat' dir='ltr'><strong>qua</strong></span> <span class='ocrx_word' id='word_1_352' title='bbox 2178 1979 2518 2032; x_wconf 73' lang='lat' dir='ltr'><strong>examinatus</strong></span> <span class='ocrx_word' id='word_1_353' title='bbox 2542 1977 2722 2044; x_wconf 79' lang='lat' dir='ltr'><strong>justus</strong></span> <span class='ocrx_word' id='word_1_354' title='bbox 2754 1976 3003 2028; x_wconf 80' lang='lat' dir='ltr'><strong>inventus</strong></span> <span class='ocrx_word' id='word_1_355' title='bbox 3039 1990 3177 2028; x_wconf 92' lang='lat' dir='ltr'><strong>sum.</strong></span> 
     </span>
    </p>
   </div>
   <div class='ocr_carea' id='block_1_49' title="bbox 1945 2065 3451 2137">
    <p class='ocr_par' dir='ltr' id='par_1_49' title="bbox 1945 2065 3451 2137">
     <span class='ocr_line' id='line_1_49' title="bbox 1945 2065 3451 2137; baseline -0.005 -13"><span class='ocrx_word' id='word_1_356' title='bbox 1945 2069 2110 2124; x_wconf 74' lang='lat' dir='ltr'><strong>Vsus.</strong></span> <span class='ocrx_word' id='word_1_357' title='bbox 2155 2071 2207 2123; x_wconf 63' lang='grc'>4.</span> <span class='ocrx_word' id='word_1_358' title='bbox 2236 2100 2306 2108; x_wconf 93' lang='grc'><strong><em>-</em></strong></span> <span class='ocrx_word' id='word_1_359' title='bbox 2346 2067 2412 2122; x_wconf 81' lang='lat' dir='ltr'><strong>Ut</strong></span> <span class='ocrx_word' id='word_1_360' title='bbox 2456 2084 2566 2120; x_wconf 76' lang='lat' dir='ltr'><strong>non.</strong></span> <span class='ocrx_word' id='word_1_361' title='bbox 2586 2068 2828 2137; x_wconf 86' lang='lat' dir='ltr'><strong>loquatur</strong></span> <span class='ocrx_word' id='word_1_362' title='bbox 2875 2083 2930 2118; x_wconf 73' lang='grc' dir='ltr'><strong>οε</strong></span> <span class='ocrx_word' id='word_1_363' title='bbox 2961 2082 3133 2118; x_wconf 88' lang='lat' dir='ltr'><strong>meum</strong></span> <span class='ocrx_word' id='word_1_364' title='bbox 3176 2081 3341 2134; x_wconf 70' lang='lat' dir='ltr'><strong>apem-</strong></span> <span class='ocrx_word' id='word_1_365' title='bbox 3360 2065 3451 2118; x_wconf 80' lang='lat' dir='ltr'><strong>ho-</strong></span> 
     </span>
    </p>
   </div>
   <div class='ocr_carea' id='block_1_50' title="bbox 1875 2159 3452 2227">
    <p class='ocr_par' dir='ltr' id='par_1_50' title="bbox 1875 2159 3452 2227">
     <span class='ocr_line' id='line_1_50' title="bbox 1875 2159 3452 2227; baseline -0.006 -10"><span class='ocrx_word' id='word_1_366' title='bbox 1875 2166 2092 2224; x_wconf 86' lang='lat' dir='ltr'><strong>minum,</strong></span> <span class='ocrx_word' id='word_1_367' title='bbox 2130 2172 2234 2216; x_wconf 88' lang='lat' dir='ltr'><strong>etc.</strong></span> <span class='ocrx_word' id='word_1_368' title='bbox 2286 2162 2362 2216; x_wconf 91' lang='lat' dir='ltr'><strong>Ut.</strong></span> <span class='ocrx_word' id='word_1_369' title='bbox 2408 2160 2550 2213; x_wconf 84' lang='lat' dir='ltr'><strong>aliud</strong></span> <span class='ocrx_word' id='word_1_370' title='bbox 2601 2176 2706 2213; x_wconf 91' lang='lat' dir='ltr'><strong>non</strong></span> <span class='ocrx_word' id='word_1_371' title='bbox 2763 2159 3018 2227; x_wconf 84' lang='lat' dir='ltr'><strong>procedat</strong></span> <span class='ocrx_word' id='word_1_372' title='bbox 3069 2172 3136 2210; x_wconf 78' lang='lat' dir='ltr'><strong>ex</strong></span> <span class='ocrx_word' id='word_1_373' title='bbox 3177 2171 3272 2210; x_wconf 83' lang='lat' dir='ltr'><strong>ore</strong></span> <span class='ocrx_word' id='word_1_374' title='bbox 3309 2170 3452 2218; x_wconf 86' lang='lat' dir='ltr'><strong>meo,</strong></span> 
     </span>
    </p>
   </div>
   <div class='ocr_carea' id='block_1_51' title="bbox 1874 2250 3460 2326">
    <p class='ocr_par' dir='ltr' id='par_1_51' title="bbox 1874 2250 3460 2326">
     <span class='ocr_line' id='line_1_51' title="bbox 1874 2250 3460 2326; baseline -0.004 -16"><span class='ocrx_word' id='word_1_375' title='bbox 1874 2273 2034 2326; x_wconf 90' lang='lat' dir='ltr'><strong>quam</strong></span> <span class='ocrx_word' id='word_1_376' title='bbox 2069 2258 2119 2310; x_wconf 88' lang='lat' dir='ltr'><strong>id</strong></span> <span class='ocrx_word' id='word_1_377' title='bbox 2150 2256 2292 2325; x_wconf 86' lang='lat' dir='ltr'><strong>quod</strong></span> <span class='ocrx_word' id='word_1_378' title='bbox 2325 2255 2590 2323; x_wconf 87' lang='lat' dir='ltr'><strong>pertineat</strong></span> <span class='ocrx_word' id='word_1_379' title='bbox 2631 2252 2696 2306; x_wconf 89' lang='lat' dir='ltr'><strong>ad</strong></span> <span class='ocrx_word' id='word_1_380' title='bbox 2747 2252 2972 2323; x_wconf 71' lang='lat' dir='ltr'><strong>gloriam</strong></span> <span class='ocrx_word' id='word_1_381' title='bbox 3015 2263 3182 2304; x_wconf 87' lang='lat' dir='ltr'><strong>tuam.</strong></span> <span class='ocrx_word' id='word_1_382' title='bbox 3220 2250 3334 2303; x_wconf 77' lang='lat' dir='ltr'><strong>Non</strong></span> <span class='ocrx_word' id='word_1_383' title='bbox 3383 2251 3460 2304; x_wconf 79' lang='lat' dir='ltr'><strong>ad</strong></span> 
     </span>
    </p>
   </div>
   <div class='ocr_carea' id='block_1_52' title="bbox 1875 2341 3462 2417">
    <p class='ocr_par' dir='ltr' id='par_1_52' title="bbox 1875 2341 3462 2417">
     <span class='ocr_line' id='line_1_52' title="bbox 1875 2341 3462 2417; baseline -0.005 -15"><span class='ocrx_word' id='word_1_384' title='bbox 1875 2365 2031 2417; x_wconf 76' lang='lat' dir='ltr'><strong>aperti</strong></span> <span class='ocrx_word' id='word_1_385' title='bbox 2092 2349 2394 2408; x_wconf 83' lang='lat' dir='ltr'><strong>hominum,</strong></span> <span class='ocrx_word' id='word_1_386' title='bbox 2453 2346 2542 2415; x_wconf 88' lang='lat' dir='ltr'><strong>qui</strong></span> <span class='ocrx_word' id='word_1_387' title='bbox 2609 2343 2818 2398; x_wconf 68' lang='lat' dir='ltr'><strong>faciunt</strong></span> <span class='ocrx_word' id='word_1_388' title='bbox 2876 2353 3071 2414; x_wconf 55' lang='lat' dir='ltr'><strong>praeter</strong></span> <span class='ocrx_word' id='word_1_389' title='bbox 3121 2341 3462 2396; x_wconf 61' lang='lat' dir='ltr'><strong>volitantem.</strong></span> 
     </span>
    </p>
   </div>
   <div class='ocr_carea' id='block_1_53' title="bbox 1879 2434 3460 2508">
    <p class='ocr_par' dir='ltr' id='par_1_53' title="bbox 1879 2434 3460 2508">
     <span class='ocr_line' id='line_1_53' title="bbox 1879 2434 3460 2508; baseline -0.006 -14"><span class='ocrx_word' id='word_1_390' title='bbox 1879 2449 2043 2494; x_wconf 88' lang='lat' dir='ltr'><strong>tuam.</strong></span> <span class='ocrx_word' id='word_1_391' title='bbox 2075 2438 2298 2508; x_wconf 82' lang='lat' dir='ltr'><strong>Propter</strong></span> <span class='ocrx_word' id='word_1_392' title='bbox 2327 2437 2482 2490; x_wconf 81' lang='lat' dir='ltr'><strong>verba</strong></span> <span class='ocrx_word' id='word_1_393' title='bbox 2510 2436 2658 2505; x_wconf 80' lang='lat' dir='ltr'><strong>pacis</strong></span> <span class='ocrx_word' id='word_1_394' title='bbox 2695 2445 2797 2488; x_wconf 71' lang='lat' dir='ltr'><strong>tum</strong></span> <span class='ocrx_word' id='word_1_395' title='bbox 2836 2443 2892 2488; x_wconf 57' lang='lat' dir='ltr'><strong>et:</strong></span> <span class='ocrx_word' id='word_1_396' title='bbox 2919 2434 3317 2502; x_wconf 86' lang='lat' dir='ltr'><strong>prophetarum.</strong></span> <span class='ocrx_word' id='word_1_397' title='bbox 3341 2441 3460 2484; x_wconf 84' lang='lat' dir='ltr'><strong>tuo-</strong></span> 
     </span>
    </p>
   </div>
   <div class='ocr_carea' id='block_1_54' title="bbox 1878 2521 3458 2599">
    <p class='ocr_par' dir='ltr' id='par_1_54' title="bbox 1878 2521 3458 2599">
     <span class='ocr_line' id='line_1_54' title="bbox 1878 2521 3458 2599; baseline -0.006 -15"><span class='ocrx_word' id='word_1_398' title='bbox 1878 2547 1994 2585; x_wconf 86' lang='lat' dir='ltr'><strong>rum</strong></span> <span class='ocrx_word' id='word_1_399' title='bbox 2032 2545 2124 2599; x_wconf 80' lang='lat' dir='ltr'><strong>ego</strong></span> <span class='ocrx_word' id='word_1_400' title='bbox 2173 2527 2433 2581; x_wconf 83' lang='lat' dir='ltr'><strong>custodiui-</strong></span> <span class='ocrx_word' id='word_1_401' title='bbox 2471 2528 2580 2580; x_wconf 84' lang='lat' dir='ltr'><strong>vias</strong></span> <span class='ocrx_word' id='word_1_402' title='bbox 2624 2524 2916 2578; x_wconf 77' lang='lat' dir='ltr'><strong>laboriosas</strong></span> <span class='ocrx_word' id='word_1_403' title='bbox 2960 2521 3311 2576; x_wconf 71' lang='lat' dir='ltr'><strong>montalibatis</strong></span> <span class='ocrx_word' id='word_1_404' title='bbox 3360 2521 3458 2574; x_wconf 63' lang='lat' dir='ltr'><strong>hui-</strong></span> 
     </span>
    </p>
   </div>
   <div class='ocr_carea' id='block_1_55' title="bbox 1881 2617 2555 2689">
    <p class='ocr_par' dir='ltr' id='par_1_55' title="bbox 1881 2617 2555 2689">
     <span class='ocr_line' id='line_1_55' title="bbox 1881 2617 2555 2689; baseline -0.009 -14"><span class='ocrx_word' id='word_1_405' title='bbox 1881 2636 2052 2675; x_wconf 64' lang='lat' dir='ltr'><strong>mantc</strong></span> <span class='ocrx_word' id='word_1_406' title='bbox 2078 2628 2240 2688; x_wconf 90' lang='lat' dir='ltr'><strong>atque</strong></span> <span class='ocrx_word' id='word_1_407' title='bbox 2267 2617 2555 2689; x_wconf 83' lang='lat' dir='ltr'><strong>passionis.</strong></span> 
     </span>
    </p>
   </div>
   <div class='ocr_carea' id='block_1_56' title="bbox 1950 2696 3471 2777">
    <p class='ocr_par' dir='ltr' id='par_1_56' title="bbox 1950 2696 3471 2777">
     <span class='ocr_line' id='line_1_56' title="bbox 1950 2696 3471 2777; baseline -0.008 -10"><span class='ocrx_word' id='word_1_408' title='bbox 1950 2711 2113 2769; x_wconf 75' lang='lat' dir='ltr'><strong>Vsus.</strong></span> <span class='ocrx_word' id='word_1_409' title='bbox 2185 2712 2234 2766; x_wconf 82' lang='grc'>5.</span> <span class='ocrx_word' id='word_1_410' title='bbox 2303 2740 2375 2751; x_wconf 89' lang='grc'><strong><em>-</em></strong></span> <span class='ocrx_word' id='word_1_411' title='bbox 2437 2708 2638 2777; x_wconf 74' lang='lat' dir='ltr'><strong>Per/ica</strong></span> <span class='ocrx_word' id='word_1_412' title='bbox 2705 2721 2915 2777; x_wconf 79' lang='lat' dir='ltr'><strong>gressus</strong></span> <span class='ocrx_word' id='word_1_413' title='bbox 2956 2696 3104 2758; x_wconf 74' lang='lat' dir='ltr'><strong>meos</strong></span> <span class='ocrx_word' id='word_1_414' title='bbox 3149 2703 3205 2756; x_wconf 79' lang='lat' dir='ltr'><strong>in</strong></span> <span class='ocrx_word' id='word_1_415' title='bbox 3265 2703 3471 2756; x_wconf 78' lang='lat' dir='ltr'><strong>sentitis-</strong></span> 
     </span>
    </p>
   </div>
   <div class='ocr_carea' id='block_1_57' title="bbox 1881 2793 3470 2872">
    <p class='ocr_par' dir='ltr' id='par_1_57' title="bbox 1881 2793 3470 2872">
     <span class='ocr_line' id='line_1_57' title="bbox 1881 2793 3470 2872; baseline -0.008 -13"><span class='ocrx_word' id='word_1_416' title='bbox 1881 2808 2006 2869; x_wconf 83' lang='lat' dir='ltr'><strong>tuis,</strong></span> <span class='ocrx_word' id='word_1_417' title='bbox 2040 2815 2142 2858; x_wconf 90' lang='lat' dir='ltr'><strong>etc.</strong></span> <span class='ocrx_word' id='word_1_418' title='bbox 2186 2801 2510 2872; x_wconf 70' lang='lat' dir='ltr'><strong>Perﬁciatur</strong></span> <span class='ocrx_word' id='word_1_419' title='bbox 2545 2799 2784 2853; x_wconf 84' lang='lat' dir='ltr'><strong>charitas</strong></span> <span class='ocrx_word' id='word_1_420' title='bbox 2813 2795 3063 2850; x_wconf 61' lang='lat' dir='ltr'><strong>Eat-lusit:</strong></span> <span class='ocrx_word' id='word_1_421' title='bbox 3099 2793 3470 2850; x_wconf 63' lang='lat' dir='ltr'><strong>iuitinerihus</strong></span> 
     </span>
    </p>
   </div>
   <div class='ocr_carea' id='block_1_58' title="bbox 1883 2881 3462 2966">
    <p class='ocr_par' dir='ltr' id='par_1_58' title="bbox 1883 2881 3462 2966">
     <span class='ocr_line' id='line_1_58' title="bbox 1883 2881 3462 2966; baseline -0.008 -16"><span class='ocrx_word' id='word_1_422' title='bbox 1883 2896 2147 2966; x_wconf 82' lang='lat' dir='ltr'><strong>angustis,</strong></span> <span class='ocrx_word' id='word_1_423' title='bbox 2193 2894 2388 2962; x_wconf 85' lang='lat' dir='ltr'><strong>quibus</strong></span> <span class='ocrx_word' id='word_1_424' title='bbox 2434 2892 2644 2944; x_wconf 79' lang='lat' dir='ltr'><strong>venitur</strong></span> <span class='ocrx_word' id='word_1_425' title='bbox 2682 2888 2747 2942; x_wconf 87' lang='lat' dir='ltr'><strong>ad</strong></span> <span class='ocrx_word' id='word_1_426' title='bbox 2795 2886 3035 2954; x_wconf 88' lang='lat' dir='ltr'><strong>requiem</strong></span> <span class='ocrx_word' id='word_1_427' title='bbox 3067 2894 3233 2946; x_wconf 69' lang='lat' dir='ltr'><strong>tuam.</strong></span> <span class='ocrx_word' id='word_1_428' title='bbox 3262 2881 3462 2938; x_wconf 48' lang='lat' dir='ltr'><strong>Uttnon</strong></span> 
     </span>
    </p>
   </div>
   <div class='ocr_carea' id='block_1_59' title="bbox 1883 2975 3466 3051">
    <p class='ocr_par' dir='ltr' id='par_1_59' title="bbox 1883 2975 3466 3051">
     <span class='ocr_line' id='line_1_59' title="bbox 1883 2975 3466 3051; baseline -0.009 -12"><span class='ocrx_word' id='word_1_429' title='bbox 1883 2995 2187 3039; x_wconf 81' lang='lat' dir='ltr'><strong>moveantur</strong></span> <span class='ocrx_word' id='word_1_430' title='bbox 2231 2985 2377 3051; x_wconf 82' lang='lat' dir='ltr'><strong>signa</strong></span> <span class='ocrx_word' id='word_1_431' title='bbox 2419 2982 2618 3033; x_wconf 85' lang='lat' dir='ltr'><strong>itineris</strong></span> <span class='ocrx_word' id='word_1_432' title='bbox 2667 2981 2788 3041; x_wconf 85' lang='lat' dir='ltr'><strong>mei,</strong></span> <span class='ocrx_word' id='word_1_433' title='bbox 2822 2993 2941 3046; x_wconf 68' lang='lat' dir='ltr'><strong>quae</strong></span> <span class='ocrx_word' id='word_1_434' title='bbox 2970 2986 3226 3045; x_wconf 79' lang='lat' dir='ltr'><strong>tanquam</strong></span> <span class='ocrx_word' id='word_1_435' title='bbox 3252 2975 3466 3044; x_wconf 73' lang='lat' dir='ltr'><strong>uestigia</strong></span> 
     </span>
    </p>
   </div>
   <div class='ocr_carea' id='block_1_60' title="bbox 1885 3069 3464 3138">
    <p class='ocr_par' dir='ltr' id='par_1_60' title="bbox 1885 3069 3464 3138">
     <span class='ocr_line' id='line_1_60' title="bbox 1885 3069 3464 3138; baseline -0.009 -7"><span class='ocrx_word' id='word_1_436' title='bbox 1885 3074 2244 3131; x_wconf 83' lang='lat' dir='ltr'><strong>sacramentis</strong></span> <span class='ocrx_word' id='word_1_437' title='bbox 2275 3081 2329 3125; x_wconf 91' lang='lat' dir='ltr'><strong>et</strong></span> <span class='ocrx_word' id='word_1_438' title='bbox 2360 3070 2655 3138; x_wconf 85' lang='lat' dir='ltr'><strong>Seripturis</strong></span> <span class='ocrx_word' id='word_1_439' title='bbox 2682 3069 2992 3138; x_wconf 73' lang='lat' dir='ltr'><strong>apostolicis</strong></span> <span class='ocrx_word' id='word_1_440' title='bbox 3024 3070 3293 3134; x_wconf 75' lang='lat' dir='ltr'><strong>impressa.</strong></span> <span class='ocrx_word' id='word_1_441' title='bbox 3315 3073 3464 3130; x_wconf 86' lang='lat' dir='ltr'><strong>sunt,</strong></span> 
     </span>
    </p>
   </div>
   <div class='ocr_carea' id='block_1_61' title="bbox 1884 3160 3461 3238">
    <p class='ocr_par' dir='ltr' id='par_1_61' title="bbox 1884 3160 3461 3238">
     <span class='ocr_line' id='line_1_61' title="bbox 1884 3160 3461 3238; baseline -0.005 -17"><span class='ocrx_word' id='word_1_442' title='bbox 1884 3184 2003 3238; x_wconf 74' lang='lat' dir='ltr'><strong>qua:</strong></span> <span class='ocrx_word' id='word_1_443' title='bbox 2034 3167 2345 3220; x_wconf 85' lang='lat' dir='ltr'><strong>intueantur.</strong></span> <span class='ocrx_word' id='word_1_444' title='bbox 2386 3172 2446 3216; x_wconf 84' lang='lat' dir='ltr'><strong>et.</strong></span> <span class='ocrx_word' id='word_1_445' title='bbox 2465 3163 2770 3224; x_wconf 83' lang='lat' dir='ltr'><strong>observent,</strong></span> <span class='ocrx_word' id='word_1_446' title='bbox 2820 3162 2910 3229; x_wconf 89' lang='lat' dir='ltr'><strong>qui</strong></span> <span class='ocrx_word' id='word_1_447' title='bbox 2941 3177 3025 3214; x_wconf 88' lang='lat' dir='ltr'><strong>me</strong></span> <span class='ocrx_word' id='word_1_448' title='bbox 3062 3162 3213 3228; x_wconf 85' lang='lat' dir='ltr'><strong>sequi</strong></span> <span class='ocrx_word' id='word_1_449' title='bbox 3259 3160 3461 3214; x_wconf 78' lang='lat' dir='ltr'><strong>volunt.</strong></span> 
     </span>
    </p>
   </div>
   <div class='ocr_carea' id='block_1_62' title="bbox 273 3247 3466 3341">
    <p class='ocr_par' dir='ltr' id='par_1_62' title="bbox 273 3247 3466 3341">
     <span class='ocr_line' id='line_1_62' title="bbox 273 3247 3466 3341; baseline -0.003 -25"><span class='ocrx_word' id='word_1_450' title='bbox 273 3274 442 3328; x_wconf 56' lang='lat' dir='ltr'><strong>Vnus,</strong></span> <span class='ocrx_word' id='word_1_451' title='bbox 490 3272 546 3325; x_wconf 71' lang='grc' dir='ltr'><strong>ει</strong></span> <span class='ocrx_word' id='word_1_452' title='bbox 584 3301 655 3312; x_wconf 91' lang='grc'>...-</span> <span class='ocrx_word' id='word_1_453' title='bbox 693 3270 1035 3326; x_wconf 53' lang='lat' dir='ltr'><strong>providebam</strong></span> <span class='ocrx_word' id='word_1_454' title='bbox 1084 3273 1360 3326; x_wconf 64' lang='lat' dir='ltr'><strong>Dominum</strong></span> <span class='ocrx_word' id='word_1_455' title='bbox 1412 3275 1464 3326; x_wconf 67' lang='grc' dir='ltr'><strong>ξι,</strong></span> <span class='ocrx_word' id='word_1_456' title='bbox 1509 3284 1783 3341; x_wconf 54' lang='lat' dir='ltr'><strong>conspectu</strong></span> <span class='ocrx_word' id='word_1_457' title='bbox 1810 3247 1992 3312; x_wconf 59' lang='lat' dir='ltr'><strong>G&#39;Aut</strong></span> <span class='ocrx_word' id='word_1_458' title='bbox 2025 3267 2170 3311; x_wconf 88' lang='lat' dir='ltr'><strong>certe</strong></span> <span class='ocrx_word' id='word_1_459' title='bbox 2221 3264 2280 3308; x_wconf 90' lang='lat' dir='ltr'><strong>ut</strong></span> <span class='ocrx_word' id='word_1_460' title='bbox 2323 3253 2436 3322; x_wconf 85' lang='lat' dir='ltr'><strong>jam</strong></span> <span class='ocrx_word' id='word_1_461' title='bbox 2485 3254 2752 3307; x_wconf 82' lang='lat' dir='ltr'><strong>stabiliter</strong></span> <span class='ocrx_word' id='word_1_462' title='bbox 2802 3253 2856 3306; x_wconf 88' lang='lat' dir='ltr'><strong>in</strong></span> <span class='ocrx_word' id='word_1_463' title='bbox 2897 3252 3206 3306; x_wconf 61' lang='lat' dir='ltr'><strong>aiternitate</strong></span> <span class='ocrx_word' id='word_1_464' title='bbox 3252 3265 3466 3320; x_wconf 85' lang='lat' dir='ltr'><strong>perma-</strong></span> 
     </span>
    </p>
   </div>
   <div class='ocr_carea' id='block_1_63' title="bbox 192 3367 1782 3434">
    <p class='ocr_par' dir='ltr' id='par_1_63' title="bbox 192 3367 1782 3434">
     <span class='ocr_line' id='line_1_63' title="bbox 192 3367 1782 3434; baseline -0.003 -14"><span class='ocrx_word' id='word_1_465' title='bbox 192 3382 314 3420; x_wconf 80' lang='lat' dir='ltr'><strong>meo</strong></span> <span class='ocrx_word' id='word_1_466' title='bbox 345 3382 566 3434; x_wconf 79' lang='lat' dir='ltr'><strong>semper,</strong></span> <span class='ocrx_word' id='word_1_467' title='bbox 594 3374 697 3420; x_wconf 85' lang='lat' dir='ltr'><strong>etc.</strong></span> <span class='ocrx_word' id='word_1_468' title='bbox 727 3367 956 3420; x_wconf 84' lang='lat' dir='ltr'><strong>Veniens</strong></span> <span class='ocrx_word' id='word_1_469' title='bbox 981 3367 1124 3421; x_wconf 88' lang='lat' dir='ltr'><strong>enim</strong></span> <span class='ocrx_word' id='word_1_470' title='bbox 1157 3367 1208 3418; x_wconf 92' lang='lat' dir='ltr'><strong>in</strong></span> <span class='ocrx_word' id='word_1_471' title='bbox 1230 3380 1290 3418; x_wconf 88' lang='lat' dir='ltr'><strong>ea</strong></span> <span class='ocrx_word' id='word_1_472' title='bbox 1317 3380 1436 3434; x_wconf 72' lang='lat' dir='ltr'><strong>quze</strong></span> <span class='ocrx_word' id='word_1_473' title='bbox 1483 3372 1782 3427; x_wconf 68' lang='lat' dir='ltr'><strong>tmnsnunt,</strong></span> 
     </span>
    </p>
   </div>
   <div class='ocr_carea' id='block_1_64' title="bbox 193 3436 1786 3525">
    <p class='ocr_par' dir='ltr' id='par_1_64' title="bbox 193 3436 1786 3525">
     <span class='ocr_line' id='line_1_64' title="bbox 193 3436 1786 3525; baseline -0.002 -13"><span class='ocrx_word' id='word_1_474' title='bbox 193 3473 308 3512; x_wconf 87' lang='lat' dir='ltr'><strong>non</strong></span> <span class='ocrx_word' id='word_1_475' title='bbox 346 3436 554 3511; x_wconf 73' lang='lat' dir='ltr'><strong>absiuli.</strong></span> <span class='ocrx_word' id='word_1_476' title='bbox 585 3457 798 3512; x_wconf 85' lang='lat' dir='ltr'><strong>oculum</strong></span> <span class='ocrx_word' id='word_1_477' title='bbox 845 3458 913 3511; x_wconf 86' lang='lat' dir='ltr'><strong>ab</strong></span> <span class='ocrx_word' id='word_1_478' title='bbox 957 3472 1022 3510; x_wconf 89' lang='lat' dir='ltr'><strong>eo</strong></span> <span class='ocrx_word' id='word_1_479' title='bbox 1059 3457 1162 3525; x_wconf 87' lang='lat' dir='ltr'><strong>qui-</strong></span> <span class='ocrx_word' id='word_1_480' title='bbox 1192 3471 1405 3525; x_wconf 87' lang='lat' dir='ltr'><strong>semper</strong></span> <span class='ocrx_word' id='word_1_481' title='bbox 1451 3465 1650 3518; x_wconf 79' lang='lat' dir='ltr'><strong>manet,</strong></span> <span class='ocrx_word' id='word_1_482' title='bbox 1686 3457 1786 3509; x_wconf 86' lang='lat' dir='ltr'><strong>hoe</strong></span> 
     </span>
    </p>
   </div>
   <div class='ocr_carea' id='block_1_65' title="bbox 191 3548 1786 3619">
    <p class='ocr_par' dir='ltr' id='par_1_65' title="bbox 191 3548 1786 3619">
     <span class='ocr_line' id='line_1_65' title="bbox 191 3548 1786 3619; baseline -0.003 -17"><span class='ocrx_word' id='word_1_483' title='bbox 191 3550 501 3619; x_wconf 83' lang='lat' dir='ltr'><strong>providens,</strong></span> <span class='ocrx_word' id='word_1_484' title='bbox 527 3560 585 3602; x_wconf 90' lang='lat' dir='ltr'><strong>ut</strong></span> <span class='ocrx_word' id='word_1_485' title='bbox 611 3550 660 3603; x_wconf 92' lang='lat' dir='ltr'><strong>iu</strong></span> <span class='ocrx_word' id='word_1_486' title='bbox 692 3565 813 3604; x_wconf 90' lang='lat' dir='ltr'><strong>eum</strong></span> <span class='ocrx_word' id='word_1_487' title='bbox 861 3565 955 3619; x_wconf 88' lang='lat' dir='ltr'><strong>per</strong></span> <span class='ocrx_word' id='word_1_488' title='bbox 1001 3548 1328 3617; x_wconf 78' lang='lat' dir='ltr'><strong>tempora-lia-</strong></span> <span class='ocrx_word' id='word_1_489' title='bbox 1355 3556 1580 3617; x_wconf 70' lang='lat' dir='ltr'><strong>peracta</strong></span> <span class='ocrx_word' id='word_1_490' title='bbox 1604 3560 1786 3599; x_wconf 76' lang='lat' dir='ltr'><strong>recur-</strong></span> 
     </span>
    </p>
   </div>
   <div class='ocr_carea' id='block_1_66' title="bbox 193 3635 1784 3710">
    <p class='ocr_par' dir='ltr' id='par_1_66' title="bbox 193 3635 1784 3710">
     <span class='ocr_line' id='line_1_66' title="bbox 193 3635 1784 3710; baseline -0.006 -14"><span class='ocrx_word' id='word_1_491' title='bbox 193 3656 407 3704; x_wconf 83' lang='lat' dir='ltr'><strong>rerent,</strong></span> <span class='ocrx_word' id='word_1_492' title='bbox 439 3641 530 3709; x_wconf 85' lang='lat' dir='ltr'><strong>qui</strong></span> <span class='ocrx_word' id='word_1_493' title='bbox 562 3641 690 3694; x_wconf 88' lang='lat' dir='ltr'><strong>mihi</strong></span> <span class='ocrx_word' id='word_1_494' title='bbox 716 3655 928 3710; x_wconf 70' lang='lat' dir='ltr'><strong>semper</strong></span> <span class='ocrx_word' id='word_1_495' title='bbox 955 3656 992 3692; x_wconf 73' lang='lat' dir='ltr'><strong>tt</strong></span> <span class='ocrx_word' id='word_1_496' title='bbox 1017 3640 1216 3693; x_wconf 66' lang='lat' dir='ltr'><strong>der-tuis</strong></span> <span class='ocrx_word' id='word_1_497' title='bbox 1237 3647 1330 3701; x_wconf 77' lang='lat' dir='ltr'><strong>est,</strong></span> <span class='ocrx_word' id='word_1_498' title='bbox 1356 3636 1703 3691; x_wconf 63' lang='lat' dir='ltr'><strong>utsuhiiiter</strong></span> <span class='ocrx_word' id='word_1_499' title='bbox 1730 3635 1784 3688; x_wconf 92' lang='lat' dir='ltr'><strong>in</strong></span> 
     </span>
    </p>
   </div>
   <div class='ocr_carea' id='block_1_67' title="bbox 191 3747 683 3801">
    <p class='ocr_par' dir='ltr' id='par_1_67' title="bbox 191 3747 683 3801">
     <span class='ocr_line' id='line_1_67' title="bbox 191 3747 683 3801; baseline -0.004 -14"><span class='ocrx_word' id='word_1_500' title='bbox 191 3748 261 3787; x_wconf 86' lang='lat' dir='ltr'><strong>eo</strong></span> <span class='ocrx_word' id='word_1_501' title='bbox 315 3747 683 3801; x_wconf 86' lang='lat' dir='ltr'><strong>permaneam.</strong></span> 
     </span>
    </p>
   </div>
   <div class='ocr_carea' id='block_1_68' title="bbox 271 3824 1786 3894">
    <p class='ocr_par' dir='ltr' id='par_1_68' title="bbox 271 3824 1786 3894">
     <span class='ocr_line' id='line_1_68' title="bbox 271 3824 1786 3894; baseline -0.005 -14"><span class='ocrx_word' id='word_1_502' title='bbox 271 3825 444 3880; x_wconf 70' lang='lat' dir='ltr'><strong>Vens.</strong></span> <span class='ocrx_word' id='word_1_503' title='bbox 469 3826 520 3880; x_wconf 80' lang='lat'><strong>9.</strong></span> <span class='ocrx_word' id='word_1_504' title='bbox 545 3855 615 3865; x_wconf 88' lang='lat'>—</span> <span class='ocrx_word' id='word_1_505' title='bbox 636 3824 858 3894; x_wconf 79' lang='lat' dir='ltr'><strong>Propter</strong></span> <span class='ocrx_word' id='word_1_506' title='bbox 880 3826 979 3878; x_wconf 75' lang='lat' dir='ltr'><strong>hoc</strong></span> <span class='ocrx_word' id='word_1_507' title='bbox 999 3825 1232 3877; x_wconf 72' lang='lat' dir='ltr'><strong>latatum</strong></span> <span class='ocrx_word' id='word_1_508' title='bbox 1258 3832 1332 3876; x_wconf 83' lang='lat' dir='ltr'><strong>est</strong></span> <span class='ocrx_word' id='word_1_509' title='bbox 1353 3837 1442 3875; x_wconf 86' lang='lat' dir='ltr'><strong>cor</strong></span> <span class='ocrx_word' id='word_1_510' title='bbox 1467 3836 1660 3882; x_wconf 80' lang='lat' dir='ltr'><strong>meum,</strong></span> <span class='ocrx_word' id='word_1_511' title='bbox 1677 3829 1786 3873; x_wconf 86' lang='lat' dir='ltr'><strong>etc.</strong></span> 
     </span>
    </p>
   </div>
   <div class='ocr_carea' id='block_1_69' title="bbox 192 3912 1786 3988">
    <p class='ocr_par' dir='ltr' id='par_1_69' title="bbox 192 3912 1786 3988">
     <span class='ocr_line' id='line_1_69' title="bbox 192 3912 1786 3988; baseline -0.005 -16"><span class='ocrx_word' id='word_1_512' title='bbox 192 3921 274 3973; x_wconf 74' lang='lat' dir='ltr'><strong>Ac</strong></span> <span class='ocrx_word' id='word_1_513' title='bbox 333 3919 378 3972; x_wconf 89' lang='lat' dir='ltr'><strong>si</strong></span> <span class='ocrx_word' id='word_1_514' title='bbox 429 3927 615 3988; x_wconf 86' lang='lat' dir='ltr'><strong>aperte</strong></span> <span class='ocrx_word' id='word_1_515' title='bbox 641 3918 781 3971; x_wconf 88' lang='lat' dir='ltr'><strong>dicat</strong></span> <span class='ocrx_word' id='word_1_516' title='bbox 815 3935 826 3969; x_wconf 94' lang='lat'><strong>:</strong></span> <span class='ocrx_word' id='word_1_517' title='bbox 869 3916 1093 3985; x_wconf 82' lang='lat' dir='ltr'><strong>Propter</strong></span> <span class='ocrx_word' id='word_1_518' title='bbox 1121 3917 1222 3968; x_wconf 88' lang='lat' dir='ltr'><strong>hoc</strong></span> <span class='ocrx_word' id='word_1_519' title='bbox 1265 3924 1320 3968; x_wconf 91' lang='lat' dir='ltr'><strong>et</strong></span> <span class='ocrx_word' id='word_1_520' title='bbox 1354 3915 1403 3966; x_wconf 76' lang='lat' dir='ltr'><strong>in</strong></span> <span class='ocrx_word' id='word_1_521' title='bbox 1443 3912 1786 3984; x_wconf 78' lang='lat' dir='ltr'><strong>cogitationi-</strong></span> 
     </span>
    </p>
   </div>
   <div class='ocr_carea' id='block_1_70' title="bbox 193 4004 1790 4076">
    <p class='ocr_par' dir='ltr' id='par_1_70' title="bbox 193 4004 1790 4076">
     <span class='ocr_line' id='line_1_70' title="bbox 193 4004 1790 4076; baseline -0.004 -14"><span class='ocrx_word' id='word_1_522' title='bbox 193 4010 301 4063; x_wconf 90' lang='lat' dir='ltr'><strong>bus</strong></span> <span class='ocrx_word' id='word_1_523' title='bbox 346 4011 483 4063; x_wconf 87' lang='lat' dir='ltr'><strong>meis</strong></span> <span class='ocrx_word' id='word_1_524' title='bbox 522 4007 851 4076; x_wconf 87' lang='lat' dir='ltr'><strong>jucundilas,</strong></span> <span class='ocrx_word' id='word_1_525' title='bbox 902 4016 956 4062; x_wconf 88' lang='lat' dir='ltr'><strong>et</strong></span> <span class='ocrx_word' id='word_1_526' title='bbox 1002 4009 1062 4060; x_wconf 87' lang='lat' dir='ltr'><strong>in</strong></span> <span class='ocrx_word' id='word_1_527' title='bbox 1091 4007 1268 4059; x_wconf 81' lang='lat' dir='ltr'><strong>verbis</strong></span> <span class='ocrx_word' id='word_1_528' title='bbox 1297 4005 1604 4059; x_wconf 78' lang='lat' dir='ltr'><strong>exsultatio.</strong></span> <span class='ocrx_word' id='word_1_529' title='bbox 1639 4004 1790 4057; x_wconf 86' lang='lat' dir='ltr'><strong>lnsu-</strong></span> 
     </span>
    </p>
   </div>
   <div class='ocr_carea' id='block_1_71' title="bbox 192 4097 1794 4174">
    <p class='ocr_par' dir='ltr' id='par_1_71' title="bbox 192 4097 1794 4174">
     <span class='ocr_line' id='line_1_71' title="bbox 192 4097 1794 4174; baseline -0.003 -18"><span class='ocrx_word' id='word_1_530' title='bbox 192 4120 291 4174; x_wconf 84' lang='lat' dir='ltr'><strong>per</strong></span> <span class='ocrx_word' id='word_1_531' title='bbox 320 4114 372 4156; x_wconf 85' lang='lat' dir='ltr'><strong>et</strong></span> <span class='ocrx_word' id='word_1_532' title='bbox 425 4119 549 4156; x_wconf 87' lang='lat' dir='ltr'><strong>caro</strong></span> <span class='ocrx_word' id='word_1_533' title='bbox 588 4118 692 4156; x_wconf 93' lang='lat' dir='ltr'><strong>non</strong></span> <span class='ocrx_word' id='word_1_534' title='bbox 728 4101 940 4155; x_wconf 82' lang='lat' dir='ltr'><strong>deliciet</strong></span> <span class='ocrx_word' id='word_1_535' title='bbox 994 4101 1044 4153; x_wconf 91' lang='lat' dir='ltr'><strong>in</strong></span> <span class='ocrx_word' id='word_1_536' title='bbox 1105 4099 1406 4164; x_wconf 83' lang='lat' dir='ltr'><strong>interitum,</strong></span> <span class='ocrx_word' id='word_1_537' title='bbox 1447 4098 1540 4151; x_wconf 89' lang='lat' dir='ltr'><strong>sed</strong></span> <span class='ocrx_word' id='word_1_538' title='bbox 1594 4097 1647 4149; x_wconf 89' lang='lat' dir='ltr'><strong>in</strong></span> <span class='ocrx_word' id='word_1_539' title='bbox 1697 4110 1794 4165; x_wconf 85' lang='lat' dir='ltr'><strong>spe</strong></span> 
     </span>
    </p>
   </div>
   <div class='ocr_carea' id='block_1_72' title="bbox 196 4194 986 4250">
    <p class='ocr_par' dir='ltr' id='par_1_72' title="bbox 196 4194 986 4250">
     <span class='ocr_line' id='line_1_72' title="bbox 196 4194 986 4250; baseline -0.005 -1"><span class='ocrx_word' id='word_1_540' title='bbox 196 4194 630 4250; x_wconf 86' lang='lat' dir='ltr'><strong>resurrectionis</strong></span> <span class='ocrx_word' id='word_1_541' title='bbox 667 4194 986 4247; x_wconf 76' lang='lat' dir='ltr'><strong>obdormiat.</strong></span> 
     </span>
    </p>
   </div>
   <div class='ocr_carea' id='block_1_73' title="bbox 271 4280 1794 4352">
    <p class='ocr_par' dir='ltr' id='par_1_73' title="bbox 271 4280 1794 4352">
     <span class='ocr_line' id='line_1_73' title="bbox 271 4280 1794 4352; baseline -0.009 -7"><span class='ocrx_word' id='word_1_542' title='bbox 271 4289 448 4345; x_wconf 70' lang='lat' dir='ltr'><strong>Vsus.</strong></span> <span class='ocrx_word' id='word_1_543' title='bbox 489 4288 574 4341; x_wconf 79' lang='grc'><strong>10.</strong></span> <span class='ocrx_word' id='word_1_544' title='bbox 623 4317 693 4327; x_wconf 90' lang='grc'><strong><em>-</em></strong></span> <span class='ocrx_word' id='word_1_545' title='bbox 732 4286 991 4352; x_wconf 80' lang='lat' dir='ltr'><strong>Quoniam</strong></span> <span class='ocrx_word' id='word_1_546' title='bbox 1041 4300 1142 4337; x_wconf 84' lang='lat' dir='ltr'><strong>non</strong></span> <span class='ocrx_word' id='word_1_547' title='bbox 1191 4281 1516 4350; x_wconf 72' lang='lat' dir='ltr'><strong>derelinquas</strong></span> <span class='ocrx_word' id='word_1_548' title='bbox 1562 4280 1794 4332; x_wconf 72' lang='lat' dir='ltr'><strong>animum</strong></span> 
     </span>
    </p>
   </div>
   <div class='ocr_carea' id='block_1_74' title="bbox 195 4372 1791 4446">
    <p class='ocr_par' dir='ltr' id='par_1_74' title="bbox 195 4372 1791 4446">
     <span class='ocr_line' id='line_1_74' title="bbox 195 4372 1791 4446; baseline -0.008 -15"><span class='ocrx_word' id='word_1_549' title='bbox 195 4396 382 4433; x_wconf 88' lang='lat' dir='ltr'><strong>meum</strong></span> <span class='ocrx_word' id='word_1_550' title='bbox 416 4379 469 4430; x_wconf 87' lang='lat' dir='ltr'><strong>in</strong></span> <span class='ocrx_word' id='word_1_551' title='bbox 521 4377 748 4446; x_wconf 74' lang='lat' dir='ltr'><strong>inferno,</strong></span> <span class='ocrx_word' id='word_1_552' title='bbox 791 4386 912 4439; x_wconf 68' lang='lat' dir='ltr'><strong>etc.,</strong></span> <span class='ocrx_word' id='word_1_553' title='bbox 944 4374 1076 4426; x_wconf 83' lang='lat' dir='ltr'><strong>Nam</strong></span> <span class='ocrx_word' id='word_1_554' title='bbox 1127 4388 1298 4440; x_wconf 88' lang='lat' dir='ltr'><strong>neque</strong></span> <span class='ocrx_word' id='word_1_555' title='bbox 1339 4372 1578 4423; x_wconf 77' lang='lat' dir='ltr'><strong>annnam</strong></span> <span class='ocrx_word' id='word_1_556' title='bbox 1617 4383 1791 4422; x_wconf 83' lang='lat' dir='ltr'><strong>meam</strong></span> 
     </span>
    </p>
   </div>
   <div class='ocr_carea' id='block_1_75' title="bbox 197 4463 1796 4537">
    <p class='ocr_par' dir='ltr' id='par_1_75' title="bbox 197 4463 1796 4537">
     <span class='ocr_line' id='line_1_75' title="bbox 197 4463 1796 4537; baseline -0.009 -12"><span class='ocrx_word' id='word_1_557' title='bbox 197 4469 403 4525; x_wconf 66' lang='lat' dir='ltr'><strong>inferis</strong></span> <span class='ocrx_word' id='word_1_558' title='bbox 435 4468 811 4537; x_wconf 76' lang='lat' dir='ltr'><strong>possidendam</strong></span> <span class='ocrx_word' id='word_1_559' title='bbox 840 4466 1014 4527; x_wconf 89' lang='lat' dir='ltr'><strong>dabis,</strong></span> <span class='ocrx_word' id='word_1_560' title='bbox 1055 4480 1225 4532; x_wconf 85' lang='lat' dir='ltr'><strong>neque</strong></span> <span class='ocrx_word' id='word_1_561' title='bbox 1254 4463 1646 4516; x_wconf 74' lang='lat' dir='ltr'><strong>sanctiﬁcatum</strong></span> <span class='ocrx_word' id='word_1_562' title='bbox 1675 4473 1796 4512; x_wconf 82' lang='lat' dir='ltr'><strong>cor-</strong></span> 
     </span>
    </p>
   </div>
   <div class='ocr_carea' id='block_1_76' title="bbox 198 4551 1795 4632">
    <p class='ocr_par' dir='ltr' id='par_1_76' title="bbox 198 4551 1795 4632">
     <span class='ocr_line' id='line_1_76' title="bbox 198 4551 1795 4632; baseline -0.008 -15"><span class='ocrx_word' id='word_1_563' title='bbox 198 4579 329 4632; x_wconf 86' lang='lat' dir='ltr'><strong>pus,</strong></span> <span class='ocrx_word' id='word_1_564' title='bbox 388 4575 487 4630; x_wconf 85' lang='lat' dir='ltr'><strong>per</strong></span> <span class='ocrx_word' id='word_1_565' title='bbox 514 4561 656 4629; x_wconf 81' lang='lat' dir='ltr'><strong>quod</strong></span> <span class='ocrx_word' id='word_1_566' title='bbox 703 4559 876 4613; x_wconf 79' lang='lat' dir='ltr'><strong>etalii</strong></span> <span class='ocrx_word' id='word_1_567' title='bbox 922 4556 1290 4612; x_wconf 86' lang='lat' dir='ltr'><strong>sanctilieandi</strong></span> <span class='ocrx_word' id='word_1_568' title='bbox 1331 4564 1474 4618; x_wconf 76' lang='lat' dir='ltr'><strong>sunt,</strong></span> <span class='ocrx_word' id='word_1_569' title='bbox 1522 4551 1795 4620; x_wconf 87' lang='lat' dir='ltr'><strong>corrumpi</strong></span> 
     </span>
    </p>
   </div>
   <div class='ocr_carea' id='block_1_77' title="bbox 197 4653 460 4721">
    <p class='ocr_par' dir='ltr' id='par_1_77' title="bbox 197 4653 460 4721">
     <span class='ocr_line' id='line_1_77' title="bbox 197 4653 460 4721; baseline -0.004 -17"><span class='ocrx_word' id='word_1_570' title='bbox 197 4653 460 4721; x_wconf 84' lang='lat' dir='ltr'><strong>patieris.</strong></span> 
     </span>
    </p>
   </div>
   <div class='ocr_carea' id='block_1_78' title="bbox 282 4737 1796 4814">
    <p class='ocr_par' dir='ltr' id='par_1_78' title="bbox 282 4737 1796 4814">
     <span class='ocr_line' id='line_1_78' title="bbox 282 4737 1796 4814; baseline -0.009 -14"><span class='ocrx_word' id='word_1_571' title='bbox 282 4747 338 4800; x_wconf 71' lang='lat' dir='ltr'><strong>1V</strong></span> <span class='ocrx_word' id='word_1_572' title='bbox 351 4757 463 4799; x_wconf 87' lang='lat' dir='ltr'><strong>atas</strong></span> <span class='ocrx_word' id='word_1_573' title='bbox 489 4746 617 4799; x_wconf 85' lang='lat' dir='ltr'><strong>mihi</strong></span> <span class='ocrx_word' id='word_1_574' title='bbox 645 4744 812 4814; x_wconf 76' lang='lat' dir='ltr'><strong>fecisti</strong></span> <span class='ocrx_word' id='word_1_575' title='bbox 841 4744 948 4798; x_wconf 79' lang='lat' dir='ltr'><strong>vias</strong></span> <span class='ocrx_word' id='word_1_576' title='bbox 981 4743 1116 4806; x_wconf 69' lang='lat' dir='ltr'><strong>vitta,</strong></span> <span class='ocrx_word' id='word_1_577' title='bbox 1147 4751 1251 4795; x_wconf 86' lang='lat' dir='ltr'><strong>etc.</strong></span> <span class='ocrx_word' id='word_1_578' title='bbox 1298 4739 1468 4793; x_wconf 83' lang='lat' dir='ltr'><strong>Notas</strong></span> <span class='ocrx_word' id='word_1_579' title='bbox 1502 4737 1670 4804; x_wconf 78' lang='lat' dir='ltr'><strong>fecisti</strong></span> <span class='ocrx_word' id='word_1_580' title='bbox 1700 4749 1796 4804; x_wconf 87' lang='lat' dir='ltr'><strong>per</strong></span> 
     </span>
    </p>
   </div>
   <div class='ocr_carea' id='block_1_79' title="bbox 200 4828 1794 4898">
    <p class='ocr_par' dir='ltr' id='par_1_79' title="bbox 200 4828 1794 4898">
     <span class='ocr_line' id='line_1_79' title="bbox 200 4828 1794 4898; baseline -0.009 -7"><span class='ocrx_word' id='word_1_581' title='bbox 200 4853 295 4891; x_wconf 85' lang='lat' dir='ltr'><strong>me</strong></span> <span class='ocrx_word' id='word_1_582' title='bbox 333 4836 656 4889; x_wconf 85' lang='lat' dir='ltr'><strong>lmmilitatis</strong></span> <span class='ocrx_word' id='word_1_583' title='bbox 687 4837 814 4898; x_wconf 83' lang='lat' dir='ltr'><strong>vias,</strong></span> <span class='ocrx_word' id='word_1_584' title='bbox 849 4843 905 4886; x_wconf 92' lang='lat' dir='ltr'><strong>ut</strong></span> <span class='ocrx_word' id='word_1_585' title='bbox 945 4833 1010 4885; x_wconf 85' lang='lat' dir='ltr'><strong>ad</strong></span> <span class='ocrx_word' id='word_1_586' title='bbox 1041 4835 1197 4885; x_wconf 74' lang='lat' dir='ltr'><strong>vitam</strong></span> <span class='ocrx_word' id='word_1_587' title='bbox 1243 4829 1480 4884; x_wconf 87' lang='lat' dir='ltr'><strong>redirent</strong></span> <span class='ocrx_word' id='word_1_588' title='bbox 1533 4828 1794 4886; x_wconf 87' lang='lat' dir='ltr'><strong>homines,</strong></span> 
     </span>
    </p>
   </div>
   <div class='ocr_carea' id='block_1_80' title="bbox 203 4911 1806 4998">
    <p class='ocr_par' dir='ltr' id='par_1_80' title="bbox 203 4911 1806 4998">
     <span class='ocr_line' id='line_1_80' title="bbox 203 4911 1806 4998; baseline -0.008 -17"><span class='ocrx_word' id='word_1_589' title='bbox 203 4930 360 4981; x_wconf 82' lang='lat' dir='ltr'><strong>unde</strong></span> <span class='ocrx_word' id='word_1_590' title='bbox 393 4943 487 4998; x_wconf 78' lang='lat' dir='ltr'><strong>per</strong></span> <span class='ocrx_word' id='word_1_591' title='bbox 526 4927 830 4996; x_wconf 84' lang='lat' dir='ltr'><strong>superbiam</strong></span> <span class='ocrx_word' id='word_1_592' title='bbox 875 4925 1203 4979; x_wconf 83' lang='lat' dir='ltr'><strong>ceciderunt.</strong></span> <span class='ocrx_word' id='word_1_593' title='bbox 1239 4922 1294 4974; x_wconf 84' lang='lat' dir='ltr'><strong>In</strong></span> <span class='ocrx_word' id='word_1_594' title='bbox 1328 4938 1434 4988; x_wconf 83' lang='lat' dir='ltr'><strong>qua</strong></span> <span class='ocrx_word' id='word_1_595' title='bbox 1487 4911 1806 4983; x_wconf 74' lang='lat' dir='ltr'><strong>adimplebis</strong></span> 
     </span>
    </p>
   </div>
   <div class='ocr_carea' id='block_1_81' title="bbox 201 5008 1798 5086">
    <p class='ocr_par' dir='ltr' id='par_1_81' title="bbox 201 5008 1798 5086">
     <span class='ocr_line' id='line_1_81' title="bbox 201 5008 1798 5086; baseline -0.008 -12"><span class='ocrx_word' id='word_1_596' title='bbox 201 5035 305 5074; x_wconf 75' lang='lat' dir='ltr'><strong>eos</strong></span> <span class='ocrx_word' id='word_1_597' title='bbox 341 5022 428 5072; x_wconf 77' lang='lat' dir='ltr'><strong>ltet</strong></span> <span class='ocrx_word' id='word_1_598' title='bbox 453 5021 549 5084; x_wconf 88' lang='lat' dir='ltr'><strong>tia,</strong></span> <span class='ocrx_word' id='word_1_599' title='bbox 582 5031 639 5073; x_wconf 89' lang='lat' dir='ltr'><strong>ut</strong></span> <span class='ocrx_word' id='word_1_600' title='bbox 666 5035 768 5072; x_wconf 87' lang='lat' dir='ltr'><strong>non</strong></span> <span class='ocrx_word' id='word_1_601' title='bbox 799 5019 939 5071; x_wconf 86' lang='lat' dir='ltr'><strong>ultra</strong></span> <span class='ocrx_word' id='word_1_602' title='bbox 973 5025 1214 5086; x_wconf 60' lang='lat' dir='ltr'><strong>quierant</strong></span> <span class='ocrx_word' id='word_1_603' title='bbox 1245 5013 1465 5083; x_wconf 81' lang='lat' dir='ltr'><strong>aliquid,</strong></span> <span class='ocrx_word' id='word_1_604' title='bbox 1496 5025 1617 5064; x_wconf 87' lang='lat' dir='ltr'><strong>eum</strong></span> <span class='ocrx_word' id='word_1_605' title='bbox 1663 5008 1798 5062; x_wconf 81' lang='lat' dir='ltr'><strong>facie</strong></span> 
     </span>
    </p>
   </div>
   <div class='ocr_carea' id='block_1_82' title="bbox 204 5111 1797 5180">
    <p class='ocr_par' dir='ltr' id='par_1_82' title="bbox 204 5111 1797 5180">
     <span class='ocr_line' id='line_1_82' title="bbox 204 5111 1797 5180; baseline -0.006 -14"><span class='ocrx_word' id='word_1_606' title='bbox 204 5115 280 5166; x_wconf 81' lang='lat' dir='ltr'><strong>ad</strong></span> <span class='ocrx_word' id='word_1_607' title='bbox 319 5111 514 5166; x_wconf 79' lang='lat' dir='ltr'><strong>faciem</strong></span> <span class='ocrx_word' id='word_1_608' title='bbox 539 5112 771 5167; x_wconf 84' lang='lat' dir='ltr'><strong>viderint</strong></span> <span class='ocrx_word' id='word_1_609' title='bbox 803 5123 876 5176; x_wconf 87' lang='lat' dir='ltr'><strong>te,</strong></span> <span class='ocrx_word' id='word_1_610' title='bbox 916 5112 966 5163; x_wconf 89' lang='lat' dir='ltr'><strong>in</strong></span> <span class='ocrx_word' id='word_1_611' title='bbox 1001 5111 1213 5180; x_wconf 83' lang='lat' dir='ltr'><strong>quibus,</strong></span> <span class='ocrx_word' id='word_1_612' title='bbox 1247 5111 1370 5178; x_wconf 80' lang='lat' dir='ltr'><strong>quia</strong></span> <span class='ocrx_word' id='word_1_613' title='bbox 1400 5123 1500 5177; x_wconf 81' lang='lat' dir='ltr'><strong>ego</strong></span> <span class='ocrx_word' id='word_1_614' title='bbox 1539 5121 1677 5167; x_wconf 86' lang='lat' dir='ltr'><strong>smn,</strong></span> <span class='ocrx_word' id='word_1_615' title='bbox 1719 5119 1797 5156; x_wconf 84' lang='lat' dir='ltr'><strong>me</strong></span> 
     </span>
    </p>
   </div>
   <div class='ocr_carea' id='block_1_83' title="bbox 205 5199 1800 5273">
    <p class='ocr_par' dir='ltr' id='par_1_83' title="bbox 205 5199 1800 5273">
     <span class='ocr_line' id='line_1_83' title="bbox 205 5199 1800 5273; baseline -0.007 -13"><span class='ocrx_word' id='word_1_616' title='bbox 205 5206 552 5273; x_wconf 80' lang='lat' dir='ltr'><strong>adimplebis.</strong></span> <span class='ocrx_word' id='word_1_617' title='bbox 583 5205 872 5258; x_wconf 78' lang='lat' dir='ltr'><strong>Delectatio</strong></span> <span class='ocrx_word' id='word_1_618' title='bbox 901 5213 981 5258; x_wconf 84' lang='lat' dir='ltr'><strong>est</strong></span> <span class='ocrx_word' id='word_1_619' title='bbox 1018 5221 1071 5256; x_wconf 88' lang='lat' dir='ltr'><strong>Ill</strong></span> <span class='ocrx_word' id='word_1_620' title='bbox 1118 5204 1300 5255; x_wconf 88' lang='lat' dir='ltr'><strong>favore</strong></span> <span class='ocrx_word' id='word_1_621' title='bbox 1326 5211 1378 5252; x_wconf 87' lang='lat' dir='ltr'><strong>et</strong></span> <span class='ocrx_word' id='word_1_622' title='bbox 1420 5199 1800 5268; x_wconf 79' lang='lat' dir='ltr'><strong>propitiatione</strong></span> 
     </span>
    </p>
   </div>
   <div class='ocr_carea' id='block_1_84' title="bbox 209 5289 1798 5366">
    <p class='ocr_par' dir='ltr' id='par_1_84' title="bbox 209 5289 1798 5366">
     <span class='ocr_line' id='line_1_84' title="bbox 209 5289 1798 5366; baseline -0.008 -14"><span class='ocrx_word' id='word_1_623' title='bbox 209 5307 335 5358; x_wconf 84' lang='lat' dir='ltr'><strong>tua,</strong></span> <span class='ocrx_word' id='word_1_624' title='bbox 368 5297 418 5350; x_wconf 92' lang='lat' dir='ltr'><strong>in</strong></span> <span class='ocrx_word' id='word_1_625' title='bbox 453 5297 610 5366; x_wconf 84' lang='lat' dir='ltr'><strong>hujus</strong></span> <span class='ocrx_word' id='word_1_626' title='bbox 642 5300 762 5350; x_wconf 78' lang='lat' dir='ltr'><strong>vita:</strong></span> <span class='ocrx_word' id='word_1_627' title='bbox 790 5297 982 5350; x_wconf 88' lang='lat' dir='ltr'><strong>itinere</strong></span> <span class='ocrx_word' id='word_1_628' title='bbox 1010 5294 1309 5366; x_wconf 85' lang='lat' dir='ltr'><strong>perducens</strong></span> <span class='ocrx_word' id='word_1_629' title='bbox 1341 5305 1526 5359; x_wconf 77' lang='lat' dir='ltr'><strong>usque&#39;</strong></span> <span class='ocrx_word' id='word_1_630' title='bbox 1543 5290 1609 5342; x_wconf 89' lang='lat' dir='ltr'><strong>ad</strong></span> <span class='ocrx_word' id='word_1_631' title='bbox 1636 5289 1798 5344; x_wconf 86' lang='lat' dir='ltr'><strong>linem</strong></span> 
     </span>
    </p>
   </div>
   <div class='ocr_carea' id='block_1_85' title="bbox 206 5391 874 5464">
    <p class='ocr_par' dir='ltr' id='par_1_85' title="bbox 206 5391 874 5464">
     <span class='ocr_line' id='line_1_85' title="bbox 206 5391 874 5464; baseline -0.006 -16"><span class='ocrx_word' id='word_1_632' title='bbox 206 5392 410 5464; x_wconf 71' lang='lat' dir='ltr'><strong>gloria:</strong></span> <span class='ocrx_word' id='word_1_633' title='bbox 439 5399 759 5462; x_wconf 84' lang='lat' dir='ltr'><strong>conspectus</strong></span> <span class='ocrx_word' id='word_1_634' title='bbox 780 5391 874 5444; x_wconf 91' lang='lat' dir='ltr'><strong>tui.</strong></span> 
     </span>
    </p>
   </div>
   <div class='ocr_carea' id='block_1_86' title="bbox 723 5517 1316 5576">
    <p class='ocr_par' dir='ltr' id='par_1_86' title="bbox 723 5517 1316 5576">
     <span class='ocr_line' id='line_1_86' title="bbox 723 5517 1316 5576; baseline -0.007 0"><span class='ocrx_word' id='word_1_635' title='bbox 723 5521 793 5576; x_wconf 81' lang='lat' dir='ltr'><strong>IN</strong></span> <span class='ocrx_word' id='word_1_636' title='bbox 822 5519 1150 5576; x_wconf 70' lang='lat' dir='ltr'><strong>PSALMUM</strong></span> <span class='ocrx_word' id='word_1_637' title='bbox 1178 5517 1316 5573; x_wconf 78' lang='lat' dir='ltr'><strong>XVI.</strong></span> 
     </span>
    </p>
   </div>
   <div class='ocr_carea' id='block_1_87' title="bbox 297 5649 1804 5726">
    <p class='ocr_par' dir='ltr' id='par_1_87' title="bbox 297 5649 1804 5726">
     <span class='ocr_line' id='line_1_87' title="bbox 297 5649 1804 5726; baseline -0.005 -18"><span class='ocrx_word' id='word_1_638' title='bbox 297 5653 416 5710; x_wconf 85' lang='lat' dir='ltr'><strong>Hoc</strong></span> <span class='ocrx_word' id='word_1_639' title='bbox 456 5664 539 5709; x_wconf 91' lang='lat' dir='ltr'><strong>est</strong></span> <span class='ocrx_word' id='word_1_640' title='bbox 581 5670 822 5726; x_wconf 65' lang='lat' dir='ltr'><strong>persona:</strong></span> <span class='ocrx_word' id='word_1_641' title='bbox 873 5655 1080 5709; x_wconf 91' lang='lat' dir='ltr'><strong>Domini</strong></span> <span class='ocrx_word' id='word_1_642' title='bbox 1137 5652 1499 5716; x_wconf 87' lang='lat' dir='ltr'><strong>tribuendum,</strong></span> <span class='ocrx_word' id='word_1_643' title='bbox 1558 5649 1804 5719; x_wconf 88' lang='lat' dir='ltr'><strong>adjuncta</strong></span> 
     </span>
    </p>
   </div>
   <div class='ocr_carea' id='block_1_88' title="bbox 212 5746 1168 5818">
    <p class='ocr_par' dir='ltr' id='par_1_88' title="bbox 212 5746 1168 5818">
     <span class='ocr_line' id='line_1_88' title="bbox 212 5746 1168 5818; baseline -0.005 -15"><span class='ocrx_word' id='word_1_644' title='bbox 212 5746 494 5812; x_wconf 85' lang='lat' dir='ltr'><strong>Ecclesia,</strong></span> <span class='ocrx_word' id='word_1_645' title='bbox 532 5763 650 5818; x_wconf 64' lang='lat' dir='ltr'><strong>quae</strong></span> <span class='ocrx_word' id='word_1_646' title='bbox 687 5762 902 5816; x_wconf 87' lang='lat' dir='ltr'><strong>corpus,</strong></span> <span class='ocrx_word' id='word_1_647' title='bbox 926 5747 1041 5816; x_wconf 85' lang='lat' dir='ltr'><strong>ejus</strong></span> <span class='ocrx_word' id='word_1_648' title='bbox 1066 5755 1168 5799; x_wconf 89' lang='lat' dir='ltr'><strong>est.</strong></span> 
     </span>
    </p>
   </div>
   <div class='ocr_carea' id='block_1_89' title="bbox 301 5835 1802 5904">
    <p class='ocr_par' dir='ltr' id='par_1_89' title="bbox 301 5835 1802 5904">
     <span class='ocr_line' id='line_1_89' title="bbox 301 5835 1802 5904; baseline -0.002 -16"><span class='ocrx_word' id='word_1_649' title='bbox 301 5835 468 5892; x_wconf 69' lang='lat' dir='ltr'><strong>Vens.</strong></span> <span class='ocrx_word' id='word_1_650' title='bbox 509 5839 556 5892; x_wconf 80' lang='grc'>1.</span> <span class='ocrx_word' id='word_1_651' title='bbox 589 5870 658 5878; x_wconf 89' lang='lat'><strong>——</strong></span> <span class='ocrx_word' id='word_1_652' title='bbox 683 5837 917 5898; x_wconf 68' lang='lat' dir='ltr'><strong>Exaudi,</strong></span> <span class='ocrx_word' id='word_1_653' title='bbox 952 5837 1185 5901; x_wconf 84' lang='lat' dir='ltr'><strong>Domine,</strong></span> <span class='ocrx_word' id='word_1_654' title='bbox 1208 5837 1465 5904; x_wconf 73' lang='lat' dir='ltr'><strong>justiiiam</strong></span> <span class='ocrx_word' id='word_1_655' title='bbox 1496 5843 1802 5898; x_wconf 85' lang='lat' dir='ltr'><strong>meam,etc.</strong></span> 
     </span>
    </p>
   </div>
   <div class='ocr_carea' id='block_1_90' title="bbox 1886 3343 3470 3417">
    <p class='ocr_par' dir='ltr' id='par_1_90' title="bbox 1886 3343 3470 3417">
     <span class='ocr_line' id='line_1_90' title="bbox 1886 3343 3470 3417; baseline -0.004 -13"><span class='ocrx_word' id='word_1_656' title='bbox 1886 3365 2062 3414; x_wconf 78' lang='lat' dir='ltr'><strong>neum,</strong></span> <span class='ocrx_word' id='word_1_657' title='bbox 2096 3357 2450 3417; x_wconf 85' lang='lat' dir='ltr'><strong>posteaquam</strong></span> <span class='ocrx_word' id='word_1_658' title='bbox 2476 3346 2654 3414; x_wconf 83' lang='lat' dir='ltr'><strong>peregi</strong></span> <span class='ocrx_word' id='word_1_659' title='bbox 2685 3346 2801 3400; x_wconf 87' lang='lat' dir='ltr'><strong>vias</strong></span> <span class='ocrx_word' id='word_1_660' title='bbox 2831 3347 3016 3409; x_wconf 70' lang='lat' dir='ltr'><strong>duras,</strong></span> <span class='ocrx_word' id='word_1_661' title='bbox 3045 3356 3102 3399; x_wconf 92' lang='lat' dir='ltr'><strong>et</strong></span> <span class='ocrx_word' id='word_1_662' title='bbox 3143 3344 3194 3398; x_wconf 92' lang='lat' dir='ltr'><strong>in</strong></span> <span class='ocrx_word' id='word_1_663' title='bbox 3226 3343 3470 3411; x_wconf 71' lang='lat' dir='ltr'><strong>angustis</strong></span> 
     </span>
    </p>
   </div>
   <div class='ocr_carea' id='block_1_91' title="bbox 1886 3438 2931 3510">
    <p class='ocr_par' dir='ltr' id='par_1_91' title="bbox 1886 3438 2931 3510">
     <span class='ocr_line' id='line_1_91' title="bbox 1886 3438 2931 3510; baseline -0.006 -13"><span class='ocrx_word' id='word_1_664' title='bbox 1886 3445 2200 3498; x_wconf 89' lang='lat' dir='ltr'><strong>semitarum</strong></span> <span class='ocrx_word' id='word_1_665' title='bbox 2228 3454 2437 3494; x_wconf 86' lang='lat' dir='ltr'><strong>tuarum</strong></span> <span class='ocrx_word' id='word_1_666' title='bbox 2466 3454 2680 3510; x_wconf 82' lang='lat' dir='ltr'><strong>gressus</strong></span> <span class='ocrx_word' id='word_1_667' title='bbox 2712 3438 2931 3508; x_wconf 83' lang='lat' dir='ltr'><strong>perfeci.</strong></span> 
     </span>
    </p>
   </div>
   <div class='ocr_carea' id='block_1_92' title="bbox 1956 3533 3462 3604">
    <p class='ocr_par' dir='ltr' id='par_1_92' title="bbox 1956 3533 3462 3604">
     <span class='ocr_line' id='line_1_92' title="bbox 1956 3533 3462 3604; baseline -0.006 -12"><span class='ocrx_word' id='word_1_668' title='bbox 1956 3537 2115 3592; x_wconf 75' lang='lat' dir='ltr'><strong>Vens.</strong></span> <span class='ocrx_word' id='word_1_669' title='bbox 2151 3535 2203 3590; x_wconf 85' lang='lat'><strong>6.</strong></span> <span class='ocrx_word' id='word_1_670' title='bbox 2228 3567 2297 3574; x_wconf 86' lang='lat'><strong>—~</strong></span> <span class='ocrx_word' id='word_1_671' title='bbox 2341 3534 2452 3604; x_wconf 80' lang='lat' dir='ltr'><strong>Ego</strong></span> <span class='ocrx_word' id='word_1_672' title='bbox 2499 3535 2740 3595; x_wconf 82' lang='lat' dir='ltr'><strong>clamavi,</strong></span> <span class='ocrx_word' id='word_1_673' title='bbox 2786 3533 3036 3604; x_wconf 83' lang='lat' dir='ltr'><strong>quoniam</strong></span> <span class='ocrx_word' id='word_1_674' title='bbox 3069 3533 3331 3587; x_wconf 63' lang='lat' dir='ltr'><strong>exaudiui</strong></span> <span class='ocrx_word' id='word_1_675' title='bbox 3361 3547 3462 3594; x_wconf 70' lang='lat' dir='ltr'><strong>me,</strong></span> 
     </span>
    </p>
   </div>
   <div class='ocr_carea' id='block_1_93' title="bbox 1885 3626 3468 3696">
    <p class='ocr_par' dir='ltr' id='par_1_93' title="bbox 1885 3626 3468 3696">
     <span class='ocr_line' id='line_1_93' title="bbox 1885 3626 3468 3696; baseline -0.006 -11"><span class='ocrx_word' id='word_1_676' title='bbox 1885 3638 1990 3685; x_wconf 89' lang='lat' dir='ltr'><strong>etc.</strong></span> <span class='ocrx_word' id='word_1_677' title='bbox 2018 3629 2121 3696; x_wconf 82' lang='lat' dir='ltr'><strong>Qui</strong></span> <span class='ocrx_word' id='word_1_678' title='bbox 2155 3628 2370 3691; x_wconf 78' lang='lat' dir='ltr'><strong>clamat,</strong></span> <span class='ocrx_word' id='word_1_679' title='bbox 2415 3627 2668 3695; x_wconf 88' lang='lat' dir='ltr'><strong>quoniam</strong></span> <span class='ocrx_word' id='word_1_680' title='bbox 2698 3626 3006 3690; x_wconf 78' lang='lat' dir='ltr'><strong>exauditur,</strong></span> <span class='ocrx_word' id='word_1_681' title='bbox 3041 3627 3240 3695; x_wconf 59' lang='lat' dir='ltr'><strong>utique.</strong></span> <span class='ocrx_word' id='word_1_682' title='bbox 3271 3638 3468 3692; x_wconf 71' lang='lat' dir='ltr'><strong>purus,</strong></span> 
     </span>
    </p>
   </div>
   <div class='ocr_carea' id='block_1_94' title="bbox 1886 3715 3472 3789">
    <p class='ocr_par' dir='ltr' id='par_1_94' title="bbox 1886 3715 3472 3789">
     <span class='ocr_line' id='line_1_94' title="bbox 1886 3715 3472 3789; baseline -0.004 -14"><span class='ocrx_word' id='word_1_683' title='bbox 1886 3723 2162 3783; x_wconf 88' lang='lat' dir='ltr'><strong>innocens,</strong></span> <span class='ocrx_word' id='word_1_684' title='bbox 2205 3730 2260 3774; x_wconf 92' lang='lat' dir='ltr'><strong>et</strong></span> <span class='ocrx_word' id='word_1_685' title='bbox 2309 3717 2684 3774; x_wconf 87' lang='lat' dir='ltr'><strong>immaculatus</strong></span> <span class='ocrx_word' id='word_1_686' title='bbox 2730 3719 3041 3789; x_wconf 78' lang='lat' dir='ltr'><strong>agnoscitur</strong></span> <span class='ocrx_word' id='word_1_687' title='bbox 3093 3735 3104 3770; x_wconf 74' lang='grc' dir='ltr'>ε</span> <span class='ocrx_word' id='word_1_688' title='bbox 3157 3731 3278 3770; x_wconf 86' lang='lat' dir='ltr'><strong>nam</strong></span> <span class='ocrx_word' id='word_1_689' title='bbox 3309 3715 3472 3780; x_wconf 79' lang='lat' dir='ltr'><strong>conli-</strong></span> 
     </span>
    </p>
   </div>
   <div class='ocr_carea' id='block_1_95' title="bbox 1887 3808 3468 3883">
    <p class='ocr_par' dir='ltr' id='par_1_95' title="bbox 1887 3808 3468 3883">
     <span class='ocr_line' id='line_1_95' title="bbox 1887 3808 3468 3883; baseline -0.004 -14"><span class='ocrx_word' id='word_1_690' title='bbox 1887 3815 2076 3870; x_wconf 89' lang='lat' dir='ltr'><strong>denter</strong></span> <span class='ocrx_word' id='word_1_691' title='bbox 2100 3815 2296 3877; x_wconf 80' lang='lat' dir='ltr'><strong>oravit,</strong></span> <span class='ocrx_word' id='word_1_692' title='bbox 2326 3815 2580 3883; x_wconf 87' lang='lat' dir='ltr'><strong>quoniam</strong></span> <span class='ocrx_word' id='word_1_693' title='bbox 2613 3827 2672 3866; x_wconf 86' lang='lat' dir='ltr'><strong>se</strong></span> <span class='ocrx_word' id='word_1_694' title='bbox 2705 3813 2877 3865; x_wconf 90' lang='lat' dir='ltr'><strong>audiri</strong></span> <span class='ocrx_word' id='word_1_695' title='bbox 2901 3825 3061 3880; x_wconf 85' lang='lat' dir='ltr'><strong>posse</strong></span> <span class='ocrx_word' id='word_1_696' title='bbox 3089 3811 3154 3864; x_wconf 81' lang='lat' dir='ltr'><strong>de</strong></span> <span class='ocrx_word' id='word_1_697' title='bbox 3189 3808 3468 3872; x_wconf 81' lang='lat' dir='ltr'><strong>conscien-</strong></span> 
     </span>
    </p>
   </div>
   <div class='ocr_carea' id='block_1_96' title="bbox 1891 3899 3465 3974">
    <p class='ocr_par' dir='ltr' id='par_1_96' title="bbox 1891 3899 3465 3974">
     <span class='ocr_line' id='line_1_96' title="bbox 1891 3899 3465 3974; baseline -0.004 -16"><span class='ocrx_word' id='word_1_698' title='bbox 1891 3906 1976 3959; x_wconf 67' lang='lat' dir='ltr'><strong>tiae</strong></span> <span class='ocrx_word' id='word_1_699' title='bbox 1997 3906 2229 3974; x_wconf 86' lang='lat' dir='ltr'><strong>puritate</strong></span> <span class='ocrx_word' id='word_1_700' title='bbox 2256 3903 2612 3971; x_wconf 64' lang='lat' dir='ltr'><strong>praisumpsit.</strong></span> <span class='ocrx_word' id='word_1_701' title='bbox 2635 3901 2746 3954; x_wconf 78' lang='lat' dir='ltr'><strong>Ant</strong></span> <span class='ocrx_word' id='word_1_702' title='bbox 2763 3912 2910 3954; x_wconf 86' lang='lat' dir='ltr'><strong>certe</strong></span> <span class='ocrx_word' id='word_1_703' title='bbox 2930 3903 3014 3952; x_wconf 91' lang='lat' dir='ltr'><strong>ita.</strong></span> <span class='ocrx_word' id='word_1_704' title='bbox 3029 3901 3118 3952; x_wconf 86' lang='lat' dir='ltr'><strong>int.-</strong></span> <span class='ocrx_word' id='word_1_705' title='bbox 3139 3899 3431 3967; x_wconf 76' lang='lat' dir='ltr'><strong>lligendum</strong></span> <span class='ocrx_word' id='word_1_706' title='bbox 3455 3917 3465 3951; x_wconf 94' lang='lat'><strong>:</strong></span> 
     </span>
    </p>
   </div>
   <div class='ocr_carea' id='block_1_97' title="bbox 1890 3990 3468 4064">
    <p class='ocr_par' dir='ltr' id='par_1_97' title="bbox 1890 3990 3468 4064">
     <span class='ocr_line' id='line_1_97' title="bbox 1890 3990 3468 4064; baseline -0.004 -15"><span class='ocrx_word' id='word_1_707' title='bbox 1890 3998 2001 4064; x_wconf 78' lang='lat' dir='ltr'><strong>Ego</strong></span> <span class='ocrx_word' id='word_1_708' title='bbox 2035 3998 2253 4048; x_wconf 82' lang='lat' dir='ltr'><strong>liberam</strong></span> <span class='ocrx_word' id='word_1_709' title='bbox 2305 4004 2357 4047; x_wconf 91' lang='lat' dir='ltr'><strong>ct</strong></span> <span class='ocrx_word' id='word_1_710' title='bbox 2401 3994 2632 4046; x_wconf 83' lang='lat' dir='ltr'><strong>validam</strong></span> <span class='ocrx_word' id='word_1_711' title='bbox 2669 3992 3032 4044; x_wconf 75' lang='lat' dir='ltr'><strong>intentionem</strong></span> <span class='ocrx_word' id='word_1_712' title='bbox 3077 3990 3266 4057; x_wconf 79' lang='lat' dir='ltr'><strong>prec-is</strong></span> <span class='ocrx_word' id='word_1_713' title='bbox 3299 3991 3366 4042; x_wconf 86' lang='lat' dir='ltr'><strong>ad</strong></span> <span class='ocrx_word' id='word_1_714' title='bbox 3418 3999 3468 4043; x_wconf 89' lang='lat' dir='ltr'><strong>te</strong></span> 
     </span>
    </p>
   </div>
   <div class='ocr_carea' id='block_1_98' title="bbox 1893 4079 3471 4153">
    <p class='ocr_par' dir='ltr' id='par_1_98' title="bbox 1893 4079 3471 4153">
     <span class='ocr_line' id='line_1_98' title="bbox 1893 4079 3471 4153; baseline -0.004 -14"><span class='ocrx_word' id='word_1_715' title='bbox 1893 4085 2083 4144; x_wconf 71' lang='lat' dir='ltr'><strong>direxi,</strong></span> <span class='ocrx_word' id='word_1_716' title='bbox 2111 4084 2364 4153; x_wconf 87' lang='lat' dir='ltr'><strong>quoniam</strong></span> <span class='ocrx_word' id='word_1_717' title='bbox 2404 4091 2461 4134; x_wconf 90' lang='lat' dir='ltr'><strong>ut</strong></span> <span class='ocrx_word' id='word_1_718' title='bbox 2499 4083 2637 4135; x_wconf 88' lang='lat' dir='ltr'><strong>hanc</strong></span> <span class='ocrx_word' id='word_1_719' title='bbox 2680 4081 2878 4132; x_wconf 87' lang='lat' dir='ltr'><strong>habere</strong></span> <span class='ocrx_word' id='word_1_720' title='bbox 2925 4094 3156 4148; x_wconf 82' lang='lat' dir='ltr'><strong>possem,</strong></span> <span class='ocrx_word' id='word_1_721' title='bbox 3205 4079 3471 4133; x_wconf 60' lang='lat' dir='ltr'><strong>exaudiui</strong></span> 
     </span>
    </p>
   </div>
   <div class='ocr_carea' id='block_1_99' title="bbox 1894 4168 3470 4238">
    <p class='ocr_par' dir='ltr' id='par_1_99' title="bbox 1894 4168 3470 4238">
     <span class='ocr_line' id='line_1_99' title="bbox 1894 4168 3470 4238; baseline -0.003 -10"><span class='ocrx_word' id='word_1_722' title='bbox 1894 4190 1978 4228; x_wconf 89' lang='lat' dir='ltr'><strong>me</strong></span> <span class='ocrx_word' id='word_1_723' title='bbox 2005 4172 2270 4226; x_wconf 83' lang='lat' dir='ltr'><strong>inﬁrmius</strong></span> <span class='ocrx_word' id='word_1_724' title='bbox 2299 4181 2564 4225; x_wconf 88' lang='lat' dir='ltr'><strong>orantem.</strong></span> <span class='ocrx_word' id='word_1_725' title='bbox 2600 4168 2716 4223; x_wconf 82' lang='lat' dir='ltr'><strong>Non</strong></span> <span class='ocrx_word' id='word_1_726' title='bbox 2769 4183 2898 4238; x_wconf 72' lang='lat' dir='ltr'><strong>ergo</strong></span> <span class='ocrx_word' id='word_1_727' title='bbox 2950 4168 3162 4224; x_wconf 87' lang='lat' dir='ltr'><strong>deserat</strong></span> <span class='ocrx_word' id='word_1_728' title='bbox 3191 4169 3470 4224; x_wconf 75' lang='lat' dir='ltr'><strong>esauditio</strong></span> 
     </span>
    </p>
   </div>
   <div class='ocr_carea' id='block_1_100' title="bbox 1895 4265 2592 4320">
    <p class='ocr_par' dir='ltr' id='par_1_100' title="bbox 1895 4265 2592 4320">
     <span class='ocr_line' id='line_1_100' title="bbox 1895 4265 2592 4320; baseline -0.006 -2"><span class='ocrx_word' id='word_1_729' title='bbox 1895 4273 1983 4320; x_wconf 86' lang='lat' dir='ltr'><strong>tua</strong></span> <span class='ocrx_word' id='word_1_730' title='bbox 2011 4265 2366 4318; x_wconf 85' lang='lat' dir='ltr'><strong>humilitatem</strong></span> <span class='ocrx_word' id='word_1_731' title='bbox 2396 4277 2592 4316; x_wconf 84' lang='lat' dir='ltr'><strong>meam.</strong></span> 
     </span>
    </p>
   </div>
   <div class='ocr_carea' id='block_1_101' title="bbox 1969 4348 3473 4420">
    <p class='ocr_par' dir='ltr' id='par_1_101' title="bbox 1969 4348 3473 4420">
     <span class='ocr_line' id='line_1_101' title="bbox 1969 4348 3473 4420; baseline -0.006 -8"><span class='ocrx_word' id='word_1_732' title='bbox 1969 4358 2132 4413; x_wconf 71' lang='lat' dir='ltr'><strong>Vens.</strong></span> <span class='ocrx_word' id='word_1_733' title='bbox 2159 4355 2210 4406; x_wconf 81' lang='lat'><strong>7.</strong></span> <span class='ocrx_word' id='word_1_734' title='bbox 2240 4385 2305 4393; x_wconf 95' lang='lat'><strong>—</strong></span> <span class='ocrx_word' id='word_1_735' title='bbox 2339 4352 2567 4420; x_wconf 69' lang='lat' dir='ltr'><strong>Min/ica</strong></span> <span class='ocrx_word' id='word_1_736' title='bbox 2597 4349 2984 4403; x_wconf 81' lang='lat' dir='ltr'><strong>misericordias</strong></span> <span class='ocrx_word' id='word_1_737' title='bbox 3006 4358 3157 4415; x_wconf 88' lang='lat' dir='ltr'><strong>tuas,</strong></span> <span class='ocrx_word' id='word_1_738' title='bbox 3190 4349 3279 4420; x_wconf 80' lang='lat' dir='ltr'><strong>qui</strong></span> <span class='ocrx_word' id='word_1_739' title='bbox 3303 4348 3473 4404; x_wconf 72' lang='lat' dir='ltr'><strong>salvos</strong></span> 
     </span>
    </p>
   </div>
   <div class='ocr_carea' id='block_1_102' title="bbox 1897 4443 3474 4520">
    <p class='ocr_par' dir='ltr' id='par_1_102' title="bbox 1897 4443 3474 4520">
     <span class='ocr_line' id='line_1_102' title="bbox 1897 4443 3474 4520; baseline -0.005 -17"><span class='ocrx_word' id='word_1_740' title='bbox 1897 4450 2026 4520; x_wconf 81' lang='lat' dir='ltr'><strong>facis</strong></span> <span class='ocrx_word' id='word_1_741' title='bbox 2068 4455 2330 4517; x_wconf 85' lang='lat' dir='ltr'><strong>sperantes</strong></span> <span class='ocrx_word' id='word_1_742' title='bbox 2378 4445 2432 4497; x_wconf 83' lang='lat' dir='ltr'><strong>in</strong></span> <span class='ocrx_word' id='word_1_743' title='bbox 2473 4454 2544 4507; x_wconf 88' lang='lat' dir='ltr'><strong>te,</strong></span> <span class='ocrx_word' id='word_1_744' title='bbox 2575 4452 2679 4497; x_wconf 88' lang='lat' dir='ltr'><strong>etc.</strong></span> <span class='ocrx_word' id='word_1_745' title='bbox 2717 4443 2828 4496; x_wconf 62' lang='lat' dir='ltr'><strong>Non</strong></span> <span class='ocrx_word' id='word_1_746' title='bbox 2861 4443 3122 4497; x_wconf 78' lang='lat' dir='ltr'><strong>vilescunt</strong></span> <span class='ocrx_word' id='word_1_747' title='bbox 3166 4443 3474 4498; x_wconf 80' lang='lat' dir='ltr'><strong>misericor-</strong></span> 
     </span>
    </p>
   </div>
   <div class='ocr_carea' id='block_1_103' title="bbox 1898 4537 2754 4602">
    <p class='ocr_par' dir='ltr' id='par_1_103' title="bbox 1898 4537 2754 4602">
     <span class='ocr_line' id='line_1_103' title="bbox 1898 4537 2754 4602; baseline -0.009 -6"><span class='ocrx_word' id='word_1_748' title='bbox 1898 4543 1999 4596; x_wconf 73' lang='lat' dir='ltr'><strong>dia:</strong></span> <span class='ocrx_word' id='word_1_749' title='bbox 2029 4552 2153 4602; x_wconf 75' lang='lat' dir='ltr'><strong>tunc,</strong></span> <span class='ocrx_word' id='word_1_750' title='bbox 2187 4553 2252 4591; x_wconf 88' lang='lat' dir='ltr'><strong>ne</strong></span> <span class='ocrx_word' id='word_1_751' title='bbox 2277 4537 2453 4590; x_wconf 88' lang='lat' dir='ltr'><strong>mimts</strong></span> <span class='ocrx_word' id='word_1_752' title='bbox 2484 4545 2754 4588; x_wconf 81' lang='lat' dir='ltr'><strong>atncntur.</strong></span> 
     </span>
    </p>
   </div>
   <div class='ocr_carea' id='block_1_104' title="bbox 1823 4616 3472 4688">
    <p class='ocr_par' dir='ltr' id='par_1_104' title="bbox 1823 4616 3472 4688">
     <span class='ocr_line' id='line_1_104' title="bbox 1823 4616 3472 4688; baseline 0.001 -12"><span class='ocrx_word' id='word_1_753' title='bbox 1823 4616 1874 4676; x_wconf 90' lang='lat' dir='ltr'><strong>D</strong></span> <span class='ocrx_word' id='word_1_754' title='bbox 1975 4630 2134 4684; x_wconf 70' lang='lat' dir='ltr'><strong>Vens.</strong></span> <span class='ocrx_word' id='word_1_755' title='bbox 2169 4630 2220 4682; x_wconf 89' lang='lat'><strong>8.</strong></span> <span class='ocrx_word' id='word_1_756' title='bbox 2266 4657 2337 4666; x_wconf 91' lang='lat'><strong>—</strong></span> <span class='ocrx_word' id='word_1_757' title='bbox 2375 4628 2416 4677; x_wconf 85' lang='grc' dir='ltr'><em>Λ</em></span> <span class='ocrx_word' id='word_1_758' title='bbox 2447 4625 2804 4678; x_wconf 77' lang='lat' dir='ltr'><strong>resistentibus</strong></span> <span class='ocrx_word' id='word_1_759' title='bbox 2841 4624 3069 4678; x_wconf 62' lang='lat' dir='ltr'><strong>dextera:</strong></span> <span class='ocrx_word' id='word_1_760' title='bbox 3119 4635 3246 4688; x_wconf 74' lang='lat' dir='ltr'><strong>tute,</strong></span> <span class='ocrx_word' id='word_1_761' title='bbox 3291 4632 3398 4678; x_wconf 87' lang='lat' dir='ltr'><strong>etc.</strong></span> <span class='ocrx_word' id='word_1_762' title='bbox 3428 4626 3472 4678; x_wconf 77' lang='grc' dir='ltr'><em>Α</em></span> 
     </span>
    </p>
   </div>
   <div class='ocr_carea' id='block_1_105' title="bbox 1905 4715 3479 4785">
    <p class='ocr_par' dir='ltr' id='par_1_105' title="bbox 1905 4715 3479 4785">
     <span class='ocr_line' id='line_1_105' title="bbox 1905 4715 3479 4785; baseline -0.004 -9"><span class='ocrx_word' id='word_1_763' title='bbox 1905 4721 2257 4778; x_wconf 71' lang='lat' dir='ltr'><strong>resistentibus</strong></span> <span class='ocrx_word' id='word_1_764' title='bbox 2309 4718 2498 4780; x_wconf 84' lang='lat' dir='ltr'><strong>favori,</strong></span> <span class='ocrx_word' id='word_1_765' title='bbox 2552 4733 2658 4785; x_wconf 89' lang='lat' dir='ltr'><strong>quo</strong></span> <span class='ocrx_word' id='word_1_766' title='bbox 2687 4717 2816 4769; x_wconf 88' lang='lat' dir='ltr'><strong>mihi</strong></span> <span class='ocrx_word' id='word_1_767' title='bbox 2847 4715 3016 4780; x_wconf 75' lang='lat' dir='ltr'><strong>faves,</strong></span> <span class='ocrx_word' id='word_1_768' title='bbox 3065 4715 3265 4768; x_wconf 81' lang='lat' dir='ltr'><strong>custodi</strong></span> <span class='ocrx_word' id='word_1_769' title='bbox 3297 4733 3376 4769; x_wconf 83' lang='lat' dir='ltr'><strong>me</strong></span> <span class='ocrx_word' id='word_1_770' title='bbox 3423 4726 3479 4769; x_wconf 86' lang='lat' dir='ltr'><strong>ut</strong></span> 
     </span>
    </p>
   </div>
   <div class='ocr_carea' id='block_1_106' title="bbox 1901 4799 3481 4886">
    <p class='ocr_par' dir='ltr' id='par_1_106' title="bbox 1901 4799 3481 4886">
     <span class='ocr_line' id='line_1_106' title="bbox 1901 4799 3481 4886; baseline -0.003 -19"><span class='ocrx_word' id='word_1_771' title='bbox 1901 4815 2153 4886; x_wconf 82' lang='lat' dir='ltr'><strong>pupillam</strong></span> <span class='ocrx_word' id='word_1_772' title='bbox 2195 4813 2351 4873; x_wconf 74' lang='lat' dir='ltr'><strong>oeuli,</strong></span> <span class='ocrx_word' id='word_1_773' title='bbox 2384 4827 2502 4880; x_wconf 71' lang='lat' dir='ltr'><strong>qua:</strong></span> <span class='ocrx_word' id='word_1_774' title='bbox 2549 4799 2769 4878; x_wconf 78' lang='lat' dir='ltr'><strong>appai‘et</strong></span> <span class='ocrx_word' id='word_1_775' title='bbox 2819 4824 2981 4878; x_wconf 85' lang='lat' dir='ltr'><strong>parva</strong></span> <span class='ocrx_word' id='word_1_776' title='bbox 3029 4818 3084 4861; x_wconf 92' lang='lat' dir='ltr'><strong>et</strong></span> <span class='ocrx_word' id='word_1_777' title='bbox 3116 4810 3330 4878; x_wconf 73' lang='lat' dir='ltr'><strong>exigua,</strong></span> <span class='ocrx_word' id='word_1_778' title='bbox 3383 4823 3481 4879; x_wconf 78' lang='lat' dir='ltr'><strong>per</strong></span> 
     </span>
    </p>
   </div>
   <div class='ocr_carea' id='block_1_107' title="bbox 1904 4898 3476 4969">
    <p class='ocr_par' dir='ltr' id='par_1_107' title="bbox 1904 4898 3476 4969">
     <span class='ocr_line' id='line_1_107' title="bbox 1904 4898 3476 4969; baseline -0.005 -9"><span class='ocrx_word' id='word_1_779' title='bbox 1904 4922 2023 4960; x_wconf 81' lang='lat' dir='ltr'><strong>eam</strong></span> <span class='ocrx_word' id='word_1_780' title='bbox 2056 4915 2230 4958; x_wconf 82' lang='lat' dir='ltr'><strong>tamen</strong></span> <span class='ocrx_word' id='word_1_781' title='bbox 2258 4902 2506 4969; x_wconf 46' lang='lat' dir='ltr'><strong>dit&#39;iéitur</strong></span> <span class='ocrx_word' id='word_1_782' title='bbox 2533 4901 2678 4953; x_wconf 81' lang='lat' dir='ltr'><strong>acies</strong></span> <span class='ocrx_word' id='word_1_783' title='bbox 2712 4900 2950 4963; x_wconf 84' lang='lat' dir='ltr'><strong>luminis,</strong></span> <span class='ocrx_word' id='word_1_784' title='bbox 2990 4914 3097 4968; x_wconf 90' lang='lat' dir='ltr'><strong>quo</strong></span> <span class='ocrx_word' id='word_1_785' title='bbox 3125 4898 3215 4952; x_wconf 77' lang='lat' dir='ltr'><strong>lux</strong></span> <span class='ocrx_word' id='word_1_786' title='bbox 3239 4908 3292 4952; x_wconf 82' lang='lat' dir='ltr'><strong>et</strong></span> <span class='ocrx_word' id='word_1_787' title='bbox 3325 4909 3476 4953; x_wconf 86' lang='lat' dir='ltr'><strong>tene-</strong></span> 
     </span>
    </p>
   </div>
   <div class='ocr_carea' id='block_1_108' title="bbox 1906 4990 3480 5066">
    <p class='ocr_par' dir='ltr' id='par_1_108' title="bbox 1906 4990 3480 5066">
     <span class='ocr_line' id='line_1_108' title="bbox 1906 4990 3480 5066; baseline -0.004 -15"><span class='ocrx_word' id='word_1_788' title='bbox 1906 4998 2015 5052; x_wconf 77' lang='lat' dir='ltr'><strong>bt‘a:</strong></span> <span class='ocrx_word' id='word_1_789' title='bbox 2072 4996 2435 5066; x_wconf 72' lang='lat' dir='ltr'><strong>dijudicantur</strong></span> <span class='ocrx_word' id='word_1_790' title='bbox 2488 5009 2501 5044; x_wconf 90' lang='lat'>:</span> <span class='ocrx_word' id='word_1_791' title='bbox 2551 4992 2628 5045; x_wconf 87' lang='lat' dir='ltr'><strong>sic</strong></span> <span class='ocrx_word' id='word_1_792' title='bbox 2681 5006 2777 5060; x_wconf 84' lang='lat' dir='ltr'><strong>per</strong></span> <span class='ocrx_word' id='word_1_793' title='bbox 2832 4990 3026 5045; x_wconf 85' lang='lat' dir='ltr'><strong>Christi</strong></span> <span class='ocrx_word' id='word_1_794' title='bbox 3094 4991 3480 5044; x_wconf 77' lang='lat' dir='ltr'><strong>humanitatem</strong></span> 
     </span>
    </p>
   </div>
   <div class='ocr_carea' id='block_1_109' title="bbox 1905 5083 3481 5156">
    <p class='ocr_par' dir='ltr' id='par_1_109' title="bbox 1905 5083 3481 5156">
     <span class='ocr_line' id='line_1_109' title="bbox 1905 5083 3481 5156; baseline -0.003 -12"><span class='ocrx_word' id='word_1_795' title='bbox 1905 5090 2158 5144; x_wconf 80' lang='lat' dir='ltr'><strong>divinitas</strong></span> <span class='ocrx_word' id='word_1_796' title='bbox 2191 5087 2401 5156; x_wconf 82' lang='lat' dir='ltr'><strong>judicii,</strong></span> <span class='ocrx_word' id='word_1_797' title='bbox 2446 5085 2761 5140; x_wconf 83' lang='lat' dir='ltr'><strong>discernens</strong></span> <span class='ocrx_word' id='word_1_798' title='bbox 2801 5086 2940 5138; x_wconf 85' lang='lat' dir='ltr'><strong>inter</strong></span> <span class='ocrx_word' id='word_1_799' title='bbox 2965 5083 3142 5152; x_wconf 80' lang='lat' dir='ltr'><strong>justus</strong></span> <span class='ocrx_word' id='word_1_800' title='bbox 3193 5093 3247 5139; x_wconf 88' lang='lat' dir='ltr'><strong>et</strong></span> <span class='ocrx_word' id='word_1_801' title='bbox 3283 5101 3481 5154; x_wconf 87' lang='lat' dir='ltr'><strong>pecca-</strong></span> 
     </span>
    </p>
   </div>
   <div class='ocr_carea' id='block_1_110' title="bbox 1906 5192 2067 5238">
    <p class='ocr_par' dir='ltr' id='par_1_110' title="bbox 1906 5192 2067 5238">
     <span class='ocr_line' id='line_1_110' title="bbox 1906 5192 2067 5238; baseline -0.025 0"><span class='ocrx_word' id='word_1_802' title='bbox 1906 5192 2067 5238; x_wconf 54' lang='lat' dir='ltr'><strong>IOI&#39;CS.</strong></span> 
     </span>
    </p>
   </div>
   <div class='ocr_carea' id='block_1_111' title="bbox 1981 5270 3484 5338">
    <p class='ocr_par' dir='ltr' id='par_1_111' title="bbox 1981 5270 3484 5338">
     <span class='ocr_line' id='line_1_111' title="bbox 1981 5270 3484 5338; baseline -0.002 -12"><span class='ocrx_word' id='word_1_803' title='bbox 1981 5273 2088 5328; x_wconf 81' lang='lat' dir='ltr'><strong>Sub</strong></span> <span class='ocrx_word' id='word_1_804' title='bbox 2116 5272 2296 5324; x_wconf 84' lang='lat' dir='ltr'><strong>umbra</strong></span> <span class='ocrx_word' id='word_1_805' title='bbox 2325 5271 2528 5323; x_wconf 87' lang='lat' dir='ltr'><strong>alarum</strong></span> <span class='ocrx_word' id='word_1_806' title='bbox 2559 5279 2767 5321; x_wconf 86' lang='lat' dir='ltr'><strong>tuarum</strong></span> <span class='ocrx_word' id='word_1_807' title='bbox 2796 5280 3000 5338; x_wconf 70' lang='lat' dir='ltr'><strong>protege</strong></span> <span class='ocrx_word' id='word_1_808' title='bbox 3037 5286 3136 5330; x_wconf 76' lang='lat' dir='ltr'><strong>me,</strong></span> <span class='ocrx_word' id='word_1_809' title='bbox 3166 5278 3269 5322; x_wconf 84' lang='lat' dir='ltr'><strong>etc.</strong></span> <span class='ocrx_word' id='word_1_810' title='bbox 3296 5270 3350 5322; x_wconf 84' lang='lat' dir='ltr'><strong>Id</strong></span> <span class='ocrx_word' id='word_1_811' title='bbox 3379 5279 3484 5335; x_wconf 82' lang='lat' dir='ltr'><strong>est,</strong></span> 
     </span>
    </p>
   </div>
   <div class='ocr_carea' id='block_1_112' title="bbox 1910 5361 3486 5429">
    <p class='ocr_par' dir='ltr' id='par_1_112' title="bbox 1910 5361 3486 5429">
     <span class='ocr_line' id='line_1_112' title="bbox 1910 5361 3486 5429; baseline -0.004 -8"><span class='ocrx_word' id='word_1_812' title='bbox 1910 5368 2009 5421; x_wconf 88' lang='lat' dir='ltr'><strong>sub</strong></span> <span class='ocrx_word' id='word_1_813' title='bbox 2043 5365 2375 5418; x_wconf 87' lang='lat' dir='ltr'><strong>munimento</strong></span> <span class='ocrx_word' id='word_1_814' title='bbox 2411 5362 2694 5417; x_wconf 88' lang='lat' dir='ltr'><strong>charitatis</strong></span> <span class='ocrx_word' id='word_1_815' title='bbox 2718 5371 2772 5416; x_wconf 91' lang='lat' dir='ltr'><strong>et</strong></span> <span class='ocrx_word' id='word_1_816' title='bbox 2806 5361 3192 5416; x_wconf 71' lang='lat' dir='ltr'><strong>misericordia:</strong></span> <span class='ocrx_word' id='word_1_817' title='bbox 3229 5370 3333 5415; x_wconf 73' lang='lat' dir='ltr'><strong>tua:</strong></span> <span class='ocrx_word' id='word_1_818' title='bbox 3362 5375 3486 5429; x_wconf 86' lang='lat' dir='ltr'><strong>pro-</strong></span> 
     </span>
    </p>
   </div>
   <div class='ocr_carea' id='block_1_113' title="bbox 1915 5467 2164 5528">
    <p class='ocr_par' dir='ltr' id='par_1_113' title="bbox 1915 5467 2164 5528">
     <span class='ocr_line' id='line_1_113' title="bbox 1915 5467 2164 5528; baseline -0.016 -14"><span class='ocrx_word' id='word_1_819' title='bbox 1915 5467 2029 5528; x_wconf 82' lang='lat' dir='ltr'><strong>tege</strong></span> <span class='ocrx_word' id='word_1_820' title='bbox 2058 5474 2164 5511; x_wconf 89' lang='lat' dir='ltr'><strong>me.</strong></span> 
     </span>
    </p>
   </div>
   <div class='ocr_carea' id='block_1_114' title="bbox 1990 5547 3491 5605">
    <p class='ocr_par' dir='ltr' id='par_1_114' title="bbox 1990 5547 3491 5605">
     <span class='ocr_line' id='line_1_114' title="bbox 1990 5547 3491 5605; baseline -0.004 -3"><span class='ocrx_word' id='word_1_821' title='bbox 1990 5552 2148 5604; x_wconf 71' lang='lat' dir='ltr'><strong>Vens.</strong></span> <span class='ocrx_word' id='word_1_822' title='bbox 2187 5552 2240 5605; x_wconf 87' lang='lat'><strong>9.</strong></span> <span class='ocrx_word' id='word_1_823' title='bbox 2291 5582 2360 5591; x_wconf 94' lang='lat'><strong><em>—</em></strong></span> <span class='ocrx_word' id='word_1_824' title='bbox 2395 5549 2608 5605; x_wconf 86' lang='lat' dir='ltr'><strong>Inimici</strong></span> <span class='ocrx_word' id='word_1_825' title='bbox 2650 5552 2750 5604; x_wconf 85' lang='lat' dir='ltr'><strong>mei</strong></span> <span class='ocrx_word' id='word_1_826' title='bbox 2786 5551 3017 5604; x_wconf 87' lang='lat' dir='ltr'><strong>animant</strong></span> <span class='ocrx_word' id='word_1_827' title='bbox 3048 5564 3215 5602; x_wconf 87' lang='lat' dir='ltr'><strong>meam</strong></span> <span class='ocrx_word' id='word_1_828' title='bbox 3260 5547 3491 5601; x_wconf 67' lang='lat' dir='ltr'><strong>circum.-</strong></span> 
     </span>
    </p>
   </div>
   <div class='ocr_carea' id='block_1_115' title="bbox 1914 5639 3492 5714">
    <p class='ocr_par' dir='ltr' id='par_1_115' title="bbox 1914 5639 3492 5714">
     <span class='ocr_line' id='line_1_115' title="bbox 1914 5639 3492 5714; baseline -0.001 -19"><span class='ocrx_word' id='word_1_829' title='bbox 1914 5644 2193 5707; x_wconf 86' lang='lat' dir='ltr'><strong>dederunt,</strong></span> <span class='ocrx_word' id='word_1_830' title='bbox 2225 5654 2328 5698; x_wconf 88' lang='lat' dir='ltr'><strong>etc.</strong></span> <span class='ocrx_word' id='word_1_831' title='bbox 2357 5643 2566 5697; x_wconf 78' lang='lat' dir='ltr'><strong>Inimici</strong></span> <span class='ocrx_word' id='word_1_832' title='bbox 2596 5643 2712 5714; x_wconf 89' lang='lat' dir='ltr'><strong>ejus</strong></span> <span class='ocrx_word' id='word_1_833' title='bbox 2743 5644 2931 5708; x_wconf 77' lang='lat' dir='ltr'><strong>Judaei,</strong></span> <span class='ocrx_word' id='word_1_834' title='bbox 2961 5644 3193 5694; x_wconf 86' lang='lat' dir='ltr'><strong>animam</strong></span> <span class='ocrx_word' id='word_1_835' title='bbox 3216 5640 3407 5709; x_wconf 84' lang='lat' dir='ltr'><strong>ipsius,</strong></span> <span class='ocrx_word' id='word_1_836' title='bbox 3438 5639 3492 5694; x_wconf 88' lang='lat' dir='ltr'><strong>id</strong></span> 
     </span>
    </p>
   </div>
   <div class='ocr_carea' id='block_1_116' title="bbox 1917 5732 3500 5806">
    <p class='ocr_par' dir='ltr' id='par_1_116' title="bbox 1917 5732 3500 5806">
     <span class='ocr_line' id='line_1_116' title="bbox 1917 5732 3500 5806; baseline -0.001 -18"><span class='ocrx_word' id='word_1_837' title='bbox 1917 5745 2014 5799; x_wconf 88' lang='lat' dir='ltr'><strong>est,</strong></span> <span class='ocrx_word' id='word_1_838' title='bbox 2048 5737 2210 5790; x_wconf 84' lang='lat' dir='ltr'><strong>vitam</strong></span> <span class='ocrx_word' id='word_1_839' title='bbox 2268 5736 2636 5806; x_wconf 82' lang='lat' dir='ltr'><strong>temporalem,</strong></span> <span class='ocrx_word' id='word_1_840' title='bbox 2687 5735 3070 5789; x_wconf 79' lang='lat' dir='ltr'><strong>rircumdantes</strong></span> <span class='ocrx_word' id='word_1_841' title='bbox 3117 5747 3236 5786; x_wconf 83' lang='lat' dir='ltr'><strong>eum</strong></span> <span class='ocrx_word' id='word_1_842' title='bbox 3284 5732 3500 5802; x_wconf 78' lang='lat' dir='ltr'><strong>eripere</strong></span> 
     </span>
    </p>
   </div>
   <div class='ocr_carea' id='block_1_117' title="bbox 1914 5830 2258 5898">
    <p class='ocr_par' dir='ltr' id='par_1_117' title="bbox 1914 5830 2258 5898">
     <span class='ocr_line' id='line_1_117' title="bbox 1914 5830 2258 5898; baseline 0.006 -19"><span class='ocrx_word' id='word_1_843' title='bbox 1914 5830 2258 5898; x_wconf 58' lang='lat' dir='ltr'><strong>quaesierunt.</strong></span> 
     </span>
    </p>
   </div>
  </div>
