3948 6328
515 437 620 493 783

1007 437 1398 493 WALAFRIDI
1437 436 1685 493 STRABI
1717 437 1922 494 FULD.
1965 433 2130 490 MON.
2170 435 2320 528 OPI’.
2361 437 2541 494 PARS
2579 439 2618 494 I.
2659 469 2729 480 —-
2768 441 3222 498 THEOLOGICA.
3673 449 3704 502 7

583 556 746 609 Vsus.
772 553 1072 618 IO.—Qui
1098 554 1302 624 adipem
1321 553 1875 608 suumconcluserunl.
1906 551 1963 606 Id
1983 559 2085 615 est,
2115 552 2164 612 Α
2191 552 2295 607 nisi
2335 554 2478 622 quod
2516 554 2704 609 beatus
2759 555 2994 611 Joannes
3039 555 3328 627 Apostolus
3382 561 3458 610 ait
3499 576 3513 610 :
3564 559 3777 618 Scimus

510 648 692 703 laetitia
723 662 819 702 sua
846 646 1030 717 pingui
1075 648 1314 717 cooperti
1344 657 1506 714 sunt,
1547 657 1896 718 posteaquam
1942 645 2086 715 cupi-

507 740 650 794 ditas
679 754 866 794 eorum
897 740 963 794 de
1005 739 1210 794 scelere
1235 739 1428 794 satiata
1467 747 1570 794 est.
1606 740 1674 794 Et
1702 749 1986 810 propterea
2027 753 2083 790 os

510 850 693 888 eorum
723 832 972 886 locutum
996 841 1070 886 est
1109 833 1407 903 superbiam
1437 847 1455 884 :
1489 833 1614 887 Non
1641 833 1887 887 habemus
1914 847 2083 898 regem

508 926 606 979 nisi
639 924 932 989 Ctesarem;
965 931 1048 987 et,
1103 925 1196 993 qui
1236 923 1461 978 destruis
1490 922 1758 993 templum,
1797 930 1854 977 et
1884 930 2082 977 caetera

506 1017 654 1070 talia.

577 1107 736 1164 Vsus.
762 1109 848 1162 11.
878 1138 948 1148 -
968 1106 1314 1178 Projicientes
1350 1127 1430 1164 me
1459 1127 1594 1164 nunc
1633 1108 2082 1163 circumdederunt

499 1215 603 1265 me,
634 1206 738 1254 etc.
769 1197 1112 1269 Projicientes
1151 1213 1240 1253 me
1268 1209 1423 1254 extra
1457 1199 1750 1264 civitatem,
1789 1213 1932 1252 nunc
1981 1198 2082 1250 cir-

499 1291 870 1346 cumdederunt
899 1306 978 1344 me
1021 1291 1074 1344 in
1102 1306 1281 1356 cruce,
1317 1300 1372 1346 et
1399 1291 1751 1346 intentionem
1788 1290 1968 1345 cordis
1998 1289 2080 1344 sui

497 1390 794 1437 statuerunt
817 1379 1081 1435 declinare
1102 1381 1156 1435 in
1181 1383 1285 1437 ista
1301 1390 1540 1447 terrena,
1561 1388 1812 1452 putantes
1824 1394 2078 1450 magnum

496 1475 698 1530 malum
719 1481 929 1545 perpeti
954 1489 1080 1528 eum
1107 1475 1198 1544 qui
1223 1475 1591 1530 occidebatur.

566 1566 729 1622 Vens.
765 1565 853 1619 12.
886 1594 956 1604 --
983 1564 1330 1636 Susceperunt
1355 1582 1438 1619 me
1481 1565 1614 1619 sicut
1644 1563 1722 1619 leo
1760 1571 1978 1632 paratus
2007 1562 2076 1616 ad

492 1657 750 1727 praedam,
781 1666 883 1712 etc.
918 1656 1269 1728 Susceperunt
1296 1673 1402 1721 me,
1451 1657 1592 1712 sicut
1617 1655 1706 1712 ille
1733 1655 2076 1712 adversarius

491 1748 760 1804 circuiens
802 1763 1051 1819 qumrens
1089 1763 1246 1817 quem
1290 1750 1542 1811 devoret,
1595 1757 1644 1802 et
1688 1749 1820 1802 sicut
1869 1746 2075 1802 catulus

487 1841 625 1912 ejus,
662 1840 891 1912 populle
925 1840 1152 1905 scilicet,
1195 1841 1281 1896 cui
1316 1841 1516 1896 dictum
1541 1849 1665 1896 est:
1701 1839 1804 1894 Vos
1832 1856 1896 1893 ea:
1925 1850 2074 1909 patre

2186 646 2331 715 quia,
2359 663 2475 699 cum
2502 649 2826 718 apparuerit,
2865 649 3056 704 similes
3083 651 3133 704 ei
3157 651 3350 705 erimus
3371 667 3392 705 :
3411 654 3667 720 quoniam
3694 658 3772 709 ri-

2187 734 2417 789 debimus
2441 752 2560 790 eum
2581 738 2738 792 sicuti
2768 747 2865 793 est.

2647 872 2717 928 IN
2757 873 3089 932 PSALMUM
3141 877 3301 933 XVII.

2253 1006 2384 1073 Quae
2409 1015 2492 1064 est
2521 1009 2623 1064 ista
2654 1009 2784 1077 dies,
2817 1011 2871 1068 in
2911 1028 3016 1083 qua
3044 1029 3238 1086 corpus
3261 1016 3468 1072 Christi
3516 1019 3584 1072 de
3615 1036 3772 1074 manu

2183 1097 2415 1151 omnium
2434 1099 2767 1155 inimicorum
2788 1118 3010 1159 suorum
3030 1106 3363 1175 eripiendum
3385 1122 3443 1163 se
3463 1111 3646 1176 novit,
3673 1111 3772 1164 nisi

2183 1185 2273 1240 illa
2302 1187 2457 1257 cujus
2508 1191 2738 1259 gloriam
2779 1193 2832 1247 in
2875 1195 2982 1251 ﬁne
3027 1198 3382 1266 praecedentis
3424 1201 3631 1270 psalmi
3665 1205 3771 1257 cvi-

2183 1277 2374 1334 denter
2407 1284 2673 1352 expressit
2704 1285 2890 1342 dicens
2920 1305 2932 1341 :
2962 1287 3243 1359 .Implebor,
3273 1309 3392 1345 cum
3431 1295 3768 1364 evigilaeero,

2181 1370 2524 1428 similitudine
2548 1386 2660 1430 tua.
2675 1376 2809 1433 Cum
2825 1380 2969 1434 enim
2991 1381 3230 1438 Ecclesia
3251 1384 3456 1440 Christi
3477 1387 3533 1440 in
3551 1389 3769 1458 evigila-

2181 1461 2345 1527 tione,
2369 1462 2424 1517 id
2443 1473 2526 1519 est
2546 1469 2960 1533 resurrectione,
2985 1471 3202 1541 impleta
3223 1471 3389 1528 fuerit
3410 1475 3770 1535 similitudine

2180 1552 2296 1618 Dei,
2339 1563 2467 1612 tunc
2514 1573 2621 1612 non
2651 1560 2824 1615 solum
2856 1554 3115 1618 de-manu
3149 1573 3473 1622 caeterorum
3519 1569 3797 1626 inimico-'

2180 1662 2301 1700 rum
2328 1656 2569 1720 ereptam
2598 1667 2657 1706 se
2687 1653 3072 1723 gratulabitur,
3115 1655 3208 1712 sed
3229 1668 3286 1713 et
3317 1659 3384 1713 de
3415 1676 3591 1716 manu
3619 1662 3767 1728 Saul,

2176 1754 2276 1809 per
2299 1755 2462 1809 quem
2488 1743 2827 1812 signiﬁcatur
2860 1762 3028 1816 mors,
3055 1750 3143 1804 cui
3174 1750 3229 1805 in
3261 1756 3768 1812 resurrectionem-

2177 1832 2452 1888 sultabunt
2477 1838 2650 1892 sancti
2671 1838 2912 1896 dicentes
2935 1853 2955 1899 ε
2976 1839 3074 1895 Ubi
3093 1851 3192 1912 est,
3218 1860 3384 1913 mors,
3402 1849 3638 1904 victoria
3658 1860 3762 1916 tua,

486 1931 694 1986 diabolo
717 1932 858 1998 estis,
889 1932 1131 2003 cogitans
1153 1931 1220 1987 de
1242 1931 1474 1997 insidiis,
1510 1931 1706 2001 quibus
1726 1931 1931 2000 justum
1963 1930 2069 1985 cir-
2095 1919 2144 1980 B
2172 1926 2260 1980 ubi
2290 1937 2387 1992 est,
2425 1944 2586 1994 mors,
2613 1931 2827 1986 aculeus
2855 1934 3016 1987 tuus?
3041 1933 3170 1989 Saul
3191 1937 3419 2007 quippe,
3467 1941 3567 2009 qui
3601 1942 3763 1996 inter-

485 2023 820 2080 cumveniret
842 2032 897 2079 et
921 2022 1189 2093 perderet.

554 2113 719 2168 Vnus.
754 2113 841 2168 15.
868 2144 939 2153 —
966 2113 1224 2183 Exsurge,
1278 2114 1528 2179 Domine,
1571 2116 1799 2184 praeveni
1845 2131 1963 2168 eum
2016 2124 2063 2169 et

481 2204 761 2276 supplanta
802 2221 943 2270 eum,
979 2213 1084 2260 etc.
1121 2205 1389 2276 Exsurge,
1426 2207 1599 2273 Deus,
1631 2224 1792 2278 quem
1831 2209 2065 2264 dormire

480 2300 714 2358 inﬁdelis
760 2303 990 2374 populus
1018 2304 1336 2371 arbitratur,
1363 2314 1418 2361 et
1445 2307 1757 2378 iniquitates
1783 2308 2061 2363 hominum

478 2406 588 2446 non
620 2407 843 2461 curare,
892 2403 1182 2466 antequam
1211 2405 1533 2452 exerceatur
1568 2397 1774 2452 malitia
1817 2414 1944 2463 sua,
2003 2406 2061 2452 ut

476 2481 678 2538 factum
726 2486 845 2556 ejus
885 2486 1123 2542 vindicta
1185 2489 1512 2558 praeveniat,
1553 2497 1610 2544 et
1658 2491 1733 2544 ita
1779 2489 2059 2561 supplanta

475 2591 613 2629 eum.
642 2575 787 2632 Erue
809 2586 990 2634 autem
1017 2580 1252 2634 animam
1280 2597 1469 2645 meam,
1494 2583 1874 2637 resuscitando
1908 2597 1996 2636 me
2027 2598 2059 2637 a

475 2675 670 2732 morte,
701 2683 822 2738 qua:
851 2669 985 2725 mihi
1006 2669 1075 2727 ab
1117 2670 1300 2741 impiis
1334 2672 1573 2744 irrogata
1607 2682 1709 2728 est.
1737 2673 1931 2728 Anima
1958 2689 2059 2728 au-

471 2767 582 2815 tem
605 2773 728 2816 mea
751 2762 953 2831 framea
970 2770 1059 2818 tua
1086 2773 1188 2830 est,
1212 2780 1376 2834 quam
1407 2767 1701 2838 assumpsit
1725 2783 1919 2822 manus
1941 2777 2057 2833 tua,

471 2852 526 2908 id
550 2861 636 2908 est
671 2861 872 2910 aeterna
895 2855 1067 2912 virtus
1097 2865 1208 2920 tua,
1232 2866 1294 2912 ut
1311 2873 1410 2928 per
1439 2858 1614 2930 ipsam
1636 2875 1803 2931 regna
1825 2859 2060 2915 debellet

469 2943 811 3016 iniquitatis,
847 2955 900 3002 et
938 2948 1138 3004 dividat
1172 2949 1348 3021 justos
1381 2952 1450 3006 ab
1501 2952 1701 3022 impiis.
1734 2951 1886 3008 Hanc
1927 2967 2065 3024 ergo

468 3050 602 3092 erue
632 3037 702 3093 ab
721 3037 955 3094 inimicis
990 3041 1144 3095 meis.

537 3128 701 3184 Vnus.
746 3131 832 3186 14.
868 3163 938 3172 -
979 3132 1233 3200 Domine,
1272 3153 1306 3189 a
1351 3139 1532 3208 paucis
1581 3139 1645 3193 de
1697 3150 1836 3193 terra
1882 3140 2053 3194 divide

464 3238 574 3286 eos,
601 3230 707 3277 etc.
737 3221 903 3276 Pauci
946 3234 1069 3278 sunt
1096 3226 1225 3281 boni
1266 3228 1333 3284 ad
1375 3231 1836 3300 comparationem
1877 3231 2049 3286 malo-

2171 2027 2418 2089 pretatur
2446 2023 2634 2090 petitus
2653 2064 2668 2089 ,
2704 2025 2898 2104 mortis
2927 2026 3332 2084 similitudinem
3359 2031 3507 2100 gerit
3526 2073 3542 2096 ,
3573 2034 3642 2086 de
3663 2050 3759 2104 qua

2173 2111 2455 2182 Scriptura
2499 2115 2663 2170 dicit:
2690 2103 2832 2171 Deus
2867 2127 3086 2172 mortem
3116 2135 3219 2173 non
3245 2119 3398 2190 fecit,
3429 2139 3528 2176 nec
3553 2103 3761 2178 (tutatur

2168 2201 2223 2256 in
2253 2204 2540 2272 perditione
2578 2207 2873 2261 viventium.
2905 2208 2974 2263 Et
3003 2216 3128 2278 post
3150 2224 3318 2279 pauca
3349 2228 3362 2264 :
3401 2211 3569 2282 Impii
3589 2229 3756 2268 autem

2168 2293 2408 2348 manibus
2432 2305 2479 2350 et
2503 2295 2667 2350 verbis
2693 2299 3043 2353 accersierunt
3069 2297 3236 2354 illam.

2240 2385 2403 2440 Vsus.
2435 2386 2488 2440 2.
2514 2418 2583 2426 -
2620 2386 2850 2459 Diligam
2888 2399 2967 2456 te,
3007 2388 3257 2458 Domine,
3305 2392 3569 2461 fortitudo
3613 2414 3754 2457 mea,

2165 2473 2424 2530 Dominus
2472 2477 2860 2545 ﬁrmamentum
2892 2498 3116 2546 .meum,
3171 2492 3275 2540 etc.
3318 2484 3593 2557 Loquitur
3645 2489 3754 2542 brec

2166 2565 2412 2622 Christus
2445 2575 2501 2622 et
2527 2568 2787 2638 Ecclesia,
2819 2571 2876 2626 id
2913 2580 2996 2628 est
3013 2581 3160 2629 totus
3196 2573 3470 2640 Christus,
3501 2589 3669 2648 caput
3706 2587 3753 2632 et

2167 2671 2380 2727 corpus.
2410 2658 2644 2730 Diligam
2680 2669 2750 2728 te,
2782 2661 3022 2728 Domine,
3062 2679 3160 2734 per
3191 2679 3352 2734 quem
3397 2665 3564 2721 fortis
3602 2684 3752 2730 sum,

2165 2751 2258 2820 qui
2294 2766 2380 2807 me
2427 2750 2678 2819 ﬁrmasti,
2724 2755 2816 2823 qui
2863 2754 3032 2825 refugi
3073 2757 3141 2812 ad
3189 2765 3278 2811 te:
3313 2758 3494 2828 refugi
3539 2767 3749 2824 autem,

2164 2846 2288 2912 quia
2321 2845 2564 2902 liberasti
2590 2861 2696 2902 me.

2235 2936 2398 2992 Vsus.
2440 2938 2492 2991 5.
2525 2968 2596 2978 -
2631 2937 2775 2993 Deus
2816 2957 2962 2996 meus
2995 2941 3212 3011 adjutor
3243 2944 3410 3009 meus,
3454 2955 3506 2998 et
3535 2947 3749 3015 sperabo

2164 3032 2217 3083 in
2245 3047 2382 3084 eum.
2425 3030 2528 3098 Qui
2569 3032 2701 3088 mihi
2734 3034 2888 3104 prius
2927 3035 3253 3106 adjutorium
3295 3039 3606 3094 vocationis
3650 3050 3752 3094 tua:

2161 3123 2460 3192 praistitisti
2477 3164 2493 3188 ,
2519 3134 2578 3179 ut
2618 3139 2839 3194 sperare
2862 3127 2918 3180 in
2945 3135 2996 3183 te
3021 3130 3246 3199 possim.
3270 3130 3552 3186 Protector
3581 3150 3748 3194 meus.

2161 3225 2208 3267 et
2239 3231 2403 3270 cornu
2449 3215 2634 3272 salutis
2663 3235 2824 3285 mete,
2877 3230 2925 3274 et
2957 3232 3226 3293 susceptor
3257 3241 3424 3279 meus.
3463 3224 3750 3282 Protector

561 3278 572 3286 .
1269 3278 1333 3284 --ν
1381 3278 1836 3300 --κγ-,ηηυωη
1877 3278 2017 3286 __.__-
2811 3278 2821 3285 ,
3106 3278 3118 3293 ,
3385 3278 3394 3279 ,

464 3328 618 3378 rum;
653 3315 746 3369 sed
771 3314 924 3370 divisi
947 3315 1116 3371 Judaei
1163 3334 1261 3388 per
1291 3321 1479 3376 orbem
1504 3331 1629 3377 sum
1658 3340 1692 3376 α
1723 3324 1926 3394 paucis,
1960 3324 2052 3394 qui
2079 3278 2127 3344 ο
2159 3320 2334 3372 meus,
2369 3309 2496 3379 quia
2543 3325 2652 3365 non
2706 3311 2773 3366 de
2811 3326 2901 3368 me
2937 3315 3291 3384 praesumpsi,
3328 3316 3488 3385 quasi
3535 3318 3752 3389 erigens

462 3424 530 3464 ex
557 3408 637 3464 eis
661 3409 1029 3476 crediderunt,
1053 3412 1121 3466 de
1139 3411 1402 3480 Ecclesia,
1429 3431 1548 3485 quae
1571 3425 1711 3471 terra
1733 3418 2050 3485 viventium,

462 3503 698 3572 separati
728 3504 784 3557 in
812 3506 918 3557 vita
945 3505 1185 3574 ipsorum
1206 3547 1221 3570 ,
1251 3506 1305 3562 id
1345 3517 1446 3574 est,
1483 3509 1537 3562 in
1567 3509 1700 3576 ista,
1743 3527 1906 3580 quant
1959 3526 2051 3566 so-

460 3593 570 3648 lam
619 3609 772 3648 suam
803 3595 969 3648 vitam
1014 3605 1239 3664 putant,
1291 3599 1418 3667 quia
1445 3607 1703 3654 aeternam
1734 3601 2047 3671 desperant.

459 3685 578 3742 Non
604 3687 777 3742 solum
805 3696 984 3742 autem
1014 3688 1115 3742 ista
1152 3703 1313 3759 poena
1352 3705 1445 3745 eos
1476 3701 1764 3747 consecuta
1801 3701 1884 3748 est
1919 3695 2052 3750 visi-

460 3778 605 3844 bilis,
648 3779 744 3834 sed
775 3778 940 3832 etiam
983 3779 1050 3834 de
1078 3780 1347 3848 peccatis,
1381 3797 1500 3851 quae
1530 3790 1785 3852 tanquam
1813 3785 2050 3841 tenebrae

459 3869 855 3924 abscondantur
889 3885 920 3924 a
959 3869 1163 3927 lumine
1201 3873 1448 3929 veritatis
1478 3875 1604 3941 Dei,
1637 3877 1920 3948 adimpleta
1967 3888 2051 3934 est

461 3962 723 4018 memoria
759 3977 968 4030 eorum,
1000 3973 1061 4019 ut
1093 3964 1544 4023 obliviscerentur
1580 3969 1769 4025 Deum.

532 4053 774 4108 Saturati
811 4064 934 4109 sunt
978 4054 1137 4123 ﬁliis,
1181 4067 1229 4111 et
1275 4057 1588 4115 dimiserunt
1635 4062 1881 4132 reliquias
1920 4081 2044 4119 suas

454 4145 690 4215 paruulis
727 4147 880 4211 suis;
910 4147 1014 4202 hoc
1059 4158 1175 4215 est,
1214 4149 1480 4205 malorum
1517 4167 1744 4222 operum
1783 4154 2046 4211 fructibus

455 4244 583 4290 sunt
611 4235 836 4305 repleti,
878 4244 933 4292 et
968 4247 1191 4308 peccata
1220 4240 1557 4298 inﬁdelitatis
1588 4259 1698 4299 sua:
1738 4246 1901 4300 etiam
1932 4247 2045 4302 suis

457 4326 690 4393 posteris
713 4326 1071 4395 reliquerunt.

524 4416 875 4472 Vsus.15.—-
891 4417 1002 4489 Ego
1019 4429 1191 4474 autent
1211 4423 1265 4475 in
1285 4422 1494 4492 justitia
1517 4434 1610 4480 tua
1638 4429 1916 4499 apparebo.
1935 4440 2039 4486 etc.

454 4506 568 4574 Ego
594 4515 775 4562 autem
813 4509 905 4577 qui
943 4525 1049 4564 non
1099 4513 1325 4582 apparui
1361 4515 1440 4571 eis
1477 4518 1569 4587 qui
1617 4521 1781 4575 corde
1822 4522 2042 4576 sordido

450 4605 506 4650 et
541 4597 829 4653 tenebroso
865 4597 1040 4655 lucem
1086 4602 1364 4671 sapientia:
1402 4605 1586 4661 videre
1622 4625 1728 4666 non
1777 4621 2037 4680 possunt,

448 4690 503 4742 in
521 4689 735 4758 justitia
762 4701 854 4746 tua
879 4693 1076 4750 videbo
1105 4697 1298 4752 faciem
1325 4706 1471 4753 tuam
1491 4742 1505 4767 ,
1550 4711 1604 4757 et
1627 4705 1882 4770 satiabor,
1921 4723 2039 4760 cum

450 4782 752 4849 apparuerit
793 4782 962 4852 gloria
1003 4796 1124 4854 tua,
1164 4796 1221 4842 ut
1256 4789 1312 4844 hi
1350 4792 1443 4860 qui
1473 4807 1560 4848 me
1589 4795 1913 4865 intelligunt.
1950 4797 2039 4851 Di-

447 4869 680 4941 ligenter
705 4887 836 4927 vero
857 4878 1176 4945 notandum,
1205 4887 1260 4934 et
1287 4881 1516 4936 solerter
1540 4893 1623 4938 est
1654 4887 1930 4941 memoria:
1953 4888 2037 4942 in-

447 4963 791 5032 culcandum,
823 4982 985 5037 quam
1019 4974 1303 5042 perspicue
1329 4975 1499 5045 gloria
1530 4979 1947 5035 resurrectionis
1976 4981 2036 5035 ﬁ-

447 5057 644 5112 delium
685 5058 843 5127 juxta
893 5061 1182 5119 editionem
1225 5065 1546 5122 Hebraicam
1593 5069 1680 5124 his
1728 5071 2036 5129 novissimis

451 5151 734 5206 versiculis
764 5152 1092 5219 declaretur,
1121 5157 1316 5226 quibus
1347 5157 1544 5213 dicitur
1570 5174 1585 5212 :
1615 5157 1727 5232 Ego
1753 5167 1806 5215 in
1824 5163 2036 5232 justitia

448 5241 628 5294 videbo
658 5242 848 5310 faciem
878 5255 1026 5300 tuam
1049 5263 1067 5311 ;
1098 5246 1367 5318 implebor,
1393 5264 1511 5302 cum
1538 5251 1866 5321 evigilavero,
1891 5257 2035 5309 simi-

443 5333 662 5388 litudine
698 5344 808 5390 tua.
839 5335 974 5392 Nam
1014 5353 1135 5392 cum
1181 5349 1390 5395 constet
1425 5344 1602 5412 quod,
1631 5344 1733 5399 nisi
1770 5346 2035 5414 justiﬁca-

444 5439 783 5508 tum-corpus
803 5428 1007 5486 Christi
1043 5435 1215 5501 gratia
1244 5433 1362 5501 ejus
1387 5434 1577 5490 faciem
1605 5437 1697 5491 Dei
1725 5479 1738 5502 ,
1768 5439 1857 5506 qui
1874 5438 2031 5508 justi-

443 5521 530 5576 tiaa
559 5503 650 5577 est
676 5520 831 5588 fons,
872 5523 1057 5578 videre
1095 5538 1200 5578 non
1226 5526 1418 5594 possit,
1457 5543 1560 5582 non
1614 5529 1785 5583 solum
1823 5531 1888 5586 de
1922 5541 2028 5586 tam

441 5613 724 5668 excellenti
756 5615 898 5668 dono
936 5615 1273 5685 gratulatur,
1317 5616 1411 5670 sed
1453 5617 1674 5689 insuper
1728 5623 1937 5692 impleri
1971 5641 2029 5680 se

439 5704 792 5760 similitudine
839 5706 1040 5775 ipsius,
1087 5722 1210 5761 cum
1249 5706 1611 5777 cvigilaverit,
1645 5713 1700 5768 id
1722 5723 1805 5769 est
1842 5731 2025 5771 resur-

438 5799 676 5861 rexerit,
731 5807 840 5852 tota
891 5799 1214 5854 certitudinc
1267 5801 1509 5856 conlidit.
1564 5803 1701 5870 Quid
1751 5808 1893 5862 enim
1939 5821 2022 5865 est

439 5891 606 5955 aliud,
661 5893 928 5959 implebor,
982 5913 1098 5948 cum
1137 5896 1470 5965 evigilarero,
1511 5901 1852 5958 similitudine
1891 5916 2016 5973 tua,

2159 3401 2447 3455 adversum
2483 3409 2540 3455 te
2585 3415 2754 3456 cornu
2801 3403 3098 3473 superbiae,
3128 3403 3224 3460 sed
3268 3406 3507 3477 teipsum
3545 3424 3746 3472 cornu,

2155 3491 2259 3547 hoc
2286 3501 2388 3558 est,
2411 3491 2624 3548 ﬁrmam
2653 3494 3028 3552 celsitudinem
3050 3497 3238 3553 salutis
3263 3497 3447 3554 inveni
3475 3514 3491 3553 :
3523 3501 3669 3570 quod
3693 3512 3749 3555 ut

2158 3585 2480 3652 invenirem,
2521 3586 2805 3658 suscepisti
2844 3603 2952 3643 me.

2229 3677 2394 3734 Vsus.
2426 3679 2480 3734 ι.
2533 3710 2604 3721 -
2658 3679 2912 3736 Laudans
2957 3683 3207 3738 invocabo
3257 3685 3581 3752 Dominum,
3637 3696 3740 3741 etc.

2154 3773 2274 3830 Non
2310 3789 2489 3831 meam
2522 3774 2769 3845 gloriam,
2815 3777 2911 3831 sed
2953 3777 3165 3834 Domini
3215 3793 3467 3849 quaerens
3495 3780 3742 3834 invocabo

2159 3867 2472 3933 Dominum,
2498 3875 2552 3922 et
2580 3883 2691 3923 non
2717 3868 2824 3922 erit
2857 3874 3000 3924 tmde
3029 3869 3161 3925 mihi
3192 3878 3429 3925 noceant
3451 3870 3743 3940 impietatis

2152 3974 2385 4015 errores.

2226 4050 2388 4104 Vens.
2411 4051 2548 4105 5.—
2569 4050 3040 4109 Circumdederunt
3064 4070 3147 4108 me
3172 4055 3379 4111 dolores
3405 4059 3736 4122 mortis,etc.

2149 4140 2370 4198 Dolores
2400 4142 2770 4210 mortalitatis,
2801 4144 2904 4201 hoc
2929 4154 3014 4200 est
3041 4147 3242 4213 carnis,
3280 4149 3740 4203 circumdederunt

2150 4249 2254 4301 me,
2279 4241 2336 4289 et
2367 4233 2541 4289 turbae
2578 4235 2778 4307 iniquae
2813 4237 2881 4292 ad
2909 4245 3122 4308 tempus
3151 4249 3441 4295 commotae
3469 4240 3622 4296 velut
3646 4240 3737 4295 ﬁu-

2148 4327 2296 4382 mina
2332 4326 2590 4397 pluvialia
2619 4329 2730 4385 cito
2759 4331 2996 4386 desitura
3037 4341 3301 4402 egerunt,
3333 4343 3394 4388 ut
3443 4338 3733 4390 conturba-

2148 4426 2270 4473 rent
2294 4432 2402 4472 me.

2218 4516 2380 4572 Vens.
2413 4518 2467 4573 6.
2483 4519 2785 4576 —Dolores
2808 4521 3002 4591 inferni
3027 4524 3482 4580 circumdederunt
3501 4543 3606 4592 me,
3631 4537 3729 4581 etc.

2148 4608 2202 4662 ln
2241 4607 2327 4663 his
2364 4609 2457 4678 qui
2484 4624 2572 4665 me
2605 4611 3111 4681 circumdederunt,
3141 4622 3202 4670 ut
3225 4618 3552 4685 perderent,
3584 4631 3732 4676 erant

2150 4703 2354 4759 dolores
2397 4705 2738 4772 invidentise,
2775 4708 2867 4777 qui
2899 4719 3127 4764 mortem
3171 4720 3505 4780 operantur,
3544 4717 3733 4785 perdu-

2150 4805 2386 4867 cuntque
2428 4797 2494 4851 ad
2534 4797 2806 4853 infernum
2851 4802 3078 4871 peccati.
3108 4801 3503 4860 Prmvenerunt
3555 4821 3728 4863 autem

2149 4903 2257 4954 me,
2298 4897 2358 4942 ut
2384 4889 2595 4959 priores
2627 4907 2824 4946 nocere
2853 4891 3067 4956 vellent,
3103 4894 3247 4963 quod
3275 4895 3358 4950 eis
3384 4908 3583 4967 postea
3617 4900 3728 4952 red-

2146 4981 2385 5035 deretur.
2429 4979 2586 5036 Tales
2625 4992 2803 5037 autem
2844 4984 3090 5041 homines
3131 4988 3351 5056 capiunt
3390 4990 3446 5043 in
3479 4993 3728 5061 perditio-

2146 5089 2270 5128 nem
2292 5115 2307 5140 ,
2336 5074 2531 5144 quibus
2572 5075 2709 5129 mala
2737 5080 3108 5145 persuaserint
3139 5077 3444 5148 jactatione
3475 5083 3725 5153 justitix,

2145 5163 2299 5234 cujus
2356 5180 2462 5220 non
2513 5180 2573 5220 re
2629 5167 2725 5222 sed
2785 5167 3006 5224 nomine
3057 5169 3316 5227 adversus
3375 5183 3572 5241 gentes
3625 5173 3726 5245 glo-

2145 5257 2375 5312 riantur.

2215 5351 2379 5404 Vens.
2421 5353 2472 5405 7.
2505 5383 2572 5392 ——
2612 5352 2678 5405 In
2715 5353 3054 5409 tribulatione
3107 5372 3220 5409 mea
3266 5357 3502 5411 invocavi
3551 5357 3726 5411 Domi-

2140 5464 2288 5514 num,
2318 5456 2424 5501 etc.
2456 5447 2534 5501 De
2562 5449 2778 5519 templo,
2807 5450 2910 5505 hoc
2950 5459 3036 5505 est
3069 5451 3134 5507 de
3155 5452 3316 5506 corde
3349 5467 3493 5517 meo,
3533 5453 3588 5506 in
3626 5467 3723 5522 quo

2139 5538 2368 5603 habitat,
2423 5539 2690 5593 exaudivit
2740 5557 2914 5595 vocem
2954 5558 3159 5609 meam;
3202 5553 3250 5596 et
3297 5543 3500 5598 clamor
3547 5562 3718 5610 utea,

2136 5647 2295 5701 quem
2353 5646 2461 5686 non
2515 5633 2572 5688 in
2618 5630 2840 5688 auribus
2883 5633 3199 5706 hominum,
3249 5638 3344 5691 sed
3388 5653 3572 5692 coram
3614 5640 3720 5709 ipso

2132 5723 2276 5800 intus
2317 5725 2514 5792 habeo,
2545 5726 2780 5779 introivit
2817 5727 2870 5779 in
2895 5744 3051 5782 aures
3079 5729 3214 5799 ejus.

2203 5817 2363 5871 Vsus.
2395 5819 2447 5872 8.
2476 5849 2547 5858 ——
2576 5817 2848 5871 Commota
2884 5828 2960 5872 est
2989 5830 3034 5873 et
3063 5824 3372 5876 contremuit
3408 5833 3574 5890 terra,
3605 5825 3714 5891 [κιο

2128 5913 2375 5966 damento
2417 5915 2672 5966 montium
2704 5915 3017 5968 conturbat-tt
3058 5924 3195 5970 sunt.
3241 5918 3555 5976 (Ilariﬁcato
3591 5919 3712 5975 Filio
