3948 6328
250 413 346 471 785

1302 409 1543 466 EXPOS.
1585 410 1653 466 1N
1691 409 1789 465 XX
1825 407 2079 464 PRIMOS
2117 407 2450 466 PSALMOS.

3393 407 3493 463 Ἱδϐ

253 525 484 586 hominis
529 525 768 579 commoti
795 532 912 576 sunt
952 532 1005 576 et
1032 530 1448 575 contremuerunt
1479 529 1811 590 peceatores,
1840 525 1895 582 Α
1991 518 2150 572 Vens.
2182 517 2269 571 16.
2293 546 2364 558 -—-
2389 517 2458 570 Et
2489 528 2841 588 apparuerunt
2868 519 3034 587 fontes
3075 534 3350 587 aquarum,
3381 527 3487 573 etc-

248 631 302 675 et
329 631 452 689 spes
494 615 879 686 superborum,
915 629 1034 684 quae
1076 614 1133 668 in
1181 615 1283 669 hoc
1327 613 1524 668 saeculo
1566 613 1812 679 fuerunt,

248 707 581 766 conturbatze
607 713 754 771 sunt,
779 713 836 758 ut
879 705 1086 759 scilicet
1116 703 1232 774 jam
1274 704 1670 758 ﬁrmamentum
1709 719 1816 757 non

249 801 472 858 haberet
493 799 548 853 in
578 797 833 853 cordibus
854 797 1132 852 hominum
1164 811 1288 865 spes
1319 795 1692 863 temporalium
1723 795 1812 850 bo-

247 907 460 948 norum.

316 985 476 1040 Vens.
529 984 583 1040 9.
631 1013 702 1023 -—
751 983 996 1037 Ascendit
1040 982 1214 1051 fumus
1264 983 1320 1034 in
1368 981 1452 1034 ira
1500 980 1648 1049 ejus,
1708 987 1812 1034 etc.

243 1078 489 1133 Ascendit
537 1076 837 1146 lacrymosa
881 1073 1188 1143 deprecatio
1231 1071 1640 1142 ptenitentium,
1694 1086 1815 1125 cum

243 1169 624 1239 cognovissent
658 1167 786 1236 quid
823 1165 1056 1219 minaret
1093 1164 1236 1219 Deus
1265 1163 1475 1233 impiis;
1504 1171 1560 1217 et
1585 1161 1816 1232 flagran-

245 1263 318 1316 tia
351 1259 638 1316 charitatis
665 1257 732 1313 de
757 1256 946 1311 notitia
977 1257 1092 1326 ejus
1111 1263 1233 1326 post
1257 1254 1631 1324 paenitentiam
1659 1269 1814 1307 exar-

239 1353 349 1416 sit;
379 1350 571 1416 etilli,
609 1350 701 1418 qui
735 1349 851 1417 jam
878 1347 1080 1403 mortui
1117 1355 1302 1413 erant,
1344 1347 1542 1402 deserti
1589 1346 1656 1400 ab
1696 1346 1817 1416 igne

239 1443 366 1498 boni
427 1441 682 1497 desiderii
729 1456 792 1496 ac
849 1440 967 1496 luce
1017 1441 1282 1510 iustitiae,
1337 1449 1391 1494 et
1440 1437 1621 1510 frigidi
1665 1447 1817 1493 tene»

238 1535 494 1606 brosique
520 1542 928 1600 remanserant,
965 1549 1155 1589 rursus
1191 1534 1396 1588 accensi
1432 1542 1488 1588 et
1534 1531 1816 1586 illuminati
1855 1577 1862 1582 .

237 1625 571 1679 revixerunt.

312 1715 472 1771 Vens.
514 1713 600 1770 10.
641 1744 709 1754 -
749 1714 1032 1770 Inclinavit
1061 1714 1225 1780 caelos
1265 1725 1312 1769 et
1365 1715 1657 1779 descendit,
1710 1721 1814 1768 etc.

233 1809 521 1878 Apostolus
551 1808 854 1863 humilitate
883 1808 1226 1877 informavit,
1265 1821 1321 1867 et
1359 1813 1542 1882 impii,
1578 1813 1670 1884 qui
1705 1820 1814 1867 ter-

235 1915 366 1954 rena
406 1899 650 1970 sapiunt,
698 1898 976 1970 caliginem
1023 1901 1243 1958 malitia:
1291 1917 1404 1959 suae
1449 1918 1558 1959 non
1616 1919 1812 1976 cogno—
1839 1885 1889 1946 Β

235 2002 452 2047 verunt.

310 2080 469 2137 Vens.
493 2083 581 2137 11.
609 2112 681 2122 -
708 2080 778 2137 Et
822 2086 1053 2140 ascendit
1096 2103 1251 2157 super
1293 2089 1558 2143 cherubim
1583 2099 1630 2143 et
1671 2091 1814 2144 uola—-

231 2175 298 2228 uit
319 2214 334 2238 ,
368 2182 474 2228 etc.
507 2173 788 2229 Exaltatus
824 2184 906 2232 est
933 2192 1096 2246 super
1124 2177 1513 2248 plenitudinem
1551 2181 1808 2249 scientize,

230 2273 291 2318 ut
322 2279 482 2318 nemo
519 2265 586 2319 ad
621 2265 906 2321 Dominum
943 2269 1152 2324 veniret
1190 2271 1295 2324 nisi
1332 2286 1430 2341 per
1467 2272 1808 2328 charitatem.

229 2354 517 2410 Plenitudo
545 2358 682 2410 enim
717 2355 844 2427 legis
874 2367 948 2412 est
986 2359 1258 2426 charitas;
1289 2369 1345 2415 et
1384 2362 1493 2417 cito
1523 2377 1580 2416 se
1609 2365 1811 2418 incom-

226 2446 644 2516 prehensibilcm
687 2463 807 2503 esse
846 2451 1168 2505 monstravit
1193 2451 1542 2509 dilectoribus
1567 2455 1699 2519 suis,
1743 2472 1811 2512 ne

227 2536 380 2590 illum
407 2539 678 2608 corporeis
706 2540 1178 2610 imaginationibus
1201 2545 1538 2613 prehendere
1567 2561 1625 2600 se
1649 2561 1812 2615 posse

228 2627 648 2682 arbitrarentur.
691 2627 783 2682 llla
817 2639 997 2684 autem
1045 2631 1327 2699 celeritas,
1360 2649 1466 2703 qua
1507 2649 1564 2690 se
1607 2636 1810 2692 incom-

226 2715 651 2786 prehensibilem
679 2731 799 2774 esse
827 2722 1178 2787 monstravit,
1221 2737 1382 2792 super
1421 2725 1646 2781 virtutes
1689 2728 1807 2782 ani-

227 2825 442 2864 marum
469 2818 584 2875 est,
613 2811 809 2879 quibus
834 2825 892 2866 se
918 2811 1061 2867 velut
1100 2815 1291 2883 pennis
1319 2830 1349 2869 a
1376 2815 1538 2872 terris
1565 2817 1621 2871 in
1649 2832 1808 2874 auras

224 2899 498 2955 libertatis
517 2901 799 2965 extollunt.

299 2994 462 3051 Vens.
491 2997 577 3050 12.
608 3028 677 3037 -
703 2998 773 3052 Et
815 3002 986 3069 posuit
1034 3002 1269 3056 tenebras
1315 3001 1593 3057 latibulum
1630 3018 1804 3057 suum.

225 3085 418 3140 Posuit
465 3088 849 3144 obscuritatem
895 3101 1392 3159 sacramentorum,
1439 3101 1494 3148 et
1535 3093 1805 3149 occultam

223 3192 382 3247 spem
411 3178 466 3232 in
494 3182 655 3235 corde
685 3181 1015 3236 credentium
1035 3224 1049 3248 ,
1088 3183 1180 3236 ubi
1207 3183 1402 3238 lateret
1431 3185 1545 3254 ipse
1572 3199 1680 3239 non
1709 3197 1804 3239 eos

221 3268 502 3325 deserens.
531 3271 599 3339 In,
620 3269 701 3325 his
727 3272 889 3326 etiam
918 3272 1168 3340 tenebris,
1205 3273 1294 3328 ubi
1321 3289 1416 3343 per
1438 3273 1600 3328 ﬁdem
1627 3274 1802 3328 adhuc

221 3364 598 3431 ambulamus,
635 3380 745 3421 non
783 3381 881 3437 per
928 3367 1191 3437 speciem,
1249 3367 1484 3438 quandiu
1522 3368 1666 3437 quod
1691 3383 1801 3424 non

219 3456 467 3511 videmus
501 3471 804 3526 speramus,
833 3466 889 3513 et
934 3473 1032 3528 per
1056 3458 1372 3528 patientiam
1399 3467 1798 3528 exspectamus.

219 3546 485 3602 Conversi
510 3556 690 3602 tamen
715 3549 782 3603 ad
808 3549 982 3618 ipsum
1009 3549 1254 3604 ambiunt
1284 3564 1430 3616 eum,
1461 3551 1551 3620 qui
1574 3551 1802 3606 credunt

216 3640 292 3705 ei,
328 3640 451 3709 quia
483 3638 538 3694 in
566 3640 744 3694 medio
769 3655 957 3696 eorum
977 3649 1079 3707 est,
1102 3656 1224 3696 cum
1246 3642 1498 3696 omnibus
1521 3641 1802 3712 aequaliter

217 3727 402 3796 favet,
446 3729 500 3783 in
537 3729 764 3799 quibus,
811 3738 1070 3800 tanquam
1111 3731 1166 3785 in
1205 3731 1555 3787 tabernaculo
1593 3733 1801 3788 habitat

216 3817 327 3875 hoc
355 3829 612 3891 tempore.
645 3819 755 3875 Nec
793 3832 1079 3892 propterea
1121 3823 1406 3893 quisquam
1441 3824 1494 3879 in
1532 3824 1621 3879 illa
1657 3825 1794 3889 luce,

216 3925 341 3980 quae
369 3910 548 3965 futura
578 3920 681 3977 est,
712 3928 834 3967 cum
863 3927 930 3967 ex
965 3913 1069 3968 ﬁde
1103 3914 1171 3968 ad
1204 3915 1440 3984 speciem
1467 3917 1795 3983 venerimus,

213 4001 334 4071 jam
363 4017 422 4057 se
443 4017 562 4058 esse
585 4003 908 4071 arbitretur,
935 4005 980 4060 si
1004 4004 1314 4075 Scripturas
1337 4015 1486 4062 recte
1515 4007 1794 4078 intelligit:

216 4091 346 4162 quia
376 4093 431 4146 in
452 4095 728 4164 prophetis
753 4135 766 4160 ,
809 4103 970 4165 atque
1007 4096 1259 4152 omnibus
1287 4098 1452 4153 divini
1495 4099 1641 4153 verbi
1663 4115 1800 4169 piae-

217 4183 551 4240 dicatorihus
592 4185 822 4240 obscura
869 4187 1115 4242 doctrina
1163 4198 1247 4244 est
1297 4189 1349 4243 in
1394 4191 1798 4260 comparatione

215 4273 477 4345 fulgoris,
525 4277 618 4346 qui
656 4287 738 4332 est
772 4278 828 4333 in
859 4287 1132 4348 conspectu
1168 4279 1618 4336 manifestationis
1657 4281 1793 4350 ejus.

216 4367 372 4423 Unde
402 4377 455 4423 et
489 4370 732 4439 sequitur
756 4389 768 4424 :

289 4459 448 4516 Vens.
492 4461 579 4515 15.
609 4491 680 4500 -
725 4460 847 4516 Ρνίε
889 4462 1092 4533 fulgore
1129 4465 1184 4516 in
1223 4475 1494 4535 conspectu
1538 4468 1650 4536 ejus
1695 4484 1795 4520 nu-

1920 607 2154 661 Revelati
2203 615 2327 662 sunt
2373 609 2679 677 prophetas,
2727 609 2818 676 qui
2868 622 2973 662 non
3023 607 3491 678 intelligebantur,

1917 713 2078 767 super
2118 713 2253 767 quos
2283 697 2641 753 tediﬁraretur
2666 700 2814 753 orbis
2841 707 3107 754 terrarum
3136 700 3363 755 credens
3390 700 3495 756 Do-

1917 789 2082 842 mino.
2110 789 2186 842 Ab
2224 789 2576 858 increpatione
2611 797 2701 842 tua
2721 829 2735 854 ,
2766 787 2985 842 Domine
3006 829 3020 853 ,
3060 788 3124 841 ab
3154 789 3497 857 inspiratione

1916 879 2128 948 spiritus
2168 881 2262 933 ira:
2290 889 2424 944 tum;
2451 879 2734 934 clamantis
2763 879 2969 934 scilicet
3001 897 3013 932 :
3047 879 3494 952 Appropinquavit

1916 985 2070 1039 super
2096 987 2182 1024 vos
2209 987 2423 1041 regnum
2451 969 2580 1036 Dei;
2615 979 2671 1026 et
2700 989 2712 1024 :
2748 970 2868 1025 Nisi
2892 973 3244 1043 paenitentiam
3265 975 3491 1044 egeritis,

1918 1079 2093 1118 omnes
2124 1064 2280 1117 simul
2308 1065 2622 1118 moriemini.

1988 1154 2149 1210 Vens.
2192 1157 2277 1210 17.
2308 1187 2377 1196 —-
2404 1155 2548 1210 Misit
2591 1157 2655 1211 de
2678 1173 2880 1212 summo
2915 1167 2964 1212 et
3007 1161 3204 1230 accepit
3242 1178 3352 1228 me,
3383 1170 3492 1216 etc.

1918 1248 2170 1304 Vocando
2205 1264 2270 1304 ex
2296 1250 2544 1321 gentibus
2566 1250 2622 1304 in
2655 1249 3024 1306 hacreditatem
3057 1252 3348 1322 gloriosam
3387 1254 3494 1309 Ec;

1916 1340 2136 1396 clesiam
2157 1356 2264 1396 non
2279 1341 2567 1396 habentem
2588 1340 2853 1396 maculam
2868 1351 2964 1396 aut
2979 1357 3188 1413 rugam,
3203 1346 3497 1415 assumpsit

1917 1449 2004 1488 me
2028 1433 2094 1487 de
2123 1432 2466 1487 multitudine
2491 1432 2831 1502 populorum.

1987 1525 2150 1580 Vens.
2185 1524 2271 1580 18.
2308 1556 2378 1564 -
2408 1524 2618 1596 Eripuit
2655 1543 2736 1580 me
2774 1527 2838 1582 de
2881 1528 3105 1583 inimicis
3145 1531 3274 1584 meis
3321 1531 3497 1600 fortis-

1917 1619 2085 1684 simis,
2112 1627 2216 1673 etc.
2245 1601 2457 1688 Eripuit
2483 1636 2565 1673 me
2586 1620 2649 1673 de
2670 1620 2894 1677 inimicis
2916 1623 3066 1688 meis,
3091 1623 3183 1692 qui
3206 1623 3497 1693 przevalue-

1919 1719 2046 1766 runt
2072 1711 2139 1766 ad
2167 1710 2503 1783 atiligendam
2523 1720 2577 1767 et
2601 1715 3010 1783 pervertendam
3039 1715 3197 1770 istam
3229 1713 3497 1786 tempora-

1918 1800 2025 1856 lem
2053 1803 2220 1857 vitam
2250 1818 2443 1858 meam.

1986 1892 2147 1950 Vens.
2192 1895 2276 1950 19.
2309 1925 2380 1970 έ-
2418 1893 2790 1951 Prwuenerunt
2839 1914 2920 1952 me
2961 1899 3017 1952 in
3067 1900 3151 1952 die
3201 1899 3494 1970 aﬂlictionis

1914 2003 2064 2051 mete,
2103 1996 2210 2042 etc.
2240 1987 2460 2044 Priores
2504 1988 2637 2043 mihi
2666 1999 2965 2045 nocuerunt
3003 1990 3061 2045 in
3101 1998 3360 2059 tempore,
3388 2007 3494 2060 quo

1913 2078 2141 2133 mortale
2162 2087 2216 2133 et
2237 2079 2564 2134 laboriosum
2585 2095 2782 2150 corpus
2801 2096 2960 2162 gero;
2985 2090 3040 2136 et
3058 2082 3314 2150 quoniam
3351 2097 3496 2136 ama-
3517 2159 3526 2166 .
3548 2147 3562 2167 ε

1915 2169 2151 2223 ritudine
2187 2169 2528 2224 miseriarum
2567 2159 2966 2226 ﬁrmamentum
2990 2180 3221 2227 terrenae
3247 2171 3491 2242 volupta-
3517 2159 3526 2166 ’

1914 2261 1984 2315 tis
2012 2262 2429 2318 contribulatum
2474 2276 2638 2335 atque
2675 2267 2991 2322 convulsum
3035 2275 3145 2333 est,
3196 2268 3368 2337 factus
3415 2278 3492 2323 est

1913 2350 2172 2406 Dominus
2207 2363 2468 2422 protector
2499 2372 2662 2410 meus.

1985 2443 2145 2498 Vens.
2175 2443 2264 2498 20.
2295 2475 2360 2484 —
2385 2442 2456 2499 Et
2481 2447 2660 2501 eduxit
2683 2465 2764 2502 me
2792 2450 2848 2503 in
2886 2449 3247 2515 latitudinem,
3286 2452 3489 2506 salvum

1912 2554 1995 2592 me
2028 2538 2183 2607 fecit,
2211 2541 2458 2610 quoniam
2483 2540 2644 2595 voluit
2681 2560 2780 2596 me.
2812 2528 2948 2610 Quia
2977 2545 3220 2600 carnales
3247 2547 3493 2615 patiebar

1915 2630 2222 2700 angustias,
2265 2631 2446 2685 eduxit
2465 2648 2548 2686 me
2571 2633 2623 2686 in
2652 2633 2950 2703 spiritalem
2978 2635 3305 2690 latitudinem
3342 2637 3492 2704 ﬁdei,

1911 2717 2160 2786 quoniam
2191 2719 2354 2773 voluit
2381 2737 2481 2784 me,
2509 2729 2796 2792 antequam
2825 2739 2925 2794 ego
2954 2725 3103 2780 illum
3132 2726 3341 2781 vellem.

1983 2807 2147 2863 Vens.
2187 2808 2276 2862 21.
2305 2840 2374 2848 -
2398 2807 2469 2863 Et
2500 2812 2747 2866 retribuet
2769 2814 2898 2868 mihi
2920 2814 3176 2869 Dominus
3205 2817 3487 2871 secundum

1903 2899 2168 2970 justitiam
2197 2896 2385 2965 meam,
2419 2911 2523 2958 etc.
2553 2903 2814 2959 Retribuet
2858 2907 2984 2959 mihi
3013 2907 3268 2962 Dominus
3302 2926 3488 2963 secun-

1910 2991 2035 3044 dum
2062 2991 2330 3062 justitiam
2359 2995 2513 3050 bonae
2559 2996 2883 3063 voluntatis,
2927 2999 3016 3068 qui
3068 3000 3217 3068 prior
3263 3001 3492 3070 praebuit

1911 3083 2358 3151 misericordiam,
2390 3096 2679 3156 antequam
2713 3091 2973 3147 haberem
3011 3093 3206 3148 bonam
3241 3094 3484 3150 volunta-

1913 3178 2054 3237 tem;
2098 3183 2146 3226 et
2186 3177 2469 3231 secundum
2494 3181 2773 3248 puritatem
2818 3183 3077 3250 factorum
3105 3201 3336 3240 meorum
3356 3228 3370 3251 ,
3392 3189 3484 3258 qui

1829 3241 1877 3306 Ο
1909 3262 2098 3318 tribuit
2126 3266 2280 3332 mihi,
2317 3276 2376 3320 ut
2402 3241 2536 3324 bene
2566 3241 2828 3338 facerem,
2857 3275 3134 3331 educendo
3156 3291 3242 3332 me
3273 3278 3325 3332 in
3356 3241 3481 3333 lali-

1907 3354 2148 3410 tudinem
2179 3356 2320 3412 ﬁdei.

1979 3443 2142 3501 Vens.
2179 3446 2267 3501 22.
2301 3477 2370 3487 —
2401 3449 2538 3514 Quia
2577 3452 2830 3508 cuslodt'vt'
2859 3455 2971 3509 uias
2995 3455 3230 3525 Domini,
3272 3473 3363 3512 nec
3389 3458 3486 3512 im-

1904 3535 1986 3605 pie
2009 3537 2145 3606 gessi
2189 3555 2222 3592 a
2255 3538 2366 3592 Deo
2403 3555 2538 3594 meo.
2575 3540 2642 3596 Ut
2679 3541 3016 3600 latitudinem
3059 3547 3326 3603 bonorum
3351 3565 3483 3619 ope-

1905 3643 2048 3696 rum,
2076 3645 2196 3701 quae
2220 3647 2318 3702 per
2344 3632 2506 3689 ﬁdem
2529 3643 2677 3702 sunt,
2703 3634 3082 3709 longanimitas
3103 3642 3484 3712 perseverandi

1906 3733 2285 3794 consequatur.

1977 3813 2136 3870 Vens.
2169 3816 2256 3870 25.
2281 3847 2352 3857 -
2381 3816 2641 3883 Quoniam
2673 3823 2849 3876 omnia
2880 3824 3088 3894 judicia
3124 3825 3239 3894 ejus
3270 3826 3325 3879 in
3363 3842 3487 3879 con-

1906 3920 2080 3978 spectu
2105 3923 2237 3976 meo,
2268 3919 2372 3966 etc.
2403 3911 2460 3966 ld
2486 3923 2599 3980 est,
2639 3923 2696 3969 et
2720 3917 2941 3986 praemia
2966 3916 3259 3986 iustorum,
3287 3929 3342 3975 et
3365 3934 3480 3990 poe-

1905 4013 2006 4054 nas
2035 3999 2342 4069 impiorum,
2385 4011 2439 4057 et
2477 4001 2685 4075 flagella
2724 4009 3163 4076 corrigendorum
3186 4051 3200 4075 ,
3227 4018 3282 4064 et
3311 4020 3483 4066 tenta~

1907 4093 2082 4147 tiones
2105 4095 2508 4162 probandorum
2529 4101 2899 4166 perseveranti
2929 4101 3214 4156 considero
3234 4112 3478 4157 contem-

1906 4184 2158 4253 platione.
2211 4185 2280 4238 Et
2315 4186 2550 4255 justitias
2590 4187 2702 4256 ejus
2745 4205 2848 4242 non
2892 4189 3058 4260 repuli
3099 4208 3131 4244 ιι
3169 4207 3290 4258 me,
3339 4193 3483 4261 quod

1904 4273 2109 4329 faciunt
2136 4274 2450 4331 deﬁcientes
2473 4277 2572 4332 sub
2599 4279 2810 4334 sarcina
2835 4293 3047 4346 earum,
3071 4289 3125 4335 et
3151 4290 3484 4337 revertentes

1905 4366 1972 4420 ad
2002 4366 2261 4420 vomitum
2291 4381 2464 4421 suum.

1972 4452 2137 4509 Vens.
2166 4455 2259 4521 24,
2290 4455 2379 4510 25.
2407 4486 2480 4498 —
2506 4457 2574 4512 Et
2617 4476 2704 4513 ero
2743 4460 3114 4519 inmaculatus
3151 4480 3269 4521 cum
3311 4482 3370 4518 eo
3391 4506 3404 4530 ,
3435 4476 3481 4520 et

212 4547 321 4614 bes,
349 4557 453 4604 etc.
486 4549 664 4605 Nubes
688 4552 826 4622 ejus,
854 4553 908 4608 id
948 4563 1030 4608 est
1055 4555 1435 4625 praedicatores
1461 4559 1615 4614 verbi
1644 4560 1761 4630 ejus
1778 4600 1793 4627 ,
1819 4597 1875 4659 Β
1903 4548 2180 4651 ofﬁrmo"
2201 4550 2366 4659 ’πειαθ
2386 4551 2660 4654 iniqui-fa.“
2687 4569 2823 4607 ηιεα·
2849 4546 2920 4607 Εε
2942 4557 3186 4659 "mnf"
3208 4558 3336 4610 mihi
3366 4556 3474 4659 PO‘

212 4655 318 4693 non
344 4640 457 4710 jam
490 4641 544 4696 in
572 4641 769 4698 Iudaeae
808 4643 1003 4700 ﬁnibus
1031 4648 1406 4716 continentur,
1436 4651 1530 4706 sed
1574 4653 1792 4707 transie-

211 4740 335 4783 runt
382 4731 450 4786 ad
475 4741 682 4803 gentes.
716 4734 1130 4806 Objurgationes
1172 4748 1385 4805 autem,
1417 4741 1611 4810 quibus
1645 4743 1790 4799 velut

210 4821 468 4887 grandine
507 4824 671 4878 corda
709 4825 843 4881 dura
878 4827 1195 4894 tunduntur,
1236 4831 1282 4885 si
1321 4833 1532 4887 animus
1562 4834 1708 4888 mitis
1735 4844 1791 4890 et

212 4910 334 4978 pius
360 4914 653 4983 exceperit,
682 4916 734 4969 in
766 4918 1065 4973 doctrinam
1097 4921 1386 4976 satiantem
1416 4923 1783 4991 resolvuntur;

211 4999 333 5070 igne
362 5017 487 5058 vero
515 5006 799 5063 charitatis
826 5024 1054 5065 accenso
1093 5013 1257 5068 corda
1284 5014 1629 5069 reviviscunt.
1664 5013 1788 5070 Haec

208 5095 390 5149 omnia
418 5097 474 5151 in
503 5100 736 5156 nubibus
766 5102 934 5171 ipsius
965 5103 1031 5157 ad
1065 5114 1252 5175 gentes
1277 5107 1616 5160 transierunt.

279 5183 443 5241 Vens.
471 5187 556 5242 M.
587 5221 659 5230 —
681 5190 751 5246 Et
777 5191 1001 5247 intonuit
1025 5195 1090 5248 de
1116 5195 1241 5249 caelo
1273 5195 1547 5262 Dominus,
1575 5207 1680 5252 etc.
1717 5198 1787 5254 Ut

209 5274 264 5331 in
293 5279 558 5358 profundo
586 5297 767 5339 rerum
797 5286 1155 5341 humanarum
1182 5289 1500 5344 audirentur
1521 5290 1779 5345 coelestia.

277 5368 440 5427 Vens.
474 5372 558 5428 15.
583 5404 652 5413 -
678 5373 749 5429 Et
791 5377 933 5431 misit
978 5379 1196 5449 sagittas
1237 5395 1395 5445 suas,
1438 5389 1485 5433 et
1517 5381 1784 5451 dissipavit

208 5475 312 5525 eos,
336 5461 567 5532 fulgura,
592 5473 696 5521 etc.
734 5463 805 5520 Et
831 5470 974 5522 misit
999 5471 1355 5542 evangelistas
1391 5473 1584 5542 pennis
1616 5474 1785 5528 virtu-

212 5559 320 5606 tum
347 5562 496 5609 recta
517 5555 708 5613 itinera
735 5560 1130 5616 transvolantes
1151 5603 1165 5628 ,
1191 5579 1298 5618 non
1322 5564 1454 5630 suis,
1477 5563 1570 5619 sed
1599 5563 1716 5632 ejus
1755 5581 1785 5618 a

209 5660 313 5714 Quo
355 5651 503 5706 missi
532 5663 686 5717 sunt,
713 5661 772 5707 ut
811 5654 932 5709 aliis
961 5664 1144 5711 essent
1180 5657 1313 5711 odor
1348 5657 1474 5711 vitae
1509 5658 1564 5711 in
1591 5657 1780 5723 vitam,

208 5733 325 5792 aliis
371 5741 502 5794 odor
549 5743 736 5798 mortis
779 5743 834 5796 in
866 5755 1114 5800 mortem.
1157 5745 1518 5817 Multiplicavit
1568 5761 1782 5816 quoque

208 5828 487 5902 miracula,
511 5846 557 5890 et
585 5836 905 5891 conturbavit
927 5853 1031 5892 eos.

1899 4641 2072 4694 minus
2114 4641 2396 4695 secundum
2432 4643 2695 4713 justitiam
2744 4661 2911 4699 meam
2937 4688 2951 4711 ,
2986 4658 3093 4702 etc.
3134 4647 3250 4702 Non
3301 4649 3476 4704 solum

1897 4742 2119 4802 propter
2149 4733 2486 4790 latitudinem
2515 4736 2659 4802 ﬁdei,
2697 4754 2818 4808 quae
2844 4755 2944 4809 per
2972 4740 3314 4798 dilectionem
3343 4757 3472 4812 ope-

1897 4833 2071 4890 ratur,
2094 4825 2187 4880 sed
2209 4826 2373 4880 etiam
2390 4838 2612 4897 propter
2631 4827 3016 4900 longitudinem
3036 4835 3473 4902 perseverantiae,

1897 4914 2132 4968 retribuit
2174 4916 2300 4968 mihi
2332 4915 2589 4970 Dominus
2611 4959 2626 4983 ,
2661 4933 2767 4972 non
2811 4920 2953 4988 quod
2998 4921 3243 4978 homines
3274 4924 3474 4989 vident,

1894 5007 1984 5060 sed
2013 5006 2068 5058 in
2107 5017 2382 5076 conspectu
2428 5007 2699 5061 oculorum
2746 5011 2882 5078 ejus,
2933 5013 3186 5080 quoniam
3240 5031 3360 5084 qua:
3397 5016 3476 5069 vi-

1897 5099 2119 5163 dentur,
2154 5099 2464 5168 temporalia
2493 5110 2646 5165 sunt;
2674 5117 2793 5170 quas
2841 5113 3018 5158 autem
3063 5121 3170 5161 non
3201 5109 3472 5176 videntur,

1895 5197 2096 5243 aeterna
2136 5197 2290 5253 sunt,
2321 5190 2465 5258 quod
2505 5191 2739 5258 pertinet
2767 5192 2834 5247 ad
2868 5193 3202 5251 altitudinem
3231 5200 3365 5269 spei.

1963 5277 2129 5331 Vens.
2171 5279 2259 5344 26,
2293 5279 2380 5333 27.
2412 5309 2482 5318 -—
2507 5278 2637 5334 Cum
2666 5291 2845 5336 sancto
2875 5294 3088 5340 sanctus
3125 5288 3246 5352 eris,
3278 5299 3326 5342 et
3357 5307 3474 5344 cum

1894 5371 2000 5423 uiro
2044 5371 2312 5424 innocente
2351 5372 2598 5426 innocens
2637 5373 2774 5440 eris;
2819 5383 2867 5427 et
2913 5393 3030 5429 cum
3081 5376 3238 5433 electo
3281 5379 3472 5435 electus

1894 5467 1994 5520 eris
2013 5507 2028 5532 ,
2053 5475 2100 5520 et
2129 5482 2246 5518 cum
2289 5481 2526 5534 perverso
2555 5468 2878 5536 perverteris.
2927 5468 3024 5523 Est
3058 5470 3221 5524 etiam
3259 5471 3470 5526 occulta

1893 5557 2234 5628 profunditas
2261 5597 2274 5620 ,
2317 5572 2420 5626 qua
2466 5556 2779 5629 intelligeris
2828 5575 2946 5613 cum
2990 5570 3170 5614 sancto
3214 5572 3462 5626 sanctus,

1892 5648 2017 5718 quia
2061 5655 2116 5701 tu
2151 5645 2492 5710 sanctiﬁcas,
2516 5656 2563 5700 et
2605 5664 2722 5702 cum
2761 5651 2871 5702 viro
2907 5660 3174 5703 innocente
3198 5653 3474 5719 innocens,‘

1891 5742 2015 5812 quia
2044 5741 2175 5795 nulli
2205 5754 2390 5806 noces,
2423 5742 2515 5795 sed
2554 5740 2832 5796 criniculis
2875 5749 3217 5812 peccatorum
3246 5757 3466 5800 suorum

1893 5837 2259 5906 unusquisque
2301 5836 2725 5909 constringitur:
2755 5845 2811 5890 et
2845 5835 2912 5890 ab
2951 5850 3048 5902 eo,
3091 5848 3261 5908 quem‘
3277 5838 3460 5910 eligis,
