3948 6328
466 411 572 487 187

969 429 1361 485 WALAFRlDl
1405 429 1646 486 S'l'i‘tAB’l
1689 431 1899 491 FULD.
1941 433 2106 490 ΜΟΝ.
2147 435 2298 493 OPP.
2341 437 2521 494 PARS
2559 439 2600 494 Ι.
2643 471 2712 480 --
2747 439 3206 498 THEOLOGICA.

466 546 701 619 eligeris,
737 556 794 600 et
813 561 932 600 cum
972 561 1210 616 perverso
1243 547 1440 603 videris
1467 565 1758 618 perversus,
1787 551 2042 622 quoniam
2072 553 2121 612 Α
2150 565 2237 608 me
2261 565 2410 622 sunt,
2453 557 2774 612 mortalibus
2801 555 2961 614 rebus
2985 566 3039 612 et
3069 560 3326 614 membris
3353 579 3366 613 :
3393 572 3443 613 et
3471 573 3577 616 non
3622 575 3746 618 sunt

465 640 650 701 dicunt
672 637 830 694 :Non
860 647 934 693 est
966 648 1104 692 recta
1128 639 1210 694 uia
1233 638 1468 708 Domini,
1491 651 1546 699 et
1573 642 1808 714 ipsorum
1834 643 1918 698 via
1940 657 2045 697 non

465 742 548 787 est
570 741 737 788 recta.

536 823 700 880 Vens.
747 823 837 881 28.
855 853 935 885 ,--
973 823 1235 890 Quoniam
1277 835 1331 880 tu
1366 840 1615 897 paputum
1654 826 1900 882 humilem
1939 826 2046 882 sal-

464 935 585 974 uum
622 917 785 989 facies
809 957 824 982 ,
859 926 966 974 etc.
1014 903 1127 972 Hoc
1157 933 1470 987 perversum
1502 918 1714 974 videtur
1743 921 2043 990 perversis,

463 1011 604 1080 quod
623 1009 947 1064 confitentes
972 1019 1192 1079 peccata
1217 1026 1312 1064 sua
1336 1011 1512 1064 salvos
1535 1009 1686 1075 lacis,
1735 1015 2045 1082 ignorantes

463 1115 641 1160 autem
687 1105 780 1160 Dei
803 1095 1104 1176 justitiam,
1131 1114 1185 1162 et
1224 1120 1375 1161 suam
1423 1107 1663 1162 volentes
1690 1107 2042 1177 constituere,

461 1201 728 1256 humilius.

531 1292 696 1350 Vens.
744 1293 835 1350 29.
872 1323 944 1334 -
1008 1293 1273 1362 Quoniam
1330 1302 1386 1346 tu
1446 1291 1715 1348 illuminas
1776 1292 2044 1348 lucernam

459 1399 652 1449 meum,
684 1394 792 1440 etc.
844 1384 959 1439 Non
1015 1392 1098 1439 est
1146 1393 1390 1440 nostrum
1421 1385 1598 1440 lumen
1625 1400 1689 1441 ex
1723 1385 1910 1450 nobis,
1949 1385 2043 1442 sed

457 1487 514 1530 tu
559 1477 828 1534 illuminas
876 1479 1144 1532 lucernam
1196 1493 1384 1538 meam,
1429 1475 1652 1532 Domine
1693 1493 1712 1532 :
1755 1493 1855 1531 nos
1895 1479 2042 1533 enim

455 1568 696 1638 peccatis
722 1567 922 1623 nostris
954 1569 1187 1628 tenebrae
1207 1584 1416 1636 sumus,
1443 1569 1535 1624 sed
1565 1566 1707 1624 Deus
1739 1583 1892 1624 meus
1921 1567 2037 1623 illu-

458 1660 686 1716 minabit
716 1661 967 1717 tenebras
997 1676 1164 1716 meas.

529 1749 692 1806 Vsus.
723 1751 811 1806 '50.
838 1781 910 1790 —
938 1751 1202 1818 Quoniam
1225 1753 1280 1806 in
1310 1763 1358 1806 te
1377 1752 1575 1824 eripior
1599 1771 1631 1806 a
1660 1752 1963 1818 tentatione,
1991 1759 2040 1806 et

382 1856 388 1862 '
453 1844 511 1900 in
541 1843 648 1898 Deo
672 1861 788 1900 meo
826 1851 1188 1917 transgredtar
1225 1862 1454 1900 murum.
1480 1844 1598 1901 Non
1636 1845 1688 1900 in
1729 1861 1835 1910 me,
1863 1845 1956 1900 sed
1982 1845 2038 1899 in

2146 643 2412 713 inﬁrmata
2441 648 2556 703 sive
2585 648 2780 704 itinera
2807 663 2958 714 mea,
2989 648 3106 705 sive
3125 651 3310 720 ‘sigh’a,
3339 657 3463 722 qua:
3489 652 3746 724 impresa

2147 737 2211 791 ad
2237 739 2558 796 imitandum
2594 743 2968 812 sequentibus.

2215 829 2378 887 VEBS.
2421 831 2510 888 58.
2534 865 2603 874 -—
2632 832 2927 904 Persequar
2949 836 3189 892 inimicos
3213 853 3354 893 meos
3373 880 3387 903 ,
3426 849 3479 894 et
3507 849 3745 898 comata-

2145 921 2366 976 ltendam
2391 923 2526 986 illos,
2555 935 2602 978 et
2631 942 2734 980 non
2761 937 3033 980 convertar
3063 929 3226 982 donec
3247 929 3520 999 deﬁciant.
3559 927 3744 986 Perse-

2142 1030 2278 1084 quar
2298 1011 2522 1070 allectus
2540 1031 2689 1070 meos
2710 1017 2975 1081 carnales,
2997 1035 3063 1072 ne
3083 1020 3152 1074 ab
3176 1022 3256 1074 eis
3275 1021 3743 1091 comprehendar,

2143 1105 2238 1158 sed
2269 1107 2722 1174 comprehendam
2771 1107 2907 1170 illos,
2940 1117 2998 1162 ttt
3038 1110 3414 1171 absumuntur,
3448 1121 3506 1166 et
3541 1114 3612 1166 alt
3643 1115 3743 1168 ista

2146 1193 2439 1252 intentione
2469 1214 2572 1269 non
2601 1209 2872 1252 convertar
2899 1197 2964 1252 ad
2995 1200 3228 1270 quietem
3251 1241 3267 1265 ,
3295 1199 3463 1254 denec
3488 1201 3743 1270 deficiant

2143 1288 2233 1358 qui
2266 1289 2584 1359 obstrepunt
2615 1289 2768 1344 mihi.

2211 1379 2375 1436 Vnus.
2403 1382 2492 1436 59.
2517 1412 2588 1421 -
2617 1382 2958 1454 Confringam
2989 1382 3140 1448 illos,
3164 1391 3267 1438 ἠει-
3289 1393 3555 1456 poterunt
3583 1395 3739 1450 stare,

2141 1470 2327 1524 cadent
2352 1471 2534 1524 subtus
2562 1473 2716 1542 pedes
2747 1489 2906 1527 meos.
2947 1473 3287 1544 Confringam
3323 1475 3449 1528 illos
3469 1517 3484 1538 ,
3510 1489 3622 1530 nec
3644 1476 3742 1530 du-

2143 1563 2339 1617 rabunt
2357 1564 2644 1619 adversum
2669 1581 2753 1619 me
2769 1584 2782 1619 2
2808 1567 3040 1621 directos
3054 1567 3742 1638 illisproponamtimores,

2140 1656 2337 1728 quibus
2365 1655 2584 1710 ambulo
2608 1656 2661 1710 in
2693 1666 2982 1712 aeternum.

2217 1745 2377 1804 Vens.
2408 1748 2500 1803 40.
2530 1779 2602 1790 --
2625 1748 2694 1804 Et
2721 1751 3044 1821 prwcinxisti
3077 1767 3159 1806 me
3185 1752 3376 1807 virtute
3404 1752 3484 1807 ad
3514 1749 3741 1821 bellum,

2140 1842 2491 1912 supplantain
2555 1841 2879 1915 insurgentes
2945 1849 3000 1898 in
3055 1863 3136 1899 me
3195 1847 3378 1900 subtus
3431 1864 3538 1902 me.
3607 1847 3743 1904 Cou-

451 1947 500 1994 te
519 1938 714 2007 eripior
745 1954 779 1992 a
808 1939 1112 2002 teutatione,
1145 1947 1202 1994 et
1231 1955 1338 1994 non
1369 1938 1420 1994 in
1452 1952 1556 2002 me,
1582 1938 1674 1993 sed
1705 1938 1760 1992 in
1789 1933 1894 1991 Deo
1924 1953 2037 1991 meo
2061 1909 2112 1976 Β
2142 1932 2410 1987 strinxisti
2441 1929 2658 1987 ﬂuentia
2700 1935 2968 1989 desideria
2999 1937 3183 1992 carnis
3223 1947 3358 1993 ntere
3397 1939 3649 2001 virtute,
3679 1957 3741 1996 ne

451 2031 809 2102 transgrediar
851 2047 1083 2095 murum,
1125 2045 1284 2100 quem
1332 2034 1472 2088 inter
1527 2029 1774 2086 homines
1825 2037 1882 2084 et
1929 2043 2037 2085 cat-

450 2122 640 2178 lestem
671 2121 1008 2178 Hierusalem
1031 2131 1252 2192 peccata
1279 2131 1589 2178 erexerunt.

522 2216 685 2274 Vsus.
715 2216 805 2271 51.
835 2246 907 2256 ——
928 2215 1070 2272 Deus
1093 2233 1237 2270 meus
1262 2215 1534 2288 impolluta
1565 2217 1648 2273 ria
1669 2215 1804 2288 ejus,
1829 2215 2036 2287 eloquia

455 2308 664 2364 Domini
698 2309 814 2380 igne
843 2309 1168 2374 examinata,
1191 2318 1297 2363 etc.
1325 2307 1466 2364 Deus
1493 2308 1637 2362 meus
1665 2323 1770 2367 non
1807 2309 1953 2364 venit
1980 2309 2032 2362 in

450 2403 720 2468 homines,
747 2403 850 2458 nisi
891 2403 1340 2460 manducaverint
1369 2402 1507 2458 viam
1537 2401 1661 2456 lidei
1681 2441 1695 2465 ,
1723 2417 1826 2470 qua
1855 2400 2035 2456 veniat

447 2495 512 2552 ad
554 2509 670 2556 eos,
709 2493 838 2564 quia
867 2491 1140 2563 impolluta
1177 2503 1253 2548 est
1281 2495 1362 2548 via
1383 2495 1522 2564 ejus.
1563 2492 1788 2566 Eloquia
1818 2507 2034 2564 quoque

445 2587 660 2644 Domini
688 2589 805 2658 igne
825 2587 1244 2644 examinationis
1264 2589 1584 2659 probantur,
1612 2595 1669 2644 et
1699 2602 1910 2650 omnes,
1939 2584 2031 2656 qui

449 2697 553 2734 non
571 2681 624 2734 in
640 2695 696 2736 se
720 2679 871 2750 ipsis,
896 2681 987 2734 sed
1012 2681 1065 2735 in
1095 2679 1186 2734 illo
1208 2689 1449 2753 sperant,
1471 2681 1660 2738 eadem
1685 2679 2032 2736 tribulatione

449 2789 554 2828 non
583 2781 1003 2836 consumuntur;
1036 2786 1160 2842 spes
1186 2773 1330 2828 enim
1363 2773 1610 2842 sequitur
1636 2773 1814 2827 ﬁdem.

519 2862 682 2918 Vsus.
713 2861 804 2916 52.
827 2891 898 2901 -
927 2860 1189 2928 Quoniam
1217 2863 1333 2934 quis
1361 2863 1504 2919 Deus
1530 2873 1720 2932 prtrter
1747 2861 2029 2920 Dominum

445 2965 537 3014 aut
581 2958 698 3026 quis
744 2954 893 3014 Deus
937 2969 1128 3028 prazter
1171 2955 1341 3012 Deum
1391 2957 1666 3012 nostrum?
1719 2955 1850 3022 Quis
1893 2957 2028 3010 Deus

445 3059 636 3120 prteter
667 3049 968 3115 Dominum,
996 3049 1082 3106 cui
1114 3048 1415 3106 servimus?
1441 3058 1489 3102 et
1527 3049 1644 3119 quis
1671 3046 1812 3102 Deus
1839 3056 2028 3118 prwter

445 3139 614 3196 Deum
641 3150 908 3206 nostrum,
939 3155 1100 3210 quem
1138 3149 1257 3210 post
1290 3141 1484 3194 bonum
1535 3139 1850 3194 servitutem
1903 3147 2023 3192 tau-

445 3247 605 3302 quam
636 3231 1006 3286 baareditatem
1045 3240 1327 3302 sperantes
1357 3229 1448 3285 lilii
1479 3229 1911 3308 possidebimus?

2143 2025 2195 2078 in
2236 2025 2324 2079 tali
2365 2039 2543 2096 pugna
2573 2028 2934 2097 praepedirer,
2965 2036 3032 2092 et;
3062 2028 3233 2099 decipi
3263 2030 3444 2086 frcisti
3501 2042 3603 2086 eos
3653 2035 3738 2102 qui

2141 2133 2228 2173 me
2267 2119 2723 2186 insequebantur,
2757 2127 2816 2174 ut
2843 2113 3032 2175 subter
3063 2135 3148 2175 me
3174 2119 3398 2186 [iet-ent,
3435 2123 3533 2192 qui
3582 2139 3740 2194 super

2139 2227 2226 2267 me
2250 2227 2370 2267 esse
2393 2212 2698 2282 cupiebant.

2211 2303 2375 2358 Vens.
2407 2301 2573 2356 4|.—
2596 2302 2665 2357 Et
2691 2304 2930 2359 inimicos
2951 2321 3092 2359 meos
3118 2305 3310 2360 dedisti
3334 2301 3469 2360 mihi
3496 2307 3734 2375 dorsum,

2137 2403 2245 2450 etc.
2286 2395 2540 2450 Inimicos
2571 2403 2720 2451 meos
2759 2398 3098 2462 comertisti,
3123 2409 3177 2453 et
3205 2393 3424 2453 dorsum
3480 2401 3614 2453 inihi
3647 2416 3733 2454 eos

2136 2483 2313 2544 fecisti
2351 2505 2488 2552 esse,
2533 2488 2586 2543 id
2629 2499 2712 2544 est
2757 2498 2812 2542 ut
2850 2501 3198 2562 sequet'entut
3233 2509 3352 2554 me,
3385 2491 3528 2546 alios
3555 2501 3728 2546 autem

2137 2594 2346 2648 eorum,
2382 2581 2469 2651 qui
2499 2583 2549 2636 in
2580 2583 2704 2637 odio
2723 2583 3107 2652 perdurarunt,
3131 2581 3529 2654 disperdidisﬁ.

2200 2669 2374 2730 Vens.
2403 2675 2493 2729 42.
2521 2705 2592 2716 --
2613 2671 3015 2740 Clamaverunt,
3048 2691 3140 2730 nec
3171 2685 3280 2730 erat
3315 2677 3405 2747 qui
3431 2674 3614 2730 salvos
3645 2675 3724 2743 fa-

2135 2777 2267 2820 ceret
2299 2766 2366 2818 ad
2397 2763 2700 2830 Dominum,
2734 2783 2826 2820 nec
2857 2756 3120 2820 exaudivit
3145 2784 3248 2821 eos.
3296 2763 3431 2834 Quis
3458 2768 3608 2822 enim
3630 2766 3726 2820 sal-

2133 2875 2230 2914 vos
2260 2857 2482 2922 laceret,
2517 2875 2650 2928 quos
2677 2869 2728 2912 tu
2761 2867 2865 2912 non
2890 2857 3143 2916 laceres?
3169 2859 3279 2915 Nec
3303 2860 3371 2914 ad
3403 2859 3718 2930 quemlibet,

2131 2953 2224 3008 sed
2266 2952 2332 3006 ad
2369 2951 2654 3010 Dominum
2691 2951 3080 3018 clamaverunt,
3126 2968 3228 3010 nec
3261 2953 3618 3008 exauditione
3646 2953 3718 3006 tli-

2131 3037 2544 3118 gnosjudicavit
2576 3062 2680 3099 non
2709 3040 3023 3100 recedentes
3050 3063 3078 3100 a
3104 3045 3306 3100 malitia
3333 3062 3458 3110 sua,
3491 3049 3636 3116 quod
3657 3044 3720 3100 de

2129 3133 2330 3191 Iudaeis
2382 3136 2692 3206 specialiter
2732 3133 3139 3208 intelligendum
3187 3147 3302 3206 est,
3353 3137 3444 3207 qui
3493 3139 3546 3191 in
3597 3153 3720 3210 syn-

2129 3228 2314 3300 agogis
2336 3227 2594 3294 clamant,
2617 3244 2715 3284 nec
2737 3227 3120 3294 exaudiuntur,
3146 3231 3272 3300 quia
3295 3237 3574 3284 terrenam
3590 3227 3715 3283 Ilie-

517 3320 680 3376 Vsns.
707 3320 796 3375 55.
822 3351 892 3361 -
918 3320 1058 3374 Deus
1081 3362 1094 3385 ,
1141 3321 1232 3392 qui
1275 3321 1547 3390 prwcinxit
1578 3305 1658 3374 ine
1703 3322 1925 3386 virtute,
1973 3330 2024 3376 et
2051 3305 2098 3370 C
2131 3324 2364 3378 rnsaletn
2403 3324 2738 3389 desiderant,
2766 3339 2873 3386 non
2901 3323 3198 3379 caelestem.

443 3415 612 3485 posuit
642 3399 1039 3469 immaculatam
1067 3415 1203 3468 viam
1247 3429 1438 3468 meam.
1481 3410 1770 3468 Pra'cinxit
1813 3429 1925 3477 me,
1964 3420 2026 3467 ut

441 3507 598 3564 fortis
619 3507 748 3573 sim,
777 3522 860 3562 ne'
884 3505 1182 3562 detinentes
1203 3506 1356 3562 sinus
1387 3507 1697 3577 cupiditatis
1726 3506 2024 3576 impediant

443 3615 608 3671 opera
630 3608 686 3654 et
703 3613 924 3672 gressus
945 3613 1118 3654 meos.
1142 3597 1208 3654 Et
1238 3599 1408 3668 posuit
1457 3598 1851 3652 immaculatum
1883 3599 2020 3654 uiam

441 3691 754 3756 charitatis,
781 3705 886 3760 qua
913 3691 978 3744 ad
1009 3690 1155 3743 illum
1197 3689 1439 3752 veniam,
1471 3689 1611 3744 sicut
1637 3688 1913 3759 impolluta
1940 3699 2023 3744 est

445 3782 598 3846 ﬁdes,
624 3799 731 3853 qua
760 3782 908 3838 venit
934 3781 1003 3837 ad
1031 3796 1136 3836 me.

512 3873 676 3931 Vsus.
701 3874 792 3930 54.
817 3907 886 3918 —-
915 3875 1020 3943 Qui
1047 3872 1262 3948 perfecit
1287 3876 1439 3946 pedes
1464 3859 1605 3932 meos
1633 3885 1882 3948 tanquam
1909 3893 2022 3932 cer-

443 3983 654 4034 vorum,
691 3977 741 4022 et
774 3984 932 4038 super
973 3967 1182 4024 excelsa
1231 3977 1463 4028 statuens
1507 3985 1606 4022 me.
1655 3968 1762 4036 Qui
1809 3970 2022 4040 perfecit

445 4071 684 4114 antorem
706 4073 884 4114 meum
908 4059 976 4114 ad
1000 4059 1426 4114 transcendenda
1453 4059 1667 4130 spinosa
1691 4068 1744 4115 et
1765 4061 2021 4117 umbrosa

442 4149 838 4219 implicamenta
863 4149 1021 4218 hujus
1047 4149 1250 4218 Steeuli,
1280 4158 1335 4204 et
1363 4165 1526 4220 super
1557 4150 1830 4206 caelestem
1859 4151 2019 4208 habi-

441 4242 698 4296 tationem
725 4241 839 4312 ligit
863 4243 1214 4298 intentionem
1239 4257 1417 4300 meam
1435 4283 1452 4310 ,
1476 4252 1534 4298 ut
1559 4241 1786 4313 itnplear
1817 4244 1872 4298 in
1897 4260 2019 4298 om»

441 4349 560 4386 nem
589 4333 974 4404 plenitudinem
1005 4334 1118 4390 Dei.

515 4424 675 4491 γωδ.
727 4425 817 4480 55.
861 4455 932 4468 -—
973 4426 1089 4492 Qui
1129 4427 1280 4482 docet
1331 4442 1518 4481 manus
1569 4443 1711 4482 meas
1755 4428 1824 4482 ad
1879 4444 2016 4498 prte-

437 4515 591 4580 tium,
623 4523 730 4572 etc.
759 4514 871 4582 Qui
903 4516 1051 4572 docet
1095 4533 1179 4571 me
1212 4515 1528 4588 operariad
1553 4518 1885 4587 superandos
1905 4518 2016 4574 .ini-

441 4609 606 4667 mices
625 4649 639 4672 ,
667 4609 760 4679 qui
791 4609 947 4665 nobis
973 4609 1330 4666 intercludere
1369 4609 1611 4666 cmlestia
1636 4625 1797 4682 regna
1819 4627 2020 4666 conan-

2200 3417 2362 3472 Vsus.
2389 3417 2480 3471 45.
2507 3447 2576 3457 -
2611 3413 2679 3470 Et
2707 3418 3056 3471 comminuam
3093 3433 3180 3471 eos
3216 3425 3270 3470 ut
3298 3405 3564 3486 pulverem
3600 3425 3719 3467 ante

2128 3510 2314 3580 faciem
2345 3510 2504 3574 uenti,
2535 3518 2641 3564 etc.
2681 3509 2744 3564 Et
2775 3509 2913 3564 aridi
2955 3517 3081 3565 sunt
3116 3524 3222 3563 non
3251 3507 3579 3577 recipientes
3618 3505 3722 3560 im-

2127 3606 2278 3660 brem
2331 3603 2717 3660 misericordia:
2763 3605 2878 3669 Dei,
2933 3611 2990 3658 ut
3035 3603 3161 3659 elati
3211 3601 3466 3674 superbia
3519 3598 3586 3656 ab
3626 3615 3720 3670 spe

2128 3693 2282 3752 ﬁrma
2327 3704 2386 3750 et
2431 3695 2756 3755 inconcussa
2803 3704 3058 3764 tanquam
3091 3709 3122 3750 a
3153 3702 3311 3748 terra:
3338 3687 3618 3748 soliditate
3657 3707 3718 3746 ac

2127 3787 2426 3844 stabilitate
2466 3789 2749 3862 rapiantur
2783 3805 2800 3854 ;
2833 3796 2889 3840 ut
2918 3786 3085 3843 lutum
3105 3786 3426 3858 platearum,
3457 3785 3586 3855 quia
3621 3799 3717 3856 per

2131 3882 2286 3945 latas,
2336 3896 2472 3950 quas
2503 3881 2654 3936 multi
2701 3879 3001 3946 ambulant,
3025 3879 3356 3950 .perditionis
3395 3879 3516 3934 vias
3553 3877 3716 3932 luxu-

2128 3973 2339 4028 riantur
2365 3981 2422 4028 et
2441 3971 2634 4031 lubrici
2662 3980 2805 4028 sunt.

2196 4059 2361 4118 Vsus.
2398 4061 2486 4116 44.
2516 4093 2586 4102 -
2621 4061 2826 4134 Eripies
2863 4077 2944 4115 me
2981 4061 3044 4116 de
3075 4059 3584 4116 contradictionibus
3626 4077 3717 4130 po-

2123 4151 2256 4223 puli,
2280 4161 2384 4207 etc.
2421 4151 2626 4222 Eripies
2659 4168 2740 4205 me
2777 4151 2840 4206 de
2881 4149 3378 4208 contradictionibus
3409 4165 3600 4204 eorum
3625 4148 3713 4218 qui

2126 4245 2385 4300 dixerunt
2424 4260 2436 4297 :
2472 4239 2530 4298 Si
2561 4242 2912 4300 dimiserimus
2945 4259 3061 4298 eum
3094 4243 3288 4308 viuum,
3317 4240 3576 4296 strculum
3601 4249 3713 4312 post

2123 4334 2273 4388 illum
2304 4335 2432 4388 abit.

2197 4426 2360 4484 Vsus.
2384 4427 2476 4482 45.
2513 4459 2585 4468 -
2619 4425 2858 4496 Populus
2877 4443 3028 4498 quem
3058 4444 3161 4482 non
3181 4427 3428 4497 cognoui,
3465 4436 3577 4480 etc.
3611 4423 3712 4480 Po-

2123 4519 2278 4590 pulus
2300 4521 2564 4590 gentium,
2579 4535 2737 4590 quem
2753 4519 3020 4590 corporali
3037 4519 3322 4592 praesentia
3351 4535 3458 4576 non
3473 4519 3708 4582 visitavi,

2127 4610 2350 4666 servivit
2380 4609 2509 4665 mibi
2543 4627 2554 4664 :
2587 4624 2760 4680 neque
2797 4610 2968 4665 oculis
3009 4624 3098 4664 me
3123 4609 3276 4674 vidit,
3319 4610 3414 4666 sed
3443 4611 3709 4682 recipiens

441 4709 546 4754 tur.
581 4700 646 4756 Et
675 4673 898 4772 posuisti
939 4702 1328 4774 infatigabilem
1374 4673 1727 4760 intentionem
1755 4705 2018 4760 bonorum
2043 4673 2098 4736 Β
2123 4703 2512 4774 praedicatores
2547 4673 2694 4760 meos
2725 4703 2780 4757 in
2811 4703 2998 4758 auditu
3025 4719 3170 4758 auris
3208 4673 3434 4761 obedivit
3458 4673 3614 4758 milii.

433 4806 660 4861 operum
688 4807 952 4848 meorum.

512 4882 670 4939 Vsus.
719 4883 808 4941 56.
831 4916 902 4928 -
938 4885 1006 4940 Ει
1027 4887 1223 4944 dedisti
1251 4887 1380 4944 milii
1416 4891 1785 4960 protectionem
1831 4888 2020 4946 salutis

431 4988 567 5040 tute,
598 4984 646 5029 et
690 4977 904 5032 dextera
945 4989 1036 5033 tua
1063 4979 1286 5050 suscepit
1327 4996 1428 5034 me.
1453 4979 1660 5034 Dedisti
1690 4982 1817 5036 milii
1848 4991 2022 5050 prote-

431 5068 654 5124 ctionem
682 5069 870 5125 salutis
897 5085 1023 5138 tute,
1045 5082 1100 5128 et
1122 5073 1277 5130 lavor
1307 5076 1494 5146 gratiae
1521 5083 1624 5130 tum
1643 5090 1881 5148 suscepit
1907 5094 2014 5134 me.

502 5157 572 5212 Et
595 5160 874 5231 disciplina
901 5173 992 5218 tua
1020 5165 1246 5220 correxit
1265 5154 1347 5220 me
1373 5168 1427 5221 in
1453 5167 1633 5236 ﬁnem,
1661 5179 1707 5222 et
1735 5171 2013 5240 disciplina

431 5259 521 5304 tua
551 5251 664 5321 ipsa
708 5267 790 5307 me
827 5253 1049 5310 docebit.
1077 5255 1367 5326 Disciplina
1397 5265 1495 5312 tua
1534 5273 1618 5313 me
1661 5261 1875 5316 deviare
1907 5278 2011 5316 non

428 5343 612 5399 sinetis
641 5346 907 5412 correxit,
938 5356 997 5402 ut
1023 5349 1283 5420 quidquid
1323 5363 1454 5420 ago,
1487 5350 1540 5404 in
1577 5366 1701 5406 eum
1735 5351 1896 5407 linem
1928 5369 2013 5409 re-

429 5432 622 5495 feram.
647 5451 756 5507 quo
778 5437 1013 5494 lueretur
1037 5441 1157 5505 tibi,
1185 5452 1243 5496 et
1263 5441 1454 5498 eadem
1480 5442 1763 5513 disciplina
1795 5452 1882 5500 tua
1925 5460 2010 5500 me

427 5527 638 5585 docebit
670 5535 972 5602 pervenire,
1001 5549 1112 5604 quo
1135 5535 1356 5590 direxit.

502 5623 662 5678 Vens.
699 5622 788 5678 57.
811 5649 886 5666 -ι-
915 5624 1168 5681 Dilatasti
1194 5643 1403 5697 gressus
1433 5645 1574 5683 meos
1602 5629 1782 5684 subtus
1821 5645 1925 5695 me,
1957 5639 2008 5685 et

428 5729 532 5768 non
558 5727 676 5770 sunt
705 5715 974 5784 inﬁrmata
1004 5718 1221 5788 vestigia
1243 5735 1378 5772 mea.
1419 5718 1527 5774 Nec
1551 5719 1851 5788 impediunt
1890 5735 2005 5774 car-

428 5807 578 5862 nales
619 5810 906 5876 angustia),
945 5811 1200 5880 quoniam
1252 5809 1416 5866 Istam
1462 5810 1639 5868 fecisti
1687 5815 2004 5870 cbaritatem

428 5914 604 5958 meam
625 5909 937 5972 operantem
959 5899 1226 5970 hilariter,
1247 5902 1413 5962 etiam
1437 5904 1501 5960 de
1525 5903 1656 5980 ipsis
1677 5919 1797 5976 qua:
1819 5905 2008 5962 subter

2195 4793 2358 4850 Vsus.
2392 4795 2482 4850 46.
2522 4824 2596 4836 -—-
2640 4794 2767 4850 Filii
2813 4793 2974 4852 alieni
3008 4797 3212 4852 mentiti
3249 4806 3370 4854 sunt
3415 4799 3574 4860 mihi,
3607 4806 3702 4853 etc.

2124 4886 2253 4943 Filii
2277 4903 2383 4944 non
2413 4886 2520 4944 mei
2541 4887 2775 4953 dicendi,
2799 4889 2894 4942 sed
2918 4887 3098 4958 potius
3118 4887 3299 4953 alieni,
3329 4889 3538 4958 quibus
3571 4898 3707 4943 recte

2123 4980 2448 5036 dicebatur;
2485 4977 2589 5036 Vos
2627 4996 2692 5035 ea:
2721 4991 2868 5050 patre
2903 4978 3113 5036 diabolo
3153 4981 3275 5036 estis
3303 5021 3319 5048 ,
3351 4983 3562 5036 mentiti
3591 4989 3705 5035 sunt

2120 5072 2250 5126 mihi
2276 5085 2294 5123 :
2323 5071 2422 5142 ﬁlii
2463 5070 2646 5136 alieni,
2695 5071 2892 5142 quibus
2932 5081 2988 5127 ut
3033 5083 3450 5136 renovarentur,
3501 5073 3706 5128 Novum

2122 5165 2529 5222 Testamentum
2557 5165 2732 5230 attuli,
2763 5165 2818 5220 in
2847 5173 3030 5220 vetere
3049 5165 3268 5222 homine
3303 5174 3700 5229 remanserunt,

2119 5264 2174 5310 et
2222 5265 2480 5325 tanquam
2517 5270 2622 5310 uno
2665 5255 2802 5324 pede
2842 5253 3044 5312 debiles
3083 5253 3230 5326 (quia
3265 5252 3433 5312 Vetus
3463 5265 3700 5310 tenentes

2116 5345 2325 5404 Novum
2355 5347 2701 5418 respuerant)
2734 5345 2913 5402 claudi
2941 5347 3117 5402 cll'ecti
3143 5356 3288 5413 sunt,
3319 5349 3484 5402 etiam
3509 5349 3566 5401 in
3595 5349 3695 5418 ipsa

2114 5439 2287 5494 veteri
2323 5438 2440 5510 lege
2463 5439 2646 5510 potius
2691 5452 2820 5494 suas
2863 5437 3182 5494 traditiones
3219 5447 3517 5506 sequentes
3543 5454 3695 5509 quam

2115 5533 2233 5588 Dei.

2183 5621 2672 5680 Calumniabantur
2707 5621 2852 5677 enim
2883 5620 2952 5678 de
2989 5620 3241 5676 manibus
3267 5635 3376 5674 non
3399 5619 3550 5686 lotis,
3577 5619 3690 5687 quis

2114 5717 2248 5772 tales
2272 5727 2428 5771 erant
2453 5716 2688 5780 semitae,
2719 5729 2856 5784 quas
2891 5714 2989 5784 ipsi
3027 5713 3287 5776 fecerant,
3325 5720 3383 5766 et
3412 5723 3690 5766 consuetu-

2111 5813 2238 5867 dine
2287 5811 2574 5874 triveraut,
2618 5809 2924 5865 aberrando
2966 5809 3036 5864 ab
3081 5807 3276 5875 itinere
3301 5816 3682 5881 praceptorum

2112 5906 2228 5965 Dei.
