3948 6328
234 380 333 436 789

1296 386 1542 445 EXPOS.
1580 388 1649 444 IN
1690 386 1785 445 XX
1818 388 2079 448 PRIMOS
2114 384 2449 453 PSALMOS.

3322 414 3475 470 ’790

300 495 464 551 Vens.
498 494 587 553 37.
634 528 701 536 —-
724 494 863 553 'I’tvit
906 498 1159 557 Dominus
1186 546 1197 567 ,
1242 516 1287 559 'et
1327 505 1620 561 benedictus
1666 507 1803 562 Dens
1830 509 1884 570 Α
1907 511 2109 569 virtute
2136 518 2474 587 praecedens,
2505 533 2610 576 non
2640 520 2707 577 ad
2730 522 3101 594 habitandum,
3137 529 3230 583 sed
3255 530 3318 584 ad
3351 549 3472 586 cur-

238 600 401 652 metu,
428 596 531 643 etc.
563 586 676 642 Non
717 598 928 645 terrena
955 592 1343 650 consuetudine
1372 597 1439 653 tle
1477 597 1588 655 Deo
1621 600 1807 661 salutis

237 688 366 731 mete
392 677 563 732 sentio
589 695 603 743 ;
633 693 735 734 nec
758 687 1030 737 terrenam
1054 685 1231 755 ipsam
1260 687 1485 743 salutem
1509 692 1602 745 sed
1630 692 1683 746 in
1709 707 1805 748 ex-

237 768 378 824 celso
406 770 471 824 de
501 769 591 825 illo
616 786 853 842 sperem.

303 857 466 914 Vens.
500 859 588 916 48.
635 892 707 902 -
757 861 920 929 Deus,
947 865 1038 935 qui
1077 865 1173 919 das
1202 867 1459 922 vindictas
1494 868 1651 933 mihi,
1697 879 1803 928 etc.

237 954 394 1017 Deus,
424 954 514 1022 qui
547 954 789 1009 vindicas
813 970 897 1009 me
925 957 1201 1011 subdendo
1229 955 1331 1012 Sub
1346 966 1440 1013 me
1468 961 1714 1030 populos,
1738 963 1806 1016 li-

236 1045 437 1098 berator
465 1062 610 1098 meus
641 1046 705 1099 de
729 1047 954 1101 inimicis
989 1049 1116 1101 meis
1141 1046 1359 1114 Iudaeis,
1395 1048 1753 1107 clamantibus
1790 1070 1805 1106 :

234 1134 514 1204 Crucilige.
555 1136 829 1206 cruciﬁge.

300 1224 467 1281 Vens.
518 1227 605 1282 49.
654 1257 725 1266 —
758 1227 824 1282 Et
854 1228 926 1281 ab
946 1228 1343 1298 insurgentibus
1372 1231 1426 1283 in
1450 1248 1530 1284 me
1552 1230 1808 1287 exaltabis

231 1331 329 1375 me,
361 1324 471 1368 etc.
518 1315 600 1370 Ab
624 1315 824 1370 eisdem
856 1317 1258 1387 insurgentibus
1288 1319 1339 1372 in
1376 1334 1461 1373 me
1488 1322 1806 1391 patientem,

231 1404 501 1460 exultabis
542 1420 634 1460 me
670 1412 1045 1479 resurgentem
1070 1449 1085 1474 ,
1125 1416 1286 1478 atque
1333 1424 1362 1463 a
1412 1426 1579 1481 regno
1619 1426 1808 1467 eorum

232 1496 412 1565 iniquo
441 1498 645 1568 eripies
676 1514 781 1553 me.

296 1587 459 1645 Vens.
493 1591 580 1646 50.
613 1621 685 1633 -—
722 1590 1006 1662 Propterea
1045 1593 1329 1662 conﬁtebor
1359 1595 1452 1649 tibi
1490 1597 1545 1651 in
1583 1596 1810 1653 nationi-

228 1680 336 1742 bus,
372 1681 631 1745 Domine,
663 1694 767 1740 ειε.
798 1684 1087 1755 Propterea
1118 1686 1211 1741 tibi
1240 1703 1336 1758 pro
1360 1704 1444 1742 me
1473 1690 1807 1745 conﬁtebun-

230 1782 312 1826 tur
335 1783 548 1845 gentes,
568 1774 813 1845 Domine,
845 1787 899 1833 et
922 1779 1080 1835 latius
1109 1778 1413 1839 innotesces
1441 1783 1596 1839 bonis
1625 1783 1807 1853 operi-

187 1926 191 1930 ,
225 1864 322 1920 bus
350 1866 509 1921 meis.

293 1956 463 2012 Vens.
510 1957 597 2013 5|.
628 1989 698 1999 —
724 1958 1071 2030 Magnificam
1110 1961 1302 2017 salutes
1336 1962 1470 2033 regis
1507 1963 1650 2033 ejus,
1691 1972 1799 2020 etc.

226 2047 365 2104 Dens
401 2050 721 2118 Inagnilicat
748 2093 762 2118 ,
814 2061 871 2106 ut
917 2053 1173 2109 amabiles
1211 2053 1372 2110 faciat
1405 2058 1625 2120 salutes,
1669 2074 1806 2127 quas

225 2144 337 2213 ejus
367 2146 543 2201 Filius
571 2150 661 2201 dat
700 2149 1074 2213 credentibus,
1127 2158 1180 2203 et
1220 2149 1346 2219 facit
1396 2151 1807 2207 misericoriam

227 2237 430 2292 Christo
482 2256 595 2302 suo,
651 2240 751 2309 ipsi
789 2236 1069 2295 liberatori
1126 2257 1286 2296 manu
1341 2241 1484 2307 forti,
1540 2244 1629 2312 qui
1678 2244 1809 2298 vicit

226 2328 365 2384 hunc
396 2332 688 2393 muluium,
721 2339 774 2385 et
811 2332 912 2396 eis,
947 2348 1081 2401 quos
1112 2332 1394 2389 credentes
1422 2334 1478 2388 in
1519 2333 1807 2407 Evangelio

227 2423 409 2492 genuit
444 2423 498 2476 in
528 2434 811 2478 aeternum.

296 2511 643 2583 Qua-cunque
689 2516 740 2568 in
775 2513 879 2570 hoc
915 2515 1122 2586 psalmo
1166 2515 1305 2570 dicta
1356 2523 1500 2581 sunt,
1531 2531 1651 2586 quas
1698 2515 1808 2587 ipsi

226 2606 443 2675 proprie
486 2606 735 2672 Domino,
776 2608 826 2661 id
871 2621 953 2663 est
997 2611 1158 2681 capiti
1212 2608 1465 2665 Ecclesia:
1509 2626 1807 2681 cortgruere

228 2710 335 2750 non
384 2706 629 2766 possunt,
678 2700 742 2752 ad
790 2699 1082 2755 Ecclesium
1125 2700 1401 2755 referentia
1444 2710 1587 2757 sunt.
1641 2700 1808 2759 Totus

226 2787 367 2839 enim
400 2787 488 2843 hic
521 2786 679 2845 Jesus
714 2790 970 2860 loquitur,
1018 2791 1070 2846 in
1104 2808 1211 2863 quo
1244 2800 1371 2847 sunt
1408 2793 1596 2849 ’omuia
1633 2804 1804 2850 mem-

226 2873 325 2930 bra
351 2875 487 2945 ejus.

687 2986 757 3043 IN
792 2978 1128 3047 PSALMUM
1162 2991 1339 3048 XVIII.

298 3140 511 3197 Titulus
531 3149 692 3198 nobis
714 3152 815 3208 est,
837 3158 938 3200 nec
961 3145 1220 3201 Dominus
1236 3142 1665 3203 Jesus‘Cbris’tds
1689 3147 1803 3205 haec

225 3232 387 3298 dicit,
416 3235 512 3288 sed
542 3234 607 3289 de
636 3234 725 3289 illo
754 3236 871 3291 haec
897 3237 1162 3291 dicuntur.

294 3321 461 3377 Vens.
492 3323 549 3378 2.
566 3322 770 3379 —-Cteli
794 3339 1042 3379 enarrem
1063 3326 1283 3396 gloriam
1311 3325 1424 3391 Dei,
1450 3336 1498 3380 et
1521 3342 1674 3396 opera
1694 3342 1809 3381 nta-

228 3431 390 3469 nuum
408 3416 523 3484 ejus
536 3419 813 3471 annuntiat
827 3418 1235 3487 ﬁrmamentum.
1268 3417 1406 3473 Justi
1435 3420 1802 3488 «vangelistte,

229 3504 279 3560 in
316 3506 514 3575 quibus
542 3508 681 3561 Deus
706 3515 961 3577 tanquam
1004 3508 1057 3562 in
1085 3509 1236 3563 caelis
1262 3510 1490 3576 habitat,
1530 3519 1808 3579 exponunt

182 3600 190 3606 '
228 3595 452 3666 gloriam
494 3592 706 3652 Domini
736 3598 906 3652 nostri
951 3597 1078 3654 Iesu
1117 3598 1343 3666 Christi,
1394 3602 1507 3656 sive
1554 3602 1801 3671 gloriam,

226 3703 329 3759 qua
359 3689 679 3759 gloriﬁcavit
706 3689 919 3746 Patrem
943 3690 1109 3748 Filius
1133 3709 1295 3764 super
1314 3702 1539 3749 terram.
1566 3696 1632 3751 Et
1660 3696 1802 3752 facta

225 3781 487 3835 virtutum
526 3781 742 3836 Domini
777 3782 1057 3837 annuntiat
1096 3784 1484 3852 firmamentum
1537 3805 1548 3839 :
1598 3785 1797 3842 ﬁducia

227 3874 423 3944 quippe
445 3874 683 3945 Spiritus
703 3877 875 3931 sancti
898 3877 1290 3933 ﬁrmamentum
1311 3886 1365 3932 et
1382 3879 1582 3934 coelum
1602 3878 1800 3935 factum

226 3974 329 4031 est,
364 3966 510 4037 quod
530 3976 691 4021 antea
728 3968 920 4023 timore
950 3977 1105 4021 terra
1131 3976 1270 4023 erat.

295 4055 459 4114 Vsus.
493 4057 544 4112 5.
576 4089 645 4099 -
668 4057 788 4112 Dies
820 4058 927 4112 diei
952 4068 1152 4113 eructat
1188 4061 1416 4126 uerbum,
1450 4069 1501 4114 et
1536 4078 1639 4116 nos:
1663 4065 1803 4118 nocti

225 4151 418 4205 indicat
463 4151 754 4205 scientiam.
799 4150 1033 4221 Spiritus
1077 4151 1410 4221 spiritalibus
1444 4151 1649 4223 profert
1692 4155 1803 4224 ple-

226 4244 523 4299 nitudinem
587 4243 1043 4298 incommutabilis
1104 4242 1383 4312 sapientiae
1455 4242 1588 4309 Dei,
1660 4246 1804 4314 quod

226 4334 462 4389 Verbum
476 4334 531 4388 in
548 4334 810 4404 principio
837 4332 979 4389 Deus
998 4334 1140 4403 apud
1168 4334 1335 4388 Deum
1356 4343 1458 4399 est,
1487 4345 1543 4391 et
1563 4337 1803 4392 mortali-

230 4435 310 4483 tas
339 4428 548 4490 carnis,
586 4435 841 4497 tanquam
876 4427 1033 4499 longe
1059 4427 1249 4496 positis
1283 4429 1595 4484 carnalibus
1636 4427 1797 4485 ﬁdem

229 4519 550 4574 insinuando
574 4519 860 4573 amantist
879 4518 1113 4574 tonsuram
1135 4518 1442 4574 scientiam.

296 4606 491 4663 νειμ
523 4647 536 4661 .
564 4636 636 4648 --
668 4606 792 4662 Non
811 4617 931 4662 sunt
958 4606 1178 4678 loquela
1201 4623 1362 4677 neque
1388 4620 1669 4663 sermones.
1694 4607 1804 4663 Per

226 4714 357 4768 quas
396 4713 501 4754 non
550 4700 745 4755 audite
789 4707 912 4754 sunt
951 4713 1111 4755 voces
1151 4699 1627 4770 evangelistarum,
1668 4715 1797 4755 cum

226 4791 475 4847 euntibus
501 4790 697 4862 linguis
721 4790 1070 4862 Evangelium
1100 4788 1508 4860 praedicaretur.

295 4880 459 4939 Vens.
492 4880 562 4948 5,
584 4881 643 4936 6.
665 4911 737 4923 --
775 4880 844 4936 In
870 4898 1072 4936 omnem
1107 4888 1302 4936 terram
1337 4882 1498 4935 exivit
1528 4897 1689 4935 sonus
1711 4897 1798 4936 eo-

228 4990 339 5029 rum
369 5016 383 5039 ,
409 4986 459 5030 et
478 4977 534 5029 in
556 4976 692 5046 'ﬁnes
724 4976 862 5031 orbis
884 4986 1036 5030 teme
1059 4976 1211 5029 verba
1239 4990 1440 5029 eorum.
1471 4973 1539 5029 In
1564 4974 1673 5028 sole
1700 4991 1796 5046 po-

228 5066 328 5120 suit
353 5068 745 5122 tabernaculum
772 5080 951 5131 enam,
985 5077 1091 5122 etc.
1126 5067 1416 5130 Dominus,
1450 5075 1509 5120 ut
1537 5067 1801 5124 adversus

228 5172 388 5229 regna
415 5162 788 5232 temporalium
812 5170 1059 5216 errorum
1088 5161 1452 5231 belligeraret,
1480 5176 1587 5215 non
1604 5178 1794 5231 pacem

228 5253 319 5304 sed
353 5251 591 5323 gladium
630 5253 894 5307 missurus
920 5253 972 5306 in
1007 5260 1230 5316 terram,
1270 5251 1324 5306 in
1361 5259 1600 5322 tempore
1634 5253 1716 5308 vel
1742 5254 1795 5308 in

228 5345 656 5400 manifestatione
682 5347 859 5415 posuit
885 5356 1139 5416 tanquam
1166 5346 1402 5401 militare
1430 5347 1795 5403 habitaculum

228 5436 511 5512 suum,hoc
527 5445 629 5501 est,
651 5435 1105 5506 dispensationem
1125 5438 1512 5492 incarnationis
1536 5454 1796 5509 smnpm-

229 5527 425 5583 cedens
460 5529 526 5582 de
568 5538 719 5583 utero
761 5529 1028 5600 virginali,
1055 5529 1143 5583 ubi
1175 5529 1433 5583 Dominus
1460 5541 1665 5584 natum
1700 5530 1799 5584 bu-

228 5632 401 5675 manze
420 5629 672 5691 tanquam
685 5634 917 5690 sponsus
937 5636 1147 5692 sponsa:
1169 5620 1451 5692 copulatus
1475 5632 1576 5677 est.
1602 5620 1798 5676 Exsul-

230 5712 351 5765 taeit
368 5724 419 5764 ut
436 5714 580 5783 gigas
595 5713 663 5765 ad
686 5712 995 5766 currendum
1023 5716 1157 5766 viam
1179 5719 1475 5774 suam,etc.
1502 5711 1797 5768 Exsullavit

240 5810 335 5857 cut
363 5801 708 5868 fortissimus,
747 5811 804 5859 et
846 5812 1072 5860 caeteros
1101 5804 1348 5859 homines
1377 5804 1781 5875 incomparabili

1836 1858 1885 1920 B

1908 604 2130 660 rendam
2158 605 2321 662 viam.
2349 608 2415 663 Et
2445 628 2458 664 :

1977 691 2141 750 Vens.
2168 696 2340 752 7.-Α
2360 717 2561 756 summo
2578 702 2693 758 caeli
2707 705 2932 774 egressio
2952 706 3085 776 ejus.
3112 705 3167 762 Id
3194 718 3295 776 est,
3327 726 3358 765 a
3378 702 3479 767 Pa-

1907 795 2011 851 tre,
2060 804 2167 844 non
2216 793 2525 862 temporalis
2546 797 2920 867 :equiparatio,
2972 799 3065 855 sed
3099 798 3320 867 aeterna,
3358 818 3478 874 quae

1908 877 1974 932 de
2000 876 2162 935 Patre
2198 892 2357 938 natus
2390 894 2491 939 est.
2540 878 2607 939 Et
2633 905 2880 942 occursus
2911 889 3024 959 ejus
3048 906 3207 960 usque
3241 888 3309 944 ad
3337 908 3480 945 sum-

1908 984 2048 1022 mum
2068 971 2210 1039 ’ejus,
2235 981 2339 1027 etc.
2360 972 2611 1029 'Oecurrit
2637 974 2966 1045 plenitudine
2994 978 3290 1034 divinitatis
3310 994 3478 1049 usque

1908 1060 1974 1112 ad
2006 1062 2363 1130 :e'qualitatem
2398 1052 2599 1121 Patris.
2632 1065 2765 1121 Cum
2816 1078 2996 1123 autem
3036 1066 3271 1125 Verbum
3313 1073 3477 1126 etiam

1908 1166 2038 1205 caro
2069 1153 2269 1210 factum
2307 1165 2410 1220 est,
2436 1166 2490 1212 et
2517 1158 2779 1213 habitavit
2804 1160 2856 1214 in
2881 1161 3066 1224 nobis,
3095 1162 3477 1217 mortalitatem

1910 1251 2149 1296 nostram
2188 1246 2508 1315 suscipiens,
2549 1262 2653 1301 non
2694 1249 2942 1316 permisit
2978 1250 3145 1304 ullum
3173 1250 3478 1306 mortalium

1908 1345 2170 1387 excusare
2209 1348 2284 1407 se,
2310 1335 2376 1389 de
2411 1336 2601 1391 umbra
2643 1337 2857 1403 mortis,
2889 1345 2944 1395 et
2983 1338 3152 1409 ipsam
3180 1339 3482 1410 penetravit

1909 1420 2058 1472 verbi
2083 1420 2248 1475 calor.

1980 1523 2144 1583 Vens.
2196 1530 2249 1586 8.
2290 1561 2361 1572 —
2399 1530 2508 1587 Lex
2552 1520 2764 1590 Domini
2799 1537 3139 1594 immaculata
3186 1551 3480 1597 convertens

1910 1618 2137 1683 animos,
2181 1629 2286 1676 etc.
2332 1621 2443 1677 Lex
2470 1624 2702 1690 Domini,
2735 1627 2786 1681 id
2828 1638 2931 1693 est,
2981 1630 3071 1699 qui
3117 1630 3262 1685 venit
3309 1630 3479 1703 legem

1910 1703 2138 1776 implere
2178 1725 2281 1764 non
2328 1712 2557 1767 solvere.
2587 1713 2656 1768 Et
2688 1716 3021 1771 immaculata
3050 1716 3158 1785 lex,
3195 1720 3317 1789 quia
3356 1736 3481 1792 peo-

1912 1808 2090 1853 catum
2123 1818 2226 1856 non
2258 1802 2406 1871 fecit,
2437 1822 2534 1860 nec
2566 1807 2816 1863 iuventus
2837 1820 2922 1863 est
2960 1811 3115 1866 dolus
3149 1812 3203 1866 in
3227 1827 3322 1868 ore
3340 1812 3478 1884 ejus,

1912 1905 2016 1942 non
2046 1904 2297 1960 premens
2327 1895 2537 1950 animas
2565 1898 3017 1968 servitutisjugo,
3052 1902 3143 1955 sed
3181 1903 3246 1956 ad
3278 1918 3334 1957 se
3363 1902 3482 1958 imi-

1910 1981 2129 2035 tandum
2191 1984 2439 2040 libertate
2505 2001 2845 2044 convertens.
2902 1989 3067 2059 Cujus
3133 1993 3479 2047 testimonium

1907 2072 2061 2141 ﬁdele
2089 2082 2191 2139 est,
2240 2078 2362 2145 quia
2415 2095 2573 2132 nemo
2605 2081 2752 2134 novit
2787 2080 2999 2135 Patrem
3044 2081 3144 2136 nisi
3190 2080 3379 2148 Filius,
3427 2092 3484 2138 et

1909 2161 1992 2215 cui
2023 2162 2248 2217 voluerit
2285 2167 2541 2230 revelare,
2575 2184 2694 2236 quae
2718 2170 3027 2225 abscondita
3051 2178 3176 2225 sunt
3203 2186 3232 2224 a
3268 2171 3483 2241 sapien-

1909 2252 2072 2317 tibus,
2103 2262 2157 2307 et
2184 2256 2418 2309 revelata
2447 2258 2687 2326 parvulis
2711 2298 2725 2322 ,
2755 2259 3010 2327 quoniam
3042 2254 3192 2316 Deus
3235 2259 3482 2332 superbis

1909 2343 2135 2408 resistit,
2166 2344 2455 2400 humilibus
2481 2356 2657 2400 autem
2683 2346 2776 2402 dat
2811 2349 3063 2419 gratiam.

1984 2454 2145 2510 Vens.
2196 2457 2248 2512 9.
2293 2489 2362 2497 —
2403 2459 2636 2515 Justitia:
2668 2463 2874 2516 Domini
2924 2474 3101 2529 recte,
3155 2463 3481 2533 ltetiﬁcantes

1909 2549 2090 2614 corda,
2114 2558 2219 2603 etc.
2260 2548 2462 2607 Omnes
2490 2552 2716 2623 justitia:
2742 2554 2949 2609 Domini
2979 2556 3031 2612 in
3059 2556 3149 2613 illo
3170 2566 3355 2622 recite,
3387 2557 3479 2632 qui

1911 2658 2017 2697 non
2053 2643 2233 2698 docuit
2271 2646 2411 2715 quod
2444 2646 2557 2717 ipse
2602 2663 2707 2702 non
2736 2647 2884 2713 fecit,
2912 2660 2967 2704 ut
3001 2652 3089 2720 qui
3118 2651 3478 2715 imitarentur,

1908 2734 2069 2787 corde
2097 2735 2394 2803 gauderent
2422 2736 2473 2789 iu
2499 2738 2597 2803 eis,
2630 2740 2752 2808 quia
2776 2738 2940 2795 libere
2965 2758 3086 2796 cum
3117 2742 3378 2796 cbaritate
3401 2739 3481 2796 la-

1906 2832 2114 2888 cerent,
2145 2840 2250 2879 non
2280 2827 2545 2883 serviliter
2572 2846 2692 2884 cum
2721 2831 2930 2886 timore.
2960 2830 3123 2902 Cujus
3154 2841 3480 2903 ρι’ωεεριιιιιι

1906 2912 2139 2969 Incidunt
2169 2926 2272 2982 est,
2308 2919 2425 2975 sine
2462 2921 2765 2978 velamento
2803 2924 3009 2978 scilicet
3048 2926 3346 2980 carnalium
3384 2926 3482 2981 ob-

1907 3006 2290 3073 servationum,
2310 3008 2613 3066 illuminans
2641 3014 2872 3070 hominis
2895 3015 3167 3072 inferioris
3179 3026 3476 3088 aspectum.

1980 3118 2139 3173 Vens.
2166 3119 2252 3173 lO.
2278 3151 2351 3161 —
2376 3121 2555 3178 Timor
2581 3123 2793 3180 Dontini
2824 3136 3059 3190 sanctus,
3090 3145 3401 3198 permanens
3423 3131 3481 3185 in

1834 3205 1879 3270 C
1910 3214 2160 3269 saeculum
2184 3217 2508 3279 sa’culi,etc.
2555 3216 2731 3270 Timor
2760 3217 2969 3273 Domini
2994 3236 3099 3274 non
3131 3220 3218 3276 ille
3240 3222 3342 3277 sub
3365 3221 3479 3292 lege

1906 3304 2158 3373 pmualis,
2178 3307 2491 3375 temporalia
2508 3309 2645 3362 bona
2660 3308 2760 3362 sibi
2774 3309 3013 3365 subtrahi
3037 3312 3476 3380 perhorrescens,

1906 3410 2133 3463 quorum
2164 3395 2449 3451 dilectione
2486 3397 2667 3451 anima
2710 3398 3022 3468 inquinatur
3050 3440 3064 3465 ,
3103 3401 3197 3455 sed
3241 3411 3474 3465 sanctus,

1904 3504 2011 3560 quo
2035 3490 2272 3545 Ecclesia
2294 3505 2548 3560 sponsum
2572 3504 2730 3545 suum
2755 3501 2958 3561 quanto
2978 3493 3255 3549 ardentius
3281 3494 3477 3565 diligit,

1904 3591 2053 3639 tanto
2082 3583 2389 3652 diligentius
2419 3592 2571 3639 cavet
2601 3582 2893 3640 oliendere.
2930 3585 3002 3639 Et
3038 3584 3158 3641 ideo
3188 3601 3297 3641 non
3332 3584 3479 3642 foras

1904 3675 2069 3730 mittit
2127 3683 2498 3731 consummata
2554 3675 2772 3731 dilectio
2832 3677 3079 3732 timorem
3130 3682 3320 3741 nunc,
3380 3677 3478 3733 sed

1901 3775 2165 3839 permanet
2202 3767 2261 3821 in
2304 3766 2553 3821 sarculum
2591 3766 2791 3821 sa’enli.
2835 3766 3047 3822 Iudicia
3084 3781 3298 3837 quoque
3338 3765 3477 3835 ejus,

1902 3859 1994 3928 qui
2026 3856 2351 3926 noujudicat
2379 3873 2728 3928 quemquam,
2753 3858 3026 3917 sedomne
3042 3859 3305 3929 judicium
3336 3859 3480 3914 dedit

1901 3949 2058 4013 Filio,
2093 3964 2219 4003 vere
2248 3949 2542 4019 ⁸ῇιιιςιὶιιεαιιι
2568 3947 3094 4003 incommutabiliter.
3121 3947 3307 4017 Neque
3332 3949 3475 4002 enim

1903 4048 1956 4095 et
1985 4038 2250 4105 minatus,
2281 4049 2336 4094 et
2361 4038 2630 4108 pollicitus
2672 4036 2812 4091 Deus
2842 4052 3166 4106 quemquam
3196 4036 3360 4101 l'allit,
3386 4046 3481 4092 aut

1902 4131 2185 4199 quisquam
2230 4137 2285 4183 et
2336 4129 2530 4199 impios
2560 4127 2822 4197 supplicio
2850 4128 2989 4197 ejus,
3022 4136 3078 4183 et
3110 4128 3229 4198 pios
3248 4128 3478 4197 praemio

1902 4218 2018 4288 ejus
2040 4228 2216 4291 potest
2246 4218 2477 4289 eripere.

1974 4331 2140 4388 Vsus.
2201 4333 2287 4386 ll.
2323 4362 2396 4374 --
2420 4331 2800 4387 Desiderabitia
2842 4348 2997 4404 super
3033 4348 3222 4387 astrum
3261 4342 3311 4386 et
3336 4330 3473 4403 lapi-

1902 4427 2019 4480 dem
2044 4425 2329 4496 pretiosum
2359 4424 2603 4489 multant,
2637 4433 2741 4479 etc.
2770 4424 2897 4481 Sive
2931 4424 3153 4479 multum
3173 4423 3349 4494 ipsum
3375 4438 3474 4478 au—

1908 4531 2027 4572 rum
2052 4526 2107 4570 et
2125 4515 2379 4585 lapidem,
2403 4517 2516 4571 sive
2540 4516 2757 4571 multum
2784 4517 3097 4587 pretiosum,
3120 4517 3234 4571 sive
3256 4515 3474 4570 multum

1907 4606 2281 4661 desiderabilia
2301 4646 2317 4672 ,
2361 4615 2539 4661 tamen
2565 4605 2934 4661 desiderabilia
2955 4606 3161 4677 judicia
3192 4606 3283 4660 Dei
3314 4618 3479 4675 super

1906 4710 2129 4768 pompas
2156 4697 2319 4767 hujus
2358 4698 2562 4762 saeculi,
2594 4711 2824 4767 quarum
2862 4697 3130 4752 desiderio
3152 4696 3230 4763 lit,
3273 4707 3331 4751 ιιι
3366 4713 3476 4752 non

1907 4787 2301 4853 desiderentur,
2333 4791 2428 4844 sed
2456 4790 2766 4854 timeantur,
2798 4799 2890 4843 aut
2923 4796 3357 4855 contemnantur,
3378 4796 3477 4844 aut

1906 4894 2009 4935 non
2046 4882 2335 4936 credantur
2354 4880 2555 4948 judicia
2582 4880 2698 4935 Dei.
2730 4879 2884 4947 Quod
2920 4880 2965 4933 si
3001 4879 3228 4951 quisque
3265 4879 3378 4950 ipse
3400 4880 3478 4936 sit

1906 4986 2118 5035 aurum,
2170 4970 2414 5040 lapisque
2457 4970 2755 5040 pretiosus,
2800 4977 2859 5023 ut
2897 4969 3019 5040 igne
3048 4982 3153 5024 non
3183 4983 3472 5026 consumto

1908 5073 2017 5125 tur,
2048 5063 2139 5118 sed
2162 5072 2472 5117 assumatur
2500 5061 2554 5116 in
2578 5062 2897 5115 thesaurum
2923 5061 3038 5126 Dei,
3060 5060 3178 5131 plus
3198 5075 3362 5132 quam
3388 5076 3474 5121 sc-

1904 5157 2077 5226 ipsum
2108 5154 2389 5209 desideret
2404 5154 2608 5223 judicia
2630 5153 2777 5225 ejus,
2800 5154 2957 5225 cujus
2986 5154 3310 5210 voluntatem
3333 5169 3470 5224 prm-

1902 5250 2053 5321 ponit
2086 5263 2227 5313 sua};
2254 5256 2311 5301 et
2336 5247 2450 5301 sive
2481 5245 2707 5315 quisque
2724 5244 2836 5316 jam
2868 5245 2937 5301 sit
2962 5245 3084 5310 mel,
3120 5247 3244 5317 quia
3265 5245 3470 5302 solutus

1901 5340 2025 5395 vine
2063 5338 2220 5406 hujus
2255 5338 2484 5393 vinculis
2519 5346 2796 5408 exspectat
2838 5338 3015 5404 diem,
3064 5352 3174 5407 quo
3206 5339 3389 5401 veniat
3408 5337 3468 5391 in

1903 5432 2092 5501 epulas
2122 5429 2251 5495 Dei;
2304 5430 2416 5485 sive
2444 5431 2622 5485 adhuc
2648 5428 2803 5485 favus
2829 5429 2920 5498 sit,
2945 5440 3004 5485 ut
3027 5430 3178 5499 quasi
3207 5444 3331 5486 cera
3357 5427 3466 5483 cir-

1898 5523 2251 5593 cumplicetur
2290 5522 2396 5577 hac
2424 5522 2557 5587 vita,
2603 5536 2708 5577 non
2736 5523 2862 5579 huic
2898 5531 3202 5587 concretus,
3238 5520 3331 5576 sed
3370 5519 3468 5575 im-

1897 5616 2051 5689 plens
2078 5631 2231 5680 eam,
2261 5614 2349 5670 cui
2371 5631 2506 5685 opus
2531 5615 2601 5670 sit
2638 5614 2817 5685 aliqua
2838 5630 3116 5684 pressura,
3147 5628 3253 5668 non
3281 5610 3465 5681 oppri-

1897 5711 2119 5775 mentis,
2156 5710 2248 5764 sed
2281 5710 2632 5778 exprimentis
2661 5724 2852 5764 manus
2885 5708 2999 5772 Dei,
3028 5721 3135 5775 qua
3164 5706 3229 5759 de
3260 5714 3466 5773 tempo-

1899 5802 1997 5861 rali
2034 5801 2141 5857 vita
2181 5801 2233 5855 in
2268 5810 2528 5857 aeternum
2560 5799 2891 5883 relinquetur
2922 5815 2935 5853 :
2962 5797 3198 5853 dulciora
3240 5796 3314 5854 illi
3341 5802 3465 5851 sunt
