3948 6328
408 339 512 398 791

919 336 1307 392 WALAFRIDI
1347 335 1593 391 STRABI
1631 333 1835 390 FULD.
1877 331 2044 392 MON.
2081 331 2233 388 OPP.
2275 332 2456 388 PARS
2494 333 2536 387 Ι.
2576 361 2645 374 --
2683 331 3138 390 THEOLOGICA.

3567 335 3678 389 τθέ

404 449 614 520 iudicia
649 450 765 513 Dei,
800 465 962 518 quam
1002 450 1104 504 sibi
1143 450 1245 521 ipsi
1293 457 1376 505 est
1397 489 1415 515 ,
1465 449 1591 520 quia
1615 464 1773 520 super
1797 445 1899 502 mel
1939 453 1987 500 et
2014 450 2065 510 Α
2093 445 2309 516 adjutor
2343 464 2489 502 meus
2535 446 2808 504 tendentis
2847 448 2915 502 ad
2945 455 3020 514 te,
3065 448 3324 518 quoniam
3360 446 3680 518 Redemptor

407 544 588 614 favum
614 544 703 600 illa
727 543 967 599 dulciora
996 552 1140 599 sunt.

405 684 410 688 .
480 633 647 694 Visus.
678 638 767 693 l2.
803 669 875 680 —
904 636 1115 694 Etenim
1139 656 1316 694 servus
1341 649 1462 696 tuus
1504 641 1732 695 custodit
1766 657 1850 704 ea,
1879 645 1986 692 etc.

407 732 533 786 Ideo
555 731 752 802 inquit,
781 741 894 788 tam
917 733 1093 788 dulcia
1120 733 1252 788 mihi
1282 741 1429 800 sunt,
1458 735 1585 804 quia
1613 732 1856 788 custodio
1879 746 1944 787 ea
1971 747 1985 785 :

410 841 536 878 nam
561 839 671 879 non
695 825 1020 880 custodienti
1056 840 1240 879 amara
1268 825 1382 880 dies
1407 824 1640 880 Domini.
1669 824 1854 893 Itaque
1879 837 1988 877 non

411 918 465 970 in
491 917 672 985 aliquo
693 923 845 970 extra
868 915 1043 985 posito
1064 916 1369 983 commodo,
1394 916 1489 972 sed
1513 916 1570 971 in
1589 930 1656 971 eo
1675 914 1823 987 ipso,
1847 915 1992 984 quod

405 1006 607 1075 judicia
639 1005 733 1060 Dei
773 1005 1167 1071 custodiuntur,
1200 1005 1367 1061 multa
1401 1005 1675 1061 retributio
1716 1013 1820 1072 est,
1863 1004 1992 1076 quia

410 1098 675 1168 gaudetur
701 1098 756 1152 in
777 1097 877 1153 eis.

483 1187 650 1243 Vnus.
683 1186 769 1243 1⁸5.
813 1217 884 1227 -
918 1186 1124 1242 Delicta
1163 1189 1280 1258 quis
1329 1187 1616 1258 intelligit?
1653 1187 1730 1240 Ab
1775 1185 1991 1240 occultis

410 1281 540 1335 meis
569 1281 770 1335 munda
799 1297 900 1347 me,
931 1289 1038 1336 etc.
1059 1280 1118 1336 In
1149 1279 1352 1336 delictis
1377 1289 1581 1345 autem,
1610 1279 1786 1350 qualis
1810 1278 1989 1333 suavi-

409 1381 496 1430 tas
515 1381 693 1444 potest
719 1388 860 1437 esse,
893 1372 987 1427 ubi
1014 1385 1121 1427 non
1145 1382 1232 1428 est
1258 1371 1580 1434 intellectus,
1611 1371 1868 1440 quoniam
1899 1369 1991 1422 de-

411 1464 534 1518 licta
562 1464 681 1534 quis
719 1461 1002 1533 intelligit?
1033 1460 1162 1530 Quae
1191 1463 1365 1532 ipsum
1406 1462 1677 1517 occultum
1713 1459 1992 1524 claudunt,

411 1559 501 1612 cui
529 1557 769 1612 suavitas
800 1564 882 1611 est
917 1555 1136 1619 veritas,
1177 1555 1265 1610 cui
1308 1552 1748 1610 desiderabiliora
1777 1559 1833 1607 et
1871 1549 1993 1606 dul-

411 1648 562 1703 ciora
605 1655 732 1703 sunt
766 1648 967 1717 iudicia
1001 1646 1116 1712 Dei,
1149 1655 1205 1701 et
1233 1646 1373 1702 sicut
1410 1645 1645 1702 tenebrae
1671 1643 1878 1708 oculos,
1918 1643 1993 1697 ita

413 1738 610 1794 delicta
639 1746 876 1794 mentem
899 1753 1001 1792 nec
1020 1737 1194 1792 lucem
1223 1737 1410 1792 sinunt
1435 1736 1640 1802 videre,
1670 1750 1774 1791 nec
1801 1750 1880 1791 se.
1911 1734 1993 1790 Ab

2091 555 2237 592 meus
2267 554 2349 605 es,
2392 545 2451 592 ut
2494 537 2769 593 tenderem
2809 537 2878 592 ad
2925 544 3002 602 te,
3053 551 3121 590 ne
3169 536 3456 608 quisquam
3489 544 3548 591 et
3581 553 3681 591 sa-

2089 633 2306 702 pientiae
2332 647 2444 688 suae
2479 633 2740 698 tribuens,
2768 632 2911 704 quod
2931 632 3000 688 ad
3031 641 3085 688 te
3113 634 3473 697 convertitur,
3516 643 3574 689 et
3596 635 3683 689 vi-

2091 723 2262 789 ribus,
2293 725 2437 795 quod
2461 724 2530 778 ad
2564 732 2618 779 te
2641 725 2906 794 pervenit,
2939 726 3113 796 magis
3138 724 3434 796 repellatur
3471 726 3577 780 abs
3598 734 3682 795 te,

2092 815 2185 884 qui
2227 816 2474 886 superbis
2516 816 2749 880 resistis,
2783 816 2907 886 quia
2936 831 3045 871 non
3085 827 3169 872 est
3198 818 3493 873 mundatus
3523 835 3556 872 a
3588 819 3687 874 do-

2093 905 2221 961 licto
2253 907 2509 973 maximo,
2549 922 2653 963 nec
2679 908 3005 978 complacuit
3030 909 3084 962 in
3115 917 3411 978 conspectu
3439 917 3557 973 tuo,
3588 912 3684 980 qui

2094 997 2318 1054 redimis
2352 1007 2413 1054 ut
2446 1007 2860 1064 convertamur,
2903 1007 2958 1054 et
2990 999 3215 1070 adiuvas
3235 1040 3251 1066 ,
3303 1008 3362 1056 ut
3396 1001 3689 1070 pervenia-

2094 1107 2216 1148 mus
2239 1092 2308 1150 ad
2329 1101 2400 1148 te.

2573 1227 2643 1283 IN
2681 1227 3017 1284 PSALMUM
3055 1228 3195 1285 XIX.

2168 1358 2338 1415 Notus
2379 1368 2463 1415 est
2502 1359 2708 1426 titulus,
2746 1375 2848 1416 nec
2881 1361 3131 1417 Christus
3156 1361 3306 1428 dicit,
3339 1363 3438 1417 sed
3467 1362 3692 1418 Christo

2097 1451 2230 1507 dicit
2275 1451 2564 1524 Propheta,
2613 1452 2783 1524 ﬁgura
2823 1454 3064 1524 optandi,
3113 1470 3234 1525 qua:
3259 1463 3492 1510 ventura
3541 1462 3688 1519 sunt,

2097 1558 2300 1599 canens
2332 1561 2344 1598 ε

2170 1631 2333 1689 Vnus.
2355 1633 2412 1688 2.
2441 1664 2512 1674 -
2541 1633 2812 1689 Exaudiat
2843 1645 2893 1691 te
2933 1635 3189 1690 Dominus
3227 1638 3283 1691 in
3329 1637 3418 1690 die
3460 1637 3691 1709 tribula-

2097 1724 2276 1789 tionis,
2306 1733 2541 1794 protegat
2567 1734 2616 1778 te
2642 1741 2827 1780 nomen
2855 1725 2954 1779 Dei
2977 1725 3176 1792 Jacob,
3201 1738 3308 1782 etc.
3340 1727 3626 1781 Exaudiut
3649 1737 3692 1781 te

411 1830 628 1885 occultis
663 1845 792 1900 ergo
820 1830 969 1895 meis,
1014 1829 1212 1897 inquit,
1238 1829 1437 1883 munda
1465 1845 1566 1895 me,
1602 1827 1828 1882 Domine
1847 1867 1862 1892 ,
1892 1840 1994 1882 nec

2117 1815 2355 1871 )ominus
2386 1815 2441 1869 in
2477 1815 2561 1871 die
2591 1831 2697 1885 qua
2725 1816 2907 1871 dixisti
2939 1835 2952 1870 :
2984 1814 3166 1883 Pater,
3196 1817 3480 1886 salaviﬁca
3520 1835 3608 1870 me
3634 1836 3693 1871 ex

411 1923 640 1979 seducas
683 1922 748 1976 ab
785 1921 991 1976 alienis.
1033 1919 1221 1992 Neque
1245 1920 1391 1976 enim
1415 1921 1483 1976 ab
1524 1919 1718 1975 alienis
1759 1919 1994 1990 capitur,

409 2016 503 2086 qui
528 2022 610 2071 est
637 2016 870 2071 mundus
898 2030 930 2069 a
958 2014 1089 2070 suis.
1129 2013 1300 2068 Parce
1327 2014 1512 2084 itaque
1537 2013 1601 2068 ab
1630 2011 1816 2067 alienis
1841 2011 1994 2082 cupi-

411 2107 671 2162 ditatibus
689 2149 704 2173 ,
736 2123 848 2163 non
876 2108 1110 2178 superbo
1127 2146 1142 2173 ,
1173 2113 1231 2162 et
1257 2107 1315 2162 in
1339 2121 1437 2162 sua
1461 2113 1731 2178 potestate
1756 2120 1878 2163 esse
1905 2120 1996 2161 cu-

409 2197 608 2267 pienti,
637 2199 731 2253 sed
753 2212 900 2252 servo
929 2207 1040 2252 tuo.

483 2287 649 2344 Vens.
702 2287 787 2343 M.
831 2319 902 2329 —
930 2285 990 2343 Si
1036 2288 1138 2343 mei
1179 2303 1285 2343 non
1327 2287 1524 2357 fuerint
1567 2287 1842 2353 dominati,
1887 2295 1993 2342 etc.

412 2378 584 2448 Hujus
617 2379 874 2436 versiculi
916 2395 1134 2436 sensum
1170 2377 1594 2435 manifestiorem
1625 2377 1756 2434 facit
1793 2392 1858 2434 ex
1887 2377 1996 2434 IIe-

413 2475 562 2530 braeo
582 2473 845 2529 translata
872 2473 1058 2539 editio,
1086 2473 1176 2529 ubi
1200 2472 1400 2544 legitur
1427 2493 1438 2527 :
1472 2471 1518 2525 A
1541 2472 1774 2545 superbis
1795 2489 1998 2544 quoque

413 2567 579 2622 libera
628 2584 833 2622 servum
882 2577 1066 2633 tuum;
1115 2567 1162 2621 si
1198 2567 1301 2621 mei
1332 2582 1437 2620 non
1478 2565 1676 2634 fuerint
1716 2565 1994 2630 dominati,

412 2667 537 2711 tunc
580 2658 946 2712 immaculatus
985 2673 1074 2711 ere
1101 2673 1121 2712 :
1147 2656 1364 2728 superbi
1401 2657 1548 2711 enim
1586 2664 1642 2711 et
1684 2656 1846 2712 alieni
1875 2671 1994 2710 ma-

413 2748 544 2819 ligni
572 2748 792 2820 spiritus
818 2747 1188 2819 intelliguntur
1216 2749 1286 2804 ob
1311 2748 1704 2804 immanitatem
1733 2749 2000 2820 superbiae

415 2856 525 2895 suae
557 2857 587 2894 a
621 2840 733 2896 Deo
764 2827 1178 2914 irremeabiliter
1212 2839 1450 2903 alienati.
1482 2855 1714 2910 quorum
1751 2839 1997 2896 domina-

413 2934 492 2987 tio
533 2948 630 3002 per
656 2915 940 3001 peccatum
982 2933 1276 2986 humanum
1319 2946 1490 3003 genus
1533 2933 1824 3004 oppressit.
1865 2932 1998 2988 Cum

415 3038 549 3092 ergo
599 3028 811 3079 orasset
863 3022 1110 3091 superius
1166 3022 1350 3078 dicens
1405 3041 1420 3076 :
1476 3022 1553 3076 Ab
1611 3023 1824 3078 occultis
1874 3024 2000 3078 meis

414 3115 616 3168 munda
645 3130 758 3179 me,
783 3129 1021 3186 congrue
1055 3129 1182 3170 mox
1217 3113 1492 3170 subdidit:
1525 3113 1583 3169 Si
1621 3115 1722 3168 mei
1752 3131 1856 3168 non
1882 3113 2000 3182 fue-

418 3207 525 3260 rint
545 3207 827 3272 dominati,
854 3216 976 3260 tunc
999 3205 1372 3261 immaculatus
1398 3223 1486 3261 ero
1515 3223 1533 3262 :
1559 3207 1686 3276 quia
1707 3207 1754 3262 si
1784 3205 2001 3276 superbi

417 3308 472 3354 et
500 3299 660 3355 alieni
697 3300 772 3355 illi
804 3316 833 3354 a
867 3301 979 3355 Deo
1013 3300 1236 3370 spiritus
1273 3299 1476 3355 nullam
1518 3301 1572 3354 in
1602 3298 1759 3355 nobis
1796 3299 2001 3369 peccati

416 3393 614 3448 merito
644 3394 975 3450 obtinuerint
1005 3402 1348 3463 potestatem,
1390 3402 1520 3448 tunc
1547 3407 1674 3449 vere
1714 3391 1878 3447 celeri
1913 3407 2002 3447 re-

417 3484 676 3540 missione
703 3493 954 3555 percepta
981 3485 1314 3541 immaculati
1339 3485 1562 3539 erimus.
1595 3483 1663 3538 Et
1691 3483 1818 3553 quia
1847 3482 2003 3538 radix

415 3589 480 3628 ac
512 3573 683 3630 fomes
721 3576 883 3630 totius
910 3576 1117 3645 peccati
1151 3575 1400 3644 superbia
1444 3581 1562 3639 est,
1603 3588 1702 3642 per
1744 3587 1907 3643 quam
1953 3581 2008 3627 et

417 3663 666 3719 diabolus
699 3666 926 3730 corruit,
984 3674 1041 3720 et
1083 3666 1292 3736 primus
1326 3666 1490 3720 homo
1530 3665 1731 3720 mundo
1771 3673 2003 3720 mortem

417 3755 650 3820 induxit,
684 3756 847 3810 etiam
878 3755 947 3809 ab
968 3755 1074 3812 hoc
1109 3755 1299 3811 delicto
1332 3757 1565 3810 maximo
1605 3755 2007 3811 emundabimur

420 3850 487 3905 de
513 3856 782 3919 potestate
809 3848 1116 3904 daemonum
1135 3849 1370 3916 liberati,
1393 3865 1624 3921 quorum
1652 3850 1904 3920 princeps
1923 3857 2024 3906 est

421 3942 732 3996 dominator
783 3942 1159 4012 superborum,
1202 3942 1344 3998 sicut
1387 3943 1455 3998 de
1492 3942 1584 3998 illo
1623 3941 1821 4013 legitur
1853 3960 1866 3997 :
1898 3943 2006 4012 ipse

419 4041 498 4089 est
526 4049 618 4088 rex
657 4050 813 4104 super
851 4049 1029 4088 omnes
1056 4032 1194 4103 ﬁlios
1229 4035 1504 4105 superbiae.
1545 4034 1607 4090 Si
1646 4042 1829 4090 autem
1863 4033 2008 4106 lega-

422 4141 574 4192 mus,
625 4135 684 4180 ut
726 4127 781 4181 in
823 4127 1150 4198 quibusdam
1189 4126 1466 4184 codicibus
1513 4126 1780 4194 habetur,
1825 4127 1871 4181 si
1905 4128 2006 4180 mei

418 4236 523 4275 non
550 4219 747 4289 fuerint
763 4220 1058 4284 dominata,
1082 4229 1205 4274 tunc
1228 4219 1600 4274 immaculatus
1623 4237 1733 4286 ero,
1767 4220 1856 4276 hic
1875 4235 2004 4276 sen-

417 4328 513 4368 sus
537 4321 623 4367 est
651 4331 665 4368 :
695 4313 742 4368 si
765 4315 875 4368 mei
907 4328 1012 4368 non
1042 4312 1246 4366 fuerint
1265 4311 1541 4368 dominata
1565 4312 1778 4368 occulta
1806 4326 1926 4368 mea
1950 4320 2006 4366 et

415 4406 612 4472 aliena,
654 4415 784 4462 tunc
820 4405 1202 4462 immaculatus
1231 4419 1344 4461 ero.
1394 4405 1510 4460 Non
1549 4406 1696 4461 enim
1734 4413 1815 4461 est
1846 4405 2004 4461 tertia

416 4497 570 4568 origo
609 4499 820 4568 peccati
857 4507 1056 4568 praeter
1103 4497 1366 4552 occultum
1423 4513 1613 4565 suum,
1654 4513 1761 4568 quo
1807 4497 2006 4554 cecidit

415 4589 687 4656 diabolus,
729 4598 784 4645 et
816 4588 1068 4654 alienum,
1117 4603 1225 4658 quo
1274 4588 1528 4644 seductus
1579 4597 1662 4644 est
1710 4588 1894 4652 homo,
1945 4596 2006 4644 ut

414 4681 802 4737 consentiendo
841 4695 1001 4734 suum
1045 4677 1272 4734 faceret.
1317 4678 1386 4732 Et
1426 4678 1768 4743 emundabor,
1807 4677 2001 4748 inquit,

411 4791 447 4827 a
484 4773 672 4828 delicto
715 4773 970 4836 maxime,
1019 4771 1286 4840 superbiae
1312 4770 1519 4826 scilicet
1550 4789 1563 4824 :
1599 4784 1704 4824 non
1732 4769 1878 4824 enim
1921 4776 2006 4824 est

413 4866 590 4938 majus
629 4864 905 4929 delictum,
948 4872 1114 4934 quam
1147 4872 1455 4934 apostatare
1495 4877 1526 4916 a
1557 4861 1695 4927 Deo,
1731 4861 1875 4932 quod
1919 4870 2003 4917 est

412 4959 627 5014 initium
656 4955 924 5026 superbia:
953 4956 1209 5011 hominis.
1253 4956 1320 5010 Et
1344 4970 1470 5011 vere
1496 4954 1585 5010 ille
1621 4953 2003 5011 immaculatus

411 5059 518 5118 est,
549 5049 642 5119 qui
679 5047 844 5103 etiam
872 5048 978 5103 hoc
1018 5047 1212 5104 delicto
1251 5055 1418 5113 caret,
1461 5046 1589 5116 quia
1619 5046 1721 5101 hoc
1745 5055 1830 5102 est
1870 5047 1998 5102 ulti-

413 5157 564 5197 mum
601 5138 954 5196 redeuntibus
977 5140 1045 5195 ad
1084 5137 1368 5194 Dominum
1390 5177 1405 5205 ,
1444 5138 1588 5195 quod
1619 5139 1998 5196 recedentibus

413 5237 652 5308 primum
678 5234 801 5290 fuit.

487 5329 652 5385 Vens.
697 5327 785 5384 15.
812 5359 884 5371 -
911 5329 981 5382 Et
1017 5336 1173 5382 erunt
1198 5338 1253 5382 ut
1273 5326 1629 5399 complaceant
1654 5328 1863 5398 eloquia
1893 5327 2000 5381 oris

412 5424 539 5490 mei,
583 5430 689 5479 etc.
728 5422 1005 5479 Meditatio
1049 5421 1232 5478 cordis
1267 5422 1394 5488 mei,
1443 5437 1555 5476 non
1582 5423 1650 5477 ad
1679 5421 1998 5491 iactantiam

412 5516 658 5588 placendi
705 5515 1033 5579 hominibus,
1084 5513 1213 5583 quia
1251 5512 1367 5582 iam
1418 5513 1562 5568 nulla
1605 5513 1854 5584 superbia
1896 5522 2001 5579 est,

413 5609 508 5663 sed
537 5609 594 5662 in
613 5616 889 5677 conspectu
917 5613 1005 5657 tuo
1027 5620 1248 5674 semper,
1277 5605 1368 5674 qui
1399 5602 1786 5660 conscientiam
1809 5620 2000 5674 puram

414 5701 654 5771 inspicis.

484 5794 706 5849 Domine
744 5795 960 5864 adjutor
981 5809 1126 5849 meus
1154 5803 1204 5850 et
1235 5792 1553 5865 Redemptor
1581 5812 1748 5852 meus.
1787 5796 2002 5852 Domine

2027 4551 2084 4612 D

2097 1907 2197 1961 hac
2230 1908 2364 1961 hora
2413 1921 2432 1959 :
2470 1908 2538 1962 ad
2573 1917 2627 1962 te
2661 1909 2806 1963 enim
2837 1909 3070 1978 pertinet
3116 1910 3367 1981 populus,
3416 1911 3694 1980 posterius

2098 2008 2278 2065 natus,
2312 1999 2439 2069 quia
2465 1997 2636 2068 major
2663 2001 2864 2056 serviet
2890 2002 3107 2056 minori.

2169 2091 2334 2146 Vnus.
2362 2091 2416 2146 5.
2447 2120 2518 2133 -
2543 2090 2723 2146 Μὶιιαι
2767 2091 2860 2145 tibi
2896 2091 3155 2146 auxilium
3200 2092 3265 2146 de
3305 2091 3535 2155 Sancto,
3587 2102 3691 2146 etc.

2095 2182 2328 2239 Facieus
2359 2182 2455 2238 tibi
2483 2183 2880 2238 sanctiﬁcatum
2906 2198 3102 2253 corpus
3124 2182 3448 2248 Ecclesiam,
3483 2201 3612 2254 qua:
3648 2193 3695 2236 te

2099 2284 2358 2346 tanquam
2399 2275 2465 2330 de
2506 2273 2874 2344 speculatione
2907 2282 3208 2344 exspectat,
3250 2275 3474 2344 quando
3505 2275 3694 2327 venias

2098 2382 2130 2422 a
2154 2367 2380 2436 nuptiis.

2167 2455 2334 2514 Vnus.
2379 2455 2435 2510 4.
2471 2485 2542 2496 -
2575 2455 2779 2512 Memor
2818 2457 2885 2510 sit
2925 2457 3094 2511 omnis
3139 2455 3387 2524 sacriﬁcii
3433 2457 3533 2519 tui,
3584 2465 3688 2510 etc.

2099 2549 2367 2606 Memores
2402 2565 2504 2606 nos
2528 2549 2694 2605 faciat
2721 2551 2966 2606 omnium
3007 2549 3327 2621 iniuriarum
3353 2557 3577 2602 tuarum
3594 2589 3611 2612 ,
3639 2558 3694 2602 et

2101 2641 2586 2709 contumeliarum,
2619 2656 2756 2713 quas
2802 2657 2904 2712 pro
2947 2642 3105 2698 nobis
3130 2641 3422 2713 pertulisti,
3472 2649 3527 2696 et
3570 2656 3693 2696 cru.

2102 2749 2222 2791 cem
2248 2775 2264 2802 ,
2291 2750 2397 2806 qua
2423 2742 2570 2791 totus
2599 2736 2781 2790 anima
2808 2743 2863 2791 et
2896 2749 3123 2806 corpore
3145 2734 3358 2791 oblatus
3385 2749 3449 2790 es
3479 2735 3618 2798 Deo,
3640 2734 3692 2788 in

2100 2826 2344 2884 laetitiam
2375 2827 2792 2884 resurrectionis
2821 2836 3118 2883 convertat.

2174 2921 2341 2976 Vens.
2371 2919 2425 2975 5.
2465 2949 2531 2962 --
2575 2919 2792 2975 Tribuat
2824 2921 2916 2974 tibi
2947 2921 3235 2976 secundum
3260 2937 3351 2976 cor
3376 2931 3554 2987 tuum,
3583 2931 3688 2977 etc.

2105 3012 2324 3069 Tribuat
2363 3015 2457 3069 tibi
2488 3029 2596 3068 non
2635 3014 2932 3070 secundum
2959 3029 3055 3070 cor
3087 3029 3297 3080 eorum,
3332 3015 3426 3084 qui
3469 3025 3695 3085 putave-

2106 3117 2235 3166 runt
2259 3108 2633 3180 persequendo
2663 3117 2714 3164 te
2733 3123 2894 3180 posse
2923 3107 3122 3174 deleri',
3162 3109 3256 3164 sed
3282 3109 3580 3162 scentulum
3607 3125 3696 3162 cor

2028 3183 2074 3246 ε
2105 3212 2272 3268 tuum,
2314 3203 2406 3272 qui
2441 3201 2593 3258 scisti
2632 3202 2762 3273 quid
2799 3201 3047 3257 utilitatis
3075 3200 3298 3256 haberet
3351 3200 3536 3270 passio
3581 3208 3691 3253 tua.

2106 3297 2174 3351 Et
2189 3296 2462 3366 conﬁrmet
2503 3313 2654 3351 omne
2705 3295 2980 3351 consilium
3017 3306 3185 3361 tuum,
3221 3311 3331 3351 non
3372 3295 3553 3351 solum
3588 3311 3694 3366 quo

2105 3391 2342 3447 animam
2389 3391 2618 3462 posuisti
2659 3405 2760 3460 pro
2795 3390 2986 3446 amicis
3031 3391 3158 3456 tuis,
3200 3399 3263 3445 ut
3302 3390 3694 3446 mortiﬁcatmn

2107 3498 2332 3553 granum
2359 3483 2632 3552 copiosius
2657 3491 2930 3554 surgeret,
2959 3483 3051 3538 sed
3093 3483 3280 3548 etiam,
3324 3498 3434 3552 quo
3475 3483 3694 3538 ascitas

2107 3591 2172 3631 ex
2197 3583 2349 3645 parte
2376 3575 2433 3630 in
2451 3573 2616 3631 Israel
2647 3573 2788 3630 facta
2805 3581 2910 3641 est,
2940 3585 3002 3629 ut
3028 3574 3304 3645 plenitudo
3334 3575 3578 3646 gentium
3615 3575 3693 3627 in-

2108 3675 2301 3734 traret,
2331 3675 2388 3722 et
2416 3668 2496 3724 sic
2522 3668 2700 3724 omnis
2727 3667 2888 3724 Israel
2921 3668 3102 3724 salvus
3127 3667 3300 3724 ﬁeret.

2178 3759 2344 3817 Vens.
2383 3761 2436 3817 6.
2463 3759 2876 3816 -—L¢etabimur
2898 3765 2956 3816 in
2973 3761 3199 3817 salutari
3218 3771 3331 3828 tuo,
3367 3771 3476 3817 etc.
3515 3761 3693 3815 Leta-
3789 3817 3792 3820 .

2109 3854 2304 3920 bimur,
2343 3854 2488 3924 quod
2527 3853 2625 3910 tibi
2667 3870 2816 3912 mors
2841 3855 2973 3911 nihil
3007 3855 3244 3920 nocebit,
3277 3855 3352 3910 ita
3393 3856 3540 3911 enim
3567 3871 3694 3912 eam

2110 3959 2210 4000 nec
2235 3943 2394 3999 nobis
2419 3958 2617 3999 nocere
2643 3958 2802 4014 posse
2822 3944 3170 4001 monstrabis.
3199 3945 3271 3999 Et
3295 3944 3572 4001 confessio
3600 3962 3698 3999 no-

2109 4037 2272 4092 minis
2304 4037 2377 4091 tui
2408 4051 2516 4091 non
2543 4035 2717 4093 solum
2747 4051 2856 4091 non
2881 4036 3102 4107 perdet,
3129 4036 3224 4094 sed
3253 4037 3420 4093 etiam
3447 4039 3695 4109 magniﬁ-

2109 4129 2258 4185 babit
2279 4145 2397 4186 nos.

2179 4221 2342 4279 Vens.
2366 4223 2419 4277 7.
2435 4253 2505 4263 —
2531 4221 2753 4292 Impleat
2774 4223 3033 4278 Dominus
3058 4239 3234 4278 omnes
3253 4224 3530 4293 petitiones
3553 4235 3690 4286 luas,

2106 4325 2212 4372 etc.
2265 4315 2489 4388 Impleat
2528 4315 2789 4370 Dominus
2842 4331 2951 4372 non
3019 4316 3193 4371 solum
3228 4317 3505 4387 petitiones
3557 4333 3694 4387 quas

2108 4407 2346 4462 habuisti
2392 4407 2448 4462 in
2485 4415 2651 4474 terra,
2691 4407 2787 4462 sed
2813 4406 2978 4461 etiam
3013 4407 3210 4477 quibus
3240 4408 3295 4462 in
3334 4408 3474 4464 coelo
3523 4409 3692 4463 inter—

2108 4500 2419 4572 pellaspro
2461 4500 2640 4556 nobis.
2684 4499 2838 4556 Nunc
2861 4501 3006 4555 enim
3049 4500 3184 4555 mihi
3227 4516 3326 4571 per
3351 4503 3694 4572 prophetiam

2111 4593 2536 4647 demonstratum
2589 4604 2703 4655 est,
2748 4591 3004 4662 quoniam
3048 4592 3398 4650 resuscitabit
3436 4593 3692 4648 Dominus.

2110 4684 2387 4738 Christum
2414 4699 2589 4739 suum.

2187 4775 2456 4831 Exaudiat
2491 4775 2642 4830 illum
2675 4776 2738 4829 de
2771 4775 2898 4830 cwlo
2921 4786 3102 4830 sancto
3130 4792 3256 4840 suo,
3285 4785 3392 4832 etc.
3425 4775 3691 4830 Exaude

2111 4866 2264 4922 illum
2303 4881 2408 4921 non
2437 4867 2503 4921 de
2542 4875 2682 4920 terra
2717 4874 2950 4932 tantum,
2996 4865 3087 4921 ubi
3122 4881 3182 4921 se
3210 4866 3344 4936 petit
3383 4866 3690 4926 clariﬁcari,

2111 4971 2300 5012 verum
2343 4957 2509 5014 etiam
2539 4958 2604 5012 de
2639 4958 2786 5023 caelo,
2827 4959 2917 5014 ubi
2954 4973 3066 5027 iam
3102 4960 3171 5014 ad
3209 4959 3488 5014 dexteram
3519 4958 3693 5015 Patris

2105 5049 2460 5120 interpellans
2509 5064 2609 5120 pro
2641 5049 2800 5104 nobis
2847 5047 3060 5104 diffudit
3093 5049 3219 5104 inde
3264 5047 3528 5119 Spiritum
3571 5063 3692 5102 sau-

2105 5155 2254 5202 ctum
2288 5160 2452 5215 super
2485 5143 2767 5200 credentes
2807 5143 2863 5197 in
2893 5158 2970 5199 se.
3013 5141 3324 5197 Potentatus
3349 5157 3479 5198 vero
3521 5133 3692 5196 nostri

2110 5244 2238 5294 sunt
2285 5236 2430 5292 salus
2474 5235 2676 5291 tavoris
2717 5234 2854 5304 eius,
2898 5250 3020 5290 cum
3059 5235 3223 5291 etiam
3249 5233 3320 5289 de
3349 5233 3694 5289 tribulatione

2111 5331 2206 5386 dat
2233 5330 2525 5394 auxilium,
2560 5337 2622 5384 ut
2647 5329 2866 5400 quando
2890 5327 3262 5394 inﬁrmamur,
3295 5336 3426 5383 tunc
3449 5337 3693 5398 potentes

2113 5424 2302 5480 simus.
2335 5421 2471 5477 Nam
2506 5435 2648 5477 vana
2681 5419 2828 5476 salus
2865 5420 3164 5484 hominum,
3195 5434 3316 5490 qua:
3347 5435 3452 5473 non
3478 5420 3692 5496 dextera

2113 5515 2208 5570 sed
2263 5514 2484 5569 sinistra
2532 5511 2651 5583 eius
2689 5521 2774 5566 est
2824 5528 2836 5562 :
2895 5524 3024 5566 ecce
3064 5509 3209 5565 enim
3260 5507 3591 5565 extolluntur
3632 5508 3689 5560 in

2115 5622 2310 5680 magna
2347 5606 2623 5677 superbia,
2661 5603 2971 5674 quicunque
3000 5610 3287 5672 peccantes
3327 5600 3687 5670 temperanter

2113 5701 2244 5756 salvi
2274 5700 2402 5755 facti
2431 5707 2574 5754 sunt.

2184 5792 2346 5853 Vsus.
2381 5793 2432 5846 8.
2466 5822 2531 5832 --
2561 5791 2633 5846 lli
2657 5793 2712 5845 in
2737 5792 2976 5848 curribus
2997 5800 3046 5846 et
3067 5791 3120 5842 bi
3142 5791 3196 5844 in
3214 5789 3379 5859 equis,
3403 5805 3495 5842 nos
3516 5795 3684 5844 autat!
