3948 6328
481 535 1201 574 ψ

1201 690 2332 810 WALAPRIDI
2401 688 3094 801 STRABI

1742 904 2126 964 FULDENSIS
2165 903 2470 961 MONACHI

685 1085 1141 1218 EPI’I‘DME
1229 1077 2180 1214 COMMENTARI'ORUM
2267 1079 2656 1208 ΒΑΒᾹΝῙ
2735 1078 2845 1208 IN
2927 1075 3520 1206 LEVITlCUM.

1512 1318 1866 1381 (Colvenerius,
1902 1314 2063 1374 Opera
2086 1314 2224 1363 Beati
2252 1311 2430 1362 Rabani
2454 1312 2646 1376 Mauri.)

1052 1563 1448 1627 'PRIEFATIO.

542 1676 833 1750 Sequentis
871 1681 1013 1744 libri,
1048 1683 1098 1737 id
1127 1693 1209 1739 est
1252 1683 1500 1750 Levitici,
1541 1684 1915 1740 brevissimam
1947 1686 2042 1742 ad-

465 1776 793 1827 notationem
825 1789 923 1843 ego
971 1772 1220 1838 Strabus,
1264 1777 1509 1831 tradente
1559 1777 1774 1830 domino
1818 1778 2041 1831 llabano

465 1866 680 1930 abbate,
711 1867 827 1920 viro
859 1867 911 1920 in
944 1866 1126 1922 multis
1152 1869 1391 1924 scientia:
1432 1871 1626 1926 divina:
1657 1870 1884 1938 eloquiis
1914 1886 2036 1939 spc-

461 1957 733 2012 ctabiliter
761 1959 1046 2023 adornato,
1077 1969 1336 2029 quantum
1369 1961 1601 2016 tenuitas
1641 1961 1891 2029 ingenioli
1934 1961 2035 2014 mei

458 2053 829 2119 permittebat,
875 2053 1190 2107 abbreviare
1236 2055 1442 2118 curavi,
1497 2065 1550 2107 ut
1595 2055 1721 2122 quia
1765 2054 2036 2107 memoriae

462 2146 808 2200 tenacitatem
837 2147 888 2200 in
921 2161 1007 2200 me
1035 2163 1137 2202 non
1184 2164 1474 2217 cognosco,
1508 2149 1698 2203 saltem
1739 2150 1802 2202 ad
1834 2150 2034 2218 putatia

464 2231 820 2304 glossularum
872 2252 1179 2301 recurrens,
1232 2238 1461 2308 aliquam
1511 2254 1697 2292 eorum
1743 2256 1860 2308 qua:
1903 2240 2032 2294 mihi

458 2324 654 2379 tradita
695 2337 820 2380 sunt
849 2339 1053 2395 partem
1090 2344 1486 2399 recognosc-am.
1531 2329 1633 2384 Sed
1665 2331 1787 2398 quia
1829 2346 2030 2399 nequa-

457 2427 618 2481 quam
651 2415 749 2468 hoc
775 2430 802 2467 a
837 2417 1022 2469 notitia
1051 2416 1274 2470 aliorum
1308 2417 1638 2471 abscondere
1672 2430 1719 2481 ιι,
1751 2419 1902 2472 valde
1932 2419 2031 2472 ob-

452 2520 607 2559 secro
635 2514 706 2570 te,
729 2510 1037 2578 quicunque
1063 2508 1273 2578 legeris,
1301 2510 1342 2564 si
1368 2512 1494 2580 quid
1522 2512 1571 2565 in
1598 2527 1660 2564 eo
1688 2528 1842 2566 secus
1869 2528 2027 2580 quam

453 2597 607 2650 decet
638 2598 836 2652 dictqu
863 2599 1147 2662 inveneris,
1190 2610 1247 2653 ut
1274 2618 1378 2656 non
1414 2603 1486 2656 illi
1523 2604 1611 2672 qui
1640 2605 1742 2657 hoc
1781 2605 1844 2657 de
1873 2603 2030 2673 pleno

453 2688 729 2756 sapientiae
761 2689 908 2743 fonte
951 2691 1203 2746 hauriens
1243 2693 1368 2746 mihi
1403 2694 1710 2758 transfudit,
1762 2696 1853 2747 sed
1898 2710 2028 2748 mea:

455 2777 662 2832 inertia:
690 2781 944 2850 deputare
975 2784 1220 2852 incipias,
1258 2786 1349 2854 qui
1378 2786 1520 2853 potui
1565 2801 1674 2855 prae
1707 2787 1880 2855 inopia
1914 2801 2030 2840 sen-

450 2884 542 2923 sus
572 2870 724 2926 facile
772 2875 1004 2928 deviare.
1049 2873 1242 2929 Studui
1289 2893 1519 2945 namque
1553 2877 1704 2945 juxta
1751 2879 1905 2931 fidem
1937 2894 2026 2931 ca-

2073 1588 2120 1636 Α
2149 1591 2344 1644 pimus.
2399 1575 2551 1630 Unde
2603 1573 2863 1628 Dominus
2902 1572 3036 1629 dicit
3080 1588 3093 1628 :
3150 1593 3168 1626 ‹
3198 1573 3385 1630 Estote
3438 1569 3737 1648 prudentes

2144 1669 2283 1724 sicut
2315 1679 2610 1736 serpentes,
2651 1677 2702 1724 et
2729 1667 2998 1737 simplices
3032 1668 3169 1722 sicut
3206 1667 3472 1723 columbae
3513 1670 3730 1737 (Matth.

2143 1761 2219 1822 xi.
2261 1782 2276 1810 ι
2306 1761 2381 1814 Ac
2405 1761 2447 1814 si
2483 1760 2646 1825 dicat,
2679 1779 2695 1809 ‹
2727 1762 3038 1830 prudentes,
3077 1781 3092 1812 ι
3132 1771 3188 1814 ιιι
3219 1779 3382 1831 opera
3425 1764 3735 1817 [ΠΕΡι-ἰαπ-

2141 1853 2242 1906 dim
2292 1851 2545 1905 fratribus
2593 1853 2954 1922 imparliatis;
2991 1872 3007 1900 ‹
3039 1853 3334 1922 simpl‘ces,
3373 1875 3390 1905 ι
3450 1871 3520 1908 ne
3571 1870 3730 1923 quem

2140 1944 2441 1998 Voluntarie
2489 1944 2714 1997 ltedatis.
2776 1963 2793 1992 ί
2829 1942 3074 1997 OITcrens
3114 1944 3382 1998 victimas.
3418 1965 3440 1996 ι
3498 1945 3729 1999 Victima

2139 2035 2354 2091 dicitur.
2383 2034 2473 2103 qui
2506 2035 2841 2088 vinciebatur
2870 2045 2922 2087 et
2953 2035 3299 2088 occidebatur
3341 2051 3442 2103 pro
3476 2037 3722 2102 victm-ia,

2137 2127 2481 2189 offerebatur,
2513 2137 2567 2182 et
2593 2127 2856 2197 signiﬁcat
2882 2144 3039 2181 omne
3066 2145 3200 2197 opus
3223 2131 3423 2182 bonum
3451 2133 3601 2199 quod
3629 2131 3726 2184 Do-
3789 2127 3796 2132 ’

2135 2223 2282 2277 mino
2309 2221 2551 2275 offertur.
2583 2242 2598 2272 ‹
2633 2221 2688 2276 Si
2716 2221 3083 2275 bolocau~tum
3111 2221 3224 2289 ejus
3256 2221 3417 2276 fuerit
3441 2224 3669 2277 oblatio.
3700 2244 3715 2273 ι

2135 2313 2517 2366 l-lolocaustum
2558 2323 2638 2366 est
2685 2323 2850 2368 totum
2901 2323 3301 2367 concrematqu
3349 2319 3410 2367 ὀι
3456 2331 3521 2368 ea
3561 2332 3719 2384 opera

2102 2406 2304 2474 'Sigual
2335 2422 2453 2474 quze
2482 2421 2544 2459 ex
2577 2406 2721 2458 omni
2749 2415 2897 2475 parte
2925 2405 3034 2458 Deo
3057 2405 3212 2473 digna
3241 2405 3576 2461 indicantur.
3606 2429 3621 2454 ‹
3649 2406 3717 2460 De

2132 2509 2397 2561 armento,
2435 2519 2451 2550 ι
2482 2498 2532 2551 id
2563 2509 2666 2561 est,
2697 2499 2762 2551 de
2797 2499 3138 2553 tnultiludine
3173 2502 3437 2555 honorum
3469 2519 3711 2569 operum.

2135 2610 2153 2641 ‹
2186 2589 2476 2644 Masculum
2504 2591 2930 2654 immaculatum,
2959 2613 2975 2642 ο
3005 2593 3061 2645 id
3093 2604 3174 2648 est
3205 2594 3330 2646 illud
3362 2612 3503 2663 opus
3536 2599 3586 2649 in
3615 2613 3712 2665 quo

2131 2679 2260 2733 nihil
2284 2681 2351 2733 sit
2383 2679 2572 2747 fragile
2609 2691 2663 2733 et
2693 2681 2921 2735 feminea
2967 2683 3190 2736 mollitia
3236 2694 3446 2754 tepens.
3491 2708 3506 2737 ι
3544 2688 3708 2740 Anni-

2128 2772 2331 2836 culus,»
2354 2773 2404 2825 id
2427 2782 2507 2826 est
2530 2771 2827 2840 perfectum
2853 2785 2899 2826 et
2925 2776 3206 2844 probatum
3233 2776 3336 2829 tale
3361 2779 3706 2843 sacrificium,

2134 2883 2153 2915 ι
2192 2865 2256 2918 ad
2293 2865 2487 2917 ostium
2522 2865 2875 2928 tabernaculi,
2917 2886 2933 2917 ι
2966 2876 3048 2918 est
3094 2868 3496 2936 applicandum,
3543 2871 3592 2924 id
3632 2881 3704 2924 est

450 2961 723 3025 tholicam,
754 2974 1009 3032 quantum
1053 2967 1181 3021 mihi
1219 2967 1340 3021 fidei
1391 2977 1579 3022 auctor
1618 2971 1913 3023 concedere
1944 2971 2022 3022 di~
2055 2943 2102 3003 Β
2129 2957 2191 3009 3"
2231 2956 2526 3010 imm-"inm"
2560 2968 2614 3011 Cl
2649 2958 2890 3027 exempl"
2932 2968 3240 3013 ⁵³¹³⁰ι⁰¹Ί¹¹¹¹
3290 2960 3539 3022 Ρίιῑτυιπς
3580 2981 3704 3034 990°

446 3063 643 3125 gnatus
669 3065 770 3120 est,
808 3073 928 3126 qua:
968 3059 1096 3113 mihi
1138 3060 1188 3112 in
1223 3076 1306 3114 me
1343 3061 1606 3114 Sentinata
1655 3071 1777 3114 sunt
1818 3062 1883 3114 ad
1926 3062 2022 3114 ali-

444 3157 682 3200 mentum
711 3149 905 3205 anima:
947 3167 1077 3206 mea:
1105 3154 1415 3208 recondere.
1457 3155 1585 3208 Erat
1611 3165 1787 3208 autem
1827 3157 1879 3210 in
1922 3157 2020 3210 lm-

437 3234 528 3304 jus
559 3237 675 3293 libri
697 3243 1035 3311 expositione
1056 3245 1246 3298 ductor
1267 3245 1589 3316 Hesychius,
1615 3246 2015 3318 Hierosolymo-

445 3344 564 3384 rum
601 3335 896 3404 presbyter,
945 3334 1066 3390 tidei
1116 3336 1341 3406 integer,
1394 3345 1448 3391 et
1495 3340 1721 3392 veritate
1769 3339 2016 3395 statfultus

446 3442 564 3479 cum
593 3430 804 3482 caneris
841 3431 1046 3484 ‘sanctis
1083 3431 1415 3485 doetorilms.
1446 3432 1586 3502 Lege
1624 3431 1870 3487 feliciter.
1965 3439 1968 3442 ’

957 3561 1182 3617 CAPUT
1216 3561 1502 3616 PRIMUM.

515 3668 778 3737 Vnum,
811 3672 871 3726 id
897 3682 984 3728 est
1013 3674 1300 3737 Leviticus,
1327 3676 1478 3744 quasi
1511 3676 1807 3737 oblatorius
1836 3691 2015 3731 sacer-

440 3761 633 3814 dotalis
662 3761 815 3816 liber.
849 3763 998 3818 Hunc
1024 3764 1217 3818 librum
1247 3767 1507 3834 superiori
1531 3768 1806 3822 adhaerere
1837 3784 2010 3822 mam-

442 3849 577 3905 festa
616 3853 754 3905 ratio
804 3854 1011 3922 probat,
1057 3856 1181 3930 quia
1235 3857 1285 3909 in
1337 3872 1400 3911 eo
1448 3857 1572 3910 illud
1603 3859 2009 3912 tabernaculum

440 3944 870 4009 construebatur,
907 3947 971 4000 de
999 3965 1103 4016 quo
1128 3948 1226 4002 ista
1258 3965 1376 4019 qua:
1405 3949 1454 4003 in
1491 3951 1625 4004 libro
1654 3949 1866 4022 [Exodi]
1893 3967 2009 4006 ser-

439 4037 610 4091 vanda
654 4037 933 4105 jubenlur,
987 4042 1426 4113 pl‘iPCipel'Cllllll'.
1484 4042 1633 4110 Quod
1701 4045 2012 4099 tabernacu-

435 4127 542 4182 lum
577 4130 868 4185 Ecclesiam
916 4132 996 4186 vel
1042 4145 1281 4188 sanctam
1329 4133 1663 4204 Scripturam
1712 4137 1905 4204 signat,
1945 4138 2009 4191 de

434 4218 628 4287 quibus
663 4220 817 4274 nobis
857 4221 1032 4275 omnis
1063 4239 1206 4276 same
1237 4224 1423 4279 doctri=
1451 4241 1495 4278 te
1533 4224 1804 4294 plenitudo
1845 4226 2004 4279 mini-

2122 3049 2379 3104 stolorum
2425 3051 2672 3104 videlicet
2724 3057 2776 3103 et
2823 3061 3163 3105 cteterorum.
3221 3073 3236 3103 ι
3270 3052 3425 3108 Ponit
3490 3072 3704 3110 manum

2119 3157 2270 3196 suam
2296 3157 2456 3210 super
2482 3157 2635 3211 capm
2665 3143 2869 3201 hostite,
2901 3161 2917 3192 ›
2945 3143 3036 3212 qui
3063 3143 3212 3196 initio
3233 3143 3388 3197 bonae
3413 3146 3706 3199 voluntatis

2118 3231 2312 3285 stuiiis
2336 3231 2599 3284 bonorum
2628 3248 2850 3299 operum
2879 3233 3127 3286 insistere
3155 3249 3257 3288 non
3289 3236 3490 3299 tardat,
3521 3237 3704 3305 sicque

2117 3321 2366 3393 proficiat
2397 3323 2461 3376 ad
2505 3324 2877 3377 remissionem
2909 3337 3280 3393 peccatorum.
3321 3346 3337 3376 ‹
3367 3327 3702 3382 immolabit-

2118 3431 2223 3484 que
2270 3414 2495 3468 vitulum
2528 3430 2711 3469 coram
2746 3415 2990 3469 Domino.
3027 3436 3044 3466 ι
3074 3415 3302 3480 Vitulus,
3342 3421 3470 3488 quia
3503 3421 3701 3486 jucun-

2117 3507 2215 3561 dus
2244 3505 2354 3568 'est,
2392 3508 2541 3561 docet
2583 3522 2718 3576 Opus
2759 3508 2967 3561 Domini
3013 3508 3196 3563 laetitia
3233 3512 3501 3580 spirituali
3543 3529 3703 3583 agen-

2115 3597 2262 3651 dmu.
2309 3619 2325 3647 ι
2357 3597 2475 3652 Filii
2515 3599 2712 3664 Aaron,
2747 3620 2766 3652 ο
2803 3601 2892 3668 qui
2916 3600 3163 3662 oﬂ‘erunt,
3189 3602 3483 3658 Christiani
3515 3608 3623 3659 sint
3649 3618 3704 3662 et

2116 3690 2318 3756 fideles,
2349 3707 2482 3762 quos
2505 3693 2698 3748 Petrus
2743 3695 3017 3764 apostolus
3041 3711 3209 3766 genus
3239 3697 3494 3761 electum,
3523 3701 3700 3771 regale

2115 3786 2474 3838 sacerdotium
2509 3786 2736 3858 vocat‘tl
2765 3784 2910 3840 Pelr.
2959 3795 3040 3855 ιι).
3076 3785 3228 3843 Sicut
3268 3790 3412 3843 enim
3446 3791 3701 3845 Christus

2115 3886 2196 3929 est
2228 3885 2282 3930 et
2321 3875 2559 3945 pontifex
2583 3886 2640 3931 et
2683 3878 2878 3943 hostia,
2919 3880 2989 3932 ita
3015 3878 3310 3935 Christiani
3339 3891 3395 3935 et
3431 3899 3535 3953 per
3561 3895 3699 3939 seet

2112 3967 2165 4020 in
2213 3983 2270 4022 se
2297 3970 2507 4023 hostias
2535 3971 2842 4040 spirituales
2878 3973 3073 4026 offerre
3102 3975 3317 4029 debent.
3363 3974 3698 4046 Sanguinem

2111 4061 2362 4125 olTerunt,
2396 4064 2447 4117 id
2483 4075 2564 4118 est
2605 4066 2838 4123 animam
2869 4083 3044 4129 suam,
3086 4069 3206 4137 quia
3249 4069 3301 4122 in
3331 4068 3534 4124 Genesi
3567 4087 3699 4124 san-

2111 4153 2229 4221 guis
2268 4153 2446 4205 anima
2497 4155 2678 4208 carnis
2708 4166 2948 4210 vocatur.
3008 4157 3271 4212 Funditur
3303 4162 3451 4214 circa
3501 4161 3692 4214 altare.

2111 4243 2165 4296 In
2207 4247 2464 4298 memoria
2495 4248 2880 4303 incarnationis
2911 4249 3112 4304 Christi
3140 4267 3302 4307 omne
3324 4267 3462 4320 opus
3496 4255 3691 4308 bonum

433 4316 656 4362 slratur.
687 4309 856 4364 Porro
886 4313 1026 4380 quod
1057 4314 1251 4367 dicitur
1283 4315 1564 4368 Dominum
1597 4330 1816 4372 vocasse
1853 4317 2002 4388 Moy-
2033 4318 2076 4379 C
2111 4335 2403 4403 perﬁcith
2439 4336 2592 4391 unde
2633 4339 2888 4394 Dominus
2925 4342 3058 4394 dicit
3087 4361 3098 4394 ε
3133 4361 3148 4390 ε
3198 4342 3306 4396 Hoc
3336 4309 3688 4411 q'miesm.

433 4414 524 4453 sen
556 4401 620 4453 de
659 4401 1003 4456 tabernaculo
1033 4405 1344 4469 testimonii,
1369 4405 1546 4475 signat
1573 4407 1712 4474 quod
1746 4408 2004 4464 Dominus

431 4489 678 4545 doctores
705 4491 960 4548 Ecclesiae
987 4495 1051 4547 ‘iu
1089 4495 1372 4564 Scriptura
1411 4508 1595 4551 sancta
1635 4499 1889 4554 Ecclesiae
1921 4501 2001 4554 di-

429 4582 668 4650 sciplinis
696 4585 761 4637 ad
797 4585 1027 4639 lide'iium
1059 4587 1272 4641 instruit
1303 4588 1554 4654 salutem,
1586 4593 1677 4660 qui
1705 4579 2002 4661 loquuntur

431 4675 553 4730 filiis
578 4675 762 4739 lsrael,
798 4677 854 4731 id
880 4687 961 4732 est
987 4679 1230 4733 ﬁdelibus
1268 4682 1550 4735 consilium
1592 4683 1782 4735 salutis
1822 4684 1996 4753 impo-

427 4776 562 4821 nunt
597 4787 614 4818 ‹
645 4771 806 4824 homo
832 4771 921 4838 qui
964 4770 1217 4825 obtulerit
1248 4772 1499 4827 hostiam.
1530 4793 1548 4825 ι
1601 4773 1885 4828 Hominem
1927 4777 2002 4828 di-

427 4855 499 4909 cit
525 4865 582 4908 ut.
621 4856 705 4909 ille
743 4860 832 4927 qui
874 4859 1034 4929 digne
1075 4861 1183 4915 Deo
1212 4874 1333 4917 vota
1365 4865 1510 4933 cupit
1540 4863 1754 4928 oil'erre,
1787 4867 1998 4920 ratione

428 4944 587 4998 insita
630 4947 730 5000 sibi
776 4949 909 5002 bene
961 4960 1159 5016 utatur,
1215 4968 1281 5004 ne
1320 4951 1571 5020 iumentis
1620 4955 1996 5023 insipientibus

426 5037 771 5094 assimiletur.
809 5041 988 5096 Hostia
1031 5043 1227 5098 dicitur
1268 5045 1388 5098 imle
1418 5047 1556 5114 quod
1591 5047 1656 5099 ad
1687 5049 1884 5102 ostium
1927 5059 2000 5104 ta-

425 5128 697 5184 bernaculi
718 5132 1034 5198 ducebatur,
1061 5147 1112 5190 et
1145 5137 1212 5190 ibi
1247 5138 1472 5192 Omnino
1497 5139 1846 5195 elicis-batur.
1877 5143 1998 5197 «De

425 5203 792 5288 pecoribusﬂ
823 5223 874 5277 id
915 5235 996 5279 est
1032 5228 1284 5296 operibus
1325 5229 1551 5292 actualis
1601 5231 1722 5283 vitzr
1751 5248 1869 5300 quae
1909 5249 1995 5286 se-

423 5313 654 5368 cundum
687 5330 904 5372 carnem
938 5317 1110 5383 fiunt;
1150 5322 1202 5374 in
1243 5323 1592 5390 sequentibus
1614 5324 1756 5377 enim
1791 5324 1856 5379 de
1887 5326 1996 5380 vita

423 5407 837 5479 cantemplativa
885 5409 1016 5465 facit
1060 5413 1409 5476 mentionem,
1453 5415 1540 5468 ubi
1585 5400 1648 5469 de
1691 5416 1996 5472 voluciibus

420 5509 636 5555 tractat.
697 5523 714 5551 ι
748 5503 822 5556 De
870 5503 1039 5558 bobus
1086 5513 1139 5558 et
1187 5506 1400 5558 ovibus.
1432 5524 1450 5557 δ
1503 5506 1559 5560 In
1612 5509 1781 5562 bobus
1830 5525 1992 5578 opera

422 5590 560 5644 bona
602 5610 720 5660 quae
762 5594 1023 5649 fratribus
1079 5597 1479 5665 impenduntur.
1511 5599 1562 5652 in
1611 5601 1798 5653 ovibus
1830 5617 1990 5670 opera

417 5683 779 5754 simpiicitatis
810 5688 1004 5756 quibus
1035 5689 1102 5743 ab
1141 5691 1284 5744 omni
1314 5690 1530 5746 laesione
1571 5703 1818 5748 cessatur
1845 5693 1986 5750 accic

483 5825 508 5855 ι
553 5814 714 5870 Deest
738 5816 958 5887 aliquid.

2109 4441 2213 4494 que
2244 4425 2505 4489 feceritis,
2541 4430 2593 4482 in
2640 4445 2814 4485 meam
2846 4436 3419 4489 commemorationem
3445 4435 3632 4491 facite.
3671 4460 3683 4486 ι

2104 4519 2180 4574 De
2216 4535 2321 4589 quo
2351 4521 2506 4575 altari
2530 4524 2778 4592 superius
2805 4525 3004 4579 dicitur
3029 4541 3044 4578 :
3071 4545 3090 4576 ε
3119 4527 3305 4581 Altare
3335 4530 3402 4582 de
3430 4540 3576 4583 terra
3607 4530 3686 4583 fa-

2104 4612 2258 4665 cietis
2283 4612 2429 4666 mihi.
2462 4633 2604 4665 )—1
2629 4613 2786 4680 Quod
2817 4625 2901 4669 est
2928 4619 2995 4670 ad
3033 4619 3238 4672 ostium
3271 4622 3632 4683 tabernaculi,
3665 4643 3680 4672 I

2104 4701 2228 4768 quia
2270 4703 2322 4755 iu
2363 4703 2606 4772 ingressu
2641 4706 2759 4761 fidei
2807 4708 2991 4760 statim
3032 4710 3097 4764 de
3141 4709 3242 4764 ﬁde
3285 4712 3684 4767 incarnationis

2102 4791 2300 4846 Christi
2351 4794 2661 4849 imbuimur.
2705 4798 3018 4852 Detrahitnr
3059 4800 3230 4868 pellis,
3289 4802 3413 4856 dum
3463 4805 3680 4859 divitia-

2105 4896 2220 4934 rum
2247 4891 2301 4936 et
2331 4883 2641 4938 facultatum
2675 4887 3014 4955 superﬂuitas
3059 4892 3402 4947 Imminuitur
3430 4905 3487 4947 nt
3519 4912 3590 4951 eo
3623 4897 3678 4950 li-

2101 4972 2285 5027 berius
2323 4976 2495 5029 hostia
2532 4977 2658 5030 boui
2702 4981 2881 5046 operis
2926 4981 3249 5036 immoletur.
3288 4983 3438 5049 Quas
3464 4986 3678 5039 divitias

2102 5063 2154 5116 in
2186 5062 2284 5116 Job
2326 5066 2478 5132 pellis
2509 5082 2704 5121 nomen
2739 5071 2976 5123 ostendit
3015 5072 3139 5125 dum
3181 5073 3398 5137 dicitur,
3441 5095 3459 5125 ι
3491 5077 3677 5145 ρι-ιιτυιιι

2097 5171 2196 5225 pro
2223 5156 2358 5224 pelle
2405 5157 2545 5223 (Job.
2581 5162 2663 5229 ιι),
2695 5179 2712 5210 ι
2741 5169 2847 5214 etc.
2873 5162 3036 5216 Artus
3066 5164 3116 5215 iu
3161 5162 3330 5218 frusta
3383 5171 3677 5224 concidun-

2100 5256 2211 5310 tur,
2258 5249 2380 5300 dum
2429 5249 2622 5318 singuli
2678 5265 2870 5306 sensus
2903 5251 3210 5322 incorpore
3247 5256 3315 5308 ad
3360 5259 3675 5314 servitutem

2098 5336 2310 5391 Domini
2339 5352 2727 5408 prreparantur.

2171 5428 2360 5485 Strues
2401 5430 2668 5502 lignorum
2707 5435 3067 5502 componitur,
3116 5436 3240 5490 dum
3282 5437 3429 5492 Petri
3484 5448 3536 5491 et
3579 5438 3671 5492 Pa-

2098 5525 2237 5570 trum
2289 5522 2532 5590 exempla
2582 5523 2648 5575 ad
2709 5524 3065 5578 imitationem
3113 5538 3483 5580 assumuntur.
3537 5528 3668 5597 Ignis

2100 5609 2402 5676 subjicitur.
2446 5612 2570 5664 dum
2615 5612 2848 5681 Spiritus
2881 5617 3050 5668 sancti
3088 5617 3259 5685 gratia
3303 5618 3504 5670 bonum
3542 5633 3666 5686 Opus

2097 5712 2465 5758 consecratur.
2491 5703 2660 5774 Caput
2681 5714 2763 5760 est
2787 5707 3158 5778 principalitas
3177 5711 3393 5775 mentis,
3425 5712 3476 5764 in
3492 5725 3664 5778 iecore
