3948 6328
205 414 303 473 797

1152 405 1457 467 ῺΙΤΟΜΕ
1490 403 1831 469 $0.1m
1839 445 1854 462 .
1886 407 2152 467 MBAN]
2180 408 2257 465 ἸΝ
2296 409 2521 504 LEM".

3358 418 3462 481 Μ

206 536 359 579 omne
385 519 709 585 desiderium
754 517 1033 589 accipitur.
1075 517 1273 575 Dicunt
1292 518 1440 579 enim
1458 518 1773 589 philosophi
1800 523 1846 589 Α
1877 522 2096 584 cientur
2124 534 2346 595 propter
2373 526 2545 583 amre
2568 526 2650 585 .ιά
2670 526 2995 586 omnia“
3014 528 3352 600 manu
3376 529 3458 593 ά..

199 615 351 684 jecur
378 610 582 669 caloris
606 610 682 671 ad
708 611 1040 680 digerendus
1076 609 1235 669 cibos
1270 612 1613 677 «desiderii
1644 628 1778 673 esse

209 703 455 763 radicem.
482 720 504 756 ι
518 701 805 763 luminis
823 702 1123 774 etpedibus
1143 703 1286 758 lotis.
1308 702 1624 759 ointustina
1650 702 1778 763 ﬁmo

205 799 438 860 sordem,
474 794 539 851 ia
581 810 688 865 quo
714 796 1336 867 sordidae-cogitationes
1378 806 1772 853 monstrantur.

204 888 389 953 Pedes,
414 888 515 957 qui
534 901 689 957 saepe
724 888 1094 945 immunditias
1130 898 1373 960 tangunt,
1402 905 1467 944 ea
1506 905 1672 959 opera
1708 889 1778 945 si-

206 990 366 1054 gnant
399 996 520 1051 quae
556 996 898 1051 nequaquam
933 997 964 1035 a
1006 982 1314 1039 carnalibus
1334 982 1575 1053 negotiis
1618 998 1775 1052 sepa-

204 1075 306 1128 rari
337 1082 577 1144 possunt.
616 1073 753 1129 Sunt
777 1083 955 1129 tamen
990 1082 1048 1129 et
1090 1074 1205 1129 Ιιωο
1228 1084 1286 1130 et
1336 1074 1422 1129 illa
1460 1090 1601 1145 aqua
1633 1089 1777 1129 eom-

202 1166 899 1236 puuctieuis-ommulamla,
932 1176 990 1219 et
1010 1166 1088 1221 ita
1113 1166 1381 1222 sacriﬁcio
1414 1166 1648 1222 Dmnino
1683 1183 1775 1224 ee-

202 1260 450 1328 aptanda.
482 1257 799 1327 Hujustnodi
829 1259 1061 1314 bestiam
1088 1260 1213 1315 dum
1232 1260 1467 1329 quilibet
1496 1260 1648 1316 oﬁ‘ert
1680 1276 1772 1315 sa-

201 1353 386 1405 cerdos
427 1358 513 1404 est
557 1350 809 1413 «Deutini,
850 1350 981 1417 quia
1035 1350 1292 1406 Dmuinus
1325 1351 1404 1406 de
1447 1367 1607 1405 manu
1656 1350 1775 1419 eius

200 1442 416 1512 suscipit
450 1442 686 1498 odorem
728 1444 1029 1507 suavitatis,
1076 1445 1203 1498 dum
1244 1444 1444 1499 talibus
1493 1444 1774 1500 sacriﬁciis

198 1532 507 1588 delectatur.
546 1550 571 1584 ι
598 1533 751 1600 Quod
778 1534 822 1588 si
851 1534 919 1589 de
950 1534 1235 1604 pecoribus
1261 1535 1463 1590 oblatio
1482 1544 1584 1601 est,
1616 1556 1634 1588 ι
1659 1520 1769 1592 etc.

198 1622 250 1677 ln
281 1624 448 1678 bobus
476 1625 644 1679 fortia
682 1640 879 1696 opera;
920 1626 977 1680 in
1016 1627 1210 1682 ovibus
1241 1628 1642 1698 simplicitatem
1689 1631 1770 1684 vi-

200 1724 293 1779 tre;
342 1715 392 1768 in
440 1715 628 1784 capris
658 1716 1033 1786 penitentiam
1066 1727 1413 1787 peccatorum
1452 1720 1768 1789 accipimus.

198 1805 270 1861 De
320 1806 731 1863 holocaustum
785 1808 1039 1863 anniculo
1100 1809 1306 1879 absque
1355 1810 1562 1866 macula
1602 1826 1768 1881 supra

197 1898 423 1953 diximus
446 1899 521 1952 ad
548 1898 688 1955 latus
726 1900 1078 1970 altarisquod
1108 1901 1332 1972 reqﬁcit
1358 1903 1424 1957 ad
1464 1903 1767 1971 aquilonem
1800 1922 1848 1984 Β

196 1990 506 2058 praecipitur
526 1989 819 2059 nnmolari,
851 2000 910 2046 ut
936 1993 988 2047 in
1019 1991 1586 2047 commemorationem
1622 1991 1774 2047 Clu-iv

195 2082 259 2136 Sli
288 2083 465 2137 omnia
486 2080 650 2145 ﬂant,
675 2084 815 2138 sicut
837 2083 1437 2154 omnes’postulatienes
1454 2098 1559 2153 per
1588 2083 1769 2138 Domi-

196 2187 316 2226 num
349 2183 595 2229 nostrum
618 2174 802 2230 Jesum
824 2173 1110 2232 Christum
1142 2191 1240 2231 nos
1276 2175 1568 2245 implorare
1605 2176 1774 2230 conﬁ-

195 2266 385 2331 dimus,
412 2278 537 2338 post
566 2270 875 2338 petitionem
901 2269 1180 2333 addentes,
1213 2268 1318 2326 Per
1354 2269 1639 2323 Dominum
1677 2285 1774 2323 uo-

194 2368 359 2414 strmu
389 2360 575 2416 Jesum
601 2360 902 2426 Christum,
928 2373 1034 2418 etc.
1065 2363 1222 2432 Plaga
1253 2362 1594 2432 aquilonalis,
1618 2361 1771 2433 quasi

196 2451 301 2506 sole
323 2452 618 2524 longinquo
645 2456 899 2519 obscura,
930 2456 1036 2510 hoc
1054 2454 1313 2524 designat
1337 2457 1478 2523 quod
1510 2454 1772 2524 quidquid

196 2542 352 2597 homo
381 2544 433 2598 in
477 2545 580 2601 hac
605 2545 713 2599 vita
741 2544 972 2610 laborat,
1012 2546 1409 2613 uvescit‘quauto
1439 2544 1578 2614 apud
1604 2545 1771 2599 Deum

195 2636 369 2703 pretio
386 2637 707 2701 aestimetur,
734 2637 836 2691 nisi
859 2645 1001 2706 quod
1031 2636 1147 2705 spei
1173 2634 1402 2692 ﬁrmitas
1433 2650 1651 2705 sperare
1682 2635 1774 2690 do-

195 2734 297 2779 cet.
344 2726 478 2783 Natu
516 2730 651 2782 hinc
693 2728 952 2797 scriptum
984 2736 1114 2783 est:
1144 2746 1163 2778 ι
1205 2725 1491 2795 Suntjusti
1540 2742 1769 2797 quorum

193 2832 353 2886 opera
398 2819 450 2875 iu
500 2834 661 2875 manu
711 2820 804 2875 Dei
841 2827 988 2884 sunt,
1033 2820 1126 2875 sed
1180 2820 1352 2874 nescit
1382 2821 1553 2875 homo
1589 2828 1767 2875 utrum

192 2925 374 2967 amore
394 2913 592 2983 dignus
627 2914 698 2968 sit
724 2930 790 2967 an
816 2914 940 2969 odio
972 2910 1121 2983 (Sep.
1162 2929 1245 2976 ut,
1274 2912 1439 2967 Eccli.
1460 2912 1566 2982 ιχ).
1602 2932 1618 2963 ι
1644 2912 1758 2966 Ali-

196 3012 291 3062 ter.
324 3005 507 3074 aquilo
531 3015 718 3074 gentes
749 3007 1018 3074 signiﬁcat
1043 3021 1161 3074 qua:
1186 3007 1239 3059 in
1270 3005 1564 3075 frigiditate
1594 3006 1767 3059 incre-

189 3096 433 3151 dulitatis
454 3106 794 3167 tor-puerum.
830 3098 883 3152 In
900 3098 1048 3153 cunni
1076 3106 1253 3152 autem
1280 3112 1444 3166 opere
1475 3097 1618 3151 illius
1647 3112 1768 3166 pro-

188 3186 493 3255 pitiationis
519 3203 616 3242 nos
640 3203 905 3244 memores
928 3204 1047 3244 esse
1069 3204 1169 3243 con
1180 3189 1341 3252 venit,
1366 3190 1490 3258 quia
1519 3188 1768 3244 Christus

1878 626 2037 673 news
2065 612 2263 671 eﬁ‘undi
2284 615 2487 681 sole
2520 616 2647 672 dum
2668 618 2852 675 omnis
2888 626 3073 679 tumor
3090 620 3363 691 superbire
3395 630 3461 683 et

1878 704 1984 763 leui
1992 706 2114 763 tatis
2128 707 2337 765 vanitas
2352 715 2575 779 propter
2593 707 2871 765 Christum
2884 714 2936 765 in
2950 711 3458 785 maiust-ishis

1877 810 2113 867 nostra,
2166 800 2261 856 ubi
2302 803 2714 872 corruptionem
2773 804 3120 877 intelligimus
3161 816 3459 874 nostram,

1878 893 2271 962 comprirnitur,
2296 901 2364 947 ut
2386 895 2505 947 sine
2532 893 2748 951 malitiae
2770 895 3101 953 admixtione
3128 898 3331 952 oblatio
3350 913 3461 968 ιρι,-

1878 982 2874 1054 ritatiseeutemplativaeperﬁciatur,
2912 1002 2989 1043 ne
3012 988 3139 1059 plus
3177 989 3459 1059 sapiamus

1876 1086 2037 1141 quam
2072 1074 2495 1146 eportetUtom.
2536 1074 2749 1145 xu),et
2784 1079 3016 1147 nequid
3054 1079 3330 1151 indignum
3371 1079 3459 1141 bis

1876 1161 2169 1232 adiungere
2211 1173 2497 1220 tentemus.
2544 1165 2754 1220 Ascella
2790 1174 2881 1223 est
2943 1183 3071 1238 pars
3114 1170 3166 1225 in
3206 1184 3312 1239 qua
3358 1169 3458 1229 alat

1861 1241 2170 1326 junguntur
2192 1257 2432 1327 corpori.
2461 1256 2686 1313 Ascella:
2710 1259 2897 1330 ‘frangi
2947 1276 3052 1316 non
3098 1261 3244 1317 ferro
3288 1262 3454 1333 dividi

1869 1347 2149 1418 iubentur,
2187 1357 2247 1404 ut
2270 1349 2329 1404 in
2374 1350 2486 1419 ipsa
2530 1348 2627 1404 Dei
2646 1351 3110 1420 contemplatione
3141 1353 3271 1407 nihil
3310 1353 3456 1408 ferro

1875 1437 1981 1492 doli
2012 1446 2060 1493 et
2104 1438 2410 1496 schismatis
2456 1440 2769 1511 impetatur,
2801 1450 2894 1496 aut
2934 1442 3309 1512 irwostigetur,
3358 1442 3455 1509 sed

1875 1548 2059 1600 manu,
2102 1534 2154 1589 id
2181 1542 2266 1591 est
2298 1534 2654 1605 simplicitate
2686 1534 3052 1606 intelligentia:
3080 1551 3244 1606 quam
3273 1534 3456 1589 Domi-

1874 1642 1975 1683 nus
1996 1627 2331 1683 concesserit
2350 1628 2774 1692 observandum,
2811 1637 2868 1682 et
2900 1628 2954 1683 in
2985 1626 3206 1683 servitio
3245 1624 3456 1681 Domini

1872 1716 2206 1774 oll’erendum
2244 1717 2590 1788 suscipiatur.
2630 1710 2838 1773 Castera
2863 1732 2985 1788 quae
3008 1718 3079 1774 de
3118 1717 3205 1775 bis
3228 1716 3454 1788 subjun-

1873 1810 2146 1881 gutturis
2161 1811 2541 1883 superioribus
2568 1810 2717 1868 dicta
2740 1819 2890 1868 aunt.

2497 1964 2726 2026 CAPUT
2764 1966 2828 2023 Il.

1937 2102 1969 2141 ιι
1994 2084 2191 2141 Anima
2222 2100 2355 2140 cum
2404 2084 2661 2140 obtulerit
2702 2083 3029 2139 oblationem
3061 2081 3311 2138 sacriﬁcii
3350 2082 3456 2137 Do-

1865 2176 2040 2235 mino.
2072 2197 2092 2231 ι
2135 2177 2202 2233 Et
2252 2178 2493 2233 animam
2542 2193 2642 2247 pro
2690 2184 2802 2231 toto
2834 2175 3061 2231 homine
3093 2175 3262 2246 ponit,
3312 2173 3455 2231 sicut

1871 2268 2036 2326 Jacob
2077 2270 2420 2327 descendisse
2465 2269 2519 2323 in
2547 2267 2839 2339 Egyptum
2872 2282 2995 2323 cum
3038 2266 3323 2321 animabus
3368 2280 3454 2320 se-
3515 2291 3521 2297 υ

1873 2365 2146 2433 ptnaginta
2186 2362 2444 2432 loquitur,
2476 2372 2582 2416 etc.
2620 2362 2745 2415 Ideo
2773 2361 3010 2416 animum
3052 2359 3197 2420 dicit,
3231 2359 3357 2428 quia
3388 2358 3454 2413 de

1871 2453 2239 2526 spiritualibns
2266 2461 2351 2509 est
2387 2453 2680 2509 locuturus.
2727 2449 3035 2521 Spiritualis
3067 2449 3212 2504 enim
3253 2446 3452 2501 intelli-

1871 2546 2050 2614 gentia
2080 2544 2244 2599 animi
2271 2559 2375 2598 non
2390 2543 2641 2614 corporis
2667 2542 2966 2611 capacitate
2998 2540 3311 2611 percipitur.
3349 2537 3452 2594 Sa-

1871 2636 2137 2691 criﬁcium
2182 2642 2265 2690 est
2294 2634 2434 2703 quod
2469 2636 2521 2688 in
2568 2648 2705 2704 pane
2747 2644 2801 2688 et
2837 2633 2891 2688 in
2924 2632 3114 2688 fructu
3154 2640 3311 2685 terra:
3350 2631 3452 2685 Dos

1872 2731 2018 2786 mino
2045 2727 2390 2784 oli‘erehatur.
2434 2725 2620 2781 Simila
2652 2725 2795 2780 enim
2843 2724 2989 2781 onuti
3022 2737 3222 2795 genere
3250 2737 3447 2792 panum

1871 2822 2120 2889 nobilior,
2170 2821 2326 2892 panis
2360 2831 2539 2876 autem
2580 2819 2727 2873 omni
2777 2818 2898 2875 cibo
2942 2816 3449 2885 validior,,sapien-

1871 2916 2000 2971 tiam
2024 2915 2262 2973 divinam
2296 2914 2493 2983 signat,
2518 2927 2640 2982 qua:
2674 2910 2808 2965 alias
2834 2924 2992 2975 auro,
3028 2909 3171 2979 quod
3202 2908 3453 2963 omnibus

1869 3006 2100 3062 metallis
2126 3016 2208 3061 est
2222 3004 2545 3075 pretiosius,
2577 3012 2958 3072 cturnparatur;
2991 3016 3153 3072 quam
3178 2999 3344 3055 Isaias
3368 2998 3451 3053 in-

1871 3105 1954 3153 ter
1979 3096 2213 3167 Spiritus
2246 3096 2422 3151 sancti
2453 3095 2593 3149 dona
2634 3096 2870 3164 primam
2911 3094 3225 3157 nominavit,
3251 3101 3307 3147 et
3345 3092 3449 3147 Do-

1869 3192 2048 3247 minus
2073 3192 2125 3244 in
2148 3205 2372 3244 numero
2393 3188 2763 3251 beatitudinis,
2793 3187 3138 3244 inferioribus
3163 3201 3449 3243 enumera-

188 3278 474 3347 gentilitati
512 3279 797 3337 consuluit.
834 3280 1070 3335 liberans
1097 3295 1216 3334 eam
1250 3296 1280 3356 a
1310 3279 1537 3336 Domino
1565 3280 1763 3336 diaboli
1791 3286 1835 3346 C
1869 3282 2039 3363 ιίδείιι
2068 3280 2185 3335 loco
2212 3280 2391 3349 posuit
2408 3277 2765 3348 perfectionis
2803 3260 3026 3334 dicens:
3061 3298 3080 3330 ι
3106 3277 3263 3332 Beati
3295 3276 3444 3347 paci-

187 3367 276 3436 ιμιί
309 3381 369 3425 se
398 3372 450 3420 in
492 3367 750 3424 lateribus
782 3368 1054 3439 aQuilonis
1082 3353 1280 3426 sederet
1300 3370 1658 3442 gloriabatur.
1687 3370 1763 3427 De

189 3460 447 3529 sanguine
493 3469 548 3514 et
578 3461 643 3516 de
679 3462 836 3517 altari
870 3464 1070 3517 dictum
1103 3472 1203 3518 est.
1242 3464 1567 3519 Ditidta'ntur
1594 3480 1765 3520 mem-

190 3549 300 3615 bra,
344 3552 470 3605 dum
515 3553 769 3609 discretio
813 3564 958 3610 recta
991 3556 1044 3610 in
1072 3557 1325 3612 omnibus
1349 3557 1634 3611 virtutibus
1666 3574 1761 3613 cu-

190 3645 437 3699 stoditur.
484 3645 559 3699 De
584 3648 759 3716 capite
794 3657 849 3703 et
876 3654 1088 3703 caeteris
1115 3665 1233 3718 qua:
1257 3649 1528 3705 oﬁ‘ereuda
1558 3659 1683 3705 sunt
1709 3659 1765 3705 et

191 3737 252 3789 de
286 3736 469 3806 lignis,
515 3748 571 3793 et
608 3739 744 3809 igni,
775 3749 832 3795 et
876 3744 1162 3797 sacerdote
1207 3757 1369 3812 supra
1405 3741 1516 3811 iam
1559 3743 1762 3798 dictum

188 3836 284 3894 est,
342 3847 364 3879 ι
396 3829 451 3884 Si
477 3839 658 3884 autem
690 3830 764 3886 de
818 3833 1007 3888 avibus
1054 3834 1352 3890 holocausti
1388 3834 1595 3890 oblatio
1640 3834 1760 3891 fue—

192 3918 278 3984 rit,
308 3937 331 3972 a
362 3930 475 3976 etc.
510 3920 780 3977 Hactenus
808 3923 875 3979 de
909 3926 1097 3979 activa:
1140 3925 1416 3981 laboribus
1447 3927 1759 3997 disputavit,

191 4026 327 4067 nunc
356 4014 421 4067 de
444 4014 879 4084 contemplativa
906 4017 1030 4073 vita!
1051 4018 1287 4087 puritate
1312 4018 1603 4089 subjunglt,
1630 4019 1767 4073 Tur-

193 4113 291 4167 tur,
331 4106 422 4174 qui
448 4116 671 4181 morum
695 4108 846 4162 socio
892 4108 983 4162 alii
1028 4123 1135 4163 neu
1157 4107 1426 4180 jungitur,
1456 4110 1761 4164 castitatem

191 4191 459 4263 designat;
495 4197 744 4250 columba
795 4206 998 4262 autem,
1044 4213 1165 4268 quae
1211 4201 1391 4255 arbori
1432 4200 1673 4255 insidens
1709 4209 1765 4256 et

192 4300 377 4355 aquam
432 4290 762 4358 inspiciens,
826 4292 1100 4362 accipitris
1140 4293 1395 4363 prazvidet
1440 4295 1758 4359 adventum,

191 4376 582 4449 simplicitatem
616 4393 671 4436 et
718 4384 985 4438 cautelam
1015 4395 1258 4440 :sanctae
1300 4387 1447 4441 enim
1481 4387 1674 4442 unitate
1707 4387 1760 4441 in

191 4467 398 4535 arbore,
429 4472 482 4526 id
514 4481 597 4525 est
626 4471 679 4525 in
712 4471 1032 4529 celsitudine
1070 4475 1326 4529 virtutum
1362 4477 1762 4544 nequimcentes

193 4560 242 4616 in
287 4577 447 4632 aqua,
491 4564 544 4618 id
576 4573 660 4619 est
704 4566 1055 4621 meditatione
1100 4566 1296 4621 divina:
1345 4567 1500 4639 legis,
1538 4569 1758 4638 antiqui

1866 3374 1977 3440 ﬁci,
2002 3373 2257 3443 quoniam
2289 3371 2384 3426 ﬁlii
2416 3370 2510 3426 Dei
2537 3372 2871 3429 vocabuntur
2897 3369 3111 3439 (Matth.
3137 3371 3244 3437 ν).›
3274 3368 3448 3438 Major

1864 3466 2006 3520 enim
2038 3464 2299 3533 sapientia
2342 3477 2448 3518 non
2487 3471 2571 3516 est
2610 3475 2773 3545 quam
2810 3460 3018 3517 meritis
3044 3461 3304 3515 virtutum
3348 3459 3443 3517 Dei

1864 3556 1999 3612 elﬁci
2029 3556 2219 3610 ﬁlium.
2251 3553 2439 3611 Oleum
2468 3554 2788 3611 clmritatem
2820 3562 2872 3607 et
2902 3553 3326 3608 misericordiam
3353 3566 3444 3608 so-

1866 3657 1978 3713 nat,
2016 3648 2134 3702 sine
2159 3647 2358 3716 quibus
2402 3646 2665 3716 sapientia
2696 3646 2857 3717 perit,
2907 3646 3011 3700 hoc
3042 3645 3215 3716 ipsum
3248 3645 3445 3715 ubique

1867 3741 1920 3795 in
1942 3737 2293 3809 sequentibus
2311 3739 2508 3809 signat.
2541 3737 2691 3793 Thus
2726 3738 3026 3792 orationem
3055 3738 3327 3795 assiduam
3354 3737 3442 3793 in-

1865 3832 2026 3888 dicat.
2064 3851 2082 3882 ι
2115 3830 2171 3887 Si
2196 3833 2318 3901 quis
2342 3832 2510 3895 enim,
2542 3832 2621 3887 ait
2644 3830 2880 3889 Jacobus
2909 3833 3208 3902 apostolus,
3238 3833 3443 3904 indiget

1863 3924 2152 3993 sapientia,
2178 3921 2413 3993 postulet
2438 3938 2468 3977 a
2499 3922 2609 3979 Deo
2633 3930 2688 3979 et
2713 3923 2930 3981 dabitur
2959 3924 3163 3995 (Iacob.
3195 3924 3257 3995 ι),
3285 3943 3304 3976 ο
3332 3933 3438 3979 etc.

1864 4016 1990 4070 Haec
2021 4016 2087 4070 ad
2117 4015 2253 4070 ﬁlios
2294 4016 2471 4069 Aaron
2521 4015 2700 4069 oﬂ'erri
2732 4014 3011 4084 iubentur,
3046 4025 3104 4072 ut
3141 4017 3443 4087 cuicunque

1863 4105 2006 4161 Deus
2051 4106 2334 4160 scientiam
2378 4106 2704 4176 intelligendi
2744 4106 3077 4174 praestiterit,
3110 4121 3231 4162 cum
3267 4109 3440 4179 magi-

1863 4195 1990 4250 stris
2032 4194 2402 4263 spiritnalibus
2429 4193 2696 4260 conferat,
2726 4209 2795 4251 ne
2824 4194 2960 4251 forte
2993 4196 3215 4253 insidias
3242 4196 3440 4252 diaboli

1862 4301 2026 4342 orans
2057 4286 2276 4341 incidat.
2311 4283 2443 4341 Nam
2472 4294 2523 4341 et
2552 4283 2751 4343 Paulus
2788 4301 2907 4341 cum
2933 4301 3030 4357 per
3057 4285 3440 4349 rerelationem

1864 4377 1960 4433 Dei
1985 4377 2233 4433 didicerit
2269 4376 2640 4447 Evangelium,
2672 4378 2950 4437 descendit
2980 4387 3181 4443 tamen,
3224 4390 3281 4433 ut
3325 4380 3441 4451 ipse

1864 4476 2114 4533 testatur,
2152 4468 2219 4523 ad
2259 4468 2533 4538 apostolos
2562 4478 2615 4525 et
2641 4469 2871 4525 contulit
2896 4485 3018 4529 cum
3048 4469 3177 4534 illis,
3204 4486 3273 4527 ne
3301 4470 3438 4527 forte

1862 4561 1916 4615 in
1976 4574 2203 4615 vacuum
2260 4567 2507 4614 curreret
2565 4567 2659 4613 aut
2708 4558 3035 4617 occurrisset
3085 4557 3285 4631 (ϐαιαι.
3331 4560 3436 4634 ιιι).

192 4651 355 4710 hostis
384 4665 587 4711 norunt
612 4657 835 4712 insidias
858 4672 1182 4728 praecavere,
1216 4658 1581 4732 ῐιειοιηυθιυι-
1600 4672 1762 4733 capm
1786 4644 1838 4704 D
1868 4675 1886 4706 ‹
1915 4652 2153 4721 Quorum
2177 4667 2336 4717 unus,
2374 4672 2392 4704 ι
2427 4661 2483 4707 et
2525 4661 2741 4708 cattera.
2787 4651 2937 4715 Unus
2964 4667 3063 4726 pro
3091 4653 3295 4711 unitate
3317 4652 3440 4713 ﬁdei

193 4745 255 4798 ad
297 4746 517 4813 collum,
552 4756 609 4802 ut
638 4748 909 4814 Christus,
955 4750 1080 4806 licet
1107 4749 1389 4807 divinitate
1422 4756 1757 4824 prmmineat,

193 4836 380 4895 nullius
407 4839 577 4895 fidelis
608 4840 967 4898 aestimatione
998 4843 1066 4898 ab
1088 4844 1297 4900 unitate
1339 4845 1610 4909 Ecclesiae,
1641 4863 1761 4916 qum

194 4935 268 4980 est
283 4929 627 4999 corpuscjus,
639 4941 940 5001 separetur.
958 4933 1151 4997 Aliter,
1164 4935 1290 4990 dum
1317 4936 1368 4990 in
1387 4945 1438 4991 te
1450 4936 1761 4995 omlestibtts

194 5022 604 5092 appmpinqnas,
651 5039 837 5077 uittam
885 5025 1085 5091 carnis,
1128 5025 1271 5081 Iride
1322 5027 1530 5084 ﬁrmius
1579 5030 1759 5084 cousio

194 5117 328 5166 stere
379 5115 575 5183 possis,
610 5118 827 5183 penitus
880 5131 989 5171 non
1028 5119 1268 5174 omittas.
1308 5117 1569 5186 Quamvis
1612 5120 1756 5175 enim

193 5201 470 5270 Apostolus
498 5209 642 5263 dicat
666 5224 680 5264 :
710 5227 729 5260 ι
750 5208 947 5265 Carnis
976 5225 1160 5265 curam
1192 5228 1296 5265 non
1329 5212 1564 5267 feceritis
1586 5212 1638 5267 in
1667 5214 1760 5267 de-

195 5293 401 5351 sideriis
434 5307 654 5354 tantum
693 5299 870 5372 (Rom.
898 5304 1047 5365 am).
1092 5320 1112 5354 ι
1145 5301 1278 5356 alias
1318 5302 1547 5357 dicitur:
1575 5320 1596 5353 ι
1628 5301 1760 5368 Quis

195 5398 420 5455 unquam
460 5407 680 5447 carnem
730 5408 885 5449 suam
937 5395 1062 5449 odio
1119 5395 1304 5450 habuit
1351 5393 1565 5466 (Ephes.
1610 5397 1754 5464 v)?»

201 5495 219 5529 ι
251 5477 420 5550 Rupta
439 5484 679 5539 vulneris
705 5484 822 5539 loco
842 5486 1081 5540 decurrit
1099 5486 1321 5556 sanguis
1341 5502 1503 5556 super
1529 5489 1761 5556 crepidi-

196 5582 334 5633 nem,
364 5592 382 5622 ι
411 5573 494 5629 vel
520 5593 543 5625 ι
575 5576 743 5630 basim
771 5576 979 5642 altaris,
1009 5597 1027 5628 ι
1055 5587 1112 5631 ιιι
1132 5577 1236 5632 alia
1263 5577 1427 5632 editio
1455 5578 1603 5641 «ficit,
1635 5580 1759 5632 dum

197 5664 451 5728 patefacta
485 5669 619 5721 bona
648 5669 965 5735 Intentioue,
988 5671 1096 5726 vita
1125 5671 1300 5725 omnis
1315 5671 1467 5741 juxta
1494 5670 1764 5741 evangeli-

197 5765 307 5806 cam
343 5756 638 5814 doctrinam
679 5770 1045 5817 consrcratnr.
1078 5760 1346 5828 Vesicula,
1392 5778 1513 5835 quae
1544 5778 1757 5834 semper

200 5846 392 5907 utnulla
440 5851 671 5920 videtur,
710 5862 768 5909 et
807 5864 1019 5925 pana.
1060 5852 1300 5912 lenitatis
1322 5856 1559 5922 radices,
1586 5853 1758 5929 proii-

1865 4748 2152 4818 accipitnr,
2188 4754 2243 4803 et
2280 4745 2476 4802 Paulus
2505 4745 2673 4801 dicit:
2701 4765 2721 4799 ι
2755 4744 2907 4802 Unus
2938 4745 3195 4807 Dominus
3232 4755 3287 4802 et
3334 4762 3439 4803 una

1866 4838 2234 4913 ﬁdes(Ephea.
2261 4840 2358 4907 ιν),
2390 4858 2409 4891 ι
2440 4846 2546 4894 etc.
2578 4837 2720 4895 Idem
2761 4846 2815 4892 et
2842 4838 2968 4894 alibi
2998 4837 3208 4913 :Rogo.
3232 4840 3437 4911 inquit,

1866 4946 1960 4987 vos
1992 4940 2050 4986 ut
2086 4931 2225 4987 idem
2240 4929 2471 5001 sapiatis
2513 4937 2570 4984 et
2619 4943 2782 4983 unum
2819 4943 3007 4985 omnes
3044 4929 3235 4986 dicatis
3266 4927 3435 5002 (Phil.

1864 5024 1946 5095 ιι).
1980 5023 2216 5093 Pugillus
2254 5020 2441 5092 plenus
2467 5019 2778 5077 immolatur
2820 5030 2879 5077 ut
2919 5021 3148 5093 quisque
3176 5034 3437 5093 quantum

1862 5129 2054 5185 capere
2083 5122 2256 5184 potest
2280 5114 2510 5168 scrutari
2540 5124 2787 5176 conetur,
2825 5127 2893 5167 ne
2926 5113 3045 5183 plus
3073 5122 3238 5169 tentet
3276 5128 3438 5185 quam

1861 5216 2039 5279 potest
2066 5207 2361 5262 continere.
2386 5204 2521 5260 Pars
2548 5203 2739 5260 similae
2769 5213 2825 5260 et
2854 5205 2955 5262 olei
2994 5205 3323 5273 immolatur,
3359 5214 3437 5261 to-

1864 5310 1977 5354 tum
2004 5308 2182 5354 autem
2218 5298 2362 5365 thus,
2387 5297 2513 5368 quia
2554 5297 2834 5368 sapientia
2859 5308 2911 5355 et
2941 5299 3222 5357 charitatis
3258 5309 3313 5355 et
3342 5299 3441 5355 mi-

1864 5397 2169 5453 sericordia:
2195 5409 2533 5465 nequaquam
2573 5394 2626 5449 in
2666 5395 2768 5451 hac
2791 5396 2899 5451 vita
2929 5396 3191 5467 perfectio
3220 5397 3273 5452 in
3309 5412 3436 5453 san-

1864 5487 1967 5542 ctis
2013 5486 2282 5556 aliquibus
2329 5485 2602 5555 impletur.
2651 5485 2849 5543 Paulus
2892 5489 3036 5544 enim
3087 5489 3264 5543 dicit:
3306 5506 3324 5538 ι
3359 5486 3436 5543 Ex

1864 5588 2016 5649 parte
2041 5578 2440 5649 cognoscimus,
2469 5588 2523 5633 et
2548 5595 2612 5635 ex
2644 5589 2795 5650 parte
2830 5583 3214 5651 prephetamus
3236 5579 3286 5652 (Ι
3311 5579 3433 5635 Cor.

1863 5670 2005 5742 xm).
2037 5692 2057 5726 ι
2095 5671 2164 5725 Ει
2188 5672 2254 5725 de
2292 5671 2557 5728 cbaritate
2588 5690 2601 5727 :
2632 5692 2651 5725 ι
2685 5673 2854 5744 Major
2875 5683 3054 5728 autem
3096 5674 3334 5728 cbaritas
3355 5681 3438 5728 est

1863 5763 1969 5829 bis,
2000 5784 2017 5815 ι
2044 5763 2170 5834 quia
2200 5763 2446 5819 videlicet
2476 5766 2529 5820 in
2562 5767 2663 5822 hac
2693 5767 2800 5822 vita
2828 5782 2948 5822 cum
2974 5782 3070 5838 spe
3106 5783 3159 5821 e.
3186 5766 3288 5822 ﬁde
3308 5782 3433 5839 per-

1861 5855 1947 5913 ﬁci
1974 5870 2079 5913 non
2112 5864 2313 5933 potest,
2336 5857 2438 5917 sed
2476 5868 2760 5931 permanet
2792 5860 2848 5917 in
2876 5857 3058 5919 futuro
3082 5860 3430 5935 perﬁciam
