3948 6328
455 381 564 440 που

949 377 1338 433 WALAFRIDI
1379 376 1625 434 STRABI
1662 377 1867 434 FULD.
1911 377 2079 434 MON.
2115 377 2267 436 OPP.
2306 378 2488 436 PARS
2518 379 2560 435 l.
2602 409 2675 420 —
2711 379 3172 440 THEOLOGICA.

3615 394 3726 450 800

453 497 529 554 Et
555 497 624 553 de
666 493 1036 550 misericordia
1074 492 1204 548 dicit
1229 492 1368 546 ultra
1406 494 1552 548 vires
1585 493 1740 548 velle.
1781 493 1906 548 ldeo
1939 492 2028 548 hic
2055 461 2108 554 Χ
2131 501 2312 547 autem
2362 494 2799 564 'consumptionis
2855 497 3118 554 carbones
3177 497 3536 569 subjiciuntur
3580 526 3593 560 :
3649 511 3725 564 ita

457 602 568 644 non
595 585 893 657 perﬁcitur,
920 586 1045 655 quia
1066 586 1207 654 quod
1233 583 1412 640 facere
1431 600 1539 640 non
1565 600 1872 656 possumus,
1892 584 2032 639 velle

457 677 735 733 debemus.
769 675 918 731 Thus
957 684 1136 730 autem
1165 683 1334 730 totum
1363 676 1693 743 incenditur,
1739 676 1866 746 quia
1914 676 2032 732 sine

455 767 856 825 intermissione
884 769 1149 824 orandum
1177 778 1283 836 est,
1315 778 1375 823 ut
1400 770 1654 826 videlicet
1676 771 1858 825 omnia
1885 786 2033 841 quae-

455 874 672 932 cunque
687 861 933 926 facimus,
964 861 1018 916 in
1055 863 1273 917 nomine
1299 863 1510 918 Domini
1545 862 1831 918 faciamus.
1862 863 2029 919 Poni-

455 959 546 1008 tur
573 951 931 1026 [memoriale]
954 967 1118 1024 super
1137 954 1329 1022 altare,
1354 954 1424 1010 ob
1450 956 1766 1012 memoriam
1789 954 2032 1010 Domini-

457 1059 535 1100 οε
573 1043 979 1110 incarnationis,
1028 1052 1089 1098 ut
1127 1059 1293 1115 supra
1340 1046 1541 1100 dictum
1588 1055 1692 1102 est.
1744 1045 2031 1116 Reliquum

454 1137 826 1194 sacerdotibus
851 1137 1029 1192 datur.
1057 1135 1197 1193 Huic
1221 1138 1514 1193 concordat
1555 1138 1700 1208 quod
1727 1137 2030 1209 fragmenta

452 1244 570 1302 quae
628 1228 801 1284 turbis
847 1227 1248 1299 superfuerant,
1294 1229 1521 1298 apostoli
1568 1229 1922 1299 collegerunt,
1967 1236 2031 1283 ut

450 1335 571 1390 quae
599 1321 837 1376 minores
877 1320 1178 1391 intelligere
1217 1337 1325 1378 non
1349 1320 1549 1388 valent,
1590 1320 1886 1392 majoribus
1933 1336 2026 1377 su-

443 1414 644 1473 menda
668 1423 967 1470 reservent.

527 1522 546 1554 ‹
574 1503 711 1560 Cum
737 1515 916 1562 autem
953 1505 1214 1563 obtuleris
1249 1507 1578 1563 sacriﬁcium
1609 1518 1821 1564 coctum
1855 1509 1910 1564 in
1939 1509 2030 1566 cli-

450 1594 613 1662 bano,
651 1597 716 1652 de
741 1597 937 1664 simila,
963 1612 1135 1668 panes
1163 1597 1370 1654 scilicet
1389 1599 1594 1669 absque
1613 1599 1880 1656 fermento
1901 1616 2031 1656 con-

446 1699 664 1753 spersos
682 1686 820 1744 oleo.
852 1708 871 1740 ›
911 1687 1166 1744 Clibanus
1197 1698 1385 1746 uterus
1407 1699 1490 1746 est
1511 1689 1771 1762 Virginis,
1801 1693 1894 1747 ubi
1932 1707 2029 1762 pa-

449 1775 534 1830 nis
559 1778 652 1847 qui
677 1778 744 1835 de
771 1779 910 1835 coelo
937 1780 1214 1837 descendit
1242 1783 1418 1837 sancti
1448 1782 1685 1852 Spiritus
1713 1785 2030 1853 operatione

2132 583 2297 638 etiam
2330 584 2412 640 vis
2438 586 2708 654 passionis
2738 602 2902 642 cruce
2926 587 3132 646 Christi
3163 607 3383 649 carnem
3410 601 3640 664 assavit,
3671 615 3726 656 et

2131 677 2216 732 his
2243 680 2476 748 peractis
2503 695 2650 736 mors
2678 697 2797 736 eam
2829 693 3207 740 momentanea
3237 691 3480 759 suscepit
3509 701 3573 745 ut
3624 693 3727 746 Ιιιι-

2126 765 2215 837 jus
2244 769 2488 825 mortalis
2515 770 2641 826 vita:
2677 786 2798 825 eam
2824 784 3046 829 exueret
3074 776 3355 844 qualitate.
3395 779 3553 837 Unde
3595 799 3722 836 cum

2129 853 2294 913 fuerit
2334 859 2741 930 disputandum,
2787 862 2967 917 simila
2996 863 3117 919 oleo
3141 879 3556 939 conspergatur,
3610 889 3728 925 ma-

2129 946 2288 1002 nibus
2333 950 2633 1006 sacerdotis
2678 951 2946 1018 tradatur,
2993 955 3311 1011 memoriale
3358 947 3723 1024 incendatur,

2131 1040 2273 1109 quod
2319 1051 2564 1111 superest
2598 1042 2969 1099 sacerdotibus
3002 1044 3374 1115 relinquatur:
3409 1048 3480 1102 de
3521 1050 3726 1119 quibus

2128 1134 2378 1190 omnibus
2417 1151 2580 1205 supra
2614 1135 2728 1205 jam
2776 1137 3030 1194 diximus.
3067 1158 3086 1191 ‹
3117 1138 3306 1196 Omnis
3343 1141 3553 1197 oblatio
3604 1159 3726 1212 quae

2129 1222 2353 1279 oﬁ‘ertur
2407 1226 2636 1282 Domino
2683 1228 2891 1298 absque
2915 1228 3211 1284 fermento
3262 1230 3385 1296 ﬁet,
3416 1251 3440 1284 δ
3498 1231 3552 1286 id
3606 1243 3724 1297 est,

2129 1329 2289 1371 omne
2322 1332 2458 1386 opus
2492 1320 2769 1374 servitutis
2801 1320 2894 1374 Dei
2938 1320 3141 1375 malitia
3189 1322 3378 1378 aliena:
3404 1333 3602 1378 careat
3631 1325 3729 1378 do-

2129 1409 2335 1463 ctrinaa.
2366 1409 2475 1464 Nec
2501 1411 2795 1481 quidquam
2824 1412 3074 1467 fermenti
3101 1428 3167 1468 ac
3196 1414 3372 1470 mellis
3409 1415 3729 1470 adolebitur

2130 1500 2184 1554 in
2215 1499 2481 1557 sacriﬁcio
2518 1503 2765 1558 Domino.
2800 1502 2904 1557 Mel
2950 1504 3147 1560 dicitur
3170 1507 3567 1578 philosophica:
3611 1509 3728 1561 dul-

2129 1593 2262 1648 cedo
2284 1594 2620 1661 sonoritatis,
2647 1610 2753 1666 qua
2791 1595 3072 1652 instabiles
3099 1597 3167 1652 ad
3195 1613 3388 1654 sensus
3432 1615 3647 1670 pravos
3678 1602 3730 1653 il.

2128 1682 2334 1740 liciunt.
2382 1685 2645 1741 Primitiae
2671 1701 2858 1742 eorum
2899 1696 2955 1742 et
2999 1703 3226 1745 munera
3254 1689 3565 1746 offeruntur
3603 1702 3724 1745 tan-

2131 1783 2264 1841 tum,
2293 1777 2420 1846 quia
2447 1777 2728 1833 elementis
2763 1778 3066 1834 litterarum
3093 1790 3148 1836 et
3173 1779 3487 1836 liberalium
3519 1784 3726 1836 artium

447 1867 948 1940 nobisprzeparatus
971 1880 1056 1928 est
1079 1873 1146 1930 ad
1165 1873 1414 1930 salutem.
1436 1875 1574 1929 Dum
1603 1873 1671 1930 de
1696 1876 1782 1930 his
1803 1885 2026 1941 tractes,
2055 1858 2105 1918 Β
2132 1869 2528 1936 instrumentis,
2569 1885 2688 1940 qua:
2710 1870 3015 1942 philosophi
3046 1881 3384 1942 repererunt.
3413 1875 3484 1928 ad
3516 1875 3729 1928 utilita-

448 1959 514 2015 de
537 1960 711 2016 simila
737 1978 926 2032 panes,
955 1965 1008 2019 id
1035 1975 1120 2021 est
1156 1966 1416 2021 doctrina:
1445 1967 1772 2038 evangelicae
1799 1969 2031 2023 ﬁrmita-

447 2060 554 2107 tem
602 2053 816 2124 adhibe,
861 2057 1063 2127 absquc
1111 2059 1396 2124 fermento,
1431 2061 1485 2114 id
1529 2069 1629 2124 est,
1663 2061 1780 2116 sine
1827 2061 2030 2118 erroris

449 2145 828 2202 amaritudine.
862 2147 1016 2204 Unde
1044 2149 1304 2205 Dominus
1326 2151 1494 2206 dicit:
1528 2170 1546 2202 ‹
1575 2151 1852 2208 Attendite
1878 2154 2029 2210 vobis

452 2248 484 2287 a
510 2233 776 2292 fermento
808 2237 1202 2295 Pharisaeorum
1225 2239 1441 2311 (Matth.
1466 2242 1612 2312 XVI),
1645 2262 1662 2295 ι
1703 2243 1758 2298 id
1797 2253 1881 2299 est
1907 2259 2024 2299 ma-

448 2324 629 2382 litiosa
671 2345 857 2384 eorum
909 2332 1173 2387 doctrina.
1232 2332 1339 2402 Ipsi
1382 2349 1551 2403 panes
1593 2335 1704 2390 sint
1747 2334 2026 2406 conspersi

450 2417 589 2484 oleo,
630 2420 734 2476 hoc
779 2430 864 2477 est
890 2423 1005 2492 ipsa
1038 2423 1314 2493 inquisitio
1339 2433 1394 2478 et
1419 2425 1697 2495 sapientiae
1734 2425 2028 2500 investiga-

448 2509 523 2564 tio
543 2510 912 2569 misericordia
933 2523 988 2570 et
1004 2515 1266 2570 charitate
1283 2516 1598 2583 condiatur;
1625 2516 1814 2589 lagana
1837 2533 2029 2590 azyma

448 2601 566 2657 oleo
604 2603 695 2659 lita
731 2615 814 2661 est
857 2607 1033 2676 panis,
1063 2606 1172 2662 lata
1203 2615 1258 2662 et
1303 2609 1500 2673 tenuis,
1543 2624 1664 2680 qua:
1705 2618 1965 2678 quantum
1995 2625 2028 2665 a

447 2699 604 2768 panis
639 2700 801 2755 distat
835 2701 1116 2767 ﬁrmitate,
1161 2711 1367 2756 tantum
1414 2702 1500 2757 lex
1546 2711 1601 2758 et
1642 2704 2028 2774 prophetarum

449 2792 686 2847 narratio
711 2792 976 2848 inﬁrmior
999 2801 1084 2850 est
1107 2793 1383 2865 Evangelii
1403 2795 1652 2852 claritate
1676 2805 1733 2852 et
1758 2797 2028 2866 apostolo-

448 2897 569 2936 rum
596 2883 842 2950 scientia,
872 2900 991 2954 quae
1020 2894 1200 2941 tamen
1229 2887 1348 2941 oleo
1382 2887 1478 2941 lita
1512 2894 1614 2954 est,
1638 2889 1761 2956 quia
1787 2887 1843 2941 in
1886 2903 2025 2958 prae-

448 2975 620 3044 ceptis
651 2975 783 3047 legis
819 2978 1100 3034 charitatis
1133 2979 1509 3044 observantia,
1550 2988 1606 3034 et
1643 2979 2028 3035 misericordia:

444 3066 665 3123 effectus
691 3069 1003 3137 mundatur,
1049 3072 1413 3142 etuprophetae
1451 3072 1518 3126 de
1555 3079 1781 3126 ventura
1813 3073 2026 3127 miseri-

448 3161 630 3216 cordia
657 3161 994 3219 advenientis
1013 3163 1214 3220 Christi
1237 3174 1291 3219 et
1320 3165 1586 3220 charitate
1625 3166 2044 3236 prmsagabant.‘

2132 1969 2240 2017 tem
2289 1973 2493 2018 sancta:
2523 1963 2782 2018 utendum
2815 1971 2898 2018 est
2937 1963 3211 2029 Ecclesia),
3243 1979 3352 2019 non
3384 1975 3605 2020 tantum
3641 1983 3728 2019 eo-

2131 2069 2251 2107 rum
2281 2054 2560 2126 theologia:
2590 2053 2740 2110 falsae
2779 2056 2831 2110 in
2876 2071 3100 2112 munera
3130 2057 3359 2113 Domino
3390 2059 3726 2129 replicandze

2130 2157 2231 2198 nec
2259 2159 2446 2198 eorum
2474 2145 2922 2215 disputationibus
2939 2145 3006 2202 de
3031 2147 3226 2203 divinis
3256 2149 3723 2219 investigandum.

2136 2251 2155 2284 ‹
2185 2233 2453 2304 Quidquid
2507 2235 2768 2292 obtuleris
2823 2236 3076 2294 sacriﬁcii
3131 2238 3242 2294 sale
3291 2241 3537 2294 eondies.
3587 2261 3604 2291 ι
3672 2240 3726 2294 In

2131 2326 2277 2381 omni
2311 2341 2476 2396 opere
2519 2327 2663 2383 bono
2701 2329 2978 2398 sapientia:
3005 2330 3200 2384 divina:
3241 2331 3572 2386 suavitatem
3629 2349 3726 2386 nos

2131 2418 2388 2473 adhibere
2417 2420 2683 2475 hortatur.
2714 2420 2906 2476 Munus
2933 2423 3234 2492 primarum
3263 2423 3486 2495 frugum
3513 2425 3581 2479 de
3609 2428 3725 2495 spi-

2130 2509 2210 2564 cis
2237 2510 2538 2566 virentibus
2561 2509 2810 2578 oﬁ‘ertur,
2840 2513 2966 2568 dum
2995 2513 3219 2583 alicujus
3250 2516 3534 2572 inchoatio
3565 2517 3726 2572 bona:

2130 2606 2459 2676 operationis
2485 2616 2541 2662 et
2573 2607 2868 2678 disciplina:
2904 2609 3118 2664 Domini
3145 2611 3334 2680 gratia:
3365 2613 3724 2666 commcnda-

2133 2707 2242 2766 tur,
2282 2700 2409 2755 dum
2444 2715 2546 2756 nec
2570 2717 2666 2772 per
2696 2718 2755 2757 se
2780 2702 2847 2756 ad
2873 2703 3261 2768 maturitatem,
3294 2705 3350 2758 id
3379 2714 3468 2759 est
3493 2706 3562 2760 ad
3591 2721 3722 2776 per-

2131 2787 2438 2856 fectionem,
2473 2791 2804 2860 pervenerit,
2832 2793 2938 2863 igni
2969 2809 3183 2864 quoque
3212 2793 3453 2865 Spiritus
3499 2805 3724 2850 sanctus

2131 2881 2288 2935 debet
2325 2882 2629 2948 emundari,
2675 2892 2730 2937 et
2777 2883 3087 2938 conﬁrmari
3136 2885 3417 2942 debetzet
3449 2887 3723 2958 confringi

2133 2975 2185 3028 in
2217 2973 2380 3029 farris
2407 2988 2636 3042 morem,
2675 2976 2730 3030 id
2773 2985 2876 3040 est,
2906 2976 3104 3031 litterze
3134 2977 3407 3033 velamine
3435 2980 3721 3049 adaperto,

2131 3065 2244 3134 ipsa
2295 3065 2579 3136 disciplina
2617 3067 2798 3122 statim
2846 3067 2999 3122 initio
3041 3069 3352 3123 medullitus
3396 3071 3720 3141 investigari

2131 3158 2199 3211 ad
2249 3157 2658 3214 similitudinem
2714 3157 2968 3228 perfecta:
3027 3161 3324 3230 sapientizn.
3383 3161 3529 3216 Sunt
3573 3164 3721 3216 enim

447 3254 659 3310 Oblatio
685 3255 751 3310 de
796 3255 1070 3325 sartagine
1097 3258 1164 3312 de
1209 3255 1386 3311 simila
1431 3270 1724 3327 conspersa
1753 3225 1874 3311 oleo
1906 3253 2026 3310 ﬁeri
2054 3225 2099 3288 (ἶ
2130 3250 2380 3318 quaedam
2427 3264 2547 3320 qua:
2593 3251 2920 3305 omnimodis
2963 3251 3293 3315 interiorem,
3339 3268 3451 3307 non
3491 3255 3726 3308 exterio-

436 3347 678 3418 juhctur.
727 3347 978 3420 Sartago,
1013 3365 1136 3420 quae
1164 3349 1340 3404 media
1365 3357 1451 3404 est
1485 3350 1626 3405 inter
1661 3351 1841 3420 ignem
1869 3358 1924 3404 et
1949 3348 2030 3403 ci-

444 3444 558 3506 bos,
593 3442 902 3498 ﬁrmissimo
936 3443 1132 3498 robore
1165 3451 1361 3505 ,contra
1392 3443 1569 3512 ignem
1597 3451 1734 3508 tuta,
1783 3450 1838 3496 et
1879 3456 2026 3509 quae.

443 3536 566 3590 dam
615 3536 796 3592 mollia
847 3536 1082 3599 indurat,
1144 3535 1388 3606 quaedam
1438 3551 1570 3591 vero
1620 3537 1754 3590 dura
1795 3533 2022 3600 emollit,

444 3643 660 3683 crucem
698 3628 898 3682 Christi
941 3627 1228 3695 signiﬁcat,
1260 3642 1379 3696 quae
1414 3626 1703 3682 mediatrix
1729 3633 1865 3691 erat,
1895 3624 2021 3694 quia

442 3717 623 3774 cibum
655 3718 978 3783 sustinebat,
1001 3726 1058 3772 et
1083 3733 1180 3788 per
1214 3733 1334 3772 eam
1377 3715 1524 3771 calor
1546 3717 1811 3787 passionis
1842 3717 2026 3771 incen-

444 3811 694 3866 debatur.
734 3809 847 3865 Nisi
879 3825 1008 3865 vero
1034 3810 1188 3880 panis
1211 3811 1265 3864 in
1295 3809 1384 3863 illa
1428 3809 1662 3864 ctelestis
1701 3818 2019 3874 torreretur,

444 3903 561 3973 ejus
586 3903 901 3974 mysterium
929 3903 1176 3973 corporis
1215 3902 1522 3959 nullatenus
1568 3902 1634 3956 ad
1664 3903 1892 3958 salutem
1924 3905 2024 3958 hu-

444 3996 589 4050 mani
621 3995 834 4066 generis
864 3995 1213 4065 panderetur.
1250 3995 1383 4049 Tota
1413 3993 1556 4049 enim
1581 3993 1913 4065 dispensatio
1943 3995 2024 4048 in-

441 4087 772 4142 carnationis
810 4087 928 4158 ejus
958 4087 1024 4142 ad
1062 4087 1240 4142 crucis
1287 4087 1562 4154 spectabat
1601 4087 2026 4140 consummatio-

441 4195 584 4236 nem.
631 4180 787 4237 Unde
837 4180 911 4235 illi
944 4180 1121 4236 omnis
1173 4187 1423 4235 creatura
1463 4186 1644 4233 nostra
1692 4177 2023 4250 [subjicitur]

437 4281 660 4345 propter
670 4274 926 4328 virtutem
948 4271 1299 4333 crucis..Nam
1323 4271 1644 4342 Apostolus:
1668 4290 1686 4323 ι
1707 4269 1906 4325 Factus
1917 4279 2020 4334 est,

443 4365 640 4434 inquit,
687 4365 946 4420 obediens
982 4363 1132 4419 Patri
1177 4378 1347 4433 usque
1391 4361 1459 4416 ad
1491 4372 1743 4428 mortem,
1791 4369 2024 4417 mortem

441 4466 620 4512 autem
652 4457 828 4510 crucis
855 4474 867 4509 :
898 4464 1120 4526 propter
1149 4455 1289 4525 quod
1313 4466 1368 4510 et
1391 4455 1536 4511 Deus
1565 4454 1715 4509 illum
1741 4455 2020 4520 exaltavit,

439 4560 493 4605 et
523 4550 671 4605 dedit
698 4549 771 4604 illi
803 4565 1000 4604 nomen
1024 4548 1180 4619 'quod
1209 4561 1292 4605 est
1334 4565 1495 4620 super
1518 4565 1678 4604 omne
1719 4565 1935 4616 nomen,
1963 4558 2024 4604 ut

443 4644 494 4698 in
523 4642 742 4698 nomine
779 4639 906 4696 Jesu
933 4655 1094 4695 omne
1121 4656 1258 4712 genu
1286 4640 1532 4696 flectatur
1560 4641 1884 4705 caelestium,
1915 4653 2021 4695 ter-

439 4736 693 4790 restrium
725 4742 779 4788 et
806 4731 1138 4788 infernorum
1167 4731 1334 4802 (Phil.
1367 4735 1453 4803 ιι),
1488 4753 1506 4786 ι
1537 4743 1592 4788 et
1612 4741 1828 4788 caetera.
1857 4731 2024 4802 Cujus

440 4828 620 4883 crucis
649 4826 824 4880 virtus
851 4825 1095 4894 quadam
1142 4825 1305 4880 corda
1333 4824 1468 4878 dura
1509 4826 1565 4879 in
1606 4825 1826 4880 lenitate
1869 4840 2025 4878 man-

441 4917 745 4972 suetudinis
771 4914 1064 4979 edomavit,
1097 4913 1345 4984 quaedam
1376 4929 1503 4968 vero
1531 4914 1712 4968 mollia
1732 4924 1788 4968 et
1813 4914 2023 4969 inﬁrma

445 5012 645 5066 virtute
681 5007 995 5064 stabilitatis
1043 5007 1236 5071 erexit,
1290 5015 1350 5060 ut
1394 5014 1625 5074 utraque
1670 5004 1872 5060 Christi
1910 5020 2026 5060 cor-

445 5102 567 5173 pori
605 5100 858 5155 sociaret.
890 5097 1017 5154 lnde
1064 5098 1112 5153 si
1159 5096 1289 5167 quid
1339 5097 1679 5151 tractandum
1727 5096 1820 5161 sit,
1850 5096 2024 5151 simila

443 5193 720 5264 sapientia:
749 5200 802 5246 et
832 5206 954 5246 cum
989 5205 1117 5246 vera
1147 5188 1413 5245 charitate
1454 5187 1775 5258 inquiratur.
1807 5188 1880 5242 De
1912 5187 2023 5241 fer-

445 5293 629 5340 mento
664 5282 773 5352 jam
805 5283 1054 5339 diximus.
1088 5280 1355 5336 Dividitur
1398 5279 1727 5344 minutatim,
1760 5293 1880 5334 cum
1917 5279 2025 5333 sin-

443 5375 578 5449 gulae
608 5375 874 5446 passionis
902 5373 1018 5443 ejus
1047 5374 1257 5445 species
1297 5373 1474 5444 dignae
1513 5379 1882 5427 recensentur.
1913 5369 2028 5424 Hoc

443 5477 545 5534 est,
573 5467 701 5537 quid
731 5466 906 5522 valeat
928 5465 1180 5536 proditio,
1210 5463 1516 5533 ﬁagellatio,
1551 5461 1828 5532 spinarum
1857 5461 2028 5530 impo-

444 5561 592 5628 sitio,
621 5560 970 5630 colaphorum
1014 5557 1214 5620 irrisio,
1246 5565 1302 5610 ct
1328 5563 1522 5610 caetera
1558 5552 1883 5622 lmjusmodi.
1921 5552 2025 5606 Sa-

444 5653 706 5708 criﬁcium
737 5652 804 5706 de
832 5648 1112 5714 craticula,
1138 5649 1204 5703 de
1243 5655 1413 5703 morte
1444 5646 1647 5702 Christi
1676 5655 1760 5701 est
1790 5647 2028 5716 disputa-

445 5745 522 5801 tio
567 5745 767 5816 digna;
824 5743 964 5797 sicut
1012 5742 1156 5796 enim
1208 5738 1394 5793 subter
1437 5739 1764 5810 sartaginem
1822 5738 2030 5793 validus

443 5839 588 5922 ignis
621 5838 934 5906 accenditur
963 5848 1022 5894 ut
1062 5836 1218 5893 cibus
1251 5843 1607 5914 excoquatur,
1638 5834 1738 5889 sub
1773 5832 2030 5888 craticula

2127 3354 2244 3394 rem
2269 3353 2512 3407 sensum,
2548 3341 2832 3411 recipiant.
2855 3339 2932 3394 De
2960 3340 3082 3397 oleo
3112 3350 3167 3396 et
3196 3342 3381 3408 thure,
3403 3352 3461 3397 et
3487 3359 3723 3413 sequen—

2127 3429 2270 3486 tibus
2290 3431 2404 3502 jam
2432 3431 2639 3488 dictum
2665 3440 2768 3488 est.

2746 3562 2974 3622 CAPUT
3010 3566 3074 3622 lll
3093 3615 3095 3618 .

2201 3727 2216 3755 ι
2239 3702 2393 3771 Quod
2415 3704 2461 3758 si
2489 3703 2667 3759 hostia
2690 3703 3044 3774 paciﬁcorum
3069 3704 3236 3760 fuerit
3263 3703 3385 3775 ejus
3414 3705 3642 3770 oblatio,
3673 3708 3720 3760 si

2124 3795 2378 3861 voluerit,
2410 3796 2477 3851 de
2518 3796 2690 3852 bobus
2728 3811 2933 3851 marem
2979 3810 3074 3852 seu
3104 3794 3364 3851 feminam
3395 3796 3720 3852 immacula.

2126 3896 2238 3942 tam
2261 3887 2504 3942 oﬂ‘eret.»
2539 3887 2924 3942 Holocaustum
2946 3887 3091 3957 quod
3114 3898 3286 3942 totum
3318 3889 3722 3945 incendebatur

2125 3994 2461 4034 summorum
2515 3986 2570 4034 et
2604 3979 2966 4034 maximorum
3021 3994 3183 4050 opera
3227 3981 3528 4052 signiﬁcat,
3578 3985 3722 4039 sicut

2123 4080 2208 4126 est
2246 4070 2551 4141 virginitas,
2582 4069 2648 4125 de
2692 4086 2798 4138 qua
2843 4071 3081 4126 dicitur:
3113 4091 3131 4123 ι
3160 4070 3263 4138 Qui
3299 4082 3483 4143 potest
3520 4091 3720 4144 capere

2126 4163 2305 4233 capiat
2327 4161 2542 4234 (Matth.
2583 4163 2722 4233 xxx),
2756 4184 2772 4213 ι
2802 4172 2856 4218 et
2875 4164 3056 4218 omnia
3083 4163 3389 4234 relinquere
3417 4167 3716 4236 perfectio-

2125 4257 2210 4312 nis
2257 4265 2363 4322 est,
2408 4258 2548 4312 sicut
2585 4257 2785 4312 dicitur
2825 4258 2900 4312 illi
2930 4259 3082 4314 diviti
3119 4277 3131 4313 :
3173 4279 3190 4310 t
3237 4258 3294 4314 Si
3329 4260 3411 4313 vis
3440 4261 3720 4330 perfectus

2124 4365 2245 4407 esse
2268 4349 2482 4421 (υἱώ),
2514 4371 2533 4403 ι
2553 4361 2660 4405 etc.
2692 4350 2816 4406 llaec
2841 4368 3140 4422 paucorum
3155 4362 3299 4408 sunt.
3322 4351 3479 4408 Unde
3516 4363 3573 4408 et
3606 4370 3719 4408 ma-

2126 4442 2310 4499 sculus
2353 4451 2565 4497 tantum
2594 4441 2778 4498 offerri
2813 4444 3159 4513 prmipitur;
3194 4444 3309 4498 haec
3356 4455 3547 4499 autem
3576 4447 3722 4516 paci-

2129 4540 2232 4594 ﬁca
2259 4539 2475 4608 utrique
2522 4539 2698 4604 sexui,
2745 4538 3000 4594 videlicet
3041 4541 3212 4596 ﬁrmis
3261 4549 3318 4596 et
3348 4541 3604 4604 inﬁrmis,
3636 4543 3716 4596 of-

2129 4631 2293 4684 renda
2325 4639 2472 4694 sunt,
2519 4629 2645 4698 quia
2677 4629 2896 4700 quidam
2932 4631 2997 4686 de
3033 4631 3222 4699 bobus,
3272 4631 3328 4686 id
3367 4641 3452 4686 est
3485 4631 3722 4688 fortibus

2126 4723 2400 4792 operibus,
2432 4720 2690 4777 offertur:
2715 4719 2934 4789 quidam
2965 4721 3032 4776 de
3059 4721 3271 4787 ovibus,
3296 4721 3352 4776 id
3378 4733 3466 4778 est
3491 4725 3565 4778 de
3597 4726 3721 4780 sim-

2125 4815 2368 4886 plicitate
2417 4817 2542 4872 vita:
2568 4857 2584 4881 ,
2641 4815 2877 4870 offerunt
2919 4831 3115 4870 munus
3147 4826 3482 4887 :utrumque
3543 4827 3721 4873 autem

2127 4909 2244 4963 sine
2279 4907 2508 4973 macula,
2558 4907 2809 4962 videlicet
2858 4905 3063 4961 erroris
3106 4914 3163 4960 et
3203 4907 3460 4961 vitiorum
3502 4908 3718 4979 deposi-

2129 5000 2295 5054 tione.
2342 4998 2498 5052 Manu
2543 5012 2707 5067 super
2753 5005 2916 5066 caput
2940 5003 2995 5050 et
3031 4995 3256 5050 introitu
3293 4996 3639 5051 tabernaculi
3670 5007 3724 5050 et

2132 5090 2392 5162 sanguine
2419 5097 2475 5144 et
2502 5089 2658 5143 altari
2686 5089 2799 5158 jam
2835 5088 3040 5143 dictum
3071 5096 3175 5142 est.
3206 5086 3387 5158 Adeps
3414 5089 3507 5158 qui
3547 5090 3722 5160 Operit

2131 5183 2339 5248 vitalia,
2365 5183 2416 5236 id
2445 5189 2528 5236 est
2562 5197 2658 5236 cor
2703 5189 2758 5234 et
2787 5180 2840 5236 ei
2892 5181 3246 5246 adhaerentia,
3277 5180 3408 5250 quia
3453 5180 3509 5233 in
3561 5182 3722 5235 corde

2130 5275 2270 5330 ratio
2298 5287 2419 5328 esse
2436 5273 2656 5338 dicitur,
2680 5272 2817 5326 iram
2843 5272 3022 5341 signat
3043 5279 3132 5325 aut
3156 5271 3394 5342 aliquem
3419 5272 3718 5341 appetitum

2131 5367 2384 5424 desiderii
2414 5365 2556 5435 quod
2592 5364 2919 5420 intrinsecus
2959 5364 3218 5430 nutritur,
3243 5363 3370 5432 quia
3422 5363 3605 5416 anima
3636 5378 3724 5415 ης-

2134 5460 2426 5526 tionabilis,
2450 5457 2909 5528 concupiscihilis,
2934 5455 3224 5511 irascibilis
3246 5455 3467 5510 dicitur.
3491 5454 3721 5520 Quando

2132 5556 2275 5611 enim
2314 5553 2475 5609 irasci
2517 5552 2841 5622 contigerit,
2893 5551 3053 5606 debet
3104 5549 3332 5605 Domino
3381 5546 3600 5613 offerri,
3659 5558 3720 5601 ut

2131 5662 2230 5717 pro
2268 5645 2495 5699 Domino
2547 5643 2641 5698 ﬁat
2686 5657 2755 5696 ne
2795 5651 3050 5712 peccetur
3085 5643 3139 5695 in
3190 5641 3306 5710 ipsa
3355 5640 3720 5694 commotione

2135 5743 2235 5808 sic,
2275 5751 2380 5796 etc.
2414 5761 2430 5792 ι
2467 5740 2663 5805 Renes,
2706 5755 2829 5794 cum
2882 5738 3038 5808 adipe
3090 5752 3196 5808 quo
3245 5746 3502 5806 teguntur
3553 5737 3657 5796 ilia,
3689 5753 3712 5784 ι

2134 5831 2464 5889 desiderium
2509 5833 2681 5888 coitus
2729 5831 2963 5901 signant,
3007 5829 3100 5899 qui
3143 5827 3372 5884 Domino
3414 5825 3718 5883 oﬁ‘eruntur

2599 5911 2616 5934 Ι
