3948 6328
218 422 313 480 θοι

1174 426 1472 486 ΕΡΙΤΟΜΕ
1505 431 1856 487 COMMENT.
1898 430 2153 489 RABANI
2189 433 2259 489 ΙΝ
2293 433 2517 492 LEVIT.

3370 445 3476 502 802

223 538 344 592 dum
370 549 476 590 non
502 542 723 606 propter
759 536 1027 594 luxuriam
1069 542 1284 612 nuptiae,
1333 545 1428 600 sed
1467 563 1565 616 pro
1605 564 1790 612 amore
1815 553 1868 613 Α
1892 548 2053 604 nendi
2088 549 2325 604 animam
2355 566 2507 606 suam
2539 559 2596 606 et
2617 553 2812 608 iterum
2842 555 3084 612 sumendi
3126 571 3245 612 eam
3288 558 3470 631 (Joan.

220 626 413 682 sobolis
441 627 828 696 suscipiuntur.
863 649 881 681 (
912 630 1220 689 Reticulum
1252 634 1475 705 jecoris,
1504 658 1524 690 ι
1554 641 1680 708 quia
1701 639 1787 710 je—

219 735 312 774 cur
339 719 487 774 cibos
523 721 766 792 digerere
797 723 1016 792 dicitur,
1047 727 1377 782 desiderium
1405 730 1542 800 gulze
1579 731 1786 802 signiﬁ-

217 820 321 876 cat,
350 812 492 881 quod
528 828 626 882 per
645 813 1025 871 abstinentiam
1071 818 1298 873 Domino
1323 827 1406 874 est
1425 818 1780 889 offerendum,

216 913 273 958 ut
305 919 424 959 cum
451 907 663 961 caeteris
695 907 856 962 etiam
888 910 1182 966 virtutibus
1226 913 1576 982 parcimoniae
1608 915 1784 972 virtus

215 997 534 1054 immoletur.
578 998 710 1066 Quae
751 1009 864 1056 tres
906 1003 1115 1072 species
1167 1003 1548 1061 intestinorum
1589 1006 1682 1061 ubi
1726 1008 1782 1062 in

211 1091 467 1164 proximis
510 1093 730 1164 capellis
758 1095 1129 1165 inveniuntur,
1179 1096 1235 1152 in
1285 1097 1476 1155 eodem
1502 1113 1663 1155 sensu
1695 1100 1780 1154 in-

212 1186 534 1257 telliguntur.
580 1187 656 1241 De
707 1187 897 1243 ovibus
947 1189 1121 1244 hostia
1168 1191 1521 1260 paciﬁcorum
1555 1192 1783 1249 oﬁ‘ertur

207 1291 392 1348 agnus,
424 1278 554 1333 dum
600 1279 825 1349 quilibet
862 1281 1088 1350 simplex
1126 1283 1494 1339 innocentiam
1533 1300 1644 1340 suae
1677 1285 1781 1342 Do-

205 1369 344 1423 mino
369 1369 597 1423 exhibet
630 1369 782 1437 vitae;
817 1370 970 1441 cujus
995 1373 1160 1427 etiam
1188 1375 1378 1440 cauda,
1419 1375 1474 1430 id
1503 1384 1586 1430 est
1609 1392 1781 1446 usque

202 1463 264 1516 ad
319 1462 485 1517 ﬁnem
529 1465 930 1532 perseverantia
969 1465 1021 1519 in
1069 1466 1231 1531 bono,
1291 1464 1476 1522 otTerri
1527 1468 1777 1538 praecipi-

204 1565 301 1621 tur,
333 1564 438 1612 etc.
469 1557 728 1612 Intestina
754 1567 813 1612 ut
849 1574 1031 1629 supra.
1068 1579 1086 1609 ί
1113 1558 1236 1614 Filii
1263 1559 1448 1617 Aaron
1475 1579 1494 1614 ι
1531 1561 1780 1619 doctores

198 1657 337 1712 sunt,
367 1664 604 1718 quorum
637 1649 936 1706 ministerio
966 1650 1205 1707 ﬁdelium
1236 1653 1373 1708 dona
1399 1653 1778 1710 Domino’oﬁ‘e—

198 1749 398 1796 runtur.
444 1740 619 1812 Capra
661 1742 716 1796 in
745 1743 1016 1799 oblatione
1051 1753 1134 1799 est
1159 1745 1283 1800 dum
1319 1745 1440 1816 quis
1468 1761 1566 1816 per
1605 1747 1779 1816 poeni-

197 1835 412 1890 tentiam
447 1835 660 1890 Domini
683 1836 1042 1905 placationem
1069 1839 1340 1894 curaverit
1362 1839 1464 1895 sibi
1487 1841 1772 1896 advocare.

1890 637 1967 710 x).
1999 637 2300 694 lmmolabit
2343 656 2526 696 coram
2570 642 2817 711 Domino,
2843 646 2968 714 quia
2995 662 3052 701 ιιι
3080 647 3332 705 omnibus
3355 649 3466 704 Pa-

1888 729 1988 784 tris
2035 731 2375 800 cooperantis
2415 733 2746 790 voluntatem
2773 735 3035 806 implevit,
3082 739 3308 793 contulit
3345 754 3472 795 san-

1888 821 2102 892 guinem
2149 821 2204 876 in
2240 824 2684 892 tabernaculum,
2721 827 2870 896 quia,
2911 836 2970 883 ut
3009 828 3298 900 Apostolus
3325 832 3464 900 .ait:

1891 929 1911 963 ι
1934 911 2006 968 Ut
2029 921 2285 982 appareat
2305 929 2448 969 nunc
2471 914 2640 970 vultui
2666 915 2761 972 Dei
2785 932 2886 987 pro
2907 918 3063 974 nobis
3090 918 3276 991 (Hebr.
3308 921 3407 994 1x).
3444 942 3467 977 ο

1886 1003 2071 1060 Tinxit
2123 1004 2352 1075 digitum
2407 1007 2461 1060 in
2504 1007 2796 1078 sanguine,
2857 1017 3025 1065 totum
3078 1011 3283 1068 scilicet
3332 1029 3467 1084 opus

1885 1110 2041 1153 suum
2073 1097 2128 1152 in
2170 1100 2420 1168 passione
2442 1101 2749 1170 complevit.
2773 1102 2919 1157 Dixit
2938 1103 3082 1159 enim
3112 1125 3125 1159 :
3157 1126 3174 1157 ι
3201 1106 3466 1164 Consum-

1884 1199 2093 1246 matum
2120 1200 2203 1246 est
2231 1191 2413 1263 (Joan.
2443 1192 2580 1265 xix).
2615 1213 2634 1245 ι
2667 1193 2880 1265 Septies
2914 1197 3166 1266 aspersit,
3193 1199 3469 1256 remissio-

1883 1297 2007 1337 nem
2037 1291 2466 1353 peccatorumet
2490 1285 2721 1355 gratiam
2751 1284 2985 1355 Spiritus
3020 1290 3192 1344 sancti
3220 1290 3462 1347 donavit.

1889 1389 1907 1423 ε
1943 1369 2144 1426 Contra
2174 1372 2354 1427 velum
2385 1392 2403 1424 ›
2431 1388 2747 1444 sanguinem
2790 1376 3008 1445 sparsit,
3035 1376 3088 1432 id
3117 1387 3200 1434 est
3238 1395 3457 1435 carnem

1884 1475 2038 1516 suam
2067 1461 2208 1517 inter
2233 1477 2332 1518 nos
2354 1471 2410 1518 et
2437 1465 2805 1519 sanctuarium
2849 1465 3148 1523 divinitatis
3179 1469 3460 1523 mediatri-

1883 1569 1999 1609 cem
2020 1553 2167 1609 fecit.
2194 1553 2468 1626 Sanguine
2496 1557 2657 1612 tinxit
2687 1558 2932 1629 digitum,
2951 1558 3194 1616 clavibus
3213 1562 3460 1618 vulneras

1883 1657 1990 1716 tus,
2023 1649 2190 1705 latere
2217 1649 2522 1720 perfossus,
2549 1660 2654 1707 etc.
2683 1650 2871 1707 Posuit
2900 1668 3062 1723 super
3098 1668 3301 1710 cornua
3331 1656 3462 1711 alta-

1883 1743 1961 1798 ris
1989 1741 2356 1814 thymiamatis
2381 1744 2717 1814 sanguinem.
2745 1743 2932 1800 Altare
2966 1745 3336 1817 thymiamatis
3365 1763 3462 1803 an-

1882 1835 2067 1907 gelicae
2099 1845 2225 1891 sunt
2265 1837 2495 1892 virtutes
2536 1837 2704 1893 odore
2729 1837 2988 1893 uirtutum
3018 1841 3464 1910 superabundan-

195 1925 264 1980 De
287 1925 400 1996 ejus
431 1927 789 1996 sequentibus
815 1927 955 1982 sicut
981 1928 1048 1982 de
1073 1930 1444 1999 superioribus
1472 1931 1765 2001 accipitur:
1798 1935 1848 1996 B
1877 1936 1978 1985 tes.
2005 1928 2063 1984 Si
2091 1929 2256 2000 aliqui
2283 1929 2530 1986 homines
2570 1931 2881 1988 coelestibus
2905 1931 3111 2001 fulgent
3143 1933 3460 2000 virtutibus,

193 2017 338 2085 Quod
366 2033 507 2073 vero
536 2019 589 2088 in
615 2018 840 2090 singulis
867 2012 1080 2084 dicitur,
1121 2039 1140 2070 ‹
1171 2021 1330 2092 lignis
1366 2022 1477 2093 igni
1515 2038 1775 2094 superpo-

192 2109 324 2175 sitis,
358 2129 376 2161 ι
408 2124 525 2164 non
569 2110 641 2164 ita
670 2111 1074 2182 intelligendum
1103 2113 1247 2183 quod
1289 2112 1524 2184 Spiritus
1555 2124 1776 2172 sanctus

194 2200 413 2257 inferior
469 2202 542 2257 sit
588 2203 841 2273 operibus
879 2203 1104 2270 nostris,
1154 2205 1246 2259 sed
1272 2206 1397 2274 quia
1429 2206 1556 2276 ipse'
1589 2207 1775 2263 funda-

192 2305 426 2350 mentum
471 2295 542 2349 sit
575 2296 630 2350 in
677 2296 920 2368 singulis,
972 2305 1029 2352 et
1072 2297 1199 2367 quia
1238 2296 1354 2366 ejus
1396 2300 1596 2356 auxilio
1648 2309 1774 2357 ante

191 2388 280 2442 Dei
309 2388 499 2444 oculos
527 2387 895 2443 subleventur.
935 2406 951 2439 ι
985 2387 1175 2444 Omnis
1221 2389 1388 2460 adeps
1419 2389 1634 2445 Domini
1669 2393 1773 2447 erit

190 2481 302 2548 iure
330 2491 616 2553 perpetuo,
646 2502 665 2533 ι
698 2482 752 2537 id
781 2491 882 2544 est,
906 2497 1066 2537 omne
1091 2482 1419 2538 desiderium
1443 2493 1687 2540 nostrum
1717 2487 1771 2540 in

193 2574 399 2629 Domini
432 2573 697 2644 obsequio
742 2582 1111 2628 conservatur.
1152 2593 1170 2625 ι
1199 2574 1326 2629 Jure
1354 2585 1616 2647 perpetuo
1642 2596 1660 2628 ι
1690 2578 1771 2633 di-

193 2666 282 2732 cit,
323 2681 429 2721 non
465 2666 613 2735 quod
649 2665 764 2735 ipse
800 2664 937 2721 ritus
984 2665 1332 2722 victimarum
1362 2677 1656 2738 perpetuus
1685 2684 1770 2724 es-

190 2766 288 2822 set,
322 2758 582 2827 sedquod
620 2756 673 2810 in
702 2755 1094 2827 signiﬁcatione
1133 2758 1401 2828 ﬁgurabat
1428 2767 1764 2829 perpetuum.

187 2850 242 2904 ln
279 2849 529 2906 omnibus
575 2850 1028 2922 generationibus,
1073 2851 1127 2906 id
1165 2859 1248 2907 est
1288 2868 1456 2923 usque
1497 2854 1564 2908 ad
1604 2853 1768 2908 ﬁnem

186 2942 369 2998 saeculi
397 2961 410 2995 :
444 2942 498 2996 in
537 2943 749 2996 cunctis
777 2943 1134 3009 habitaculis,
1172 2943 1227 2998 id
1256 2952 1340 2999 est
1368 2944 1424 2998 in
1458 2945 1607 3000 omni
1635 2961 1764 3016 pro-

179 3033 358 3103 posito
380 3031 499 3087 sive
527 3033 582 3085 in
624 3033 813 3087 ordine
847 3033 1235 3102 apostolorum,
1274 3035 1618 3103 clericorum,
1646 3053 1765 3093 mo-

178 3125 508 3189 nachorum,
540 3122 821 3178 laicorum.
855 3143 872 3176 ι
902 3124 1013 3179 Nec
1054 3125 1287 3195 adipem,
1325 3142 1425 3182 nec
1451 3129 1768 3200 sanguinem

175 3218 401 3270 omnino
427 3216 742 3280 comedetis,
775 3235 793 3268 ι
822 3216 901 3286 ξιιθ
939 3218 1060 3287 quis
1103 3219 1205 3273 sibi
1229 3219 1374 3274 vivat
1403 3229 1459 3274 et
1483 3222 1596 3276 suis
1625 3223 1769 3279 desi-

1878 2029 2082 2092 quanto
2133 2021 2307 2092 magis
2352 2021 2408 2076 hi
2452 2037 2682 2092 quorum
2721 2024 2831 2078 vita
2877 2033 3030 2079 extra
3082 2026 3459 2082 rectitudinem

1876 2128 2152 2184 nunquam
2193 2114 2494 2180 exorbitat,
2536 2130 2768 2184 quorum
2811 2129 3097 2170 numerum
3124 2118 3458 2188 redintegra-

1875 2204 1954 2258 vit
1977 2204 2106 2259 dum
2129 2219 2229 2260 nos
2251 2205 2498 2260 redemit.
2527 2204 2617 2261 Sic
2638 2214 2691 2260 et
2712 2205 3001 2276 Apostolus
3020 2207 3125 2263 ait:
3150 2225 3169 2258 ‹
3191 2207 3457 2264 Paciﬁca-

1875 2295 1954 2350 vit
1991 2296 2252 2367 sanguine
2287 2312 2386 2352 suo
2410 2312 2520 2353 non
2565 2297 2737 2351 solum
2769 2313 2888 2367 qua:
2913 2298 2966 2352 in
2999 2298 3158 2354 terris
3191 2307 3337 2364 sunt,
3363 2299 3456 2356 sed

1874 2385 2040 2442 etiam
2055 2401 2176 2455 qua:
2202 2387 2257 2441 in
2275 2385 2662 2459 cmlis(Coloss.
2695 2389 2756 2459 ι).
2782 2407 2802 2440 ›
2825 2387 3115 2460 Reliquum
3141 2391 3457 2462 sanguinem

1874 2474 2014 2530 fudit
2027 2477 2092 2530 ad
2108 2477 2278 2531 basim
2296 2477 2481 2532 altaris
2501 2497 2513 2532 :
2529 2479 2618 2548 qui
2634 2480 2750 2548 ipse
2765 2480 2818 2534 in
2832 2495 3058 2550 corpore
3074 2497 3174 2536 suo
3186 2481 3358 2537 altare
3373 2490 3458 2537 est

1872 2583 1973 2639 pro
1999 2570 2400 2639 peccatoribus,
2428 2571 2724 2638 etinﬁmis,
2756 2580 2812 2627 et
2831 2571 2945 2640 jam
2975 2573 3292 2642 sanguinem
3321 2572 3461 2629 fudit

1872 2658 2095 2715 humani
2122 2660 2338 2731 generis
2354 2659 2589 2732 populis,
2631 2670 2768 2717 utet
2795 2652 2942 2718 intus
2983 2664 3188 2735 angelis
3222 2674 3277 2720 et
3304 2665 3462 2720 nobis

1871 2751 2158 2821 prodesset
2176 2752 2532 2809 extrinsecus.
2556 2753 2615 2807 In
2648 2754 2874 2809 introitu
2900 2755 3235 2812 tabernaculi
3260 2756 3453 2823 fundit,

1872 2843 1998 2912 quia
2021 2843 2136 2912 ipse
2159 2852 2243 2899 est
2269 2844 2489 2899 ostium.
2522 2845 2598 2900 De
2633 2846 2957 2902 interraueis
2985 2863 3148 2918 supra
3179 2849 3416 2905 diximus
3438 2888 3456 2916 ,

1871 2937 2014 3004 quod
2039 2935 2252 2990 diversa
2297 2935 2563 2992 desideria
2591 2936 2823 3006 signent.
2871 2937 3007 3004 Quia
3055 2955 3182 2994 vero
3209 2941 3455 3010 quaedam

1873 3026 2064 3081 horum
2096 3027 2152 3082 in
2181 3027 2400 3084 Christo
2438 3043 2547 3084 non
2578 3028 2949 3096 inveniuntur,
2973 3037 3035 3085 ut
3059 3039 3145 3087 est
3172 3033 3366 3102 cupido
3395 3032 3460 3086 li-

1873 3119 2095 3185 bidinis,
2126 3121 2453 3192 generaliter
2493 3122 2738 3178 dicamus
2790 3123 2935 3192 quod
2972 3124 3154 3180 omnia
3188 3123 3458 3180 desideria

1875 3210 1991 3280 ejus
2045 3213 2099 3266 in
2139 3225 2383 3268 nostram
2431 3213 2659 3268 salutem
2689 3212 3043 3282 proﬁcerent,
3095 3213 3210 3269 sive
3260 3215 3457 3280 sitiret,

176 3312 342 3366 deriis
382 3310 738 3366 obsecundet.
771 3309 924 3377 Quod
973 3311 1191 3382 sanguis
1224 3311 1280 3366 in
1325 3313 1633 3382 pecoribus,
1664 3316 1768 3372 hoc

1874 3303 1989 3358 sive
2018 3303 2269 3369 esuriret,
2303 3304 2595 3358 dormitum
2642 3305 2766 3369 iret,
2802 3304 2884 3360 vel
2921 3305 3065 3360 aliud
3093 3307 3237 3375 quod
3261 3321 3457 3364 secun-

179 3407 360 3460 anima
418 3403 477 3458 in
525 3404 833 3461 hominibus
862 3406 1011 3461 facit.
1055 3405 1250 3460 Anima
1292 3416 1474 3463 autem
1513 3407 1628 3477 ipsa
1658 3409 1769 3465 vita

181 3507 283 3564 est,
309 3505 366 3552 et
406 3497 778 3567 principaliter
817 3497 929 3552 vita
955 3497 1021 3552 de
1060 3498 1271 3554 ratione
1310 3508 1562 3555 constat:
1595 3509 1767 3556 totum

181 3602 361 3646 autem
407 3590 549 3660 quod
578 3589 633 3643 in
682 3590 902 3645 nomine
950 3590 1090 3644 ratio
1133 3600 1412 3662 operatur,
1455 3594 1522 3648 ad
1549 3593 1765 3650 Domini

181 3682 408 3753 gloriam
438 3680 825 3737 exhibendum.

779 3816 1006 3874 CAPUT
1035 3817 1123 3873 IV.

255 3975 272 4005 ι
291 3954 489 4008 Anima
512 3968 633 4009 cum
656 3953 986 4024 peccaverit,
1018 3971 1037 4003 ι
1069 3961 1175 4008 etc.
1199 3953 1317 4008 Duo
1338 3954 1572 4025 capitula
1595 3955 1683 4010 hic
1710 3954 1764 4009 in

175 4048 362 4118 primis
389 4046 664 4102 convertit
697 4046 763 4100 de
807 4046 1003 4116 quibus
1026 4044 1242 4116 plenius
1272 4047 1326 4101 in
1357 4047 1606 4117 proximo
1632 4063 1761 4103 nar-

174 4151 299 4194 rat:
330 4140 460 4195 ideo
489 4137 686 4193 dicitur
723 4156 741 4190 ι
796 4137 1000 4204 anima,
1035 4157 1053 4189 ι
1099 4138 1154 4193 id
1200 4146 1286 4194 est
1325 4140 1438 4194 sive
1488 4139 1762 4206 sacerdos,

174 4234 283 4289 sive
311 4241 423 4289 tota
455 4232 818 4304 congregatio.
857 4251 876 4283 ι
913 4230 972 4287 Si
998 4233 1272 4300 sacerdos,
1310 4234 1401 4304 qui
1439 4243 1522 4290 est
1547 4243 1760 4300 unctus,

173 4328 513 4399 peccaverit,
563 4346 582 4378 ι
614 4335 717 4381 etc.
778 4324 836 4380 Si
878 4327 994 4382 haec
1044 4343 1206 4399 supra
1258 4329 1539 4384 sacerdote
1589 4345 1718 4385 vero
1748 4370 1764 4396 ,

173 4419 288 4475 oleo
323 4418 564 4490 Spiritus
587 4419 758 4473 sancti
788 4428 972 4485 uncto,
1001 4419 1217 4476 Christo
1265 4419 1532 4488 videlicet,
1567 4423 1766 4478 intelli-

172 4527 293 4583 gere
321 4511 677 4575 volucrimus,
707 4525 995 4580 possumus
1025 4511 1206 4567 dicere
1248 4514 1504 4582 quoniam
1553 4515 1764 4585 patien-

173 4613 252 4661 ter
293 4604 489 4662 suﬂ'ert
514 4612 801 4674 peccantes
853 4613 914 4658 ut
956 4614 1315 4660 revertantur.
1370 4607 1570 4662 Paulus
1615 4610 1758 4664 enim

1788 4653 1840 4711 D

1874 3397 2001 3452 dum
2053 3398 2326 3454 hominem
2377 3414 2538 3470 quem
2581 3400 2819 3470 suscepit
2862 3407 3159 3472 appeteret.
3210 3400 3460 3457 Adolevit

1872 3504 1936 3543 ea
1969 3503 2132 3559 super
2178 3489 2352 3544 altare
2401 3489 2736 3557 holocausti,
2784 3491 2913 3546 dum
2957 3491 3079 3562 jure
3122 3493 3303 3547 omnia
3332 3507 3460 3561 per-

1870 3580 2000 3635 fecit
2027 3589 2082 3635 et
2126 3580 2182 3635 in
2211 3582 2295 3636 sui
2324 3583 2642 3638 memoriam
2669 3583 2995 3638 celebranda
3021 3584 3311 3639 commisit.
3349 3583 3456 3638 Ca-

1866 3686 1964 3746 put
1995 3691 2118 3730 cum
2145 3676 2436 3739 intestinis,
2471 3677 2625 3747 pellis
2653 3693 2777 3733 cum
2820 3693 2988 3733 carne
3017 3687 3074 3734 et
3099 3678 3347 3748 pedibus,
3378 3678 3456 3734 si-

1868 3767 1980 3822 mul
2004 3767 2415 3823 comburuntur.
2449 3766 2582 3834 Quia
2608 3776 2770 3838 caput
2796 3767 3000 3824 Christi
3031 3769 3195 3834 Deus,
3211 3767 3461 3824 Christus

1867 3861 2013 3916 enim
2058 3861 2200 3916 Deus
2250 3869 2304 3916 et
2353 3862 2539 3916 homo.
2600 3880 2619 3913 ι
2658 3860 2794 3917 Cum
2838 3861 3114 3918 intestinis
3157 3881 3213 3930 ι,
3271 3863 3327 3918 id
3370 3870 3456 3918 est

1870 3956 2048 4010 anima
2079 3955 2351 4010 rationali.
2373 3975 2392 4006 ι
2425 3955 2493 4009 Ει
2519 3955 2679 4026 pelle,
2712 3965 2767 4010 et
2793 3971 2976 4020 carne,
3004 3965 3059 4011 et
3085 3957 3335 4026 pedibus,
3363 3975 3382 4008 ι
3403 3956 3456 4012 id

1869 4054 1953 4101 est
1973 4046 2152 4100 carnis
2184 4046 2490 4101 substantia
2518 4061 2618 4115 pro
2642 4046 2799 4102 nobis
2828 4055 2915 4101 est
2934 4061 3129 4115 passus
3150 4088 3164 4112 ,
3208 4064 3349 4103 unus
3375 4055 3460 4103 est

1868 4138 2012 4196 Deus
2061 4139 2424 4195 indivisibilis.
2469 4139 2546 4194 lbi
2598 4148 2653 4195 et
2698 4139 2858 4194 ﬁmus
2905 4141 3279 4209 comburitur,
3331 4142 3458 4211 quia

1867 4240 2090 4304 peccata
2116 4239 2299 4287 nostra
2342 4230 2600 4301 portabit,
2635 4247 2758 4301 quae
2791 4231 2906 4302 ipse
2953 4247 3062 4288 non
3102 4231 3249 4288 fecit.
3290 4232 3459 4288 Extra

1868 4332 2066 4390 castra,
2099 4324 2152 4380 id
2180 4332 2262 4379 est
2291 4312 2463 4379 extra
2494 4330 2704 4394 portam
2730 4339 2940 4394 passus.
2969 4323 3028 4378 ln
3070 4324 3188 4380 loco
3231 4325 3453 4390 mundo,

1866 4417 2148 4474 mundavit
2177 4417 2321 4472 enim
2357 4433 2456 4473 nos
2499 4433 2528 4472 a
2571 4417 2826 4487 peccatis,
2877 4415 2969 4471 ubi
3011 4417 3225 4473 cineres
3250 4416 3452 4473 etl'undi

1867 4513 2061 4579 solent,
2092 4511 2146 4567 id
2171 4520 2255 4568 est
2294 4512 2385 4566 ubi
2436 4520 2602 4567 mstus
2645 4511 2948 4567 facinorum
2995 4519 3308 4567 nostrorum
3338 4509 3453 4578 ejus

1866 4605 2237 4676 redemptione
2267 4605 2567 4660 exstinctus
2594 4614 2696 4659 est.
2730 4605 3160 4660 Concremantur
3205 4617 3367 4673 super
3395 4601 3456 4656 li-

174 4701 332 4756 dicit:
357 4719 376 4752 ι
407 4701 495 4754 An
521 4699 699 4753 nescis
724 4697 866 4767 quod
889 4697 1148 4766 patientia
1171 4699 1266 4754 Dei
1295 4699 1364 4753 ad
1384 4701 1759 4770 pmnitentiam
1788 4695 1837 4711 ³¹
1866 4715 2096 4774 gnarum
2154 4708 2359 4754 struem
2379 4739 2393 4765 ,
2424 4697 2478 4753 id
2518 4706 2602 4754 est
2631 4695 2788 4766 juxta
2835 4713 2956 4758 aute
2997 4696 3275 4767 prophetm
3323 4710 3455 4764 prae-

174 4803 224 4849 te
255 4792 518 4850 adducit?
547 4812 565 4843 ι
597 4789 776 4862 (Rom.
801 4789 888 4861 ιι.)
911 4790 1065 4858 Quod
1100 4791 1220 4846 ideo
1248 4806 1478 4862 peccare
1524 4793 1759 4859 dicatur,

171 4899 288 4940 cum
317 4884 538 4956 penitus
562 4882 634 4936 sit
665 4881 782 4936 sine
805 4889 1050 4951 peccato,
1079 4882 1205 4952 quia
1235 4881 1494 4938 feriendis
1522 4883 1760 4953 peccatis

171 4975 365 5044 saepius
408 4988 520 5029 non
568 4971 753 5026 statim
799 4971 1016 5025 insistit.
1071 4971 1331 5027 Peccator
1358 4973 1536 5038 enim,
1569 4974 1759 5028 videns

171 5080 230 5122 se
258 5064 487 5129 differri,
509 5062 844 5135 pertinacius
867 5071 1074 5133 peccat.
1108 5061 1208 5118 Vel
1247 5078 1474 5134 peccare
1500 5065 1756 5120 sacerdos

173 5167 354 5215 noster
378 5160 580 5215 dicitur
601 5168 818 5231 propter
838 5160 1206 5215 membrorum
1230 5175 1451 5216 suorum
1472 5160 1757 5216 inﬁrmita-

172 5264 298 5310 tem.
345 5256 455 5310 Pro
492 5257 689 5324 quibus
714 5256 969 5326 peccatis,
1013 5255 1070 5311 id
1096 5264 1178 5311 est
1213 5265 1501 5321 eteorum,
1525 5258 1620 5327 qui
1648 5273 1754 5312 non

169 5356 560 5418 cognoscentes
589 5345 684 5400 Dei
729 5347 1071 5417 patientiam,
1114 5357 1361 5416 peccant,
1390 5356 1446 5402 et
1488 5347 1755 5404 membro-

171 5454 290 5494 rum
336 5454 592 5505 suorum,
630 5436 804 5503 oﬁ‘e‘rt,
858 5437 1109 5503 vitulum,
1156 5453 1213 5494 se
1258 5439 1430 5508 ipsum
1482 5439 1752 5505 videlicet,

173 5530 596 5596 immaculatum,
648 5530 716 5585 ab
743 5530 891 5586 omni
935 5530 1164 5595 delicto;
1198 5531 1290 5600 qui
1350 5531 1660 5587 immolatur
1688 5533 1756 5588 ad

171 5621 368 5677 ostium
414 5622 777 5687 tabernaculi,
818 5623 868 5677 id
906 5633 989 5678 est
1011 5624 1164 5694 juxta
1209 5625 1351 5694 quod
1381 5625 1580 5681 docent
1622 5641 1756 5696 apo—

170 5713 295 5768 stoli
318 5720 372 5769 et
399 5713 580 5769 caeteri
612 5713 883 5778 doctores,
905 5715 1023 5783 ejus
1051 5716 1234 5786 passio
1265 5724 1486 5784 peracta
1509 5725 1613 5773 est.
1645 5716 1754 5774 Po-

170 5804 256 5864 nit
302 5821 521 5862 manum
568 5823 719 5862 suam
768 5822 929 5877 super
976 5817 1135 5878 caput
1182 5809 1315 5881 ejus.
1345 5809 1465 5880 Ipse
1513 5811 1753 5882 quidem,

169 5904 293 5951 eum
340 5897 415 5953 sit
461 5899 712 5955 sacerdos
740 5905 796 5954 et
823 5897 1000 5953 hostia
1039 5908 1360 5968 potestatem
1409 5901 1615 5958 habens
1663 5920 1756 5973 po-

1865 4794 2119 4848 dixerunt
2144 4791 2378 4862 plenitus
2404 4789 2660 4860 explevit.
2687 4788 2769 4845 Ad
2801 4789 3012 4860 singula
3036 4803 3182 4844 enim
3225 4803 3345 4858 quae
3372 4788 3453 4843 di-

1863 4894 2080 4952 cuntur,
2133 4884 2479 4956 evangelistae
2533 4881 2904 4952 subjungunt:
2943 4899 2962 4932 ι
3016 4879 3087 4937 Ut
3134 4879 3450 4951 impleretur

1861 4979 2006 5049 quod
2032 4979 2234 5033 dictum
2261 4985 2344 5032 est
2373 4974 2554 5049 (Joan.
2588 4973 2722 5044 xix).
2763 4993 2781 5024 ι
2811 4973 2982 5029 Porro
3015 4981 3301 5044 peccatum
3331 4988 3452 5028 om-

1862 5071 1948 5126 nis
1976 5070 2148 5125 turba:
2189 5067 2422 5123 ﬂebilem
2454 5066 2632 5135 signat
2659 5064 2969 5120 Iudaeorum
3010 5064 3285 5121 duritiam.
3311 5063 3454 5119 Con-

1864 5165 2185 5220 demnantes
2216 5163 2361 5217 enim
2401 5159 2584 5215 Jesum
2621 5158 3034 5213 clamaverunt:
3069 5177 3087 5211 ‹
3118 5158 3236 5214 Νοη
3279 5157 3451 5214 habe-

1865 5270 1986 5309 mus
2041 5269 2223 5324 regem
2269 5251 2374 5307 nisi
2429 5250 2698 5307 Cresarem
2730 5249 2947 5322 (Matth.
3003 5251 3197 5321 xxvii).
3258 5269 3277 5302 ι
3335 5250 3449 5304 Et:

1870 5365 1888 5396 ι
1919 5345 2152 5416 Sanguis
2187 5344 2304 5415 ejus
2343 5357 2508 5412 super
2537 5356 2668 5408 nos,
2692 5348 2800 5398 etc.
2847 5340 3038 5414 (lbid.)
3078 5362 3096 5394 ι
3142 5339 3294 5408 Quod
3344 5355 3452 5393 non

1862 5436 2004 5493 sicut
2029 5435 2326 5492 sacerdotis
2348 5441 2628 5506 peccatum
2667 5443 2770 5502 est,
2795 5434 2920 5504 quia
2963 5449 3060 5505 per
3087 5433 3452 5504 ignorantiam

1863 5537 1920 5585 et
1942 5529 2271 5600 imperitiam
2321 5544 2508 5584 eorum
2562 5528 2760 5584 evenit.
2793 5527 3000 5595 Quibus
3028 5527 3222 5582 Petrus
3257 5523 3388 5580 dicit
3432 5537 3450 5580 :

1868 5641 1887 5674 ‹
1920 5622 2048 5679 Scio
2073 5623 2199 5693 quia
2223 5637 2322 5693 per
2345 5620 2705 5692 ignorantiam
2727 5619 2915 5691 egistis
2935 5619 3077 5675 sicut
3103 5626 3158 5673 ct
3178 5616 3450 5688 principes

1864 5715 2029 5772 vestri
2051 5736 2069 5766 ι
2090 5757 2105 5782 ,
2123 5726 2229 5771 etc.
2257 5714 2393 5787 (Act.
2413 5714 2518 5787 ιιι).
2537 5715 2617 5770 Ex
2632 5713 2828 5786 quibus
2857 5712 3045 5782 aliqui,
3069 5719 3256 5782 postea
3287 5710 3450 5766 intel-

1863 5811 2090 5883 ligentes
2117 5819 2396 5880 peccatum
2429 5826 2584 5866 suum
2607 5849 2621 5874 ,
2649 5807 2965 5863 obtulerunt
2993 5804 3246 5872 vitulum,
3286 5804 3340 5861 id
3365 5812 3453 5861 est

1861 5903 1916 5958 in
1952 5902 2272 5958 cruciﬁxum
2296 5901 2646 5959 crediderunt
2683 5900 2980 5958 secundum
3004 5912 3222 5956 omnem
3241 5896 3448 5956 verita-
