3948 6328
478 475 587 540 803
980 475 1374 536 WALAFRIDI
1413 479 1662 536 STRABI
1701 481 1906 544 FULD.
1947 471 2115 539 MON.
2158 483 2311 541 OPP.
2354 484 2534 542 PARS
2573 488 2614 542 Ι.
2655 517 2727 530 --
2763 487 3221 546 THEOLOGICA.
3663 494 3767 550 804i

460 602 588 656 ‘tem
615 593 884 674 passnouis
911 592 1046 662 ejus.
1076 593 1380 648 Posuerunt
1403 594 1647 650 seniores
1669 594 1849 664 populi
1875 610 2067 650 manus
2097 599 2144 656 Α
2173 600 2218 658 si
2244 598 2582 657 consenserit
2625 598 2708 654 vel
2741 599 3100 670 astipulando,
3133 600 3215 656 vel
3261 611 3430 656 etiam
3474 616 3588 658 non
3617 604 3767 673 iud]-

477 703 650 760 super
681 696 845 757 caput
877 687 1026 762 ejus,
1060 688 1314 757 quoniam
1349 687 1622 745 Chiistum
1675 690 1943 759 principes
1973 706 2060 752 sa-
2163 694 2355 756 cando,
2386 707 2519 754 cum.
2541 692 2656 760 ipso
2683 692 2774 761 qui
2812 691 2942 746 fecit
2974 708 3194 748 rever-se
3238 708 3359 748 esse
3409 692 3474 766 [[.
3511 710 3680 748 reum
3711 712 3766 752 se

475 783 754 838 cerdotum
783 790 830 835 et
866 783 1056 836 scribae
1103 781 1260 841 morti
1292 781 1637 837 addixerunt.
1686 782 1836 850 Quod
1871 783 1925 844 in
1959 783 2059 842 hoc
2163 781 2308 854 esse]
2343 799 2452 838 non
2480 781 2710 842 nesciat.
2743 780 2864 838 Non
2893 782 3064 838 solum
3099 784 3244 838 enim
3275 784 3370 852 qui
3400 785 3645 848 faciunt,
3672 787 3762 841 sed

473 863 644 930 vituli)
671 873 943 935 intestina,
968 887 1087 941 qua:
1110 872 1377 928 desideria
1409 873 1643 944 signant.
1673 873 1922 930 similiter
1955 873 2059 928 sic-
2162 874 2328 932 etiam
2358 873 2450 943 qui,
2475 873 2822 936 consentiunt
2842 873 3169 935 facientibus
3198 875 3341 944 digni
3384 886 3514 930 sunt
3563 887 3760 931 morte.

475 973 538 1026 ut
584 973 639 1022 et
691 966 742 1020 in
793 965 1058 1034 superiori
1107 965 1294 1021 offerri
1335 965 1636 1035 jubentur,
1693 969 1796 1023 hoc
1849 968 2060 1030 videtur
2169 982 2192 1022 ι,
2225 964 2430 1020 Anima,
2474 980 2604 1034 qua:-
2643 965 2880 1035 tetigerit
2921 965 3255 1022 immundum
3307 965 3540 1034 aliquid,
3599 976 3709 1020 etc.
3743 987 3758 1018 ι

472 1059 756 1115 ostendere
786 1059 929 1128 quod
963 1060 1154 1115 eadem
1187 1061 1451 1116 desideria
1502 1078 1622 1130 quae
1667 1061 1916 1119 Christus
1965 1079 2060 1132 pro
2162 1058 2351 1114 Plures
2396 1061 2607 1128 species
2640 1060 2884 1114 habuere
2916 1057 3087 1116 Judaei
3135 1061 3188 1116 in
3227 1061 3426 1130 quibus
3477 1061 3762 1116 hominem

473 1149 646 1208 salute
677 1149 872 1204 habuit
894 1160 1100 1215 nostra,
1153 1151 1306 1208 nobis
1337 1168 1436 1221 pro
1486 1153 1642 1208 nobis
1695 1162 1756 1206 et.
1799 1152 2056 1210 fratribu-~
2162 1154 2528 1210 contaminari
2560 1154 2845 1222 putabant,
2881 1163 2940 1206 ut
2983 1161 3109 1208 sunt
3139 1155 3393 1208 animalia
3440 1171 3555 1209 non
3602 1155 3765 1210 renti-

472 1243 870 1298 commendavit
894 1243 1161 1298 habenda.
1195 1243 1400 1298 Cit-tera
1425 1245 1604 1298 omnia
1634 1262 1752 1314 qum
1796 1246 1863 1302 de.
1894 1247 2058 1302 vitulo
2163 1245 2466 1307 nantia,vel
2481 1245 2731 1315 ungulam
2751 1245 3192 1310 nondividentia,
3212 1245 3292 1298 vel
3313 1263 3481 1300 unum
3504 1247 3765 1301 etluubus

472 1333 746 1398 dicuntur,
791 1334 864 1390 ad;
889 1335 1224 1403 superiorem
1251 1350 1468 1392 sensum
1495 1336 1802 1402 flectantur,
1835 1346 1898 1392 ut
1920 1338 2060 1395 sicut
2161 1351 2266 1390 non
2305 1337 2464 1388 ambo
2501 1334 2773 1392 facientia.
2800 1333 2967 1403 Cujus
2989 1337 3404 1406 superstitionis
3459 1353 3558 1392 eos
3587 1339 3765 1407 arguit

471 1425 619 1481 ineo
660 1426 965 1482 faciendum
1000 1427 1473 1497 pneligurabatur,
1505 1429 1585 1484 ita
1608 1429 1660 1482 in
1696 1430 1797 1485 hoc
1827 1432 2058 1486 creden-
2163 1427 2459 1482 Dominus:
2487 1427 2716 1484 Erratis.
2746 1427 3018 1496 inquiens,
3041 1430 3347 1482 nescientes
3375 1430 3646 1482 virtutem
3677 1430 3761 1482 Dei

470 1519 597 1575 dum
622 1521 974 1591 intelligatur.
1013 1541 1038 1572 ι.
1071 1520 1128 1576 Si
1163 1523 1468 1590 peccaverit
1492 1523 1745 1593 princeps
1785 1544 1843 1588 ι,
1873 1525 1924 1577 id
1953 1533 2056 1590 est,
2161 1517 2355 1590 (Marc.
2387 1522 2507 1584 xu).
2543 1517 2656 1572 Non
2678 1518 2823 1572 enim
2856 1518 2996 1587 quod
3029 1519 3195 1572 intrat
3235 1521 3286 1572 in
3334 1535 3395 1573 os
3429 1521 3758 1588 coinquinat

468 1613 559 1682 qui
591 1613 922 1670 voluntatem
966 1613 1178 1669 Domini
1234 1615 1362 1678 scit,
1393 1614 1477 1668 cui
1529 1624 1771 1684 potestas
1797 1624 1852 1670 et
1883 1617 2058 1672 virtus
2163 1610 2469 1673 liOtIIinetu,
2513 1609 2604 1663 sed
2656 1609 2798 1678 quod
2847 1609 2960 1662 exit
2986 1609 3052 1661 de
3081 1624 3196 1664 ore.
3228 1619 3334 1663 etc.
3386 1609 3620 1678 (Matth.
3657 1615 3759 1674 xv).

469 1705 709 1760 scientiae
740 1720 778 1758 a.
801 1705 1029 1760 Domino
1059 1705 1252 1760 collata
1277 1715 1392 1769 est;
1431 1723 1455 1756 ι.
1488 1721 1586 1777 per
1617 1707 1974 1775 ignorantiam
2009 1728 2055 1772 ι,
2158 1699 2318 1766 lubet
2354 1710 2534 1760 autem
2565 1715 2669 1754 non
2705 1702 3014 1754 consentire
3041 1702 3300 1769 peccatis,
3329 1701 3443 1754 sive
3473 1718 3500 1754 a
3533 1703 3755 1757 diabolo

466 1795 520 1853 id
560 1803 643 1850 est
681 1811 776 1866 per
820 1796 1240 1872 negligentiam,
1289 1794 1484 1852 offerat
1535 1797 1774 1860 hircum,
1825 1798 1929 1852 hoc
1976 1805 2059 1852 est
2161 1793 2498 1864 ingerantur,
2539 1803 2596 1846 ut
2632 1802 2716 1847 est
2741 1794 2939 1846 invidia
2970 1803 3024 1847 et
3054 1792 3261 1858 odiutn,
3305 1793 3592 1864 superbia,
3632 1807 3759 1860 etc,

464 1888 838 1962 paenitentiam
885 1889 1102 1946 fortem.
1149 1889 1407 1955 Princeps
1461 1890 1673 1946 hircum
1709 1888 1900 1956 oﬂert,
1940 1890 2056 1950 aui-
2161 1884 2302 1953 quod
2328 1894 2412 1939 est
2443 1900 2472 1937 a
2503 1885 2674 1938 bestia
2707 1885 2944 1938 occisum
2972 1900 3114 1948 esse,
3149 1887 3261 1939 sive
3292 1885 3360 1938 ab
3388 1888 3508 1953 ipso
3535 1887 3760 1942 homine

464 1995 608 2041 mam
640 1981 942 2042 quamlibet
975 1981 1042 2036 de
1079 1981 1274 2051 populo
1321 1996 1561 2051 capram,
1610 1983 1736 2051 quia
1766 2001 1783 2032 ι
1818 1981 1909 2052 qni
1955 1983 2057 2036 scit,
2089 1962 2135 2023 Β
2165 1986 2379 2030 sumant
2405 1976 2693 2045 originem,
2727 1974 2942 2030 diabolo
2972 1976 3270 2040 incentore,
3297 1986 3351 2030 ut
3375 1986 3460 2029 est
3488 1979 3668 2031 libido
3710 1988 3758 2032 et

462 2070 802 2127 voluntatem
846 2072 1046 2126 domini
1099 2073 1222 2136 sui,
1279 2081 1334 2128 et
1394 2088 1501 2127 non
1563 2072 1734 2136 facit,
1783 2074 2060 2143 vapulabit
2161 2067 3756 2139 gula,etre|i,ua,quodest,persemortuumesse.lieptile

465 2162 668 2227 milita;
697 2162 787 2232 qui
818 2178 946 2218 vero
977 2164 1168 2228 nescit,
1204 2163 1476 2234 vapulabit
1502 2179 1672 2234 pauca
1692 2163 1843 2234 (Luc.
1865 2162 1992 2235 XII).
2033 2183 2058 2216 ι.
2159 2161 2324 2213 etiam
2372 2167 2652 2228 peceatum
2687 2158 2919 2212 terrenis
2964 2158 3215 2212 sordibus
3251 2158 3523 2213 inhaerens
3579 2172 3753 2213 vocat.

466 2270 488 2305 ο
528 2252 781 2314 Eolcutcs
809 2263 1055 2324 potenter
1086 2264 1352 2310 tormenta
1399 2257 1677 2325 patiuntur
1705 2257 1860 2326 (Sap.
1893 2259 1988 2327 vi).
2034 2278 2051 2308 ι
2159 2249 2353 2306 Oblata
2381 2250 2579 2303 dicitur
2602 2252 2782 2302 anima
2808 2247 2891 2301 vel
2931 2248 3253 2319 negligentia
3290 2249 3368 2302 vel
3390 2261 3751 2321 contemptu:

464 2340 580 2398 Hoc
627 2352 711 2398 est
761 2343 906 2400 enim
969 2343 1148 2402 facere
1211 2344 1422 2400 fructus
1475 2346 1665 2416 dignos
1723 2348 2056 2416 pcenitcntia:
2158 2342 2258 2408 Qui
2288 2341 2432 2395 enim
2466 2356 2634 2410 parva
2667 2339 2908 2410 negligit,
2933 2340 3194 2409 paulatim
3227 2340 3411 2395 defluit
3444 2354 3500 2395 et
3524 2346 3595 2396 ad
3645 2363 3752 2398 ma-

465 2433 684 2506 (.-lfuuli.
714 2433 820 2506 ut),
860 2448 915 2489 ut
939 2432 1096 2503 juxta
1118 2436 1435 2506 qualitatem
1463 2439 1740 2507 culparum
1783 2440 2056 2508 ρωηίιειι.
2150 2432 2270 2503 jora
2295 2431 2563 2485 delabitur
2593 2431 2758 2502 (Eccl.
2790 2438 2925 2501 xix).
2952 2449 2969 2480 ι
2994 2431 3047 2484 Si
3087 2433 3324 2503 tetigerit
3352 2436 3664 2504 quidquam
3694 2437 3753 2490 de

463 2527 536 2582 tia
577 2527 919 2581 extendatur.
971 2547 996 2582 (.
1025 2526 1184 2586 Ponit
1233 2545 1453 2588 manum
1491 2545 1644 2583 suam
1685 2545 1847 2598 super
1895 2537 2057 2600 caput
2159 2526 2499 2580 immunditia
2531 2527 2784 2589 hominis,
2824 2547 2840 2578 ι
2878 2535 2929 2581 et
2961 2527 3184 2596 reliqua.
3219 2528 3318 2595 Qui
3349 2531 3494 2583 enim
3523 2533 3751 2587 seminis

461 2618 600 2686 eius,
633 2637 649 2667 ι
678 2634 802 2674 cum
843 2618 1054 2674 initium
1089 2621 1426 2690 pauitantia:
1446 2621 1627 2690 operis
1667 2623 1928 2677 exercitio
1967 2640 2057 2678 or-
2158 2619 2360 2672 ﬂuxum
2380 2619 2702 2688 patiebatur,
2720 2618 3108 2672 cumomnibus
3125 2621 3322 2686 quibus
3345 2623 3610 2674 utebatur
3635 2621 3749 2692 pol-

463 2721 573 2768 nat.
603 2711 656 2764 In
684 2711 800 2767 loco
829 2711 917 2768 ubi
946 2723 1209 2769 mactatur
1243 2715 1639 2779 holocaustum,
1689 2715 1762 2769 ibi
1792 2724 1846 2768 et
1876 2714 2058 2768 hostia
2158 2711 2676 2779 lutusjudicabatur,
2700 2710 2778 2764 sic
2801 2719 2855 2762 et
2875 2709 2939 2763 de
2969 2722 3248 2764 menstruo
3272 2711 3540 2765 mulieris.
3569 2712 3631 2766 In
3659 2715 3749 2766 bo-

460 2818 570 2878 pro.
589 2813 811 2871 peccato
839 2812 1124 2866 mactatur,
1151 2805 1274 2873 quia
1301 2805 1415 2873 ipso
1448 2805 1699 2869 Domino,
1722 2803 1809 2858 cui
1842 2818 2054 2858 summa
2157 2820 2274 2857 rum
2303 2813 2443 2860 tactu
2470 2801 2719 2872 prohibet
2747 2817 2844 2854 nos
2872 2801 3099 2868 alicujus
3127 2807 3536 2857 communicare
3551 2819 3750 2874 pecta-

461 2909 627 2964 opcra
655 2893 952 2954 oii'eruntur
995 2897 1312 2966 pmnitcntia
1359 2895 1554 2965 placet.
1586 2895 1770 2967 Tingit
1799 2897 2054 2950 sacerdos
2159 2896 2247 2949 tis.
2284 2916 2299 2944 ι
2327 2894 2518 2948 Postea
2549 2894 2886 2964 cognoverit,
2920 2915 2934 2943 ι
2973 2893 3088 2946 sive
3120 2894 3377 2947 instinctu
3404 2895 3622 2957 divino,
3658 2910 3748 2948 seu

461 2985 689 3057 digitum
733 2987 784 3040 in
834 2988 1095 3056 sanguine
1134 2996 1188 3042 et
1230 2989 1403 3060 tangit
1437 3005 1638 3044 cornua
1686 2989 1898 3051 altaris,
1926 2990 2053 3057 quia
2158 2985 2524 3039 admonitione
2552 2984 2797 3049 alterius,
2819 3005 2834 3033 ι
2859 2984 3158 3054 subjacebit
3188 2986 3406 3050 delicto,
3429 3006 3448 3036 ›
3486 2987 3539 3040 id
3569 2997 3658 3040 est
3693 2997 3744 3041 ut

461 3075 715 3132 Christus
729 3077 1054 3134 oblationem
1084 3081 1416 3148 ptenitentize
1442 3081 1862 3151 redemptionem
1889 3097 2053 3151 quam
2156 3093 2255 3146 pro
2279 3077 2473 3131 delicto
2491 3077 2864 3146 ptenilentimn
2896 3086 3037 3147 agat.
3081 3078 3303 3131 «Anima
3333 3094 3455 3148 qmc
3476 3079 3748 3147 juraverit

462 3167 722 3224 incrucis
765 3170 1028 3229 cornibus
1051 3171 1186 3226 fecit.
1216 3172 1487 3242 suscipit:
1520 3173 1658 3228 Dicit
1701 3173 1848 3230 enim
1885 3174 2051 3230 disci-
2160 3179 2214 3223 et
2241 3171 2526 3240 protuleiit
2552 3168 2727 3232 labiis,
2751 3189 2768 3219 ι
2803 3178 2858 3222 et
2881 3169 3178 3238 reliqua,id
3201 3179 3286 3223 est
3311 3171 3358 3223 si
3389 3176 3594 3223 malum
3623 3171 3746 3239 quid

461 3261 601 3331 pulis
623 3280 635 3315 :
657 3261 754 3316 Hic
783 3262 924 3318 calix
951 3278 1051 3332 pro
1081 3263 1311 3318 vobiset
1334 3281 1431 3333 pro
1460 3265 1644 3320 multis
1673 3264 1978 3321 cli'undetur
1998 3266 2050 3319 in
2157 3275 2214 3313 se
2258 3257 2524 3314 facturum
2553 3259 2837 3327 juraverit,
2871 3258 2964 3312 vel
2982 3260 3026 3313 si
3053 3261 3254 3314 bonum
3285 3276 3405 3314 cum
3429 3261 3747 3330 jln‘alttcltlo

461 3355 1202 3427 remissionem.peccatorum
1233 3356 1638 3429 (Matt/nuru).
1660 3358 1847 3412 Altare
1879 3358 2047 3428 ipsius
2078 3333 2122 3394 C
2158 3353 2454 3413 devoverit,
2485 3362 2532 3405 et
2587 3369 2690 3407 non
2723 3353 3038 3424 perfecerit,
3073 3371 3164 3408 rea
3191 3367 3272 3410 est
3306 3356 3512 3411 delicti.
3550 3358 3605 3410 ln
3649 3359 3742 3411 hoc

461 3449 636 3518 signat
683 3448 956 3518 passionis
1007 3449 1354 3513 memoriam;
1397 3464 1600 3504 cornua
1649 3448 1764 3517 ejus
1790 3490 1805 3514 ,
1843 3465 2047 3504 cornua
2159 3442 2397 3498 Herodes
2436 3445 2694 3522 deceptus
2718 3455 2802 3500 est
2830 3448 2972 3516 quod
3005 3448 3146 3504 male
3176 3449 3298 3504 lilia:
3326 3459 3620 3520 spopondit
3657 3454 3739 3520 ju-

461 3539 642 3595 crucis
670 3539 724 3593 in
753 3555 862 3609 qua
891 3549 1082 3595 nostra
1116 3537 1412 3608 redemptio
1439 3548 1656 3608 peracta
1681 3548 1783 3594 est.
1817 3540 2050 3610 Sanguis
2155 3539 2330 3590 rando
2361 3546 2414 3591 et
2441 3538 2618 3607 pwnis
2651 3537 2713 3609 Lf.
2746 3538 2981 3613 plenius]
3010 3540 3191 3614 lapsus
3214 3553 3296 3596 cst
3325 3545 3502 3612 ipsam
3545 3545 3741 3597 malum

459 3628 704 3684 funditur
735 3630 1008 3688 adhasim
1045 3629 1254 3694 altaris,
1299 3628 1509 3698 quiain
1544 3630 1696 3685 initio
1724 3630 2049 3700 evangelicae
2152 3630 2499 3698 perficiendo.
2550 3630 2673 3685 llaec
2723 3633 2813 3700 qui
2847 3610 3036 3687 fecerit
3065 3610 3276 3690 offerat
3304 3610 3506 3706 agnum
3540 3641 3626 3691 vel
3659 3655 3742 3693 ca-

460 3719 864 3790 precdicationis
887 3719 1201 3787 priedicavit
1228 3718 1490 3772 Dominus
1513 3721 1908 3789 pteuitentiam,
1939 3723 2046 3782 sic-
2152 3733 2326 3787 praui,
2360 3721 2412 3773 id
2441 3731 2523 3774 est
2551 3722 2913 3778 innocentiam
2941 3728 3086 3791 vitae,
3117 3738 3173 3780 ut
3199 3727 3494 3797 Apostolus
3535 3746 3737 3799 prece-

462 3816 522 3862 ut
569 3809 622 3862 iu
676 3809 977 3880 Evangelia,
1015 3810 1230 3879 legitur.
1289 3809 1368 3874 De
1430 3810 1705 3866 intestinis
1757 3820 1814 3864 ut
1864 3828 2047 3882 supra,
2152 3811 2248 3878 pit.
2287 3829 2304 3860 ι
2342 3811 2442 3878 Qui
2484 3811 2896 3883 furabaturjam
2933 3833 3043 3872 non
3083 3820 3278 3874 fui-elui
3316 3822 3539 3891 (lt‘phes.
3579 3836 3682 3894 iv);
3714 3846 3730 3876 ι

462 3908 520 3954 ut
542 3914 706 3956 omne
728 3900 1052 3956 desiderium
1082 3899 1308 3962 Domino
1332 3899 1612 3954 offeratur.
1649 3900 1820 3972 Rogat
1862 3917 2047 3955 sacer-
2152 3904 2207 3957 id
2237 3913 2322 3957 est
2377 3907 2465 3974 qui
2501 3907 2651 3974 prius
2688 3910 2894 3974 nocuit,
2940 3909 3056 3978 jam
3095 3913 3414 3968 innocenter
3438 3919 3612 3969 vivat.
3653 3919 3738 3973 νει

461 3989 560 4045 dos
593 4006 690 4059 pro
731 3991 992 4060 principe.
1028 3991 1280 4047 Christus
1315 4002 1467 4064 rogat
1509 3995 1806 4049 secundum
1859 3995 2049 4049 hunia-
2151 4011 2369 4066 capram
2398 3997 2613 4063 offerat,
2638 4000 2688 4052 id
2714 4010 2794 4054 est
2824 4003 3067 4056 strict.un
3097 4007 3472 4073 pteiiitentiain
3506 4021 3654 4080 agat,
3689 4020 3739 4064 ut

460 4082 706 4147 nitatem,
734 4098 859 4158 qnta
887 4082 1032 4153 Patri
1060 4085 1296 4139 ostendit
1322 4084 1552 4139 formam
1579 4099 1741 4154 quam
1767 4101 1867 4155 pro
1893 4087 2049 4142 nobis
2149 4091 2399 4145 Christus
2427 4107 2585 4146 verus
2611 4095 2864 4147 sacerdos
2893 4094 2965 4148 illi
2999 4099 3310 4165 propitiatio
3340 4099 3454 4153 fiat.
3478 4101 3536 4153 Si
3563 4113 3736 4157 autem

459 4173 717 4242 suscepit,
743 4183 802 4226 et
825 4174 1065 4242 quotidie
1099 4175 1412 4244 propitiatio
1439 4192 1538 4246 pro
1563 4176 1739 4238 nobis.
1774 4175 1903 4230 Sive
1935 4193 2047 4230 ηιθ-
2149 4198 2314 4252 pecus
2343 4185 2540 4239 oll'crre
2565 4201 2670 4239 non
2689 4187 2909 4256 poterit,
2963 4189 3013 4243 id
3063 4202 3147 4244 est
3175 4191 3368 4246 fortem
3405 4198 3737 4263 pte-utentia:

463 4273 734 4334 lonynnce
767 4265 968 4318 dictum
1022 4274 1105 4319 est
1129 4305 1143 4330 ,
1186 4275 1338 4337 rogat
1372 4267 1527 4336 quasi
1560 4267 1737 4337 rogari
1774 4266 1921 4320 faeit.
1953 4268 2022 4321 lllt

2176 4280 2562 4349 :astigationein
2615 4281 2665 4333 in
2704 4279 2947 4348 jejuniis,
2995 4283 3047 4336 in
3095 4285 3290 4354 vigiliis
3318 4295 3372 4339 et
3418 4289 3735 4343 indumento

459 4359 602 4413 enim
641 4360 876 4422 donante
919 4374 1015 4428 pro
1047 4361 1202 4414 nobis
1227 4363 1603 4430 peccatoribus
1632 4373 1820 4436 rogant
1847 4365 2045 4432 sancti,
2148 4371 2334 4435 cilicii,
2382 4379 2437 4423 et
2485 4381 2701 4437 eictera,
2743 4390 2860 4442 qua:
2904 4376 2972 4429 ad
3021 4375 3122 4430 hoc
3152 4379 3455 4446 pertinent,
3493 4401 3512 4431 ι
3553 4382 3736 4436 offerat

459 4452 602 4520 quod
641 4461 694 4505 et
725 4452 966 4520 quotidie
1012 4452 1384 4521 implorauius.
1429 4454 1484 4508 Si
1527 4457 1702 4509 anima
1736 4460 1802 4513 de
1851 4459 2045 4530 pepulo
2147 4462 2282 4515 duos
2319 4471 2556 4517 turtures
2583 4464 2666 4518 vel
2699 4471 2834 4520 duos
2864 4467 3039 4536 pullos
3066 4471 3469 4533 columbarum,
3510 4495 3528 4525 ι
3565 4476 3616 4527 id
3662 4484 3735 4529 est

463 4555 619 4597 terra!
665 4547 988 4614 peccaverit,
1023 4545 1076 4598 id
1127 4557 1210 4601 est
1249 4562 1482 4616 persona
1524 4558 1581 4602 ct
1616 4551 1840 4604 scientia
1871 4554 2046 4606 minor
2147 4555 2402 4608 smculmn
2465 4555 2773 4627 relinquat,
2825 4561 2916 4628 qui
2968 4569 3145 4613 lUI‘Illl‘
3189 4562 3466 4634 solivagus
3525 4577 3643 4630 est;
3689 4579 3735 4621 et

461 4635 683 4690 l'.n-iliori
737 4638 1052 4706 pqmitentia
1113 4642 1361 4695 solvitur.
1413 4645 1706 4714 Cognoscit
1760 4658 2042 4715 peccatum
2073 4699 2120 4719 ᾗ
2149 4647 2456 4700 castitatem
2488 4658 2744 4712 sectetur,
2778 4650 2903 4703 etin
2930 4653 3261 4707 tnonasteiio
3288 4657 3366 4708 vel
3395 4674 3588 4713 eremo
3617 4663 3735 4719 sitn—

460 4743 639 4815 suum,
680 4728 792 4781 sive
838 4732 1092 4790 instinctu
1127 4732 1310 4787 divino
1342 4734 1454 4789 sive
1483 4737 1766 4791 doctorum
1812 4741 2038 4794 monitu.
2073 4699 2122 4759 D
2148 4735 2364 4804 pIICil-cr
2394 4741 2576 4791 Vivere
2616 4743 2929 4804 contendat,
2983 4746 3242 4812 gemitum
3283 4762 3381 4815 pro
3432 4762 3599 4802 cantu
3649 4755 3735 4804 ha-

459 4814 664 4870 Cactera
698 4820 887 4874 omnia.
910 4830 965 4874 ut
997 4837 1177 4891 supra.
1225 4823 1389 4879 Ovem
1422 4827 1485 4880 de
1532 4828 1818 4898 pecoribus
1861 4830 2040 4898 oll'ert,
2147 4829 2282 4883 hens
2303 4833 2443 4884 sicut
2467 4831 2751 4896 COltllllsz‘,
2777 4842 3071 4903 utpeccata
3094 4814 3379 4903 tlcllt-at,et
3403 4858 3501 4910 pro
3525 4855 3734 4897 actem:

461 4906 550 5007 qui
578 4906 976 5007 simplicitatem
1020 4913 1141 4965 vitae
1173 4911 1399 4968 Domino
1428 4915 1693 4970 immolat.
1724 4916 1922 4972 Omnes
1959 4920 2042 4973 ha:
2149 4920 2269 4973 vita:
2300 4922 2566 4977 desiderio
2599 4927 2855 4994 suspiret,
2887 4931 3029 4997 quod
3054 4941 3134 4984 est
3157 4934 3342 4997 etiam,
3369 4906 3601 4990 C-lltilllll
3643 4953 3732 5007 pro

461 4997 652 5052 hostia:
699 4999 1053 5057 immaculata:
1109 5021 1230 5058 esse
1275 5007 1540 5074 jubentur
1589 5019 1646 5062 ut
1693 5009 1826 5064 nihil
1859 5016 2038 5066 fictum
2145 5021 2370 5080 peccato
2403 5014 3170 5075 etalteruminholocaustuni
3217 5044 3235 5074 ι
3276 5023 3490 5080 ollerre.
3535 5049 3550 5077 ι
3686 5032 3732 5080 .it

462 5091 576 5146 sive
628 5093 680 5146 in
731 5096 1043 5164 pamitentia
1097 5099 1208 5151 sive
1257 5100 1308 5152 iti
1364 5102 1615 5170 operibus
1679 5106 2038 5173 exhibeatur,
2147 5120 2240 5158 eos
2273 5108 2559 5173 sacerdoti,
2600 5130 2616 5160 ι
2650 5112 2870 5165 Christo
2908 5114 3154 5169 \iuchcet
3206 5134 3358 5171 suam
3389 5127 3728 5176 devotionem

459 5195 521 5239 ut
571 5185 651 5240 sic
701 5188 970 5280 prieterila
1024 5191 1324 5260 deﬂealitur
1373 5212 1436 5248 ne
1496 5198 1738 5252 deflenda
1787 5202 2040 5255 commit-
2146 5199 3654 5280 commendet.«lictorqucbitcaputejusadpennulas,»
3684 5227 3730 5269 et

464 5284 663 5374 tantur.
707 5277 994 5334 Cremabat
1041 5299 1200 5352 super
1251 5285 1422 5341 altare
1473 5289 1749 5360 incensum
1807 5295 2038 5349 Domini.
2146 5290 2372 5359 reliqua.
2393 5293 2525 5358 Quia
2555 5309 2727 5362 penna
2751 5277 3561 5374 sublevatavem,prwe.pitita
3592 5325 3728 5362 me“.

464 5365 656 5432 Omnia
699 5369 751 5422 in
785 5374 1043 5440 memoria
1089 5376 1480 5435 incarnationis
1511 5393 1564 5436 et
1594 5385 1859 5453 passionis
1885 5385 2041 5442 Chri-
2145 5392 2252 5437 tem
2290 5382 2355 5436 ad
2395 5385 2908 5455 comelnplalioneln
2945 5392 3184 5460 copulari
3214 5365 3282 5446 ἰιι
3321 5365 3510 5450 ciu-ani
3551 5402 3727 5453 Carnis

461 5460 530 5563 sti
585 5462 716 5515 fiant
742 5501 758 5528 ,
794 5472 850 5518 et
898 5465 972 5518 ita
1033 5466 1136 5522 erit
1169 5467 1398 5526 Domino
1445 5476 1784 5544 acceptabile
1824 5494 2035 5546 munus.
2147 5475 2510 5528 necessariam
2542 5493 2646 5530 non
2675 5488 2909 5547 omittat,
2945 5495 2999 5537 ut
3037 5501 3196 5554 supra
3230 5487 3489 5544 diximus.
3531 5495 3724 5563 Asper—

457 5551 660 5612 αιτιοι-ιι
692 5564 748 5622 ut
789 5574 969 5628 supra.

2162 5565 2219 5636 git
2235 5567 2497 5635 parietem
2513 5567 2701 5624 altaris
2717 5575 3002 5644 sanguine,
3019 5575 3142 5629 dum
3162 5578 3327 5633 vitam
3356 5599 3509 5638 suam
3529 5585 3721 5641 Chriin

1080 5674 1308 5736 mum
1347 5679 1408 5733 ν,
2141 5657 2301 5716 oll‘ért
2337 5660 2697 5716 miserationi.
2738 5662 3029 5736 Reliquum
3075 5672 3392 5742 sanguinem
3445 5677 3628 5734 fundit
3661 5679 3723 5740 ad

632 5826 640 5836 ,
936 5827 966 5839 ,Δ
1072 5829 1081 5837 ⁸
1369 5831 1400 5839 η
1472 5833 1480 5839 _
1744 5836 1752 5839 Δ
2149 5750 2325 5806 basim
2350 5751 2562 5821 altaris,
2578 5757 2703 5811 dum
2733 5760 2995 5830 quidquid
3025 5762 3078 5818 in
3104 5765 3210 5818 vita
3241 5781 3340 5821 sua
3365 5772 3525 5839 gerit,
3562 5789 3721 5834 evan-

539 5844 554 5876 ι
588 5825 966 5932 Sipeccaverit
998 5829 1173 5882 anima
1197 5839 1246 5883 et
1279 5831 1509 5886 audierit
1533 5850 1715 5890 vocetn
1734 5836 1991 5907 jurantis,
2015 5859 2033 5891 ι
2143 5841 2329 5912 gelica:
2375 5845 2560 5901 subdit
2587 5825 3128 5932 doctrinm—Rogabit
3150 5874 3248 5927 pro
3275 5878 3340 5915 eo
3365 5825 3724 5932 sacertlos,'izl

464 5927 512 5969 ει
541 5935 572 5968 ¹”
597 5911 757 5984 ιῖιὶιιέιο
789 5917 1039 5988 CVM-“qm
1060 5924 1306 5977 “mn—Cius
1331 5936 1410 5978 est
1433 5938 1774 5995 peccatorum
1797 5931 2041 5999 alterius,
2145 5942 2227 5988 est
2255 5934 2505 5995 Christus
2551 5941 2663 6010 ipse
2697 5944 2876 6011 homo,
2906 5908 3204 6006 sacerdotis
3247 5960 3573 6016 membrum.
3633 5908 3717 6017 ξειεξ
