  <div class='ocr_page' id='page_1' title='image "/cluster/home/n/w/nwhite01/storage/ocr_20150623/114/hvd.32044018909580/410.png"; bbox 0 0 3948 6328; ppageno 0'>
   <div class='ocr_carea' id='block_1_1' title="bbox 226 477 329 534">
    <p class='ocr_par' dir='ltr' id='par_1_1' title="bbox 226 477 329 534">
     <span class='ocr_line' id='line_1_1' title="bbox 226 477 329 534; baseline -0.019 0"><span class='ocrx_word' id='word_1_1' title='bbox 226 477 329 534; x_wconf 70' lang='lat'><strong>805</strong></span> 
     </span>
    </p>
   </div>
   <div class='ocr_carea' id='block_1_2' title="bbox 226 583 1876 656">
    <p class='ocr_par' dir='ltr' id='par_1_2' title="bbox 226 583 1876 656">
     <span class='ocr_line' id='line_1_2' title="bbox 226 583 1876 656; baseline -0.002 -10"><span class='ocrx_word' id='word_1_2' title='bbox 226 589 452 646; x_wconf 86' lang='lat' dir='ltr'><strong>Domino</strong></span> <span class='ocrx_word' id='word_1_3' title='bbox 481 583 641 656; x_wconf 75' lang='lat' dir='ltr'><strong>oﬂ‘ert</strong></span> <span class='ocrx_word' id='word_1_4' title='bbox 661 587 892 643; x_wconf 78' lang='lat' dir='ltr'><strong>hostiam</strong></span> <span class='ocrx_word' id='word_1_5' title='bbox 931 586 1126 644; x_wconf 83' lang='lat' dir='ltr'><strong>laudis.</strong></span> <span class='ocrx_word' id='word_1_6' title='bbox 1163 588 1317 654; x_wconf 84' lang='lat' dir='ltr'><strong>Quod</strong></span> <span class='ocrx_word' id='word_1_7' title='bbox 1344 589 1389 643; x_wconf 88' lang='lat' dir='ltr'><strong>si</strong></span> <span class='ocrx_word' id='word_1_8' title='bbox 1422 591 1586 642; x_wconf 89' lang='lat' dir='ltr'><strong>etiam</strong></span> <span class='ocrx_word' id='word_1_9' title='bbox 1627 605 1797 645; x_wconf 74' lang='lat' dir='ltr'><strong>s&#39;ecn—</strong></span> <span class='ocrx_word' id='word_1_10' title='bbox 1823 592 1876 652; x_wconf 73' lang='grc' dir='ltr'>Α</span> 
     </span>
    </p>
   </div>
   <div class='ocr_carea' id='block_1_3' title="bbox 225 679 1796 749">
    <p class='ocr_par' dir='ltr' id='par_1_3' title="bbox 225 679 1796 749">
     <span class='ocr_line' id='line_1_3' title="bbox 225 679 1796 749; baseline 0.001 -15"><span class='ocrx_word' id='word_1_11' title='bbox 225 682 330 734; x_wconf 92' lang='lat' dir='ltr'><strong>lum</strong></span> <span class='ocrx_word' id='word_1_12' title='bbox 389 694 492 733; x_wconf 87' lang='lat' dir='ltr'><strong>non</strong></span> <span class='ocrx_word' id='word_1_13' title='bbox 537 688 715 747; x_wconf 87' lang='lat' dir='ltr'><strong>potest</strong></span> <span class='ocrx_word' id='word_1_14' title='bbox 761 679 1088 748; x_wconf 79' lang='lat' dir='ltr'><strong>relinquere,</strong></span> <span class='ocrx_word' id='word_1_15' title='bbox 1135 695 1236 734; x_wconf 91' lang='lat' dir='ltr'><strong>nec</strong></span> <span class='ocrx_word' id='word_1_16' title='bbox 1280 694 1344 733; x_wconf 87' lang='lat' dir='ltr'><strong>ea</strong></span> <span class='ocrx_word' id='word_1_17' title='bbox 1397 696 1517 749; x_wconf 70' lang='lat' dir='ltr'><strong>qua:</strong></span> <span class='ocrx_word' id='word_1_18' title='bbox 1562 681 1796 736; x_wconf 79' lang='lat' dir='ltr'><strong>diximus</strong></span> 
     </span>
    </p>
   </div>
   <div class='ocr_carea' id='block_1_4' title="bbox 224 769 1792 842">
    <p class='ocr_par' dir='ltr' id='par_1_4' title="bbox 224 769 1792 842">
     <span class='ocr_line' id='line_1_4' title="bbox 224 769 1792 842; baseline 0 -16"><span class='ocrx_word' id='word_1_19' title='bbox 224 771 534 841; x_wconf 87' lang='lat' dir='ltr'><strong>adimplere,</strong></span> <span class='ocrx_word' id='word_1_20' title='bbox 567 769 761 826; x_wconf 59' lang='lat' dir='ltr'><strong>oderat</strong></span> <span class='ocrx_word' id='word_1_21' title='bbox 801 773 1030 826; x_wconf 89' lang='lat' dir='ltr'><strong>similam</strong></span> <span class='ocrx_word' id='word_1_22' title='bbox 1077 771 1342 826; x_wconf 82' lang='lat' dir='ltr'><strong>decimam</strong></span> <span class='ocrx_word' id='word_1_23' title='bbox 1391 781 1600 841; x_wconf 77' lang='lat' dir='ltr'><strong>partem</strong></span> <span class='ocrx_word' id='word_1_24' title='bbox 1647 772 1792 842; x_wconf 88' lang='lat' dir='ltr'><strong>ephi.</strong></span> 
     </span>
    </p>
   </div>
   <div class='ocr_carea' id='block_1_5' title="bbox 223 863 1797 933">
    <p class='ocr_par' dir='ltr' id='par_1_5' title="bbox 223 863 1797 933">
     <span class='ocr_line' id='line_1_5' title="bbox 223 863 1797 933; baseline 0.003 -17"><span class='ocrx_word' id='word_1_25' title='bbox 223 863 353 933; x_wconf 83' lang='lat' dir='ltr'><strong>Ephi</strong></span> <span class='ocrx_word' id='word_1_26' title='bbox 385 874 493 917; x_wconf 89' lang='lat' dir='ltr'><strong>tres</strong></span> <span class='ocrx_word' id='word_1_27' title='bbox 514 863 678 918; x_wconf 88' lang='lat' dir='ltr'><strong>habet</strong></span> <span class='ocrx_word' id='word_1_28' title='bbox 702 864 909 918; x_wconf 83' lang='lat' dir='ltr'><strong>modios</strong></span> <span class='ocrx_word' id='word_1_29' title='bbox 933 873 986 918; x_wconf 87' lang='lat' dir='ltr'><strong>et</strong></span> <span class='ocrx_word' id='word_1_30' title='bbox 1005 863 1274 932; x_wconf 73' lang='lat' dir='ltr'><strong>signiﬁcat</strong></span> <span class='ocrx_word' id='word_1_31' title='bbox 1292 865 1574 919; x_wconf 89' lang='lat' dir='ltr'><strong>scientiam</strong></span> <span class='ocrx_word' id='word_1_32' title='bbox 1595 874 1797 920; x_wconf 64' lang='lat' dir='ltr'><strong>sanctae</strong></span> 
     </span>
    </p>
   </div>
   <div class='ocr_carea' id='block_1_6' title="bbox 223 952 1796 1026">
    <p class='ocr_par' dir='ltr' id='par_1_6' title="bbox 223 952 1796 1026">
     <span class='ocr_line' id='line_1_6' title="bbox 223 952 1796 1026; baseline 0.001 -16"><span class='ocrx_word' id='word_1_33' title='bbox 223 953 519 1010; x_wconf 82' lang='lat' dir='ltr'><strong>Trinitatis.</strong></span> <span class='ocrx_word' id='word_1_34' title='bbox 548 952 717 1009; x_wconf 77' lang='lat' dir='ltr'><strong>Oﬂ&#39;ert</strong></span> <span class='ocrx_word' id='word_1_35' title='bbox 740 955 806 1008; x_wconf 91' lang='lat' dir='ltr'><strong>de</strong></span> <span class='ocrx_word' id='word_1_36' title='bbox 833 971 894 1008; x_wconf 88' lang='lat' dir='ltr'><strong>ea</strong></span> <span class='ocrx_word' id='word_1_37' title='bbox 926 955 1188 1011; x_wconf 89' lang='lat' dir='ltr'><strong>decimam</strong></span> <span class='ocrx_word' id='word_1_38' title='bbox 1221 965 1426 1026; x_wconf 87' lang='lat' dir='ltr'><strong>partem</strong></span> <span class='ocrx_word' id='word_1_39' title='bbox 1459 957 1584 1010; x_wconf 89' lang='lat' dir='ltr'><strong>dum</strong></span> <span class='ocrx_word' id='word_1_40' title='bbox 1610 957 1662 1010; x_wconf 93' lang='lat' dir='ltr'><strong>in</strong></span> <span class='ocrx_word' id='word_1_41' title='bbox 1691 958 1796 1011; x_wconf 91' lang='lat' dir='ltr'><strong>hu-</strong></span> 
     </span>
    </p>
   </div>
   <div class='ocr_carea' id='block_1_7' title="bbox 219 1047 1786 1118">
    <p class='ocr_par' dir='ltr' id='par_1_7' title="bbox 219 1047 1786 1118">
     <span class='ocr_line' id='line_1_7' title="bbox 219 1047 1786 1118; baseline 0.001 -15"><span class='ocrx_word' id='word_1_42' title='bbox 219 1048 530 1104; x_wconf 79' lang='lat' dir='ltr'><strong>manitatem</strong></span> <span class='ocrx_word' id='word_1_43' title='bbox 560 1047 782 1112; x_wconf 86' lang='lat' dir='ltr'><strong>Christi,</strong></span> <span class='ocrx_word' id='word_1_44' title='bbox 819 1065 977 1118; x_wconf 88' lang='lat' dir='ltr'><strong>quam</strong></span> <span class='ocrx_word' id='word_1_45' title='bbox 1025 1050 1126 1104; x_wconf 86' lang='lat' dir='ltr'><strong>sibi</strong></span> <span class='ocrx_word' id='word_1_46' title='bbox 1159 1059 1342 1104; x_wconf 85' lang='lat' dir='ltr'><strong>sancta</strong></span> <span class='ocrx_word' id='word_1_47' title='bbox 1375 1049 1614 1105; x_wconf 79' lang='lat' dir='ltr'><strong>Trinitas</strong></span> <span class='ocrx_word' id='word_1_48' title='bbox 1644 1067 1786 1106; x_wconf 84' lang='lat' dir='ltr'><strong>asso-</strong></span> 
     </span>
    </p>
   </div>
   <div class='ocr_carea' id='block_1_8' title="bbox 218 1141 1796 1213">
    <p class='ocr_par' dir='ltr' id='par_1_8' title="bbox 218 1141 1796 1213">
     <span class='ocr_line' id='line_1_8' title="bbox 218 1141 1796 1213; baseline 0.002 -18"><span class='ocrx_word' id='word_1_49' title='bbox 218 1141 401 1204; x_wconf 82' lang='lat' dir='ltr'><strong>ciarit,</strong></span> <span class='ocrx_word' id='word_1_50' title='bbox 452 1141 690 1209; x_wconf 81' lang='lat' dir='ltr'><strong>perfecte</strong></span> <span class='ocrx_word' id='word_1_51' title='bbox 726 1142 963 1196; x_wconf 85' lang='lat' dir='ltr'><strong>confidit.</strong></span> <span class='ocrx_word' id='word_1_52' title='bbox 1025 1142 1288 1197; x_wconf 82' lang='lat' dir='ltr'><strong>Denarins</strong></span> <span class='ocrx_word' id='word_1_53' title='bbox 1326 1144 1466 1196; x_wconf 88' lang='lat' dir='ltr'><strong>enim</strong></span> <span class='ocrx_word' id='word_1_54' title='bbox 1509 1145 1796 1213; x_wconf 79' lang='lat' dir='ltr'><strong>perfectio-</strong></span> 
     </span>
    </p>
   </div>
   <div class='ocr_carea' id='block_1_9' title="bbox 217 1233 1796 1293">
    <p class='ocr_par' dir='ltr' id='par_1_9' title="bbox 217 1233 1796 1293">
     <span class='ocr_line' id='line_1_9' title="bbox 217 1233 1796 1293; baseline 0.004 -7"><span class='ocrx_word' id='word_1_55' title='bbox 217 1233 304 1287; x_wconf 86' lang='lat' dir='ltr'><strong>nis</strong></span> <span class='ocrx_word' id='word_1_56' title='bbox 332 1243 416 1287; x_wconf 89' lang='lat' dir='ltr'><strong>est</strong></span> <span class='ocrx_word' id='word_1_57' title='bbox 455 1234 636 1287; x_wconf 81' lang='lat' dir='ltr'><strong>index.</strong></span> <span class='ocrx_word' id='word_1_58' title='bbox 681 1234 794 1287; x_wconf 88' lang='lat' dir='ltr'><strong>Non</strong></span> <span class='ocrx_word' id='word_1_59' title='bbox 835 1235 998 1288; x_wconf 87' lang='lat' dir='ltr'><strong>mittit</strong></span> <span class='ocrx_word' id='word_1_60' title='bbox 1040 1237 1092 1288; x_wconf 87' lang='lat' dir='ltr'><strong>in</strong></span> <span class='ocrx_word' id='word_1_61' title='bbox 1120 1250 1242 1288; x_wconf 85' lang='lat' dir='ltr'><strong>eam</strong></span> <span class='ocrx_word' id='word_1_62' title='bbox 1268 1236 1443 1289; x_wconf 87' lang='lat' dir='ltr'><strong>oleum</strong></span> <span class='ocrx_word' id='word_1_63' title='bbox 1474 1252 1573 1291; x_wconf 83' lang='lat' dir='ltr'><strong>nec</strong></span> <span class='ocrx_word' id='word_1_64' title='bbox 1621 1239 1796 1293; x_wconf 90' lang='lat' dir='ltr'><strong>tlutris</strong></span> 
     </span>
    </p>
   </div>
   <div class='ocr_carea' id='block_1_10' title="bbox 215 1323 1794 1399">
    <p class='ocr_par' dir='ltr' id='par_1_10' title="bbox 215 1323 1794 1399">
     <span class='ocr_line' id='line_1_10' title="bbox 215 1323 1794 1399; baseline 0.004 -21"><span class='ocrx_word' id='word_1_65' title='bbox 215 1323 436 1394; x_wconf 89' lang='lat' dir='ltr'><strong>aliquid.</strong></span> <span class='ocrx_word' id='word_1_66' title='bbox 464 1325 561 1391; x_wconf 86' lang='lat' dir='ltr'><strong>Qui</strong></span> <span class='ocrx_word' id='word_1_67' title='bbox 585 1325 726 1379; x_wconf 90' lang='lat' dir='ltr'><strong>enim</strong></span> <span class='ocrx_word' id='word_1_68' title='bbox 759 1335 864 1379; x_wconf 88' lang='lat' dir='ltr'><strong>tam</strong></span> <span class='ocrx_word' id='word_1_69' title='bbox 897 1327 1140 1380; x_wconf 87' lang='lat' dir='ltr'><strong>inﬁrmus</strong></span> <span class='ocrx_word' id='word_1_70' title='bbox 1169 1338 1246 1382; x_wconf 86' lang='lat' dir='ltr'><strong>est</strong></span> <span class='ocrx_word' id='word_1_71' title='bbox 1274 1338 1328 1381; x_wconf 92' lang='lat' dir='ltr'><strong>ut</strong></span> <span class='ocrx_word' id='word_1_72' title='bbox 1362 1329 1599 1397; x_wconf 87' lang='lat' dir='ltr'><strong>perfecte</strong></span> <span class='ocrx_word' id='word_1_73' title='bbox 1621 1332 1794 1399; x_wconf 75' lang='lat' dir='ltr'><strong>pumi-</strong></span> 
     </span>
    </p>
   </div>
   <div class='ocr_carea' id='block_1_11' title="bbox 217 1415 1790 1484">
    <p class='ocr_par' dir='ltr' id='par_1_11' title="bbox 217 1415 1790 1484">
     <span class='ocr_line' id='line_1_11' title="bbox 217 1415 1790 1484; baseline 0.003 -15"><span class='ocrx_word' id='word_1_74' title='bbox 217 1424 330 1469; x_wconf 86' lang='lat' dir='ltr'><strong>tere</strong></span> <span class='ocrx_word' id='word_1_75' title='bbox 361 1431 461 1467; x_wconf 85' lang='lat' dir='ltr'><strong>non</strong></span> <span class='ocrx_word' id='word_1_76' title='bbox 498 1415 661 1478; x_wconf 90' lang='lat' dir='ltr'><strong>norit,</strong></span> <span class='ocrx_word' id='word_1_77' title='bbox 702 1416 963 1484; x_wconf 89' lang='lat' dir='ltr'><strong>spiritnali</strong></span> <span class='ocrx_word' id='word_1_78' title='bbox 1004 1416 1188 1471; x_wconf 74' lang='lat' dir='ltr'><strong>laztitia</strong></span> <span class='ocrx_word' id='word_1_79' title='bbox 1236 1418 1556 1472; x_wconf 85' lang='lat' dir='ltr'><strong>ﬁdncialiler</strong></span> <span class='ocrx_word' id='word_1_80' title='bbox 1583 1420 1654 1473; x_wconf 88' lang='lat' dir='ltr'><strong>uti</strong></span> <span class='ocrx_word' id='word_1_81' title='bbox 1686 1436 1790 1474; x_wconf 93' lang='lat' dir='ltr'><strong>non</strong></span> 
     </span>
    </p>
   </div>
   <div class='ocr_carea' id='block_1_12' title="bbox 212 1506 1792 1578">
    <p class='ocr_par' dir='ltr' id='par_1_12' title="bbox 212 1506 1792 1578">
     <span class='ocr_line' id='line_1_12' title="bbox 212 1506 1792 1578; baseline 0.005 -20"><span class='ocrx_word' id='word_1_82' title='bbox 212 1513 409 1574; x_wconf 80' lang='lat' dir='ltr'><strong>potest.</strong></span> <span class='ocrx_word' id='word_1_83' title='bbox 445 1521 543 1560; x_wconf 89' lang='lat' dir='ltr'><strong>nec</strong></span> <span class='ocrx_word' id='word_1_84' title='bbox 583 1506 636 1560; x_wconf 88' lang='lat' dir='ltr'><strong>itt</strong></span> <span class='ocrx_word' id='word_1_85' title='bbox 677 1508 921 1561; x_wconf 87' lang='lat' dir='ltr'><strong>oratione</strong></span> <span class='ocrx_word' id='word_1_86' title='bbox 956 1524 1050 1562; x_wconf 85' lang='lat' dir='ltr'><strong>sua</strong></span> <span class='ocrx_word' id='word_1_87' title='bbox 1095 1509 1391 1574; x_wconf 88' lang='lat' dir='ltr'><strong>conﬁdere,</strong></span> <span class='ocrx_word' id='word_1_88' title='bbox 1443 1511 1566 1578; x_wconf 93' lang='lat' dir='ltr'><strong>quia</strong></span> <span class='ocrx_word' id='word_1_89' title='bbox 1619 1511 1792 1566; x_wconf 81' lang='lat' dir='ltr'><strong>nescit</strong></span> 
     </span>
    </p>
   </div>
   <div class='ocr_carea' id='block_1_13' title="bbox 211 1596 1789 1670">
    <p class='ocr_par' dir='ltr' id='par_1_13' title="bbox 211 1596 1789 1670">
     <span class='ocr_line' id='line_1_13' title="bbox 211 1596 1789 1670; baseline 0.005 -22"><span class='ocrx_word' id='word_1_90' title='bbox 211 1596 445 1666; x_wconf 88' lang='lat' dir='ltr'><strong>qualiter</strong></span> <span class='ocrx_word' id='word_1_91' title='bbox 487 1597 698 1652; x_wconf 88' lang='lat' dir='ltr'><strong>Domini</strong></span> <span class='ocrx_word' id='word_1_92' title='bbox 761 1598 1127 1653; x_wconf 75' lang='lat' dir='ltr'><strong>misericordia</strong></span> <span class='ocrx_word' id='word_1_93' title='bbox 1180 1614 1306 1668; x_wconf 79' lang='lat' dir='ltr'><strong>erga</strong></span> <span class='ocrx_word' id='word_1_94' title='bbox 1347 1600 1493 1654; x_wconf 89' lang='lat' dir='ltr'><strong>illum</strong></span> <span class='ocrx_word' id='word_1_95' title='bbox 1526 1610 1789 1670; x_wconf 84' lang='lat' dir='ltr'><strong>patescat,</strong></span> 
     </span>
    </p>
   </div>
   <div class='ocr_carea' id='block_1_14' title="bbox 211 1686 1794 1758">
    <p class='ocr_par' dir='ltr' id='par_1_14' title="bbox 211 1686 1794 1758">
     <span class='ocr_line' id='line_1_14' title="bbox 211 1686 1794 1758; baseline 0.004 -16"><span class='ocrx_word' id='word_1_96' title='bbox 211 1686 354 1742; x_wconf 85' lang='lat' dir='ltr'><strong>sicut</strong></span> <span class='ocrx_word' id='word_1_97' title='bbox 395 1689 654 1758; x_wconf 84' lang='lat' dir='ltr'><strong>propheta</strong></span> <span class='ocrx_word' id='word_1_98' title='bbox 695 1689 825 1744; x_wconf 89' lang='lat' dir='ltr'><strong>dicit</strong></span> <span class='ocrx_word' id='word_1_99' title='bbox 863 1708 874 1743; x_wconf 92' lang='lat'>:</span> <span class='ocrx_word' id='word_1_100' title='bbox 906 1710 925 1741; x_wconf 77' lang='grc' dir='ltr'><strong>ι</strong></span> <span class='ocrx_word' id='word_1_101' title='bbox 965 1689 1096 1757; x_wconf 86' lang='lat' dir='ltr'><strong>Quis</strong></span> <span class='ocrx_word' id='word_1_102' title='bbox 1142 1691 1246 1746; x_wconf 86' lang='lat' dir='ltr'><strong>scit</strong></span> <span class='ocrx_word' id='word_1_103' title='bbox 1274 1694 1318 1746; x_wconf 90' lang='lat' dir='ltr'><strong>si</strong></span> <span class='ocrx_word' id='word_1_104' title='bbox 1365 1703 1713 1748; x_wconf 79' lang='lat' dir='ltr'><strong>convertatur</strong></span> <span class='ocrx_word' id='word_1_105' title='bbox 1739 1702 1794 1748; x_wconf 89' lang='lat' dir='ltr'><strong>et</strong></span> 
     </span>
    </p>
   </div>
   <div class='ocr_carea' id='block_1_15' title="bbox 211 1777 1790 1850">
    <p class='ocr_par' dir='ltr' id='par_1_15' title="bbox 211 1777 1790 1850">
     <span class='ocr_line' id='line_1_15' title="bbox 211 1777 1790 1850; baseline 0.006 -19"><span class='ocrx_word' id='word_1_106' title='bbox 211 1777 459 1848; x_wconf 76' lang='lat' dir='ltr'><strong>ignoscat</strong></span> <span class='ocrx_word' id='word_1_107' title='bbox 485 1779 645 1842; x_wconf 90' lang='lat' dir='ltr'><strong>Deus,</strong></span> <span class='ocrx_word' id='word_1_108' title='bbox 685 1800 704 1831; x_wconf 78' lang='grc' dir='ltr'><strong>ι</strong></span> <span class='ocrx_word' id='word_1_109' title='bbox 735 1792 841 1835; x_wconf 86' lang='lat' dir='ltr'><strong>etc.</strong></span> <span class='ocrx_word' id='word_1_110' title='bbox 871 1781 1030 1850; x_wconf 84' lang='lat' dir='ltr'><strong>(Joel.</strong></span> <span class='ocrx_word' id='word_1_111' title='bbox 1063 1782 1148 1848; x_wconf 88' lang='grc' dir='ltr'>ιι.)</span> <span class='ocrx_word' id='word_1_112' title='bbox 1185 1781 1371 1837; x_wconf 83' lang='lat' dir='ltr'><strong>Tradit</strong></span> <span class='ocrx_word' id='word_1_113' title='bbox 1405 1785 1670 1840; x_wconf 84' lang='lat' dir='ltr'><strong>sacerdoti</strong></span> <span class='ocrx_word' id='word_1_114' title='bbox 1711 1787 1790 1841; x_wconf 86' lang='lat' dir='ltr'><strong>si-</strong></span> 
     </span>
    </p>
   </div>
   <div class='ocr_carea' id='block_1_16' title="bbox 207 1869 1790 1943">
    <p class='ocr_par' dir='ltr' id='par_1_16' title="bbox 207 1869 1790 1943">
     <span class='ocr_line' id='line_1_16' title="bbox 207 1869 1790 1943; baseline 0.005 -20"><span class='ocrx_word' id='word_1_115' title='bbox 207 1869 416 1934; x_wconf 86' lang='lat' dir='ltr'><strong>milam,</strong></span> <span class='ocrx_word' id='word_1_116' title='bbox 448 1870 572 1924; x_wconf 91' lang='lat' dir='ltr'><strong>dum</strong></span> <span class='ocrx_word' id='word_1_117' title='bbox 604 1871 983 1926; x_wconf 88' lang='lat' dir='ltr'><strong>conﬁdentiam</strong></span> <span class='ocrx_word' id='word_1_118' title='bbox 1037 1874 1206 1943; x_wconf 89' lang='lat' dir='ltr'><strong>ipsam</strong></span> <span class='ocrx_word' id='word_1_119' title='bbox 1247 1873 1465 1930; x_wconf 87' lang='lat' dir='ltr'><strong>Christo</strong></span> <span class='ocrx_word' id='word_1_120' title='bbox 1515 1891 1790 1931; x_wconf 72' lang='lat' dir='ltr'><strong>eorumeo-</strong></span> 
     </span>
    </p>
   </div>
   <div class='ocr_carea' id='block_1_17' title="bbox 1184 472 2538 554">
    <p class='ocr_par' dir='ltr' id='par_1_17' title="bbox 1184 472 2538 554">
     <span class='ocr_line' id='line_1_17' title="bbox 1184 472 2538 554; baseline 0.002 -24"><span class='ocrx_word' id='word_1_121' title='bbox 1184 474 1482 554; x_wconf 72' lang='lat' dir='ltr'><strong>EPlTOME</strong></span> <span class='ocrx_word' id='word_1_122' title='bbox 1518 475 1874 534; x_wconf 77' lang='lat' dir='ltr'><strong>COMMENT.</strong></span> <span class='ocrx_word' id='word_1_123' title='bbox 1914 472 2170 533; x_wconf 64' lang='grc' dir='ltr'><strong>ΜΒΑΝΙ</strong></span> <span class='ocrx_word' id='word_1_124' title='bbox 2207 477 2276 536; x_wconf 69' lang='lat' dir='ltr'><strong>IN</strong></span> <span class='ocrx_word' id='word_1_125' title='bbox 2312 475 2538 536; x_wconf 73' lang='lat' dir='ltr'><strong>LEVIT.</strong></span> 
     </span>
    </p>
   </div>
   <div class='ocr_carea' id='block_1_18' title="bbox 3379 482 3484 544">
    <p class='ocr_par' dir='ltr' id='par_1_18' title="bbox 3379 482 3484 544">
     <span class='ocr_line' id='line_1_18' title="bbox 3379 482 3484 544; baseline 0 -6"><span class='ocrx_word' id='word_1_126' title='bbox 3379 482 3484 544; x_wconf 79' lang='lat'><strong>806</strong></span> 
     </span>
    </p>
   </div>
   <div class='ocr_carea' id='block_1_19' title="bbox 2508 585 2868 648">
    <p class='ocr_par' dir='ltr' id='par_1_19' title="bbox 2508 585 2868 648">
     <span class='ocr_line' id='line_1_19' title="bbox 2508 585 2868 648; baseline 0.011 -4"><span class='ocrx_word' id='word_1_127' title='bbox 2508 586 2738 646; x_wconf 84' lang='lat' dir='ltr'><strong>CAPUT</strong></span> <span class='ocrx_word' id='word_1_128' title='bbox 2778 585 2868 648; x_wconf 71' lang='lat' dir='ltr'><strong>VL</strong></span> 
     </span>
    </p>
   </div>
   <div class='ocr_carea' id='block_1_20' title="bbox 1977 669 3474 742">
    <p class='ocr_par' dir='ltr' id='par_1_20' title="bbox 1977 669 3474 742">
     <span class='ocr_line' id='line_1_20' title="bbox 1977 669 3474 742; baseline 0.007 -22"><span class='ocrx_word' id='word_1_129' title='bbox 1977 687 2004 724; x_wconf 76' lang='grc' dir='ltr'><strong>ι.</strong></span> <span class='ocrx_word' id='word_1_130' title='bbox 2023 669 2218 725; x_wconf 78' lang='lat' dir='ltr'><strong>Anima</strong></span> <span class='ocrx_word' id='word_1_131' title='bbox 2241 685 2360 740; x_wconf 71' lang='lat' dir='ltr'><strong>qua:</strong></span> <span class='ocrx_word' id='word_1_132' title='bbox 2392 673 2726 741; x_wconf 71' lang='lat' dir='ltr'><strong>peccaverit,</strong></span> <span class='ocrx_word' id='word_1_133' title='bbox 2751 681 2807 726; x_wconf 85' lang='lat' dir='ltr'><strong>et</strong></span> <span class='ocrx_word' id='word_1_134' title='bbox 2841 679 3150 742; x_wconf 81' lang='lat' dir='ltr'><strong>contempto</strong></span> <span class='ocrx_word' id='word_1_135' title='bbox 3175 672 3424 742; x_wconf 86' lang='lat' dir='ltr'><strong>Domino,</strong></span> <span class='ocrx_word' id='word_1_136' title='bbox 3455 696 3474 730; x_wconf 76' lang='grc' dir='ltr'><strong>ι</strong></span> 
     </span>
    </p>
   </div>
   <div class='ocr_carea' id='block_1_21' title="bbox 1899 760 3480 836">
    <p class='ocr_par' dir='ltr' id='par_1_21' title="bbox 1899 760 3480 836">
     <span class='ocr_line' id='line_1_21' title="bbox 1899 760 3480 836; baseline -0.001 -20"><span class='ocrx_word' id='word_1_137' title='bbox 1899 767 1956 816; x_wconf 90' lang='lat' dir='ltr'><strong>et</strong></span> <span class='ocrx_word' id='word_1_138' title='bbox 1984 760 2210 830; x_wconf 84' lang='lat' dir='ltr'><strong>reliqua.</strong></span> <span class='ocrx_word' id='word_1_139' title='bbox 2250 761 2559 816; x_wconf 91' lang='lat' dir='ltr'><strong>Contemnit</strong></span> <span class='ocrx_word' id='word_1_140' title='bbox 2590 763 2896 827; x_wconf 87' lang='lat' dir='ltr'><strong>Dominum,</strong></span> <span class='ocrx_word' id='word_1_141' title='bbox 2926 765 3016 834; x_wconf 85' lang='lat' dir='ltr'><strong>qui</strong></span> <span class='ocrx_word' id='word_1_142' title='bbox 3053 766 3270 836; x_wconf 71' lang='lat' dir='ltr'><strong>negligit</strong></span> <span class='ocrx_word' id='word_1_143' title='bbox 3293 784 3480 826; x_wconf 87' lang='lat' dir='ltr'><strong>emen-</strong></span> 
     </span>
    </p>
   </div>
   <div class='ocr_carea' id='block_1_22' title="bbox 1900 850 3482 924">
    <p class='ocr_par' dir='ltr' id='par_1_22' title="bbox 1900 850 3482 924">
     <span class='ocr_line' id='line_1_22' title="bbox 1900 850 3482 924; baseline 0.008 -20"><span class='ocrx_word' id='word_1_144' title='bbox 1900 850 2053 914; x_wconf 88' lang='lat' dir='ltr'><strong>dare,</strong></span> <span class='ocrx_word' id='word_1_145' title='bbox 2087 860 2141 905; x_wconf 91' lang='lat' dir='ltr'><strong>et</strong></span> <span class='ocrx_word' id='word_1_146' title='bbox 2184 867 2290 905; x_wconf 92' lang='lat' dir='ltr'><strong>non</strong></span> <span class='ocrx_word' id='word_1_147' title='bbox 2332 852 2577 923; x_wconf 79' lang='lat' dir='ltr'><strong>intelligit</strong></span> <span class='ocrx_word' id='word_1_148' title='bbox 2612 852 2682 908; x_wconf 89' lang='lat' dir='ltr'><strong>ab</strong></span> <span class='ocrx_word' id='word_1_149' title='bbox 2720 854 2836 922; x_wconf 90' lang='lat' dir='ltr'><strong>ipso</strong></span> <span class='ocrx_word' id='word_1_150' title='bbox 2884 856 3398 924; x_wconf 82' lang='lat' dir='ltr'><strong>possemanifestari</strong></span> <span class='ocrx_word' id='word_1_151' title='bbox 3425 866 3482 916; x_wconf 80' lang='lat' dir='ltr'><strong>et</strong></span> 
     </span>
    </p>
   </div>
   <div class='ocr_carea' id='block_1_23' title="bbox 1902 942 3477 1020">
    <p class='ocr_par' dir='ltr' id='par_1_23' title="bbox 1902 942 3477 1020">
     <span class='ocr_line' id='line_1_23' title="bbox 1902 942 3477 1020; baseline 0.004 -24"><span class='ocrx_word' id='word_1_152' title='bbox 1902 942 2184 998; x_wconf 80' lang='lat' dir='ltr'><strong>vindicari.</strong></span> <span class='ocrx_word' id='word_1_153' title='bbox 2219 943 2534 1012; x_wconf 86' lang='lat' dir='ltr'><strong>Quicunque</strong></span> <span class='ocrx_word' id='word_1_154' title='bbox 2572 953 2753 1000; x_wconf 87' lang='lat' dir='ltr'><strong>autem</strong></span> <span class='ocrx_word' id='word_1_155' title='bbox 2786 963 2814 1000; x_wconf 88' lang='lat' dir='ltr'><strong>a</strong></span> <span class='ocrx_word' id='word_1_156' title='bbox 2843 946 2936 1004; x_wconf 85' lang='lat' dir='ltr'><strong>tali</strong></span> <span class='ocrx_word' id='word_1_157' title='bbox 2971 947 3166 1006; x_wconf 79' lang='lat' dir='ltr'><strong>duritia</strong></span> <span class='ocrx_word' id='word_1_158' title='bbox 3200 947 3477 1020; x_wconf 78' lang='lat' dir='ltr'><strong>deceptus,</strong></span> 
     </span>
    </p>
   </div>
   <div class='ocr_carea' id='block_1_24' title="bbox 1899 1031 3479 1111">
    <p class='ocr_par' dir='ltr' id='par_1_24' title="bbox 1899 1031 3479 1111">
     <span class='ocr_line' id='line_1_24' title="bbox 1899 1031 3479 1111; baseline 0.007 -25"><span class='ocrx_word' id='word_1_159' title='bbox 1899 1031 2128 1089; x_wconf 89' lang='lat' dir='ltr'><strong>Domino</strong></span> <span class='ocrx_word' id='word_1_160' title='bbox 2167 1034 2218 1087; x_wconf 91' lang='lat' dir='ltr'><strong>in</strong></span> <span class='ocrx_word' id='word_1_161' title='bbox 2249 1035 2427 1105; x_wconf 90' lang='lat' dir='ltr'><strong>aliquo</strong></span> <span class='ocrx_word' id='word_1_162' title='bbox 2455 1039 2765 1092; x_wconf 88' lang='lat' dir='ltr'><strong>contrarius</strong></span> <span class='ocrx_word' id='word_1_163' title='bbox 2792 1038 3072 1096; x_wconf 71' lang='lat' dir='ltr'><strong>exstiterit.</strong></span> <span class='ocrx_word' id='word_1_164' title='bbox 3102 1051 3158 1094; x_wconf 88' lang='lat' dir='ltr'><strong>et</strong></span> <span class='ocrx_word' id='word_1_165' title='bbox 3195 1042 3479 1111; x_wconf 70' lang='lat' dir='ltr'><strong>praeceptis</strong></span> 
     </span>
    </p>
   </div>
   <div class='ocr_carea' id='block_1_25' title="bbox 1898 1123 3476 1198">
    <p class='ocr_par' dir='ltr' id='par_1_25' title="bbox 1898 1123 3476 1198">
     <span class='ocr_line' id='line_1_25' title="bbox 1898 1123 3476 1198; baseline 0.006 -19"><span class='ocrx_word' id='word_1_166' title='bbox 1898 1123 2016 1194; x_wconf 85' lang='lat' dir='ltr'><strong>ejus</strong></span> <span class='ocrx_word' id='word_1_167' title='bbox 2059 1127 2398 1193; x_wconf 85' lang='lat' dir='ltr'><strong>contraierit,</strong></span> <span class='ocrx_word' id='word_1_168' title='bbox 2429 1128 2520 1183; x_wconf 83' lang='lat' dir='ltr'><strong>vel.</strong></span> <span class='ocrx_word' id='word_1_169' title='bbox 2555 1129 2598 1182; x_wconf 90' lang='lat' dir='ltr'><strong>si</strong></span> <span class='ocrx_word' id='word_1_170' title='bbox 2645 1130 2958 1198; x_wconf 73' lang='lat' dir='ltr'><strong>proximum.</strong></span> <span class='ocrx_word' id='word_1_171' title='bbox 2989 1135 3222 1186; x_wconf 86' lang='lat' dir='ltr'><strong>scienter</strong></span> <span class='ocrx_word' id='word_1_172' title='bbox 3261 1131 3476 1198; x_wconf 64' lang='lat' dir='ltr'><strong>laeserit,</strong></span> 
     </span>
    </p>
   </div>
   <div class='ocr_carea' id='block_1_26' title="bbox 1898 1218 3479 1293">
    <p class='ocr_par' dir='ltr' id='par_1_26' title="bbox 1898 1218 3479 1293">
     <span class='ocr_line' id='line_1_26' title="bbox 1898 1218 3479 1293; baseline 0.006 -24"><span class='ocrx_word' id='word_1_173' title='bbox 1898 1218 2063 1270; x_wconf 84' lang='lat' dir='ltr'><strong>addat</strong></span> <span class='ocrx_word' id='word_1_174' title='bbox 2092 1219 2334 1287; x_wconf 88' lang='lat' dir='ltr'><strong>qttintatn</strong></span> <span class='ocrx_word' id='word_1_175' title='bbox 2365 1230 2574 1287; x_wconf 87' lang='lat' dir='ltr'><strong>partem</strong></span> <span class='ocrx_word' id='word_1_176' title='bbox 2604 1220 2785 1289; x_wconf 88' lang='lat' dir='ltr'><strong>pretii,</strong></span> <span class='ocrx_word' id='word_1_177' title='bbox 2820 1221 2870 1276; x_wconf 89' lang='lat' dir='ltr'><strong>id</strong></span> <span class='ocrx_word' id='word_1_178' title='bbox 2906 1231 2995 1277; x_wconf 83' lang='lat' dir='ltr'><strong>est</strong></span> <span class='ocrx_word' id='word_1_179' title='bbox 3039 1222 3232 1293; x_wconf 56' lang='lat' dir='ltr'><strong>lingua</strong></span> <span class='ocrx_word' id='word_1_180' title='bbox 3267 1224 3479 1279; x_wconf 62' lang='lat' dir='ltr'><strong>confeso</strong></span> 
     </span>
    </p>
   </div>
   <div class='ocr_carea' id='block_1_27' title="bbox 1897 1311 3478 1385">
    <p class='ocr_par' dir='ltr' id='par_1_27' title="bbox 1897 1311 3478 1385">
     <span class='ocr_line' id='line_1_27' title="bbox 1897 1311 3478 1385; baseline 0.005 -20"><span class='ocrx_word' id='word_1_181' title='bbox 1897 1314 2098 1366; x_wconf 85' lang='lat' dir='ltr'><strong>siones.</strong></span> <span class='ocrx_word' id='word_1_182' title='bbox 2140 1311 2220 1365; x_wconf 84' lang='lat' dir='ltr'><strong>Ad</strong></span> <span class='ocrx_word' id='word_1_183' title='bbox 2266 1313 2501 1384; x_wconf 76' lang='lat' dir='ltr'><strong>linguam</strong></span> <span class='ocrx_word' id='word_1_184' title='bbox 2553 1315 2698 1370; x_wconf 88' lang='lat' dir='ltr'><strong>enim</strong></span> <span class='ocrx_word' id='word_1_185' title='bbox 2745 1324 2962 1385; x_wconf 58' lang='lat' dir='ltr'><strong>gustus,</strong></span> <span class='ocrx_word' id='word_1_186' title='bbox 2998 1318 3086 1385; x_wconf 84' lang='lat' dir='ltr'><strong>qui</strong></span> <span class='ocrx_word' id='word_1_187' title='bbox 3135 1327 3226 1374; x_wconf 84' lang='lat' dir='ltr'><strong>est.</strong></span> <span class='ocrx_word' id='word_1_188' title='bbox 3246 1335 3384 1372; x_wconf 82' lang='lat' dir='ltr'><strong>unus</strong></span> <span class='ocrx_word' id='word_1_189' title='bbox 3411 1318 3478 1373; x_wconf 84' lang='lat' dir='ltr'><strong>de</strong></span> 
     </span>
    </p>
   </div>
   <div class='ocr_carea' id='block_1_28' title="bbox 1897 1405 3476 1475">
    <p class='ocr_par' dir='ltr' id='par_1_28' title="bbox 1897 1405 3476 1475">
     <span class='ocr_line' id='line_1_28' title="bbox 1897 1405 3476 1475; baseline 0.006 -18"><span class='ocrx_word' id='word_1_190' title='bbox 1897 1405 2137 1473; x_wconf 90' lang='lat' dir='ltr'><strong>quinque</strong></span> <span class='ocrx_word' id='word_1_191' title='bbox 2165 1407 2430 1469; x_wconf 78' lang='lat' dir='ltr'><strong>sensibus,</strong></span> <span class='ocrx_word' id='word_1_192' title='bbox 2455 1407 2708 1475; x_wconf 81' lang='lat' dir='ltr'><strong>pertinet.</strong></span> <span class='ocrx_word' id='word_1_193' title='bbox 2739 1407 2952 1464; x_wconf 80' lang='lat' dir='ltr'><strong>Reddat</strong></span> <span class='ocrx_word' id='word_1_194' title='bbox 2970 1411 3066 1473; x_wconf 69' lang='lat' dir='ltr'><strong>de,</strong></span> <span class='ocrx_word' id='word_1_195' title='bbox 3087 1417 3192 1465; x_wconf 84' lang='lat' dir='ltr'><strong>etc.</strong></span> <span class='ocrx_word' id='word_1_196' title='bbox 3221 1429 3248 1462; x_wconf 89' lang='grc'><strong>(.</strong></span> <span class='ocrx_word' id='word_1_197' title='bbox 3270 1411 3336 1464; x_wconf 80' lang='lat' dir='ltr'><strong>Et</strong></span> <span class='ocrx_word' id='word_1_198' title='bbox 3355 1425 3476 1466; x_wconf 84' lang='lat' dir='ltr'><strong>om-</strong></span> 
     </span>
    </p>
   </div>
   <div class='ocr_carea' id='block_1_29' title="bbox 1897 1496 3479 1569">
    <p class='ocr_par' dir='ltr' id='par_1_29' title="bbox 1897 1496 3479 1569">
     <span class='ocr_line' id='line_1_29' title="bbox 1897 1496 3479 1569; baseline 0.003 -19"><span class='ocrx_word' id='word_1_199' title='bbox 1897 1497 1984 1550; x_wconf 88' lang='lat' dir='ltr'><strong>nia</strong></span> <span class='ocrx_word' id='word_1_200' title='bbox 2016 1496 2250 1566; x_wconf 80' lang='lat' dir='ltr'><strong>integra,</strong></span> <span class='ocrx_word' id='word_1_201' title='bbox 2286 1517 2306 1548; x_wconf 72' lang='grc' dir='ltr'><strong>ι</strong></span> <span class='ocrx_word' id='word_1_202' title='bbox 2340 1497 2496 1552; x_wconf 82' lang='lat' dir='ltr'><strong>idest</strong></span> <span class='ocrx_word' id='word_1_203' title='bbox 2521 1499 2737 1569; x_wconf 75' lang='lat' dir='ltr'><strong>dignam</strong></span> <span class='ocrx_word' id='word_1_204' title='bbox 2789 1500 3122 1569; x_wconf 67' lang='lat' dir='ltr'><strong>pmniteutite</strong></span> <span class='ocrx_word' id='word_1_205' title='bbox 3161 1515 3479 1569; x_wconf 84' lang='lat' dir='ltr'><strong>compensa-</strong></span> 
     </span>
    </p>
   </div>
   <div class='ocr_carea' id='block_1_30' title="bbox 1896 1589 3477 1651">
    <p class='ocr_par' dir='ltr' id='par_1_30' title="bbox 1896 1589 3477 1651">
     <span class='ocr_line' id='line_1_30' title="bbox 1896 1589 3477 1651; baseline 0.004 -9"><span class='ocrx_word' id='word_1_206' title='bbox 1896 1589 2120 1644; x_wconf 87' lang='lat' dir='ltr'><strong>tionem.</strong></span> <span class='ocrx_word' id='word_1_207' title='bbox 2144 1591 2210 1644; x_wconf 86' lang='lat' dir='ltr'><strong>Et</strong></span> <span class='ocrx_word' id='word_1_208' title='bbox 2239 1589 2430 1644; x_wconf 69' lang='lat' dir='ltr'><strong>offerat</strong></span> <span class='ocrx_word' id='word_1_209' title='bbox 2455 1593 2700 1651; x_wconf 85' lang='lat' dir='ltr'><strong>arietem.</strong></span> <span class='ocrx_word' id='word_1_210' title='bbox 2725 1593 2776 1646; x_wconf 90' lang='lat' dir='ltr'><strong>id</strong></span> <span class='ocrx_word' id='word_1_211' title='bbox 2820 1600 2904 1646; x_wconf 88' lang='lat' dir='ltr'><strong>est</strong></span> <span class='ocrx_word' id='word_1_212' title='bbox 2934 1593 3162 1647; x_wconf 68' lang='lat' dir='ltr'><strong>ﬁrmiter</strong></span> <span class='ocrx_word' id='word_1_213' title='bbox 3185 1591 3477 1648; x_wconf 85' lang='lat' dir='ltr'><strong>deDomiui</strong></span> 
     </span>
    </p>
   </div>
   <div class='ocr_carea' id='block_1_31' title="bbox 1897 1681 3478 1756">
    <p class='ocr_par' dir='ltr' id='par_1_31' title="bbox 1897 1681 3478 1756">
     <span class='ocr_line' id='line_1_31' title="bbox 1897 1681 3478 1756; baseline 0.002 -20"><span class='ocrx_word' id='word_1_214' title='bbox 1897 1681 2268 1737; x_wconf 84' lang='lat' dir='ltr'><strong>misericordia</strong></span> <span class='ocrx_word' id='word_1_215' title='bbox 2291 1684 2528 1738; x_wconf 84' lang='lat' dir='ltr'><strong>confidat</strong></span> <span class='ocrx_word' id='word_1_216' title='bbox 2547 1694 2602 1738; x_wconf 87' lang='lat' dir='ltr'><strong>et</strong></span> <span class='ocrx_word' id='word_1_217' title='bbox 2626 1700 2686 1740; x_wconf 84' lang='lat' dir='ltr'><strong>se</strong></span> <span class='ocrx_word' id='word_1_218' title='bbox 2705 1684 2928 1755; x_wconf 78' lang='lat' dir='ltr'><strong>dignum</strong></span> <span class='ocrx_word' id='word_1_219' title='bbox 2953 1695 3216 1756; x_wconf 66' lang='lat' dir='ltr'><strong>praeparet</strong></span> <span class='ocrx_word' id='word_1_220' title='bbox 3239 1695 3300 1739; x_wconf 89' lang='lat' dir='ltr'><strong>ut</strong></span> <span class='ocrx_word' id='word_1_221' title='bbox 3317 1700 3478 1740; x_wconf 59' lang='lat' dir='ltr'><strong>exat»</strong></span> 
     </span>
    </p>
   </div>
   <div class='ocr_carea' id='block_1_32' title="bbox 1895 1774 3476 1849">
    <p class='ocr_par' dir='ltr' id='par_1_32' title="bbox 1895 1774 3476 1849">
     <span class='ocr_line' id='line_1_32' title="bbox 1895 1774 3476 1849; baseline 0.004 -22"><span class='ocrx_word' id='word_1_222' title='bbox 1895 1774 2090 1828; x_wconf 85' lang='lat' dir='ltr'><strong>diatur.</strong></span> <span class='ocrx_word' id='word_1_223' title='bbox 2135 1793 2154 1825; x_wconf 89' lang='grc'><strong>(</strong></span> <span class='ocrx_word' id='word_1_224' title='bbox 2199 1775 2302 1843; x_wconf 88' lang='lat' dir='ltr'><strong>Qui</strong></span> <span class='ocrx_word' id='word_1_225' title='bbox 2360 1777 2568 1847; x_wconf 66' lang='lat' dir='ltr'><strong>negabit</strong></span> <span class='ocrx_word' id='word_1_226' title='bbox 2595 1792 2693 1847; x_wconf 75' lang='lat' dir='ltr'><strong>pro</strong></span> <span class='ocrx_word' id='word_1_227' title='bbox 2723 1794 2807 1844; x_wconf 89' lang='lat' dir='ltr'><strong>eo,</strong></span> <span class='ocrx_word' id='word_1_228' title='bbox 2860 1797 2881 1830; x_wconf 84' lang='grc'>›</span> <span class='ocrx_word' id='word_1_229' title='bbox 2916 1779 3038 1849; x_wconf 74' lang='lat' dir='ltr'><strong>quia</strong></span> <span class='ocrx_word' id='word_1_230' title='bbox 3079 1787 3354 1849; x_wconf 79' lang='lat' dir='ltr'><strong>protector</strong></span> <span class='ocrx_word' id='word_1_231' title='bbox 3390 1784 3476 1834; x_wconf 85' lang='lat' dir='ltr'><strong>est</strong></span> 
     </span>
    </p>
   </div>
   <div class='ocr_carea' id='block_1_33' title="bbox 1895 1867 3474 1937">
    <p class='ocr_par' dir='ltr' id='par_1_33' title="bbox 1895 1867 3474 1937">
     <span class='ocr_line' id='line_1_33' title="bbox 1895 1867 3474 1937; baseline 0.003 -18"><span class='ocrx_word' id='word_1_232' title='bbox 1895 1867 2134 1921; x_wconf 81' lang='lat' dir='ltr'><strong>omnium</strong></span> <span class='ocrx_word' id='word_1_233' title='bbox 2183 1869 2514 1937; x_wconf 87' lang='lat' dir='ltr'><strong>sperantium</strong></span> <span class='ocrx_word' id='word_1_234' title='bbox 2545 1869 2601 1924; x_wconf 90' lang='lat' dir='ltr'><strong>in</strong></span> <span class='ocrx_word' id='word_1_235' title='bbox 2645 1886 2724 1925; x_wconf 84' lang='lat' dir='ltr'><strong>se.</strong></span> <span class='ocrx_word' id='word_1_236' title='bbox 2753 1869 2776 1921; x_wconf 81' lang='grc' dir='ltr'><strong>ἰ</strong></span> <span class='ocrx_word' id='word_1_237' title='bbox 2829 1869 3104 1934; x_wconf 85' lang='lat' dir='ltr'><strong>Inﬁcians,</strong></span> <span class='ocrx_word' id='word_1_238' title='bbox 3136 1890 3156 1922; x_wconf 77' lang='grc' dir='ltr'><strong>ι</strong></span> <span class='ocrx_word' id='word_1_239' title='bbox 3189 1870 3240 1924; x_wconf 89' lang='lat' dir='ltr'><strong>id</strong></span> <span class='ocrx_word' id='word_1_240' title='bbox 3267 1879 3351 1926; x_wconf 87' lang='lat' dir='ltr'><strong>est</strong></span> <span class='ocrx_word' id='word_1_241' title='bbox 3379 1885 3474 1925; x_wconf 88' lang='lat' dir='ltr'><strong>ne-</strong></span> 
     </span>
    </p>
   </div>
   <div class='ocr_carea' id='block_1_34' title="bbox 205 1959 3470 2035">
    <p class='ocr_par' dir='ltr' id='par_1_34' title="bbox 205 1959 3470 2035">
     <span class='ocr_line' id='line_1_34' title="bbox 205 1959 3470 2035; baseline 0.001 -19"><span class='ocrx_word' id='word_1_242' title='bbox 205 1959 320 2029; x_wconf 87' lang='lat' dir='ltr'><strong>dat,</strong></span> <span class='ocrx_word' id='word_1_243' title='bbox 362 1961 658 2017; x_wconf 87' lang='lat' dir='ltr'><strong>admonens</strong></span> <span class='ocrx_word' id='word_1_244' title='bbox 689 1972 746 2017; x_wconf 91' lang='lat' dir='ltr'><strong>ut</strong></span> <span class='ocrx_word' id='word_1_245' title='bbox 791 1964 932 2032; x_wconf 91' lang='lat' dir='ltr'><strong>quod</strong></span> <span class='ocrx_word' id='word_1_246' title='bbox 982 1965 1094 2032; x_wconf 90' lang='lat' dir='ltr'><strong>ipse</strong></span> <span class='ocrx_word' id='word_1_247' title='bbox 1144 1965 1420 2035; x_wconf 81' lang='lat' dir='ltr'><strong>discipulis</strong></span> <span class='ocrx_word' id='word_1_248' title='bbox 1469 1968 1581 2022; x_wconf 83' lang='lat' dir='ltr'><strong>suis</strong></span> <span class='ocrx_word' id='word_1_249' title='bbox 1621 1967 1787 2035; x_wconf 82' lang='lat' dir='ltr'><strong>jussit</strong></span> <span class='ocrx_word' id='word_1_250' title='bbox 1816 1959 1862 2018; x_wconf 82' lang='grc' dir='ltr'><strong>Β</strong></span> <span class='ocrx_word' id='word_1_251' title='bbox 1888 1975 2039 2030; x_wconf 80' lang='lat' dir='ltr'><strong>gans.</strong></span> <span class='ocrx_word' id='word_1_252' title='bbox 2069 1960 2290 2031; x_wconf 74' lang='lat' dir='ltr'><strong>Reliqua</strong></span> <span class='ocrx_word' id='word_1_253' title='bbox 2331 1970 2391 2016; x_wconf 86' lang='lat' dir='ltr'><strong>ut</strong></span> <span class='ocrx_word' id='word_1_254' title='bbox 2426 1977 2609 2032; x_wconf 83' lang='lat' dir='ltr'><strong>supra.</strong></span> <span class='ocrx_word' id='word_1_255' title='bbox 2649 1981 2668 2014; x_wconf 79' lang='grc' dir='ltr'><strong>ι</strong></span> <span class='ocrx_word' id='word_1_256' title='bbox 2719 1962 2845 2019; x_wconf 64' lang='lat' dir='ltr'><strong>Haec</strong></span> <span class='ocrx_word' id='word_1_257' title='bbox 2879 1972 2962 2018; x_wconf 87' lang='lat' dir='ltr'><strong>est</strong></span> <span class='ocrx_word' id='word_1_258' title='bbox 3010 1963 3098 2018; x_wconf 71' lang='lat' dir='ltr'><strong>lex</strong></span> <span class='ocrx_word' id='word_1_259' title='bbox 3131 1962 3470 2018; x_wconf 87' lang='lat' dir='ltr'><strong>holocausti:</strong></span> 
     </span>
    </p>
   </div>
   <div class='ocr_carea' id='block_1_35' title="bbox 150 2055 1787 2126">
    <p class='ocr_par' dir='ltr' id='par_1_35' title="bbox 150 2055 1787 2126">
     <span class='ocr_line' id='line_1_35' title="bbox 150 2055 1787 2126; baseline 0.004 -16"><span class='ocrx_word' id='word_1_260' title='bbox 150 2069 157 2077; x_wconf 84' lang='lat'>&#39;</span> <span class='ocrx_word' id='word_1_261' title='bbox 207 2055 429 2111; x_wconf 88' lang='lat' dir='ltr'><strong>dicens:</strong></span> <span class='ocrx_word' id='word_1_262' title='bbox 461 2055 682 2123; x_wconf 88' lang='lat' dir='ltr'><strong>Quoties</strong></span> <span class='ocrx_word' id='word_1_263' title='bbox 711 2058 1016 2126; x_wconf 88' lang='lat' dir='ltr'><strong>peccaverit</strong></span> <span class='ocrx_word' id='word_1_264' title='bbox 1040 2059 1092 2112; x_wconf 93' lang='lat' dir='ltr'><strong>in</strong></span> <span class='ocrx_word' id='word_1_265' title='bbox 1135 2067 1184 2113; x_wconf 90' lang='lat' dir='ltr'><strong>te</strong></span> <span class='ocrx_word' id='word_1_266' title='bbox 1213 2058 1378 2113; x_wconf 82' lang='lat' dir='ltr'><strong>frater</strong></span> <span class='ocrx_word' id='word_1_267' title='bbox 1407 2069 1530 2115; x_wconf 91' lang='lat' dir='ltr'><strong>tuus</strong></span> <span class='ocrx_word' id='word_1_268' title='bbox 1557 2071 1612 2115; x_wconf 88' lang='lat' dir='ltr'><strong>et</strong></span> <span class='ocrx_word' id='word_1_269' title='bbox 1637 2062 1787 2116; x_wconf 65' lang='lat' dir='ltr'><strong>dixe-</strong></span> 
     </span>
    </p>
   </div>
   <div class='ocr_carea' id='block_1_36' title="bbox 206 2149 1786 2215">
    <p class='ocr_par' dir='ltr' id='par_1_36' title="bbox 206 2149 1786 2215">
     <span class='ocr_line' id='line_1_36' title="bbox 206 2149 1786 2215; baseline 0.001 -10"><span class='ocrx_word' id='word_1_270' title='bbox 206 2151 322 2206; x_wconf 86' lang='lat' dir='ltr'><strong>rit:</strong></span> <span class='ocrx_word' id='word_1_271' title='bbox 365 2149 593 2204; x_wconf 76' lang='lat' dir='ltr'><strong>Pmnitet</strong></span> <span class='ocrx_word' id='word_1_272' title='bbox 647 2165 761 2215; x_wconf 87' lang='lat' dir='ltr'><strong>me,</strong></span> <span class='ocrx_word' id='word_1_273' title='bbox 803 2152 1045 2215; x_wconf 83' lang='lat' dir='ltr'><strong>dimitte;</strong></span> <span class='ocrx_word' id='word_1_274' title='bbox 1089 2161 1142 2206; x_wconf 90' lang='lat' dir='ltr'><strong>et</strong></span> <span class='ocrx_word' id='word_1_275' title='bbox 1184 2153 1320 2207; x_wconf 85' lang='lat' dir='ltr'><strong>item</strong></span> <span class='ocrx_word' id='word_1_276' title='bbox 1362 2153 1523 2208; x_wconf 88' lang='lat' dir='ltr'><strong>Petro</strong></span> <span class='ocrx_word' id='word_1_277' title='bbox 1557 2173 1570 2207; x_wconf 89' lang='lat'><strong>:</strong></span> <span class='ocrx_word' id='word_1_278' title='bbox 1619 2174 1634 2205; x_wconf 83' lang='grc' dir='ltr'><strong>ι</strong></span> <span class='ocrx_word' id='word_1_279' title='bbox 1672 2155 1786 2212; x_wconf 86' lang='grc' dir='ltr'><strong>Νοη</strong></span> 
     </span>
    </p>
   </div>
   <div class='ocr_carea' id='block_1_37' title="bbox 205 2242 1784 2316">
    <p class='ocr_par' dir='ltr' id='par_1_37' title="bbox 205 2242 1784 2316">
     <span class='ocr_line' id='line_1_37' title="bbox 205 2242 1784 2316; baseline 0.004 -20"><span class='ocrx_word' id='word_1_280' title='bbox 205 2244 329 2298; x_wconf 85' lang='lat' dir='ltr'><strong>dico</strong></span> <span class='ocrx_word' id='word_1_281' title='bbox 357 2242 446 2296; x_wconf 90' lang='lat' dir='ltr'><strong>tibi</strong></span> <span class='ocrx_word' id='word_1_282' title='bbox 472 2243 693 2312; x_wconf 83' lang='lat' dir='ltr'><strong>septies,</strong></span> <span class='ocrx_word' id='word_1_283' title='bbox 723 2245 816 2298; x_wconf 89' lang='lat' dir='ltr'><strong>sed</strong></span> <span class='ocrx_word' id='word_1_284' title='bbox 839 2246 1205 2315; x_wconf 77' lang='lat' dir='ltr'><strong>septuagesies</strong></span> <span class='ocrx_word' id='word_1_285' title='bbox 1230 2247 1446 2315; x_wconf 75' lang='lat' dir='ltr'><strong>s&#39;rpties,</strong></span> <span class='ocrx_word' id='word_1_286' title='bbox 1510 2267 1528 2297; x_wconf 78' lang='grc' dir='ltr'><strong>ι</strong></span> <span class='ocrx_word' id='word_1_287' title='bbox 1569 2248 1784 2316; x_wconf 82' lang='lat' dir='ltr'><strong>(Matth.</strong></span> 
     </span>
    </p>
   </div>
   <div class='ocr_carea' id='block_1_38' title="bbox 206 2333 1788 2409">
    <p class='ocr_par' dir='ltr' id='par_1_38' title="bbox 206 2333 1788 2409">
     <span class='ocr_line' id='line_1_38' title="bbox 206 2333 1788 2409; baseline 0.004 -22"><span class='ocrx_word' id='word_1_288' title='bbox 206 2333 390 2401; x_wconf 74' lang='lat' dir='ltr'><strong>xvm),</strong></span> <span class='ocrx_word' id='word_1_289' title='bbox 425 2349 519 2387; x_wconf 89' lang='lat' dir='ltr'><strong>sna</strong></span> <span class='ocrx_word' id='word_1_290' title='bbox 571 2334 818 2404; x_wconf 81' lang='lat' dir='ltr'><strong>largitate</strong></span> <span class='ocrx_word' id='word_1_291' title='bbox 851 2335 1115 2403; x_wconf 85' lang='lat' dir='ltr'><strong>perﬁciat.</strong></span> <span class='ocrx_word' id='word_1_292' title='bbox 1171 2356 1190 2387; x_wconf 89' lang='grc'><strong>(</strong></span> <span class='ocrx_word' id='word_1_293' title='bbox 1237 2336 1336 2402; x_wconf 91' lang='lat' dir='ltr'><strong>Qui</strong></span> <span class='ocrx_word' id='word_1_294' title='bbox 1369 2337 1586 2406; x_wconf 87' lang='lat' dir='ltr'><strong>plenmn</strong></span> <span class='ocrx_word' id='word_1_295' title='bbox 1617 2341 1788 2409; x_wconf 72' lang='lat' dir='ltr'><strong>pugil-</strong></span> 
     </span>
    </p>
   </div>
   <div class='ocr_carea' id='block_1_39' title="bbox 202 2422 1790 2495">
    <p class='ocr_par' dir='ltr' id='par_1_39' title="bbox 202 2422 1790 2495">
     <span class='ocr_line' id='line_1_39' title="bbox 202 2422 1790 2495; baseline 0.005 -19"><span class='ocrx_word' id='word_1_296' title='bbox 202 2422 317 2479; x_wconf 91' lang='lat' dir='ltr'><strong>lum</strong></span> <span class='ocrx_word' id='word_1_297' title='bbox 348 2439 415 2478; x_wconf 76' lang='lat' dir='ltr'><strong>ex</strong></span> <span class='ocrx_word' id='word_1_298' title='bbox 434 2439 497 2479; x_wconf 87' lang='lat' dir='ltr'><strong>ea</strong></span> <span class='ocrx_word' id='word_1_299' title='bbox 527 2425 815 2488; x_wconf 86' lang='lat' dir='ltr'><strong>cremabit,</strong></span> <span class='ocrx_word' id='word_1_300' title='bbox 844 2445 863 2477; x_wconf 75' lang='grc' dir='ltr'><strong>ι</strong></span> <span class='ocrx_word' id='word_1_301' title='bbox 898 2425 1023 2480; x_wconf 91' lang='lat' dir='ltr'><strong>dum</strong></span> <span class='ocrx_word' id='word_1_302' title='bbox 1048 2442 1158 2481; x_wconf 80' lang='lat' dir='ltr'><strong>suae</strong></span> <span class='ocrx_word' id='word_1_303' title='bbox 1185 2428 1559 2495; x_wconf 87' lang='lat' dir='ltr'><strong>promissionis</strong></span> <span class='ocrx_word' id='word_1_304' title='bbox 1585 2445 1790 2484; x_wconf 89' lang='lat' dir='ltr'><strong>memor</strong></span> 
     </span>
    </p>
   </div>
   <div class='ocr_carea' id='block_1_40' title="bbox 201 2515 1787 2588">
    <p class='ocr_par' dir='ltr' id='par_1_40' title="bbox 201 2515 1787 2588">
     <span class='ocr_line' id='line_1_40' title="bbox 201 2515 1787 2588; baseline 0.003 -19"><span class='ocrx_word' id='word_1_305' title='bbox 201 2529 360 2571; x_wconf 82' lang='lat' dir='ltr'><strong>suam</strong></span> <span class='ocrx_word' id='word_1_306' title='bbox 408 2525 626 2585; x_wconf 74' lang='lat' dir='ltr'><strong>praestat</strong></span> <span class='ocrx_word' id='word_1_307' title='bbox 674 2517 948 2586; x_wconf 89' lang='lat' dir='ltr'><strong>pietatem.</strong></span> <span class='ocrx_word' id='word_1_308' title='bbox 1004 2515 1138 2570; x_wconf 87' lang='lat' dir='ltr'><strong>Nam</strong></span> <span class='ocrx_word' id='word_1_309' title='bbox 1175 2519 1298 2586; x_wconf 87' lang='lat' dir='ltr'><strong>quia</strong></span> <span class='ocrx_word' id='word_1_310' title='bbox 1346 2519 1547 2588; x_wconf 76' lang='lat' dir='ltr'><strong>pugillo</strong></span> <span class='ocrx_word' id='word_1_311' title='bbox 1592 2521 1787 2575; x_wconf 72' lang='lat' dir='ltr'><strong>llllCﬂB</strong></span> 
     </span>
    </p>
   </div>
   <div class='ocr_carea' id='block_1_41' title="bbox 203 2607 1784 2681">
    <p class='ocr_par' dir='ltr' id='par_1_41' title="bbox 203 2607 1784 2681">
     <span class='ocr_line' id='line_1_41' title="bbox 203 2607 1784 2681; baseline 0.003 -19"><span class='ocrx_word' id='word_1_312' title='bbox 203 2607 529 2674; x_wconf 82' lang='lat' dir='ltr'><strong>formantur,</strong></span> <span class='ocrx_word' id='word_1_313' title='bbox 562 2608 791 2663; x_wconf 87' lang='lat' dir='ltr'><strong>ﬁrmitas</strong></span> <span class='ocrx_word' id='word_1_314' title='bbox 816 2609 1190 2680; x_wconf 88' lang='lat' dir='ltr'><strong>promissionis</strong></span> <span class='ocrx_word' id='word_1_315' title='bbox 1219 2624 1314 2679; x_wconf 87' lang='lat' dir='ltr'><strong>per</strong></span> <span class='ocrx_word' id='word_1_316' title='bbox 1348 2626 1471 2665; x_wconf 91' lang='lat' dir='ltr'><strong>eum</strong></span> <span class='ocrx_word' id='word_1_317' title='bbox 1505 2611 1784 2681; x_wconf 82' lang='lat' dir='ltr'><strong>ﬁguratur.</strong></span> 
     </span>
    </p>
   </div>
   <div class='ocr_carea' id='block_1_42' title="bbox 209 2699 1783 2772">
    <p class='ocr_par' dir='ltr' id='par_1_42' title="bbox 209 2699 1783 2772">
     <span class='ocr_line' id='line_1_42' title="bbox 209 2699 1783 2772; baseline 0.005 -22"><span class='ocrx_word' id='word_1_318' title='bbox 209 2717 229 2750; x_wconf 75' lang='grc' dir='ltr'><strong><em>ι</em></strong></span> <span class='ocrx_word' id='word_1_319' title='bbox 265 2699 542 2767; x_wconf 79' lang='lat' dir='ltr'><strong>Reliquam</strong></span> <span class='ocrx_word' id='word_1_320' title='bbox 576 2709 782 2769; x_wconf 83' lang='lat' dir='ltr'><strong>partem</strong></span> <span class='ocrx_word' id='word_1_321' title='bbox 823 2700 936 2769; x_wconf 90' lang='lat' dir='ltr'><strong>ipse</strong></span> <span class='ocrx_word' id='word_1_322' title='bbox 966 2701 1184 2754; x_wconf 82' lang='lat' dir='ltr'><strong>habebit</strong></span> <span class='ocrx_word' id='word_1_323' title='bbox 1215 2702 1266 2754; x_wconf 92' lang='lat' dir='ltr'><strong>in</strong></span> <span class='ocrx_word' id='word_1_324' title='bbox 1315 2717 1559 2764; x_wconf 89' lang='lat' dir='ltr'><strong>munere,</strong></span> <span class='ocrx_word' id='word_1_325' title='bbox 1596 2723 1614 2755; x_wconf 76' lang='grc' dir='ltr'><strong>ι</strong></span> <span class='ocrx_word' id='word_1_326' title='bbox 1659 2704 1783 2772; x_wconf 89' lang='lat' dir='ltr'><strong>quia</strong></span> 
     </span>
    </p>
   </div>
   <div class='ocr_carea' id='block_1_43' title="bbox 203 2792 1787 2863">
    <p class='ocr_par' dir='ltr' id='par_1_43' title="bbox 203 2792 1787 2863">
     <span class='ocr_line' id='line_1_43' title="bbox 203 2792 1787 2863; baseline 0.001 -16"><span class='ocrx_word' id='word_1_327' title='bbox 203 2800 378 2848; x_wconf 88' lang='lat' dir='ltr'><strong>totum</strong></span> <span class='ocrx_word' id='word_1_328' title='bbox 402 2793 807 2847; x_wconf 85' lang='lat' dir='ltr'><strong>commendatur</strong></span> <span class='ocrx_word' id='word_1_329' title='bbox 833 2792 950 2863; x_wconf 87' lang='lat' dir='ltr'><strong>ejus</strong></span> <span class='ocrx_word' id='word_1_330' title='bbox 966 2792 1281 2847; x_wconf 76' lang='lat' dir='ltr'><strong>clemenlize.</strong></span> <span class='ocrx_word' id='word_1_331' title='bbox 1315 2811 1342 2842; x_wconf 81' lang='grc'><strong>(.</strong></span> <span class='ocrx_word' id='word_1_332' title='bbox 1360 2793 1551 2846; x_wconf 80' lang='lat' dir='ltr'><strong>Anima</strong></span> <span class='ocrx_word' id='word_1_333' title='bbox 1579 2795 1622 2847; x_wconf 87' lang='lat' dir='ltr'><strong>si</strong></span> <span class='ocrx_word' id='word_1_334' title='bbox 1647 2809 1787 2863; x_wconf 70' lang='lat' dir='ltr'><strong>prie-</strong></span> 
     </span>
    </p>
   </div>
   <div class='ocr_carea' id='block_1_44' title="bbox 203 2885 1789 2954">
    <p class='ocr_par' dir='ltr' id='par_1_44' title="bbox 203 2885 1789 2954">
     <span class='ocr_line' id='line_1_44' title="bbox 203 2885 1789 2954; baseline 0.003 -17"><span class='ocrx_word' id='word_1_335' title='bbox 203 2886 458 2940; x_wconf 88' lang='lat' dir='ltr'><strong>varicaus</strong></span> <span class='ocrx_word' id='word_1_336' title='bbox 486 2887 856 2948; x_wconf 63' lang='lat' dir='ltr'><strong>cmremonias,</strong></span> <span class='ocrx_word' id='word_1_337' title='bbox 895 2900 990 2953; x_wconf 89' lang='lat' dir='ltr'><strong>per</strong></span> <span class='ocrx_word' id='word_1_338' title='bbox 1029 2902 1269 2944; x_wconf 88' lang='lat' dir='ltr'><strong>errorem</strong></span> <span class='ocrx_word' id='word_1_339' title='bbox 1316 2886 1368 2939; x_wconf 91' lang='lat' dir='ltr'><strong>in</strong></span> <span class='ocrx_word' id='word_1_340' title='bbox 1411 2885 1494 2940; x_wconf 88' lang='lat' dir='ltr'><strong>his</strong></span> <span class='ocrx_word' id='word_1_341' title='bbox 1521 2901 1641 2954; x_wconf 65' lang='lat' dir='ltr'><strong>qua:</strong></span> <span class='ocrx_word' id='word_1_342' title='bbox 1687 2887 1789 2941; x_wconf 87' lang='lat' dir='ltr'><strong>Do-</strong></span> 
     </span>
    </p>
   </div>
   <div class='ocr_carea' id='block_1_45' title="bbox 202 2976 1785 3045">
    <p class='ocr_par' dir='ltr' id='par_1_45' title="bbox 202 2976 1785 3045">
     <span class='ocr_line' id='line_1_45' title="bbox 202 2976 1785 3045; baseline 0.001 -16"><span class='ocrx_word' id='word_1_343' title='bbox 202 2976 356 3030; x_wconf 92' lang='lat' dir='ltr'><strong>mino</strong></span> <span class='ocrx_word' id='word_1_344' title='bbox 385 2986 510 3029; x_wconf 90' lang='lat' dir='ltr'><strong>sunt</strong></span> <span class='ocrx_word' id='word_1_345' title='bbox 549 2976 884 3029; x_wconf 75' lang='lat' dir='ltr'><strong>sanctificata</strong></span> <span class='ocrx_word' id='word_1_346' title='bbox 917 2977 1240 3043; x_wconf 75' lang='lat' dir='ltr'><strong>peccaverit,</strong></span> <span class='ocrx_word' id='word_1_347' title='bbox 1287 2997 1303 3029; x_wconf 80' lang='lat' dir='ltr'>l</span> <span class='ocrx_word' id='word_1_348' title='bbox 1342 2987 1402 3030; x_wconf 68' lang='lat' dir='ltr'><strong>et.</strong></span> <span class='ocrx_word' id='word_1_349' title='bbox 1445 2978 1674 3045; x_wconf 84' lang='lat' dir='ltr'><strong>reliqua.</strong></span> <span class='ocrx_word' id='word_1_350' title='bbox 1727 2976 1785 3032; x_wconf 85' lang='lat' dir='ltr'><strong>Id</strong></span> 
     </span>
    </p>
   </div>
   <div class='ocr_carea' id='block_1_46' title="bbox 201 3063 1789 3136">
    <p class='ocr_par' dir='ltr' id='par_1_46' title="bbox 201 3063 1789 3136">
     <span class='ocr_line' id='line_1_46' title="bbox 201 3063 1789 3136; baseline 0.002 -17"><span class='ocrx_word' id='word_1_351' title='bbox 201 3074 286 3119; x_wconf 88' lang='lat' dir='ltr'><strong>est</strong></span> <span class='ocrx_word' id='word_1_352' title='bbox 320 3063 624 3131; x_wconf 84' lang='lat' dir='ltr'><strong>plurimade</strong></span> <span class='ocrx_word' id='word_1_353' title='bbox 641 3065 1007 3128; x_wconf 84' lang='lat' dir='ltr'><strong>sanctiﬁcatis,</strong></span> <span class='ocrx_word' id='word_1_354' title='bbox 1033 3068 1375 3135; x_wconf 79' lang='lat' dir='ltr'><strong>qmereliqno</strong></span> <span class='ocrx_word' id='word_1_355' title='bbox 1410 3069 1605 3136; x_wconf 88' lang='lat' dir='ltr'><strong>populo</strong></span> <span class='ocrx_word' id='word_1_356' title='bbox 1636 3084 1789 3122; x_wconf 89' lang='lat' dir='ltr'><strong>usur-</strong></span> 
     </span>
    </p>
   </div>
   <div class='ocr_carea' id='block_1_47' title="bbox 203 3157 1804 3229">
    <p class='ocr_par' dir='ltr' id='par_1_47' title="bbox 203 3157 1804 3229">
     <span class='ocr_line' id='line_1_47' title="bbox 203 3157 1804 3229; baseline 0.003 -20"><span class='ocrx_word' id='word_1_357' title='bbox 203 3157 383 3225; x_wconf 80' lang='lat' dir='ltr'><strong>panda</strong></span> <span class='ocrx_word' id='word_1_358' title='bbox 415 3171 517 3208; x_wconf 91' lang='lat' dir='ltr'><strong>non</strong></span> <span class='ocrx_word' id='word_1_359' title='bbox 549 3164 722 3218; x_wconf 86' lang='lat' dir='ltr'><strong>erant,</strong></span> <span class='ocrx_word' id='word_1_360' title='bbox 757 3157 896 3212; x_wconf 84' lang='lat' dir='ltr'><strong>sicut</strong></span> <span class='ocrx_word' id='word_1_361' title='bbox 935 3158 1000 3211; x_wconf 92' lang='lat' dir='ltr'><strong>de</strong></span> <span class='ocrx_word' id='word_1_362' title='bbox 1042 3167 1314 3227; x_wconf 85' lang='lat' dir='ltr'><strong>unguento</strong></span> <span class='ocrx_word' id='word_1_363' title='bbox 1339 3168 1394 3212; x_wconf 85' lang='lat' dir='ltr'><strong>et</strong></span> <span class='ocrx_word' id='word_1_364' title='bbox 1422 3161 1804 3229; x_wconf 66' lang='lat' dir='ltr'><strong>tbyu&#39;iiamatis.</strong></span> 
     </span>
    </p>
   </div>
   <div class='ocr_carea' id='block_1_48' title="bbox 202 3248 1788 3320">
    <p class='ocr_par' dir='ltr' id='par_1_48' title="bbox 202 3248 1788 3320">
     <span class='ocr_line' id='line_1_48' title="bbox 202 3248 1788 3320; baseline 0.001 -17"><span class='ocrx_word' id='word_1_365' title='bbox 202 3248 600 3315; x_wconf 83' lang='lat' dir='ltr'><strong>compositione</strong></span> <span class='ocrx_word' id='word_1_366' title='bbox 645 3248 758 3302; x_wconf 90' lang='lat' dir='ltr'><strong>ﬁeri</strong></span> <span class='ocrx_word' id='word_1_367' title='bbox 795 3250 1129 3318; x_wconf 87' lang='lat' dir='ltr'><strong>prohibetur,</strong></span> <span class='ocrx_word' id='word_1_368' title='bbox 1160 3259 1213 3304; x_wconf 88' lang='lat' dir='ltr'><strong>et</strong></span> <span class='ocrx_word' id='word_1_369' title='bbox 1243 3252 1308 3305; x_wconf 94' lang='lat' dir='ltr'><strong>de</strong></span> <span class='ocrx_word' id='word_1_370' title='bbox 1338 3251 1657 3320; x_wconf 89' lang='lat' dir='ltr'><strong>quihusdam</strong></span> <span class='ocrx_word' id='word_1_371' title='bbox 1695 3253 1788 3305; x_wconf 89' lang='lat' dir='ltr'><strong>im-</strong></span> 
     </span>
    </p>
   </div>
   <div class='ocr_carea' id='block_1_49' title="bbox 205 3309 1860 3406">
    <p class='ocr_par' dir='ltr' id='par_1_49' title="bbox 205 3309 1860 3406">
     <span class='ocr_line' id='line_1_49' title="bbox 205 3309 1860 3406; baseline 0.001 -13"><span class='ocrx_word' id='word_1_372' title='bbox 205 3338 425 3393; x_wconf 89' lang='lat' dir='ltr'><strong>molatis</strong></span> <span class='ocrx_word' id='word_1_373' title='bbox 462 3337 718 3406; x_wconf 89' lang='lat' dir='ltr'><strong>jubeulnr</strong></span> <span class='ocrx_word' id='word_1_374' title='bbox 763 3350 969 3394; x_wconf 81' lang='lat' dir='ltr'><strong>tmuum</strong></span> <span class='ocrx_word' id='word_1_375' title='bbox 1016 3355 1194 3395; x_wconf 88' lang='lat' dir='ltr'><strong>mares</strong></span> <span class='ocrx_word' id='word_1_376' title='bbox 1243 3341 1309 3394; x_wconf 89' lang='lat' dir='ltr'><strong>de</strong></span> <span class='ocrx_word' id='word_1_377' title='bbox 1345 3341 1550 3395; x_wconf 89' lang='lat' dir='ltr'><strong>semine</strong></span> <span class='ocrx_word' id='word_1_378' title='bbox 1607 3341 1784 3395; x_wconf 80' lang='lat' dir='ltr'><strong>Aaron</strong></span> <span class='ocrx_word' id='word_1_379' title='bbox 1816 3309 1860 3372; x_wconf 65' lang='grc' dir='ltr'>Ο</span> 
     </span>
    </p>
   </div>
   <div class='ocr_carea' id='block_1_50' title="bbox 207 3430 1784 3500">
    <p class='ocr_par' dir='ltr' id='par_1_50' title="bbox 207 3430 1784 3500">
     <span class='ocr_line' id='line_1_50' title="bbox 207 3430 1784 3500; baseline 0.003 -18"><span class='ocrx_word' id='word_1_380' title='bbox 207 3430 390 3493; x_wconf 88' lang='lat' dir='ltr'><strong>vesci;</strong></span> <span class='ocrx_word' id='word_1_381' title='bbox 425 3431 488 3483; x_wconf 77' lang='lat' dir='ltr'><strong>de</strong></span> <span class='ocrx_word' id='word_1_382' title='bbox 511 3430 630 3484; x_wconf 73' lang='lat' dir='ltr'><strong>aliis</strong></span> <span class='ocrx_word' id='word_1_383' title='bbox 649 3439 829 3485; x_wconf 83' lang='lat' dir='ltr'><strong>autem</strong></span> <span class='ocrx_word' id='word_1_384' title='bbox 875 3440 1102 3500; x_wconf 84' lang='lat' dir='ltr'><strong>uterque</strong></span> <span class='ocrx_word' id='word_1_385' title='bbox 1133 3445 1314 3486; x_wconf 78' lang='lat' dir='ltr'><strong>sexus.</strong></span> <span class='ocrx_word' id='word_1_386' title='bbox 1345 3430 1451 3485; x_wconf 88' lang='lat' dir='ltr'><strong>Pro</strong></span> <span class='ocrx_word' id='word_1_387' title='bbox 1477 3430 1784 3498; x_wconf 84' lang='lat' dir='ltr'><strong>hujusmodi</strong></span> 
     </span>
    </p>
   </div>
   <div class='ocr_carea' id='block_1_51' title="bbox 208 3521 1793 3590">
    <p class='ocr_par' dir='ltr' id='par_1_51' title="bbox 208 3521 1793 3590">
     <span class='ocr_line' id='line_1_51' title="bbox 208 3521 1793 3590; baseline 0.003 -16"><span class='ocrx_word' id='word_1_388' title='bbox 208 3521 730 3590; x_wconf 75' lang='lat' dir='ltr'><strong>transgressionibus</strong></span> <span class='ocrx_word' id='word_1_389' title='bbox 752 3522 866 3576; x_wconf 74' lang='lat' dir='ltr'><strong>haec</strong></span> <span class='ocrx_word' id='word_1_390' title='bbox 891 3523 1182 3577; x_wconf 86' lang='lat' dir='ltr'><strong>secundum</strong></span> <span class='ocrx_word' id='word_1_391' title='bbox 1209 3523 1488 3577; x_wconf 76' lang='lat' dir='ltr'><strong>historiam</strong></span> <span class='ocrx_word' id='word_1_392' title='bbox 1513 3524 1583 3576; x_wconf 87' lang='lat' dir='ltr'><strong>ita</strong></span> <span class='ocrx_word' id='word_1_393' title='bbox 1601 3524 1793 3589; x_wconf 63' lang='lat' dir='ltr'><strong>jubenv</strong></span> 
     </span>
    </p>
   </div>
   <div class='ocr_carea' id='block_1_52' title="bbox 209 3612 1792 3681">
    <p class='ocr_par' dir='ltr' id='par_1_52' title="bbox 209 3612 1792 3681">
     <span class='ocr_line' id='line_1_52' title="bbox 209 3612 1792 3681; baseline 0.003 -17"><span class='ocrx_word' id='word_1_394' title='bbox 209 3619 321 3675; x_wconf 88' lang='lat' dir='ltr'><strong>tur,</strong></span> <span class='ocrx_word' id='word_1_395' title='bbox 352 3613 509 3666; x_wconf 88' lang='lat' dir='ltr'><strong>nobis</strong></span> <span class='ocrx_word' id='word_1_396' title='bbox 534 3621 712 3666; x_wconf 89' lang='lat' dir='ltr'><strong>autem</strong></span> <span class='ocrx_word' id='word_1_397' title='bbox 739 3613 1047 3681; x_wconf 64' lang='lat' dir='ltr'><strong>praecipitur</strong></span> <span class='ocrx_word' id='word_1_398' title='bbox 1071 3623 1126 3666; x_wconf 93' lang='lat' dir='ltr'><strong>ut</strong></span> <span class='ocrx_word' id='word_1_399' title='bbox 1155 3612 1399 3680; x_wconf 84' lang='lat' dir='ltr'><strong>quisquis</strong></span> <span class='ocrx_word' id='word_1_400' title='bbox 1422 3612 1476 3666; x_wconf 88' lang='lat' dir='ltr'><strong>in</strong></span> <span class='ocrx_word' id='word_1_401' title='bbox 1517 3613 1650 3668; x_wconf 89' lang='lat' dir='ltr'><strong>locis</strong></span> <span class='ocrx_word' id='word_1_402' title='bbox 1669 3630 1792 3668; x_wconf 86' lang='lat' dir='ltr'><strong>san-</strong></span> 
     </span>
    </p>
   </div>
   <div class='ocr_carea' id='block_1_53' title="bbox 207 3703 1792 3760">
    <p class='ocr_par' dir='ltr' id='par_1_53' title="bbox 207 3703 1792 3760">
     <span class='ocr_line' id='line_1_53' title="bbox 207 3703 1792 3760; baseline 0.003 -4"><span class='ocrx_word' id='word_1_403' title='bbox 207 3711 316 3757; x_wconf 80' lang='lat' dir='ltr'><strong>ctis</strong></span> <span class='ocrx_word' id='word_1_404' title='bbox 342 3711 396 3756; x_wconf 87' lang='lat' dir='ltr'><strong>et</strong></span> <span class='ocrx_word' id='word_1_405' title='bbox 437 3703 686 3758; x_wconf 89' lang='lat' dir='ltr'><strong>omnibus</strong></span> <span class='ocrx_word' id='word_1_406' title='bbox 727 3704 886 3758; x_wconf 83' lang='lat' dir='ltr'><strong>rebus</strong></span> <span class='ocrx_word' id='word_1_407' title='bbox 918 3703 1143 3758; x_wconf 90' lang='lat' dir='ltr'><strong>Domino</strong></span> <span class='ocrx_word' id='word_1_408' title='bbox 1183 3703 1516 3760; x_wconf 83' lang='lat' dir='ltr'><strong>consecratis</strong></span> <span class='ocrx_word' id='word_1_409' title='bbox 1555 3706 1792 3760; x_wconf 79' lang='lat' dir='ltr'><strong>maxime</strong></span> 
     </span>
    </p>
   </div>
   <div class='ocr_carea' id='block_1_54' title="bbox 207 3793 1793 3861">
    <p class='ocr_par' dir='ltr' id='par_1_54' title="bbox 207 3793 1793 3861">
     <span class='ocr_line' id='line_1_54' title="bbox 207 3793 1793 3861; baseline 0.003 -13"><span class='ocrx_word' id='word_1_410' title='bbox 207 3793 262 3848; x_wconf 87' lang='lat' dir='ltr'><strong>in</strong></span> <span class='ocrx_word' id='word_1_411' title='bbox 308 3794 658 3850; x_wconf 74' lang='lat' dir='ltr'><strong>Eucharistize</strong></span> <span class='ocrx_word' id='word_1_412' title='bbox 688 3797 1030 3861; x_wconf 84' lang='lat' dir='ltr'><strong>tractatione,</strong></span> <span class='ocrx_word' id='word_1_413' title='bbox 1068 3804 1278 3850; x_wconf 59' lang='lat' dir='ltr'><strong>rentum</strong></span> <span class='ocrx_word' id='word_1_414' title='bbox 1316 3796 1564 3859; x_wconf 78' lang='lat' dir='ltr'><strong>excedat,</strong></span> <span class='ocrx_word' id='word_1_415' title='bbox 1595 3816 1613 3847; x_wconf 89' lang='grc'><strong>(</strong></span> <span class='ocrx_word' id='word_1_416' title='bbox 1653 3795 1793 3852; x_wconf 78' lang='lat' dir='ltr'><strong>Offe-</strong></span> 
     </span>
    </p>
   </div>
   <div class='ocr_carea' id='block_1_55' title="bbox 210 3883 1791 3955">
    <p class='ocr_par' dir='ltr' id='par_1_55' title="bbox 210 3883 1791 3955">
     <span class='ocr_line' id='line_1_55' title="bbox 210 3883 1791 3955; baseline 0.003 -19"><span class='ocrx_word' id='word_1_417' title='bbox 210 3893 293 3937; x_wconf 72' lang='lat' dir='ltr'><strong>ra&#39;</strong></span> <span class='ocrx_word' id='word_1_418' title='bbox 328 3897 424 3951; x_wconf 90' lang='lat' dir='ltr'><strong>pro</strong></span> <span class='ocrx_word' id='word_1_419' title='bbox 451 3883 646 3938; x_wconf 87' lang='lat' dir='ltr'><strong>delicto</strong></span> <span class='ocrx_word' id='word_1_420' title='bbox 678 3900 782 3940; x_wconf 85' lang='lat' dir='ltr'><strong>suo.</strong></span> <span class='ocrx_word' id='word_1_421' title='bbox 802 3886 1028 3939; x_wconf 87' lang='lat' dir='ltr'><strong>arietem</strong></span> <span class='ocrx_word' id='word_1_422' title='bbox 1074 3885 1479 3940; x_wconf 87' lang='lat' dir='ltr'><strong>immaculatum</strong></span> <span class='ocrx_word' id='word_1_423' title='bbox 1511 3887 1576 3940; x_wconf 90' lang='lat' dir='ltr'><strong>de</strong></span> <span class='ocrx_word' id='word_1_424' title='bbox 1611 3887 1791 3955; x_wconf 79' lang='lat' dir='ltr'><strong>gregi-</strong></span> 
     </span>
    </p>
   </div>
   <div class='ocr_carea' id='block_1_56' title="bbox 208 3972 1791 4045">
    <p class='ocr_par' dir='ltr' id='par_1_56' title="bbox 208 3972 1791 4045">
     <span class='ocr_line' id='line_1_56' title="bbox 208 3972 1791 4045; baseline 0.003 -19"><span class='ocrx_word' id='word_1_425' title='bbox 208 3972 335 4034; x_wconf 90' lang='lat' dir='ltr'><strong>bus,</strong></span> <span class='ocrx_word' id='word_1_426' title='bbox 365 3991 383 4022; x_wconf 73' lang='grc' dir='ltr'><strong>ι</strong></span> <span class='ocrx_word' id='word_1_427' title='bbox 425 3973 475 4025; x_wconf 96' lang='lat' dir='ltr'><strong>id</strong></span> <span class='ocrx_word' id='word_1_428' title='bbox 505 3983 587 4026; x_wconf 85' lang='lat' dir='ltr'><strong>est</strong></span> <span class='ocrx_word' id='word_1_429' title='bbox 633 3974 686 4026; x_wconf 89' lang='lat' dir='ltr'><strong>in</strong></span> <span class='ocrx_word' id='word_1_430' title='bbox 717 3975 1164 4043; x_wconf 89' lang='lat' dir='ltr'><strong>redemptionem,</strong></span> <span class='ocrx_word' id='word_1_431' title='bbox 1197 3991 1317 4045; x_wconf 74' lang='lat' dir='ltr'><strong>qua:</strong></span> <span class='ocrx_word' id='word_1_432' title='bbox 1355 3991 1449 4043; x_wconf 90' lang='lat' dir='ltr'><strong>per</strong></span> <span class='ocrx_word' id='word_1_433' title='bbox 1483 3978 1791 4032; x_wconf 88' lang='lat' dir='ltr'><strong>humanita-</strong></span> 
     </span>
    </p>
   </div>
   <div class='ocr_carea' id='block_1_57' title="bbox 211 4059 1793 4134">
    <p class='ocr_par' dir='ltr' id='par_1_57' title="bbox 211 4059 1793 4134">
     <span class='ocr_line' id='line_1_57' title="bbox 211 4059 1793 4134; baseline 0.003 -18"><span class='ocrx_word' id='word_1_434' title='bbox 211 4070 322 4116; x_wconf 83' lang='lat' dir='ltr'><strong>tetn</strong></span> <span class='ocrx_word' id='word_1_435' title='bbox 374 4059 572 4118; x_wconf 86' lang='lat' dir='ltr'><strong>Christi</strong></span> <span class='ocrx_word' id='word_1_436' title='bbox 621 4061 761 4117; x_wconf 87' lang='lat' dir='ltr'><strong>facta</strong></span> <span class='ocrx_word' id='word_1_437' title='bbox 811 4072 912 4127; x_wconf 86' lang='lat' dir='ltr'><strong>est,</strong></span> <span class='ocrx_word' id='word_1_438' title='bbox 947 4065 1268 4134; x_wconf 66' lang='lat' dir='ltr'><strong>paenitendo.</strong></span> <span class='ocrx_word' id='word_1_439' title='bbox 1303 4066 1557 4120; x_wconf 78' lang='lat' dir='ltr'><strong>conﬁdat.</strong></span> <span class='ocrx_word' id='word_1_440' title='bbox 1611 4085 1644 4117; x_wconf 55' lang='grc' dir='ltr'>(ι</span> <span class='ocrx_word' id='word_1_441' title='bbox 1692 4066 1793 4132; x_wconf 89' lang='lat' dir='ltr'><strong>Qui</strong></span> 
     </span>
    </p>
   </div>
   <div class='ocr_carea' id='block_1_58' title="bbox 210 4154 1793 4226">
    <p class='ocr_par' dir='ltr' id='par_1_58' title="bbox 210 4154 1793 4226">
     <span class='ocr_line' id='line_1_58' title="bbox 210 4154 1793 4226; baseline 0.003 -18"><span class='ocrx_word' id='word_1_442' title='bbox 210 4154 322 4208; x_wconf 75' lang='lat' dir='ltr'><strong>enni</strong></span> <span class='ocrx_word' id='word_1_443' title='bbox 373 4164 547 4224; x_wconf 86' lang='lat' dir='ltr'><strong>potest</strong></span> <span class='ocrx_word' id='word_1_444' title='bbox 593 4157 801 4212; x_wconf 89' lang='lat' dir='ltr'><strong>duobus</strong></span> <span class='ocrx_word' id='word_1_445' title='bbox 833 4157 1002 4221; x_wconf 83' lang='lat' dir='ltr'><strong>siclis,</strong></span> <span class='ocrx_word' id='word_1_446' title='bbox 1047 4178 1066 4209; x_wconf 75' lang='grc' dir='ltr'><strong>ι</strong></span> <span class='ocrx_word' id='word_1_447' title='bbox 1119 4157 1198 4212; x_wconf 89' lang='lat' dir='ltr'><strong>vel</strong></span> <span class='ocrx_word' id='word_1_448' title='bbox 1255 4176 1272 4208; x_wconf 80' lang='grc' dir='ltr'><strong>ι</strong></span> <span class='ocrx_word' id='word_1_449' title='bbox 1322 4173 1419 4226; x_wconf 88' lang='lat' dir='ltr'><strong>pro</strong></span> <span class='ocrx_word' id='word_1_450' title='bbox 1455 4157 1622 4221; x_wconf 75' lang='lat' dir='ltr'><strong>sit-lis,</strong></span> <span class='ocrx_word' id='word_1_451' title='bbox 1679 4177 1697 4210; x_wconf 78' lang='grc' dir='ltr'><strong>ι</strong></span> <span class='ocrx_word' id='word_1_452' title='bbox 1736 4169 1793 4213; x_wconf 87' lang='grc' dir='ltr'><strong>ιιι</strong></span> 
     </span>
    </p>
   </div>
   <div class='ocr_carea' id='block_1_59' title="bbox 209 4243 1798 4317">
    <p class='ocr_par' dir='ltr' id='par_1_59' title="bbox 209 4243 1798 4317">
     <span class='ocr_line' id='line_1_59' title="bbox 209 4243 1798 4317; baseline 0.003 -19"><span class='ocrx_word' id='word_1_453' title='bbox 209 4243 359 4298; x_wconf 73' lang='lat' dir='ltr'><strong>LXX</strong></span> <span class='ocrx_word' id='word_1_454' title='bbox 395 4246 799 4300; x_wconf 83' lang='lat' dir='ltr'><strong>transtulerunt.</strong></span> <span class='ocrx_word' id='word_1_455' title='bbox 840 4247 1089 4303; x_wconf 86' lang='lat' dir='ltr'><strong>Binarius</strong></span> <span class='ocrx_word' id='word_1_456' title='bbox 1115 4265 1372 4303; x_wconf 75' lang='lat' dir='ltr'><strong>numerus</strong></span> <span class='ocrx_word' id='word_1_457' title='bbox 1401 4249 1504 4303; x_wconf 90' lang='lat' dir='ltr'><strong>duo</strong></span> <span class='ocrx_word' id='word_1_458' title='bbox 1531 4249 1798 4317; x_wconf 79' lang='lat' dir='ltr'><strong>signiﬁcat</strong></span> 
     </span>
    </p>
   </div>
   <div class='ocr_carea' id='block_1_60' title="bbox 211 4339 1795 4411">
    <p class='ocr_par' dir='ltr' id='par_1_60' title="bbox 211 4339 1795 4411">
     <span class='ocr_line' id='line_1_60' title="bbox 211 4339 1795 4411; baseline 0.003 -21"><span class='ocrx_word' id='word_1_459' title='bbox 211 4349 486 4409; x_wconf 71' lang='lat' dir='ltr'><strong>prmcepta</strong></span> <span class='ocrx_word' id='word_1_460' title='bbox 523 4339 825 4402; x_wconf 87' lang='lat' dir='ltr'><strong>charitatis,</strong></span> <span class='ocrx_word' id='word_1_461' title='bbox 864 4355 892 4391; x_wconf 90' lang='lat' dir='ltr'><strong>a</strong></span> <span class='ocrx_word' id='word_1_462' title='bbox 934 4341 1126 4408; x_wconf 86' lang='lat' dir='ltr'><strong>quibus</strong></span> <span class='ocrx_word' id='word_1_463' title='bbox 1154 4341 1220 4394; x_wconf 89' lang='lat' dir='ltr'><strong>ad</strong></span> <span class='ocrx_word' id='word_1_464' title='bbox 1249 4341 1795 4411; x_wconf 80' lang='lat' dir='ltr'><strong>quinquagenarinm,</strong></span> 
     </span>
    </p>
   </div>
   <div class='ocr_carea' id='block_1_61' title="bbox 214 4427 1801 4500">
    <p class='ocr_par' dir='ltr' id='par_1_61' title="bbox 214 4427 1801 4500">
     <span class='ocr_line' id='line_1_61' title="bbox 214 4427 1801 4500; baseline 0.002 -18"><span class='ocrx_word' id='word_1_465' title='bbox 214 4427 266 4484; x_wconf 91' lang='lat' dir='ltr'><strong>id</strong></span> <span class='ocrx_word' id='word_1_466' title='bbox 299 4439 381 4483; x_wconf 90' lang='lat' dir='ltr'><strong>cst</strong></span> <span class='ocrx_word' id='word_1_467' title='bbox 410 4429 475 4482; x_wconf 91' lang='lat' dir='ltr'><strong>ad</strong></span> <span class='ocrx_word' id='word_1_468' title='bbox 499 4431 727 4500; x_wconf 78' lang='lat' dir='ltr'><strong>gratiam</strong></span> <span class='ocrx_word' id='word_1_469' title='bbox 761 4430 932 4483; x_wconf 86' lang='lat' dir='ltr'><strong>sancti</strong></span> <span class='ocrx_word' id='word_1_470' title='bbox 965 4432 1218 4499; x_wconf 78' lang='lat' dir='ltr'><strong>Spiritus,</strong></span> <span class='ocrx_word' id='word_1_471' title='bbox 1242 4433 1641 4500; x_wconf 85' lang='lat' dir='ltr'><strong>perveniamus.</strong></span> <span class='ocrx_word' id='word_1_472' title='bbox 1667 4432 1801 4485; x_wconf 82' lang='lat' dir='ltr'><strong>Fru-</strong></span> 
     </span>
    </p>
   </div>
   <div class='ocr_carea' id='block_1_62' title="bbox 215 4521 1801 4592">
    <p class='ocr_par' dir='ltr' id='par_1_62' title="bbox 215 4521 1801 4592">
     <span class='ocr_line' id='line_1_62' title="bbox 215 4521 1801 4592; baseline -0.001 -15"><span class='ocrx_word' id='word_1_473' title='bbox 215 4530 332 4577; x_wconf 84' lang='lat' dir='ltr'><strong>stra</strong></span> <span class='ocrx_word' id='word_1_474' title='bbox 366 4521 505 4576; x_wconf 88' lang='lat' dir='ltr'><strong>enim</strong></span> <span class='ocrx_word' id='word_1_475' title='bbox 553 4522 867 4592; x_wconf 79' lang='lat' dir='ltr'><strong>pamitentia</strong></span> <span class='ocrx_word' id='word_1_476' title='bbox 922 4523 1217 4591; x_wconf 81' lang='lat' dir='ltr'><strong>castigatur</strong></span> <span class='ocrx_word' id='word_1_477' title='bbox 1246 4523 1346 4576; x_wconf 92' lang='lat' dir='ltr'><strong>nisi</strong></span> <span class='ocrx_word' id='word_1_478' title='bbox 1375 4525 1457 4576; x_wconf 91' lang='lat' dir='ltr'><strong>cui</strong></span> <span class='ocrx_word' id='word_1_479' title='bbox 1489 4539 1584 4592; x_wconf 86' lang='lat' dir='ltr'><strong>per</strong></span> <span class='ocrx_word' id='word_1_480' title='bbox 1627 4523 1801 4591; x_wconf 88' lang='lat' dir='ltr'><strong>Spiri-</strong></span> 
     </span>
    </p>
   </div>
   <div class='ocr_carea' id='block_1_63' title="bbox 217 4615 1798 4684">
    <p class='ocr_par' dir='ltr' id='par_1_63' title="bbox 217 4615 1798 4684">
     <span class='ocr_line' id='line_1_63' title="bbox 217 4615 1798 4684; baseline 0.002 -17"><span class='ocrx_word' id='word_1_481' title='bbox 217 4623 337 4667; x_wconf 88' lang='lat' dir='ltr'><strong>tum</strong></span> <span class='ocrx_word' id='word_1_482' title='bbox 361 4622 605 4667; x_wconf 90' lang='lat' dir='ltr'><strong>sanctnm</strong></span> <span class='ocrx_word' id='word_1_483' title='bbox 646 4623 969 4683; x_wconf 73' lang='lat' dir='ltr'><strong>pneccptnm</strong></span> <span class='ocrx_word' id='word_1_484' title='bbox 995 4615 1276 4668; x_wconf 81' lang='lat' dir='ltr'><strong>charitatis</strong></span> <span class='ocrx_word' id='word_1_485' title='bbox 1300 4625 1566 4678; x_wconf 86' lang='lat' dir='ltr'><strong>servetur,</strong></span> <span class='ocrx_word' id='word_1_486' title='bbox 1602 4625 1658 4668; x_wconf 86' lang='grc' dir='ltr'><strong>ιιι</strong></span> <span class='ocrx_word' id='word_1_487' title='bbox 1687 4629 1798 4684; x_wconf 77' lang='lat' dir='ltr'><strong>ipse</strong></span> 
     </span>
    </p>
   </div>
   <div class='ocr_carea' id='block_1_64' title="bbox 1889 2049 3473 2122">
    <p class='ocr_par' dir='ltr' id='par_1_64' title="bbox 1889 2049 3473 2122">
     <span class='ocr_line' id='line_1_64' title="bbox 1889 2049 3473 2122; baseline 0.003 -20"><span class='ocrx_word' id='word_1_488' title='bbox 1889 2049 2229 2106; x_wconf 84' lang='lat' dir='ltr'><strong>Cremabitur</strong></span> <span class='ocrx_word' id='word_1_489' title='bbox 2278 2052 2328 2106; x_wconf 93' lang='lat' dir='ltr'><strong>in</strong></span> <span class='ocrx_word' id='word_1_490' title='bbox 2378 2052 2534 2106; x_wconf 83' lang='lat' dir='ltr'><strong>altari</strong></span> <span class='ocrx_word' id='word_1_491' title='bbox 2577 2061 2686 2107; x_wconf 87' lang='lat' dir='ltr'><strong>tota</strong></span> <span class='ocrx_word' id='word_1_492' title='bbox 2739 2063 2896 2108; x_wconf 86' lang='lat' dir='ltr'><strong>nocte</strong></span> <span class='ocrx_word' id='word_1_493' title='bbox 2932 2067 3102 2122; x_wconf 89' lang='lat' dir='ltr'><strong>usque</strong></span> <span class='ocrx_word' id='word_1_494' title='bbox 3132 2067 3308 2108; x_wconf 86' lang='lat' dir='ltr'><strong>mane.</strong></span> <span class='ocrx_word' id='word_1_495' title='bbox 3345 2072 3366 2104; x_wconf 77' lang='grc' dir='ltr'><strong>ι</strong></span> <span class='ocrx_word' id='word_1_496' title='bbox 3397 2050 3473 2106; x_wconf 85' lang='lat' dir='ltr'><strong>De</strong></span> 
     </span>
    </p>
   </div>
   <div class='ocr_carea' id='block_1_65' title="bbox 1889 2145 3526 2216">
    <p class='ocr_par' dir='ltr' id='par_1_65' title="bbox 1889 2145 3526 2216">
     <span class='ocr_line' id='line_1_65' title="bbox 1889 2145 3526 2216; baseline 0.001 -17"><span class='ocrx_word' id='word_1_497' title='bbox 1889 2160 1954 2200; x_wconf 90' lang='lat' dir='ltr'><strong>eo</strong></span> <span class='ocrx_word' id='word_1_498' title='bbox 1980 2145 2296 2208; x_wconf 82' lang='lat' dir='ltr'><strong>holocausto</strong></span> <span class='ocrx_word' id='word_1_499' title='bbox 2315 2147 2531 2203; x_wconf 86' lang='lat' dir='ltr'><strong>videtur</strong></span> <span class='ocrx_word' id='word_1_500' title='bbox 2557 2148 2646 2202; x_wconf 90' lang='lat' dir='ltr'><strong>hic</strong></span> <span class='ocrx_word' id='word_1_501' title='bbox 2678 2148 2860 2203; x_wconf 86' lang='lat' dir='ltr'><strong>dicere</strong></span> <span class='ocrx_word' id='word_1_502' title='bbox 2898 2159 3012 2216; x_wconf 84' lang='lat' dir='ltr'><strong>quo</strong></span> <span class='ocrx_word' id='word_1_503' title='bbox 3034 2147 3277 2216; x_wconf 85' lang='lat' dir='ltr'><strong>quotidie</strong></span> <span class='ocrx_word' id='word_1_504' title='bbox 3301 2160 3472 2214; x_wconf 73' lang='lat' dir='ltr'><strong>agnus</strong></span> <span class='ocrx_word' id='word_1_505' title='bbox 3523 2210 3526 2214; x_wconf 39' lang='grc'>,</span> 
     </span>
    </p>
   </div>
   <div class='ocr_carea' id='block_1_66' title="bbox 1889 2238 3473 2309">
    <p class='ocr_par' dir='ltr' id='par_1_66' title="bbox 1889 2238 3473 2309">
     <span class='ocr_line' id='line_1_66' title="bbox 1889 2238 3473 2309; baseline 0 -16"><span class='ocrx_word' id='word_1_506' title='bbox 1889 2254 2027 2293; x_wconf 86' lang='lat' dir='ltr'><strong>unus</strong></span> <span class='ocrx_word' id='word_1_507' title='bbox 2058 2254 2234 2302; x_wconf 89' lang='lat' dir='ltr'><strong>mane,</strong></span> <span class='ocrx_word' id='word_1_508' title='bbox 2267 2239 2404 2295; x_wconf 82' lang='lat' dir='ltr'><strong>alter</strong></span> <span class='ocrx_word' id='word_1_509' title='bbox 2426 2254 2650 2309; x_wconf 86' lang='lat' dir='ltr'><strong>vespere</strong></span> <span class='ocrx_word' id='word_1_510' title='bbox 2672 2247 2788 2293; x_wconf 91' lang='lat' dir='ltr'><strong>erat</strong></span> <span class='ocrx_word' id='word_1_511' title='bbox 2815 2238 3144 2294; x_wconf 66' lang='lat' dir='ltr'><strong>offerendos.</strong></span> <span class='ocrx_word' id='word_1_512' title='bbox 3176 2238 3250 2293; x_wconf 89' lang='lat' dir='ltr'><strong>De</strong></span> <span class='ocrx_word' id='word_1_513' title='bbox 3275 2247 3473 2294; x_wconf 81' lang='lat' dir='ltr'><strong>caetero</strong></span> 
     </span>
    </p>
   </div>
   <div class='ocr_carea' id='block_1_67' title="bbox 1889 2330 3474 2401">
    <p class='ocr_par' dir='ltr' id='par_1_67' title="bbox 1889 2330 3474 2401">
     <span class='ocr_line' id='line_1_67' title="bbox 1889 2330 3474 2401; baseline 0.002 -18"><span class='ocrx_word' id='word_1_514' title='bbox 1889 2330 2016 2399; x_wconf 85' lang='lat' dir='ltr'><strong>quid</strong></span> <span class='ocrx_word' id='word_1_515' title='bbox 2053 2331 2122 2384; x_wconf 90' lang='lat' dir='ltr'><strong>sit</strong></span> <span class='ocrx_word' id='word_1_516' title='bbox 2171 2331 2541 2386; x_wconf 85' lang='lat' dir='ltr'><strong>holocaustum</strong></span> <span class='ocrx_word' id='word_1_517' title='bbox 2595 2331 2952 2401; x_wconf 79' lang='lat' dir='ltr'><strong>spiritualitet:</strong></span> <span class='ocrx_word' id='word_1_518' title='bbox 2997 2347 3162 2401; x_wconf 86' lang='lat' dir='ltr'><strong>supra</strong></span> <span class='ocrx_word' id='word_1_519' title='bbox 3210 2331 3474 2386; x_wconf 72' lang='lat' dir='ltr'><strong>diximus.</strong></span> 
     </span>
    </p>
   </div>
   <div class='ocr_carea' id='block_1_68' title="bbox 1889 2420 3470 2493">
    <p class='ocr_par' dir='ltr' id='par_1_68' title="bbox 1889 2420 3470 2493">
     <span class='ocr_line' id='line_1_68' title="bbox 1889 2420 3470 2493; baseline 0.001 -18"><span class='ocrx_word' id='word_1_520' title='bbox 1889 2420 2024 2476; x_wconf 81' lang='lat' dir='ltr'><strong>Tota</strong></span> <span class='ocrx_word' id='word_1_521' title='bbox 2052 2433 2210 2478; x_wconf 82' lang='lat' dir='ltr'><strong>necte</strong></span> <span class='ocrx_word' id='word_1_522' title='bbox 2237 2439 2410 2492; x_wconf 88' lang='lat' dir='ltr'><strong>usque</strong></span> <span class='ocrx_word' id='word_1_523' title='bbox 2431 2424 2500 2478; x_wconf 86' lang='lat' dir='ltr'><strong>ad</strong></span> <span class='ocrx_word' id='word_1_524' title='bbox 2528 2439 2684 2478; x_wconf 85' lang='lat' dir='ltr'><strong>mane</strong></span> <span class='ocrx_word' id='word_1_525' title='bbox 2714 2423 2876 2492; x_wconf 81' lang='lat' dir='ltr'><strong>ignis,</strong></span> <span class='ocrx_word' id='word_1_526' title='bbox 2907 2425 2995 2493; x_wconf 91' lang='lat' dir='ltr'><strong>qui</strong></span> <span class='ocrx_word' id='word_1_527' title='bbox 3026 2424 3078 2477; x_wconf 91' lang='lat' dir='ltr'><strong>in</strong></span> <span class='ocrx_word' id='word_1_528' title='bbox 3099 2423 3288 2477; x_wconf 88' lang='lat' dir='ltr'><strong>eodem</strong></span> <span class='ocrx_word' id='word_1_529' title='bbox 3312 2422 3470 2476; x_wconf 86' lang='lat' dir='ltr'><strong>altari</strong></span> 
     </span>
    </p>
   </div>
   <div class='ocr_carea' id='block_1_69' title="bbox 1887 2515 3472 2584">
    <p class='ocr_par' dir='ltr' id='par_1_69' title="bbox 1887 2515 3472 2584">
     <span class='ocr_line' id='line_1_69' title="bbox 1887 2515 3472 2584; baseline -0.001 -15"><span class='ocrx_word' id='word_1_530' title='bbox 1887 2523 1994 2576; x_wconf 84' lang='lat' dir='ltr'><strong>est,</strong></span> <span class='ocrx_word' id='word_1_531' title='bbox 2020 2517 2196 2575; x_wconf 81' lang='lat' dir='ltr'><strong>ardet,</strong></span> <span class='ocrx_word' id='word_1_532' title='bbox 2228 2515 2360 2582; x_wconf 87' lang='lat' dir='ltr'><strong>quia-</strong></span> <span class='ocrx_word' id='word_1_533' title='bbox 2404 2516 2667 2580; x_wconf 87' lang='lat' dir='ltr'><strong>charitas,</strong></span> <span class='ocrx_word' id='word_1_534' title='bbox 2708 2530 2880 2584; x_wconf 85' lang='lat' dir='ltr'><strong>quam.</strong></span> <span class='ocrx_word' id='word_1_535' title='bbox 2919 2516 3166 2570; x_wconf 87' lang='lat' dir='ltr'><strong>Christus</strong></span> <span class='ocrx_word' id='word_1_536' title='bbox 3196 2529 3472 2570; x_wconf 83' lang='lat' dir='ltr'><strong>commen-</strong></span> 
     </span>
    </p>
   </div>
   <div class='ocr_carea' id='block_1_70' title="bbox 1889 2605 3473 2662">
    <p class='ocr_par' dir='ltr' id='par_1_70' title="bbox 1889 2605 3473 2662">
     <span class='ocr_line' id='line_1_70' title="bbox 1889 2605 3473 2662; baseline 0 -2"><span class='ocrx_word' id='word_1_537' title='bbox 1889 2605 2310 2661; x_wconf 89' lang='lat' dir='ltr'><strong>davitdiccndo:</strong></span> <span class='ocrx_word' id='word_1_538' title='bbox 2341 2607 2579 2662; x_wconf 68' lang='lat' dir='ltr'><strong>«Maneto</strong></span> <span class='ocrx_word' id='word_1_539' title='bbox 2601 2608 2652 2662; x_wconf 90' lang='lat' dir='ltr'><strong>in</strong></span> <span class='ocrx_word' id='word_1_540' title='bbox 2677 2607 2967 2662; x_wconf 83' lang='lat' dir='ltr'><strong>dilectione</strong></span> <span class='ocrx_word' id='word_1_541' title='bbox 2994 2622 3112 2661; x_wconf 90' lang='lat' dir='ltr'><strong>mea</strong></span> <span class='ocrx_word' id='word_1_542' title='bbox 3140 2607 3282 2660; x_wconf 88' lang='lat' dir='ltr'><strong>sicut</strong></span> <span class='ocrx_word' id='word_1_543' title='bbox 3306 2605 3473 2660; x_wconf 79' lang='lat' dir='ltr'><strong>dilexi</strong></span> 
     </span>
    </p>
   </div>
   <div class='ocr_carea' id='block_1_71' title="bbox 1889 2698 3475 2770">
    <p class='ocr_par' dir='ltr' id='par_1_71' title="bbox 1889 2698 3475 2770">
     <span class='ocr_line' id='line_1_71' title="bbox 1889 2698 3475 2770; baseline 0.001 -19"><span class='ocrx_word' id='word_1_544' title='bbox 1889 2715 1983 2753; x_wconf 91' lang='lat' dir='ltr'><strong>vos</strong></span> <span class='ocrx_word' id='word_1_545' title='bbox 2005 2699 2186 2769; x_wconf 80' lang='lat' dir='ltr'><strong>(Joan.</strong></span> <span class='ocrx_word' id='word_1_546' title='bbox 2215 2701 2327 2770; x_wconf 73' lang='lat' dir='ltr'><strong>xv),</strong></span> <span class='ocrx_word' id='word_1_547' title='bbox 2350 2720 2368 2752; x_wconf 78' lang='grc' dir='ltr'><strong>ι</strong></span> <span class='ocrx_word' id='word_1_548' title='bbox 2400 2700 2451 2754; x_wconf 92' lang='lat' dir='ltr'><strong>in</strong></span> <span class='ocrx_word' id='word_1_549' title='bbox 2479 2699 2734 2755; x_wconf 84' lang='lat' dir='ltr'><strong>cordibus</strong></span> <span class='ocrx_word' id='word_1_550' title='bbox 2758 2698 2991 2752; x_wconf 84' lang='lat' dir='ltr'><strong>ﬁdelium</strong></span> <span class='ocrx_word' id='word_1_551' title='bbox 3015 2714 3186 2768; x_wconf 86' lang='lat' dir='ltr'><strong>usque</strong></span> <span class='ocrx_word' id='word_1_552' title='bbox 3215 2699 3475 2753; x_wconf 51' lang='lat' dir='ltr'><strong>advmano</strong></span> 
     </span>
    </p>
   </div>
   <div class='ocr_carea' id='block_1_72' title="bbox 1888 2786 3466 2858">
    <p class='ocr_par' dir='ltr' id='par_1_72' title="bbox 1888 2786 3466 2858">
     <span class='ocr_line' id='line_1_72' title="bbox 1888 2786 3466 2858; baseline 0 -16"><span class='ocrx_word' id='word_1_553' title='bbox 1888 2788 2086 2842; x_wconf 62' lang='lat' dir='ltr'><strong>futuras</strong></span> <span class='ocrx_word' id='word_1_554' title='bbox 2124 2791 2268 2851; x_wconf 65' lang='lat' dir='ltr'><strong>vitae,</strong></span> <span class='ocrx_word' id='word_1_555' title='bbox 2310 2790 2396 2844; x_wconf 92' lang='lat' dir='ltr'><strong>ubi</strong></span> <span class='ocrx_word' id='word_1_556' title='bbox 2448 2791 2548 2842; x_wconf 83' lang='lat' dir='ltr'><strong>lux.</strong></span> <span class='ocrx_word' id='word_1_557' title='bbox 2591 2790 2844 2858; x_wconf 67' lang='lat' dir='ltr'><strong>perfectae</strong></span> <span class='ocrx_word' id='word_1_558' title='bbox 2888 2788 3127 2842; x_wconf 74' lang='lat' dir='ltr'><strong>scientiae</strong></span> <span class='ocrx_word' id='word_1_559' title='bbox 3173 2786 3466 2857; x_wconf 75' lang='lat' dir='ltr'><strong>elfulgcbit,</strong></span> 
     </span>
    </p>
   </div>
   <div class='ocr_carea' id='block_1_73' title="bbox 1889 2877 3472 2949">
    <p class='ocr_par' dir='ltr' id='par_1_73' title="bbox 1889 2877 3472 2949">
     <span class='ocr_line' id='line_1_73' title="bbox 1889 2877 3472 2949; baseline 0 -17"><span class='ocrx_word' id='word_1_560' title='bbox 1889 2877 2120 2949; x_wconf 79' lang='lat' dir='ltr'><strong>ﬂagrare</strong></span> <span class='ocrx_word' id='word_1_561' title='bbox 2141 2878 2375 2932; x_wconf 82' lang='lat' dir='ltr'><strong>debebit.</strong></span> <span class='ocrx_word' id='word_1_562' title='bbox 2405 2878 2644 2933; x_wconf 78' lang='lat' dir='ltr'><strong>VeStitur</strong></span> <span class='ocrx_word' id='word_1_563' title='bbox 2676 2878 2932 2933; x_wconf 84' lang='lat' dir='ltr'><strong>sacerdos</strong></span> <span class='ocrx_word' id='word_1_564' title='bbox 2954 2879 3154 2941; x_wconf 91' lang='lat' dir='ltr'><strong>tunica,</strong></span> <span class='ocrx_word' id='word_1_565' title='bbox 3199 2879 3346 2932; x_wconf 83' lang='lat' dir='ltr'><strong>sicut</strong></span> <span class='ocrx_word' id='word_1_566' title='bbox 3370 2877 3472 2932; x_wconf 86' lang='lat' dir='ltr'><strong>Da-</strong></span> 
     </span>
    </p>
   </div>
   <div class='ocr_carea' id='block_1_74' title="bbox 1888 2966 3470 3039">
    <p class='ocr_par' dir='ltr' id='par_1_74' title="bbox 1888 2966 3470 3039">
     <span class='ocr_line' id='line_1_74' title="bbox 1888 2966 3470 3039; baseline 0 -17"><span class='ocrx_word' id='word_1_567' title='bbox 1888 2970 1976 3024; x_wconf 85' lang='lat' dir='ltr'><strong>vid</strong></span> <span class='ocrx_word' id='word_1_568' title='bbox 2004 2970 2132 3024; x_wconf 84' lang='lat' dir='ltr'><strong>dicit</strong></span> <span class='ocrx_word' id='word_1_569' title='bbox 2160 2985 2173 3022; x_wconf 91' lang='lat'><strong>:</strong></span> <span class='ocrx_word' id='word_1_570' title='bbox 2217 2989 2236 3019; x_wconf 70' lang='lat' dir='ltr'><strong>t</strong></span> <span class='ocrx_word' id='word_1_571' title='bbox 2278 2969 2602 3024; x_wconf 85' lang='lat' dir='ltr'><strong>Sacerdotes</strong></span> <span class='ocrx_word' id='word_1_572' title='bbox 2631 2972 2706 3024; x_wconf 89' lang='lat' dir='ltr'><strong>tui</strong></span> <span class='ocrx_word' id='word_1_573' title='bbox 2734 2970 3025 3024; x_wconf 86' lang='lat' dir='ltr'><strong>induantur</strong></span> <span class='ocrx_word' id='word_1_574' title='bbox 3050 2968 3260 3037; x_wconf 72' lang='lat' dir='ltr'><strong>iustitia</strong></span> <span class='ocrx_word' id='word_1_575' title='bbox 3293 2966 3470 3039; x_wconf 80' lang='lat' dir='ltr'><strong>(Psal.</strong></span> 
     </span>
    </p>
   </div>
   <div class='ocr_carea' id='block_1_75' title="bbox 1888 3061 3470 3132">
    <p class='ocr_par' dir='ltr' id='par_1_75' title="bbox 1888 3061 3470 3132">
     <span class='ocr_line' id='line_1_75' title="bbox 1888 3061 3470 3132; baseline 0.001 -16"><span class='ocrx_word' id='word_1_576' title='bbox 1888 3061 1987 3132; x_wconf 82' lang='lat' dir='ltr'><strong>et).</strong></span> <span class='ocrx_word' id='word_1_577' title='bbox 2025 3081 2043 3114; x_wconf 76' lang='grc' dir='ltr'><strong>ι</strong></span> <span class='ocrx_word' id='word_1_578' title='bbox 2086 3061 2328 3117; x_wconf 83' lang='lat' dir='ltr'><strong>Vestitus</strong></span> <span class='ocrx_word' id='word_1_579' title='bbox 2363 3072 2416 3116; x_wconf 89' lang='lat' dir='ltr'><strong>ct</strong></span> <span class='ocrx_word' id='word_1_580' title='bbox 2443 3063 2782 3117; x_wconf 81' lang='lat' dir='ltr'><strong>feminalibus</strong></span> <span class='ocrx_word' id='word_1_581' title='bbox 2810 3063 2987 3125; x_wconf 83' lang='lat' dir='ltr'><strong>lineis,</strong></span> <span class='ocrx_word' id='word_1_582' title='bbox 3019 3063 3142 3115; x_wconf 81' lang='lat' dir='ltr'><strong>dum</strong></span> <span class='ocrx_word' id='word_1_583' title='bbox 3183 3062 3470 3117; x_wconf 78' lang='lat' dir='ltr'><strong>continett-</strong></span> 
     </span>
    </p>
   </div>
   <div class='ocr_carea' id='block_1_76' title="bbox 1895 3152 3476 3222">
    <p class='ocr_par' dir='ltr' id='par_1_76' title="bbox 1895 3152 3476 3222">
     <span class='ocr_line' id='line_1_76' title="bbox 1895 3152 3476 3222; baseline 0 -17"><span class='ocrx_word' id='word_1_584' title='bbox 1895 3154 2022 3206; x_wconf 89' lang='lat' dir='ltr'><strong>tiam</strong></span> <span class='ocrx_word' id='word_1_585' title='bbox 2052 3153 2323 3222; x_wconf 68' lang='lat' dir='ltr'><strong>pudicitia:</strong></span> <span class='ocrx_word' id='word_1_586' title='bbox 2350 3165 2658 3215; x_wconf 88' lang='lat' dir='ltr'><strong>conservat,</strong></span> <span class='ocrx_word' id='word_1_587' title='bbox 2687 3155 2826 3207; x_wconf 90' lang='lat' dir='ltr'><strong>sicut</strong></span> <span class='ocrx_word' id='word_1_588' title='bbox 2856 3154 3115 3208; x_wconf 86' lang='lat' dir='ltr'><strong>Dominus</strong></span> <span class='ocrx_word' id='word_1_589' title='bbox 3144 3162 3220 3207; x_wconf 84' lang='lat' dir='ltr'><strong>att</strong></span> <span class='ocrx_word' id='word_1_590' title='bbox 3253 3171 3266 3206; x_wconf 86' lang='lat'>:</span> <span class='ocrx_word' id='word_1_591' title='bbox 3301 3173 3322 3204; x_wconf 75' lang='grc' dir='ltr'><strong>ι</strong></span> <span class='ocrx_word' id='word_1_592' title='bbox 3351 3152 3476 3208; x_wconf 82' lang='lat' dir='ltr'><strong>Sint</strong></span> 
     </span>
    </p>
   </div>
   <div class='ocr_carea' id='block_1_77' title="bbox 1893 3243 3476 3314">
    <p class='ocr_par' dir='ltr' id='par_1_77' title="bbox 1893 3243 3476 3314">
     <span class='ocr_line' id='line_1_77' title="bbox 1893 3243 3476 3314; baseline 0.001 -18"><span class='ocrx_word' id='word_1_593' title='bbox 1893 3243 2058 3298; x_wconf 86' lang='lat' dir='ltr'><strong>lumbi</strong></span> <span class='ocrx_word' id='word_1_594' title='bbox 2097 3245 2261 3297; x_wconf 86' lang='lat' dir='ltr'><strong>vestri</strong></span> <span class='ocrx_word' id='word_1_595' title='bbox 2294 3244 2591 3312; x_wconf 78' lang='lat' dir='ltr'><strong>pnerincli,</strong></span> <span class='ocrx_word' id='word_1_596' title='bbox 2642 3264 2661 3295; x_wconf 73' lang='grc' dir='ltr'><strong>ι</strong></span> <span class='ocrx_word' id='word_1_597' title='bbox 2690 3254 2745 3298; x_wconf 88' lang='lat' dir='ltr'><strong>et</strong></span> <span class='ocrx_word' id='word_1_598' title='bbox 2784 3244 3010 3312; x_wconf 85' lang='lat' dir='ltr'><strong>reliqua.</strong></span> <span class='ocrx_word' id='word_1_599' title='bbox 3041 3244 3192 3314; x_wconf 75' lang='lat' dir='ltr'><strong>(Luc.</strong></span> <span class='ocrx_word' id='word_1_600' title='bbox 3227 3245 3344 3314; x_wconf 72' lang='lat' dir='ltr'><strong>xtl.)</strong></span> <span class='ocrx_word' id='word_1_601' title='bbox 3372 3244 3476 3298; x_wconf 85' lang='lat' dir='ltr'><strong>Po-</strong></span> 
     </span>
    </p>
   </div>
   <div class='ocr_carea' id='block_1_78' title="bbox 1895 3334 3476 3403">
    <p class='ocr_par' dir='ltr' id='par_1_78' title="bbox 1895 3334 3476 3403">
     <span class='ocr_line' id='line_1_78' title="bbox 1895 3334 3476 3403; baseline 0.002 -17"><span class='ocrx_word' id='word_1_602' title='bbox 1895 3335 1980 3388; x_wconf 87' lang='lat' dir='ltr'><strong>nit</strong></span> <span class='ocrx_word' id='word_1_603' title='bbox 1998 3334 2210 3388; x_wconf 86' lang='lat' dir='ltr'><strong>cineres</strong></span> <span class='ocrx_word' id='word_1_604' title='bbox 2248 3334 2402 3403; x_wconf 72' lang='lat' dir='ltr'><strong>juxta</strong></span> <span class='ocrx_word' id='word_1_605' title='bbox 2435 3334 2625 3397; x_wconf 85' lang='lat' dir='ltr'><strong>altare,</strong></span> <span class='ocrx_word' id='word_1_606' title='bbox 2660 3335 2784 3387; x_wconf 90' lang='lat' dir='ltr'><strong>dum</strong></span> <span class='ocrx_word' id='word_1_607' title='bbox 2827 3335 3352 3388; x_wconf 76' lang='lat' dir='ltr'><strong>consummationem</strong></span> <span class='ocrx_word' id='word_1_608' title='bbox 3381 3336 3476 3389; x_wconf 89' lang='lat' dir='ltr'><strong>bo-</strong></span> 
     </span>
    </p>
   </div>
   <div class='ocr_carea' id='block_1_79' title="bbox 1893 3425 3472 3495">
    <p class='ocr_par' dir='ltr' id='par_1_79' title="bbox 1893 3425 3472 3495">
     <span class='ocr_line' id='line_1_79' title="bbox 1893 3425 3472 3495; baseline 0.002 -16"><span class='ocrx_word' id='word_1_609' title='bbox 1893 3441 2084 3480; x_wconf 91' lang='lat' dir='ltr'><strong>norum</strong></span> <span class='ocrx_word' id='word_1_610' title='bbox 2121 3441 2344 3495; x_wconf 87' lang='lat' dir='ltr'><strong>operum</strong></span> <span class='ocrx_word' id='word_1_611' title='bbox 2371 3425 2596 3480; x_wconf 84' lang='lat' dir='ltr'><strong>Domino</strong></span> <span class='ocrx_word' id='word_1_612' title='bbox 2624 3426 2983 3488; x_wconf 88' lang='lat' dir='ltr'><strong>commendat,</strong></span> <span class='ocrx_word' id='word_1_613' title='bbox 3011 3434 3069 3479; x_wconf 90' lang='lat' dir='ltr'><strong>ut</strong></span> <span class='ocrx_word' id='word_1_614' title='bbox 3090 3425 3290 3480; x_wconf 84' lang='lat' dir='ltr'><strong>Paulus</strong></span> <span class='ocrx_word' id='word_1_615' title='bbox 3322 3426 3472 3482; x_wconf 86' lang='lat' dir='ltr'><strong>dicit:</strong></span> 
     </span>
    </p>
   </div>
   <div class='ocr_carea' id='block_1_80' title="bbox 1893 3517 3470 3587">
    <p class='ocr_par' dir='ltr' id='par_1_80' title="bbox 1893 3517 3470 3587">
     <span class='ocr_line' id='line_1_80' title="bbox 1893 3517 3470 3587; baseline 0.001 -17"><span class='ocrx_word' id='word_1_616' title='bbox 1893 3517 2092 3572; x_wconf 85' lang='lat' dir='ltr'><strong>Potens</strong></span> <span class='ocrx_word' id='word_1_617' title='bbox 2145 3526 2234 3572; x_wconf 87' lang='lat' dir='ltr'><strong>est</strong></span> <span class='ocrx_word' id='word_1_618' title='bbox 2274 3518 2576 3587; x_wconf 87' lang='lat' dir='ltr'><strong>depositum</strong></span> <span class='ocrx_word' id='word_1_619' title='bbox 2628 3533 2803 3571; x_wconf 87' lang='lat' dir='ltr'><strong>meum</strong></span> <span class='ocrx_word' id='word_1_620' title='bbox 2836 3533 3088 3579; x_wconf 87' lang='lat' dir='ltr'><strong>servare,</strong></span> <span class='ocrx_word' id='word_1_621' title='bbox 3141 3526 3206 3572; x_wconf 84' lang='lat' dir='ltr'><strong>et.</strong></span> <span class='ocrx_word' id='word_1_622' title='bbox 3243 3518 3470 3586; x_wconf 84' lang='lat' dir='ltr'><strong>reliqua,</strong></span> 
     </span>
    </p>
   </div>
   <div class='ocr_carea' id='block_1_81' title="bbox 1895 3608 3481 3681">
    <p class='ocr_par' dir='ltr' id='par_1_81' title="bbox 1895 3608 3481 3681">
     <span class='ocr_line' id='line_1_81' title="bbox 1895 3608 3481 3681; baseline 0.003 -20"><span class='ocrx_word' id='word_1_623' title='bbox 1895 3609 1980 3681; x_wconf 87' lang='grc'><strong>(11</strong></span> <span class='ocrx_word' id='word_1_624' title='bbox 2012 3608 2146 3662; x_wconf 74' lang='lat' dir='ltr'><strong>Tim.</strong></span> <span class='ocrx_word' id='word_1_625' title='bbox 2177 3608 2239 3678; x_wconf 90' lang='grc' dir='ltr'><strong>ι.)</strong></span> <span class='ocrx_word' id='word_1_626' title='bbox 2267 3609 2440 3663; x_wconf 86' lang='lat' dir='ltr'><strong>Aliter</strong></span> <span class='ocrx_word' id='word_1_627' title='bbox 2467 3610 2634 3664; x_wconf 84' lang='lat' dir='ltr'><strong>altare</strong></span> <span class='ocrx_word' id='word_1_628' title='bbox 2655 3610 2832 3665; x_wconf 87' lang='lat' dir='ltr'><strong>cordis</strong></span> <span class='ocrx_word' id='word_1_629' title='bbox 2861 3625 2952 3663; x_wconf 87' lang='lat' dir='ltr'><strong>ara</strong></span> <span class='ocrx_word' id='word_1_630' title='bbox 2979 3610 3316 3680; x_wconf 80' lang='lat' dir='ltr'><strong>intelligitur,</strong></span> <span class='ocrx_word' id='word_1_631' title='bbox 3347 3611 3481 3679; x_wconf 71' lang='lat' dir='ltr'><strong>quia</strong></span> 
     </span>
    </p>
   </div>
   <div class='ocr_carea' id='block_1_82' title="bbox 1894 3699 3476 3762">
    <p class='ocr_par' dir='ltr' id='par_1_82' title="bbox 1894 3699 3476 3762">
     <span class='ocr_line' id='line_1_82' title="bbox 1894 3699 3476 3762; baseline 0.003 -10"><span class='ocrx_word' id='word_1_632' title='bbox 1894 3699 2134 3753; x_wconf 87' lang='lat' dir='ltr'><strong>charitas</strong></span> <span class='ocrx_word' id='word_1_633' title='bbox 2153 3707 2354 3754; x_wconf 68' lang='lat' dir='ltr'><strong>{eterna</strong></span> <span class='ocrx_word' id='word_1_634' title='bbox 2381 3702 2652 3754; x_wconf 81' lang='lat' dir='ltr'><strong>servanda</strong></span> <span class='ocrx_word' id='word_1_635' title='bbox 2680 3709 2782 3762; x_wconf 87' lang='lat' dir='ltr'><strong>est,</strong></span> <span class='ocrx_word' id='word_1_636' title='bbox 2821 3713 2876 3755; x_wconf 86' lang='lat' dir='ltr'><strong>et</strong></span> <span class='ocrx_word' id='word_1_637' title='bbox 2909 3702 3476 3758; x_wconf 81' lang='lat' dir='ltr'><strong>consummatio-labo-</strong></span> 
     </span>
    </p>
   </div>
   <div class='ocr_carea' id='block_1_83' title="bbox 1894 3790 3481 3860">
    <p class='ocr_par' dir='ltr' id='par_1_83' title="bbox 1894 3790 3481 3860">
     <span class='ocr_line' id='line_1_83' title="bbox 1894 3790 3481 3860; baseline 0.003 -16"><span class='ocrx_word' id='word_1_638' title='bbox 1894 3806 2014 3845; x_wconf 90' lang='lat' dir='ltr'><strong>rum</strong></span> <span class='ocrx_word' id='word_1_639' title='bbox 2048 3791 2405 3845; x_wconf 87' lang='lat' dir='ltr'><strong>recondenda.</strong></span> <span class='ocrx_word' id='word_1_640' title='bbox 2435 3790 2632 3845; x_wconf 85' lang='lat' dir='ltr'><strong>Paulus</strong></span> <span class='ocrx_word' id='word_1_641' title='bbox 2655 3792 2786 3848; x_wconf 89' lang='lat' dir='ltr'><strong>dicit</strong></span> <span class='ocrx_word' id='word_1_642' title='bbox 2835 3809 2847 3845; x_wconf 90' lang='lat'><strong>:</strong></span> <span class='ocrx_word' id='word_1_643' title='bbox 2903 3809 2928 3842; x_wconf 78' lang='grc' dir='ltr'><strong><em>ο</em></strong></span> <span class='ocrx_word' id='word_1_644' title='bbox 2962 3791 3230 3847; x_wconf 82' lang='lat' dir='ltr'><strong>Gloriatio</strong></span> <span class='ocrx_word' id='word_1_645' title='bbox 3267 3804 3481 3860; x_wconf 69' lang='lat' dir='ltr'><strong>nostra,</strong></span> 
     </span>
    </p>
   </div>
   <div class='ocr_carea' id='block_1_84' title="bbox 1895 3883 3472 3955">
    <p class='ocr_par' dir='ltr' id='par_1_84' title="bbox 1895 3883 3472 3955">
     <span class='ocr_line' id='line_1_84' title="bbox 1895 3883 3472 3955; baseline 0.001 -18"><span class='ocrx_word' id='word_1_646' title='bbox 1895 3883 2011 3937; x_wconf 63' lang='lat' dir='ltr'><strong>haec</strong></span> <span class='ocrx_word' id='word_1_647' title='bbox 2041 3893 2125 3938; x_wconf 86' lang='lat' dir='ltr'><strong>est</strong></span> <span class='ocrx_word' id='word_1_648' title='bbox 2151 3883 2880 3938; x_wconf 69' lang='lat' dir='ltr'><strong>testiinoniumconscientite</strong></span> <span class='ocrx_word' id='word_1_649' title='bbox 2901 3894 3100 3940; x_wconf 52' lang='lat' dir='ltr'><strong>nostra</strong></span> <span class='ocrx_word' id='word_1_650' title='bbox 3121 3883 3207 3954; x_wconf 77' lang='grc'><strong>((11</strong></span> <span class='ocrx_word' id='word_1_651' title='bbox 3236 3883 3359 3938; x_wconf 80' lang='lat' dir='ltr'><strong>Cor.</strong></span> <span class='ocrx_word' id='word_1_652' title='bbox 3377 3887 3472 3955; x_wconf 79' lang='grc'><strong>1).»</strong></span> 
     </span>
    </p>
   </div>
   <div class='ocr_carea' id='block_1_85' title="bbox 1897 3973 3482 4044">
    <p class='ocr_par' dir='ltr' id='par_1_85' title="bbox 1897 3973 3482 4044">
     <span class='ocr_line' id='line_1_85' title="bbox 1897 3973 3482 4044; baseline 0.001 -15"><span class='ocrx_word' id='word_1_653' title='bbox 1897 3975 2076 4031; x_wconf 88' lang='lat' dir='ltr'><strong>Donec</strong></span> <span class='ocrx_word' id='word_1_654' title='bbox 2135 3973 2392 4028; x_wconf 79' lang='lat' dir='ltr'><strong>ell‘eratnr</strong></span> <span class='ocrx_word' id='word_1_655' title='bbox 2424 3987 2580 4028; x_wconf 78' lang='lat' dir='ltr'><strong>extra</strong></span> <span class='ocrx_word' id='word_1_656' title='bbox 2631 3984 2830 4036; x_wconf 76' lang='lat' dir='ltr'><strong>castra.</strong></span> <span class='ocrx_word' id='word_1_657' title='bbox 2891 3977 2952 4029; x_wconf 87' lang='lat' dir='ltr'><strong>id-</strong></span> <span class='ocrx_word' id='word_1_658' title='bbox 2991 3984 3093 4039; x_wconf 68' lang='lat' dir='ltr'><strong>est,</strong></span> <span class='ocrx_word' id='word_1_659' title='bbox 3134 3978 3308 4034; x_wconf 81' lang='lat' dir='ltr'><strong>donec</strong></span> <span class='ocrx_word' id='word_1_660' title='bbox 3355 3985 3482 4044; x_wconf 87' lang='lat' dir='ltr'><strong>post</strong></span> 
     </span>
    </p>
   </div>
   <div class='ocr_carea' id='block_1_86' title="bbox 1897 4066 3478 4136">
    <p class='ocr_par' dir='ltr' id='par_1_86' title="bbox 1897 4066 3478 4136">
     <span class='ocr_line' id='line_1_86' title="bbox 1897 4066 3478 4136; baseline -0.001 -17"><span class='ocrx_word' id='word_1_661' title='bbox 1897 4066 2058 4120; x_wconf 85' lang='lat' dir='ltr'><strong>ﬁnem</strong></span> <span class='ocrx_word' id='word_1_662' title='bbox 2087 4067 2244 4134; x_wconf 86' lang='lat' dir='ltr'><strong>hujus</strong></span> <span class='ocrx_word' id='word_1_663' title='bbox 2272 4069 2393 4120; x_wconf 67' lang='lat' dir='ltr'><strong>vine</strong></span> <span class='ocrx_word' id='word_1_664' title='bbox 2432 4068 2484 4120; x_wconf 90' lang='lat' dir='ltr'><strong>in</strong></span> <span class='ocrx_word' id='word_1_665' title='bbox 2515 4066 2633 4121; x_wconf 84' lang='lat' dir='ltr'><strong>loco</strong></span> <span class='ocrx_word' id='word_1_666' title='bbox 2665 4067 3038 4128; x_wconf 89' lang='lat' dir='ltr'><strong>mundissimo,</strong></span> <span class='ocrx_word' id='word_1_667' title='bbox 3069 4068 3308 4134; x_wconf 78' lang='lat' dir='ltr'><strong>quando,</strong></span> <span class='ocrx_word' id='word_1_668' title='bbox 3335 4068 3478 4136; x_wconf 85' lang='lat' dir='ltr'><strong>Apo-</strong></span> 
     </span>
    </p>
   </div>
   <div class='ocr_carea' id='block_1_87' title="bbox 1897 4157 3480 4221">
    <p class='ocr_par' dir='ltr' id='par_1_87' title="bbox 1897 4157 3480 4221">
     <span class='ocr_line' id='line_1_87' title="bbox 1897 4157 3480 4221; baseline -0.001 -9"><span class='ocrx_word' id='word_1_669' title='bbox 1897 4157 2037 4212; x_wconf 80' lang='lat' dir='ltr'><strong>stolo</strong></span> <span class='ocrx_word' id='word_1_670' title='bbox 2067 4165 2222 4221; x_wconf 78' lang='lat' dir='ltr'><strong>teste,</strong></span> <span class='ocrx_word' id='word_1_671' title='bbox 2261 4175 2290 4208; x_wconf 68' lang='grc' dir='ltr'><strong>(ο</strong></span> <span class='ocrx_word' id='word_1_672' title='bbox 2321 4158 2578 4212; x_wconf 84' lang='lat' dir='ltr'><strong>Dominus</strong></span> <span class='ocrx_word' id='word_1_673' title='bbox 2608 4157 2930 4210; x_wconf 86' lang='lat' dir='ltr'><strong>illutninabit</strong></span> <span class='ocrx_word' id='word_1_674' title='bbox 2978 4157 3291 4216; x_wconf 76' lang='lat' dir='ltr'><strong>abscondita</strong></span> <span class='ocrx_word' id='word_1_675' title='bbox 3331 4168 3480 4218; x_wconf 77' lang='lat' dir='ltr'><strong>tene-</strong></span> 
     </span>
    </p>
   </div>
   <div class='ocr_carea' id='block_1_88' title="bbox 1899 4249 3477 4320">
    <p class='ocr_par' dir='ltr' id='par_1_88' title="bbox 1899 4249 3477 4320">
     <span class='ocr_line' id='line_1_88' title="bbox 1899 4249 3477 4320; baseline -0.001 -14"><span class='ocrx_word' id='word_1_676' title='bbox 1899 4253 2139 4316; x_wconf 87' lang='lat' dir='ltr'><strong>brarum,</strong></span> <span class='ocrx_word' id='word_1_677' title='bbox 2168 4272 2186 4304; x_wconf 70' lang='grc' dir='ltr'><strong>ι</strong></span> <span class='ocrx_word' id='word_1_678' title='bbox 2219 4261 2323 4306; x_wconf 88' lang='lat' dir='ltr'><strong>etc.</strong></span> <span class='ocrx_word' id='word_1_679' title='bbox 2364 4251 2415 4313; x_wconf 86' lang='lat'><strong>(1</strong></span> <span class='ocrx_word' id='word_1_680' title='bbox 2443 4249 2565 4304; x_wconf 86' lang='lat' dir='ltr'><strong>Cor.</strong></span> <span class='ocrx_word' id='word_1_681' title='bbox 2598 4251 2694 4320; x_wconf 77' lang='lat' dir='ltr'><strong>tv),</strong></span> <span class='ocrx_word' id='word_1_682' title='bbox 2744 4250 2996 4306; x_wconf 86' lang='lat' dir='ltr'><strong>consumi-</strong></span> <span class='ocrx_word' id='word_1_683' title='bbox 3023 4251 3184 4304; x_wconf 86' lang='lat' dir='ltr'><strong>factat</strong></span> <span class='ocrx_word' id='word_1_684' title='bbox 3218 4264 3387 4320; x_wconf 87' lang='lat' dir='ltr'><strong>usque</strong></span> <span class='ocrx_word' id='word_1_685' title='bbox 3410 4249 3477 4305; x_wconf 88' lang='lat' dir='ltr'><strong>ad</strong></span> 
     </span>
    </p>
   </div>
   <div class='ocr_carea' id='block_1_89' title="bbox 1901 4343 3482 4414">
    <p class='ocr_par' dir='ltr' id='par_1_89' title="bbox 1901 4343 3482 4414">
     <span class='ocr_line' id='line_1_89' title="bbox 1901 4343 3482 4414; baseline 0 -16"><span class='ocrx_word' id='word_1_686' title='bbox 1901 4344 2159 4408; x_wconf 87' lang='lat' dir='ltr'><strong>favillam,</strong></span> <span class='ocrx_word' id='word_1_687' title='bbox 2192 4345 2244 4399; x_wconf 92' lang='lat' dir='ltr'><strong>id</strong></span> <span class='ocrx_word' id='word_1_688' title='bbox 2290 4353 2373 4399; x_wconf 90' lang='lat' dir='ltr'><strong>est</strong></span> <span class='ocrx_word' id='word_1_689' title='bbox 2417 4355 2576 4398; x_wconf 77' lang='lat' dir='ltr'><strong>exuta</strong></span> <span class='ocrx_word' id='word_1_690' title='bbox 2617 4345 2762 4398; x_wconf 85' lang='lat' dir='ltr'><strong>omni</strong></span> <span class='ocrx_word' id='word_1_691' title='bbox 2799 4344 3163 4412; x_wconf 83' lang='lat' dir='ltr'><strong>corruptione,</strong></span> <span class='ocrx_word' id='word_1_692' title='bbox 3215 4343 3266 4397; x_wconf 92' lang='lat' dir='ltr'><strong>in</strong></span> <span class='ocrx_word' id='word_1_693' title='bbox 3311 4357 3482 4414; x_wconf 75' lang='lat' dir='ltr'><strong>regno</strong></span> 
     </span>
    </p>
   </div>
   <div class='ocr_carea' id='block_1_90' title="bbox 1901 4435 3476 4498">
    <p class='ocr_par' dir='ltr' id='par_1_90' title="bbox 1901 4435 3476 4498">
     <span class='ocr_line' id='line_1_90' title="bbox 1901 4435 3476 4498; baseline -0.001 -7"><span class='ocrx_word' id='word_1_694' title='bbox 1901 4438 2191 4492; x_wconf 88' lang='lat' dir='ltr'><strong>constituat</strong></span> <span class='ocrx_word' id='word_1_695' title='bbox 2233 4446 2456 4490; x_wconf 64' lang='lat' dir='ltr'><strong>aeterno.</strong></span> <span class='ocrx_word' id='word_1_696' title='bbox 2489 4437 2732 4491; x_wconf 69' lang='lat' dir='ltr'><strong>induitur</strong></span> <span class='ocrx_word' id='word_1_697' title='bbox 2772 4436 3036 4490; x_wconf 86' lang='lat' dir='ltr'><strong>sacerdos-</strong></span> <span class='ocrx_word' id='word_1_698' title='bbox 3063 4435 3184 4490; x_wconf 81' lang='lat' dir='ltr'><strong>aliis</strong></span> <span class='ocrx_word' id='word_1_699' title='bbox 3213 4435 3476 4498; x_wconf 83' lang='lat' dir='ltr'><strong>vestibus,</strong></span> 
     </span>
    </p>
   </div>
   <div class='ocr_carea' id='block_1_91' title="bbox 1903 4527 3474 4597">
    <p class='ocr_par' dir='ltr' id='par_1_91' title="bbox 1903 4527 3474 4597">
     <span class='ocr_line' id='line_1_91' title="bbox 1903 4527 3474 4597; baseline -0.002 -15"><span class='ocrx_word' id='word_1_700' title='bbox 1903 4530 2024 4582; x_wconf 89' lang='lat' dir='ltr'><strong>dum</strong></span> <span class='ocrx_word' id='word_1_701' title='bbox 2057 4528 2280 4596; x_wconf 87' lang='lat' dir='ltr'><strong>quilibet</strong></span> <span class='ocrx_word' id='word_1_702' title='bbox 2320 4528 2494 4582; x_wconf 85' lang='lat' dir='ltr'><strong>fidelis</strong></span> <span class='ocrx_word' id='word_1_703' title='bbox 2542 4528 2755 4597; x_wconf 84' lang='lat' dir='ltr'><strong>proﬁcit</strong></span> <span class='ocrx_word' id='word_1_704' title='bbox 2783 4528 2850 4581; x_wconf 90' lang='lat' dir='ltr'><strong>de</strong></span> <span class='ocrx_word' id='word_1_705' title='bbox 2875 4527 3076 4581; x_wconf 80' lang='lat' dir='ltr'><strong>virtute</strong></span> <span class='ocrx_word' id='word_1_706' title='bbox 3115 4527 3474 4581; x_wconf 56' lang='lat' dir='ltr'><strong>inevirtutem.</strong></span> 
     </span>
    </p>
   </div>
   <div class='ocr_carea' id='block_1_92' title="bbox 1904 4619 3482 4689">
    <p class='ocr_par' dir='ltr' id='par_1_92' title="bbox 1904 4619 3482 4689">
     <span class='ocr_line' id='line_1_92' title="bbox 1904 4619 3482 4689; baseline -0.001 -15"><span class='ocrx_word' id='word_1_707' title='bbox 1904 4620 2244 4688; x_wconf 79' lang='lat' dir='ltr'><strong>Exspoliatur</strong></span> <span class='ocrx_word' id='word_1_708' title='bbox 2291 4619 2524 4689; x_wconf 90' lang='lat' dir='ltr'><strong>propriis</strong></span> <span class='ocrx_word' id='word_1_709' title='bbox 2554 4619 2809 4680; x_wconf 85' lang='lat' dir='ltr'><strong>vestibus.</strong></span> <span class='ocrx_word' id='word_1_710' title='bbox 2855 4620 2999 4682; x_wconf 91' lang='lat' dir='ltr'><strong>dum,</strong></span> <span class='ocrx_word' id='word_1_711' title='bbox 3032 4634 3152 4688; x_wconf 73' lang='lat' dir='ltr'><strong>qua:</strong></span> <span class='ocrx_word' id='word_1_712' title='bbox 3176 4629 3322 4672; x_wconf 87' lang='lat' dir='ltr'><strong>retro</strong></span> <span class='ocrx_word' id='word_1_713' title='bbox 3351 4629 3482 4672; x_wconf 79' lang='lat' dir='ltr'><strong>sunt</strong></span> 
     </span>
    </p>
   </div>
   <div class='ocr_carea' id='block_1_93' title="bbox 219 4679 3480 4783">
    <p class='ocr_par' dir='ltr' id='par_1_93' title="bbox 219 4679 3480 4783">
     <span class='ocr_line' id='line_1_93' title="bbox 219 4679 3480 4783; baseline 0.001 -23"><span class='ocrx_word' id='word_1_714' title='bbox 219 4705 457 4775; x_wconf 87' lang='lat' dir='ltr'><strong>Spiritus</strong></span> <span class='ocrx_word' id='word_1_715' title='bbox 481 4704 812 4758; x_wconf 88' lang='lat' dir='ltr'><strong>infundatur.</strong></span> <span class='ocrx_word' id='word_1_716' title='bbox 849 4725 864 4756; x_wconf 91' lang='grc'><strong>(</strong></span> <span class='ocrx_word' id='word_1_717' title='bbox 904 4707 1052 4771; x_wconf 85' lang='lat' dir='ltr'><strong>Quod</strong></span> <span class='ocrx_word' id='word_1_718' title='bbox 1079 4705 1254 4758; x_wconf 91' lang='lat' dir='ltr'><strong>intulit</strong></span> <span class='ocrx_word' id='word_1_719' title='bbox 1279 4705 1458 4758; x_wconf 85' lang='lat' dir='ltr'><strong>damni</strong></span> <span class='ocrx_word' id='word_1_720' title='bbox 1482 4707 1749 4768; x_wconf 86' lang='lat' dir='ltr'><strong>restituet,</strong></span> <span class='ocrx_word' id='word_1_721' title='bbox 1777 4728 1792 4758; x_wconf 73' lang='grc' dir='ltr'><strong>ι</strong></span> <span class='ocrx_word' id='word_1_722' title='bbox 1829 4679 1876 4738; x_wconf 70' lang='grc' dir='ltr'>υ</span> <span class='ocrx_word' id='word_1_723' title='bbox 1903 4679 2243 4777; x_wconf 57' lang='lat' dir='ltr'><strong>Oblivisceris,</strong></span> <span class='ocrx_word' id='word_1_724' title='bbox 2291 4679 2348 4766; x_wconf 73' lang='lat' dir='ltr'><strong>in</strong></span> <span class='ocrx_word' id='word_1_725' title='bbox 2381 4679 2558 4782; x_wconf 67' lang='lat' dir='ltr'><strong>priora</strong></span> <span class='ocrx_word' id='word_1_726' title='bbox 2598 4713 2924 4767; x_wconf 79' lang='lat' dir='ltr'><strong>extenditur.</strong></span> <span class='ocrx_word' id='word_1_727' title='bbox 2969 4712 3214 4766; x_wconf 63' lang='lat' dir='ltr'><strong>hntritnr</strong></span> <span class='ocrx_word' id='word_1_728' title='bbox 3249 4713 3386 4783; x_wconf 77' lang='lat' dir='ltr'><strong>ignis</strong></span> <span class='ocrx_word' id='word_1_729' title='bbox 3424 4713 3480 4768; x_wconf 89' lang='lat' dir='ltr'><strong>in</strong></span> 
     </span>
    </p>
   </div>
   <div class='ocr_carea' id='block_1_94' title="bbox 223 4795 1801 4866">
    <p class='ocr_par' dir='ltr' id='par_1_94' title="bbox 223 4795 1801 4866">
     <span class='ocr_line' id='line_1_94' title="bbox 223 4795 1801 4866; baseline 0.003 -17"><span class='ocrx_word' id='word_1_730' title='bbox 223 4795 325 4866; x_wconf 79' lang='lat' dir='ltr'><strong>hpc</strong></span> <span class='ocrx_word' id='word_1_731' title='bbox 350 4804 452 4858; x_wconf 82' lang='lat' dir='ltr'><strong>est,</strong></span> <span class='ocrx_word' id='word_1_732' title='bbox 491 4796 648 4864; x_wconf 89' lang='lat' dir='ltr'><strong>qnod-</strong></span> <span class='ocrx_word' id='word_1_733' title='bbox 679 4796 944 4863; x_wconf 83' lang='lat' dir='ltr'><strong>peccavit,</strong></span> <span class='ocrx_word' id='word_1_734' title='bbox 986 4796 1303 4863; x_wconf 60' lang='lat' dir='ltr'><strong>pii-nitentia</strong></span> <span class='ocrx_word' id='word_1_735' title='bbox 1351 4796 1539 4850; x_wconf 85' lang='lat' dir='ltr'><strong>solvat.</strong></span> <span class='ocrx_word' id='word_1_736' title='bbox 1576 4817 1592 4846; x_wconf 88' lang='grc'><strong>(</strong></span> <span class='ocrx_word' id='word_1_737' title='bbox 1633 4797 1801 4864; x_wconf 89' lang='lat' dir='ltr'><strong>Quin-</strong></span> 
     </span>
    </p>
   </div>
   <div class='ocr_carea' id='block_1_95' title="bbox 227 4886 1802 4954">
    <p class='ocr_par' dir='ltr' id='par_1_95' title="bbox 227 4886 1802 4954">
     <span class='ocr_line' id='line_1_95' title="bbox 227 4886 1802 4954; baseline 0.003 -16"><span class='ocrx_word' id='word_1_738' title='bbox 227 4891 336 4938; x_wconf 88' lang='lat' dir='ltr'><strong>tam</strong></span> <span class='ocrx_word' id='word_1_739' title='bbox 389 4897 595 4954; x_wconf 84' lang='lat' dir='ltr'><strong>parletu</strong></span> <span class='ocrx_word' id='word_1_740' title='bbox 636 4896 798 4954; x_wconf 89' lang='lat' dir='ltr'><strong>ponet</strong></span> <span class='ocrx_word' id='word_1_741' title='bbox 848 4901 1031 4954; x_wconf 80' lang='lat' dir='ltr'><strong>supra.</strong></span> <span class='ocrx_word' id='word_1_742' title='bbox 1070 4905 1087 4935; x_wconf 73' lang='grc' dir='ltr'><strong>ι</strong></span> <span class='ocrx_word' id='word_1_743' title='bbox 1143 4886 1348 4940; x_wconf 82' lang='lat' dir='ltr'><strong>Sensus</strong></span> <span class='ocrx_word' id='word_1_744' title='bbox 1385 4888 1628 4953; x_wconf 80' lang='lat' dir='ltr'><strong>corporis</strong></span> <span class='ocrx_word' id='word_1_745' title='bbox 1677 4899 1802 4942; x_wconf 83' lang='lat' dir='ltr'><strong>sunt</strong></span> 
     </span>
    </p>
   </div>
   <div class='ocr_carea' id='block_1_96' title="bbox 227 4976 1803 5048">
    <p class='ocr_par' dir='ltr' id='par_1_96' title="bbox 227 4976 1803 5048">
     <span class='ocr_line' id='line_1_96' title="bbox 227 4976 1803 5048; baseline 0.004 -22"><span class='ocrx_word' id='word_1_746' title='bbox 227 4976 464 5045; x_wconf 75' lang='lat' dir='ltr'><strong>quinque</strong></span> <span class='ocrx_word' id='word_1_747' title='bbox 497 4993 508 5028; x_wconf 91' lang='lat'><strong>:</strong></span> <span class='ocrx_word' id='word_1_748' title='bbox 537 4976 842 5046; x_wconf 72' lang='lat' dir='ltr'><strong>quicunque</strong></span> <span class='ocrx_word' id='word_1_749' title='bbox 881 4976 1070 5029; x_wconf 90' lang='lat' dir='ltr'><strong>horum</strong></span> <span class='ocrx_word' id='word_1_750' title='bbox 1111 4977 1358 5030; x_wconf 83' lang='lat' dir='ltr'><strong>minister</strong></span> <span class='ocrx_word' id='word_1_751' title='bbox 1406 4988 1577 5040; x_wconf 84' lang='lat' dir='ltr'><strong>esset,</strong></span> <span class='ocrx_word' id='word_1_752' title='bbox 1618 4987 1803 5048; x_wconf 78' lang='lat' dir='ltr'><strong>postea</strong></span> 
     </span>
    </p>
   </div>
   <div class='ocr_carea' id='block_1_97' title="bbox 231 5067 1804 5136">
    <p class='ocr_par' dir='ltr' id='par_1_97' title="bbox 231 5067 1804 5136">
     <span class='ocr_line' id='line_1_97' title="bbox 231 5067 1804 5136; baseline 0.001 -15"><span class='ocrx_word' id='word_1_753' title='bbox 231 5068 282 5121; x_wconf 81' lang='lat' dir='ltr'><strong>in</strong></span> <span class='ocrx_word' id='word_1_754' title='bbox 316 5067 469 5121; x_wconf 88' lang='lat' dir='ltr'><strong>laude</strong></span> <span class='ocrx_word' id='word_1_755' title='bbox 500 5068 707 5122; x_wconf 87' lang='lat' dir='ltr'><strong>Domini</strong></span> <span class='ocrx_word' id='word_1_756' title='bbox 744 5077 799 5121; x_wconf 85' lang='lat' dir='ltr'><strong>et</strong></span> <span class='ocrx_word' id='word_1_757' title='bbox 839 5068 1018 5136; x_wconf 72' lang='lat' dir='ltr'><strong>opt-ris</strong></span> <span class='ocrx_word' id='word_1_758' title='bbox 1066 5067 1187 5120; x_wconf 83' lang='lat' dir='ltr'><strong>Ioni</strong></span> <span class='ocrx_word' id='word_1_759' title='bbox 1238 5069 1580 5122; x_wconf 67' lang='lat' dir='ltr'><strong>observantia</strong></span> <span class='ocrx_word' id='word_1_760' title='bbox 1626 5078 1804 5123; x_wconf 88' lang='lat' dir='ltr'><strong>custo-</strong></span> 
     </span>
    </p>
   </div>
   <div class='ocr_carea' id='block_1_98' title="bbox 230 5158 1810 5232">
    <p class='ocr_par' dir='ltr' id='par_1_98' title="bbox 230 5158 1810 5232">
     <span class='ocr_line' id='line_1_98' title="bbox 230 5158 1810 5232; baseline 0.003 -20"><span class='ocrx_word' id='word_1_761' title='bbox 230 5158 430 5223; x_wconf 87' lang='lat' dir='ltr'><strong>diatur,</strong></span> <span class='ocrx_word' id='word_1_762' title='bbox 462 5169 590 5223; x_wconf 89' lang='lat' dir='ltr'><strong>etc.,</strong></span> <span class='ocrx_word' id='word_1_763' title='bbox 638 5170 694 5214; x_wconf 93' lang='lat' dir='ltr'><strong>ut</strong></span> <span class='ocrx_word' id='word_1_764' title='bbox 741 5175 922 5228; x_wconf 85' lang='lat' dir='ltr'><strong>supra.</strong></span> <span class='ocrx_word' id='word_1_765' title='bbox 961 5179 978 5210; x_wconf 80' lang='grc' dir='ltr'><strong>ι</strong></span> <span class='ocrx_word' id='word_1_766' title='bbox 1033 5158 1222 5213; x_wconf 83' lang='lat' dir='ltr'><strong>Anima</strong></span> <span class='ocrx_word' id='word_1_767' title='bbox 1273 5161 1316 5214; x_wconf 93' lang='lat' dir='ltr'><strong>si</strong></span> <span class='ocrx_word' id='word_1_768' title='bbox 1367 5162 1669 5230; x_wconf 87' lang='lat' dir='ltr'><strong>peccaverit</strong></span> <span class='ocrx_word' id='word_1_769' title='bbox 1715 5178 1810 5232; x_wconf 88' lang='lat' dir='ltr'><strong>per</strong></span> 
     </span>
    </p>
   </div>
   <div class='ocr_carea' id='block_1_99' title="bbox 229 5251 1816 5322">
    <p class='ocr_par' dir='ltr' id='par_1_99' title="bbox 229 5251 1816 5322">
     <span class='ocr_line' id='line_1_99' title="bbox 229 5251 1816 5322; baseline 0.001 -16"><span class='ocrx_word' id='word_1_770' title='bbox 229 5251 608 5322; x_wconf 82' lang='lat' dir='ltr'><strong>ignorantiam,</strong></span> <span class='ocrx_word' id='word_1_771' title='bbox 645 5271 663 5304; x_wconf 76' lang='grc' dir='ltr'><strong>ι</strong></span> <span class='ocrx_word' id='word_1_772' title='bbox 712 5261 764 5306; x_wconf 89' lang='lat' dir='ltr'><strong>et</strong></span> <span class='ocrx_word' id='word_1_773' title='bbox 805 5253 1030 5322; x_wconf 87' lang='lat' dir='ltr'><strong>reliqua.</strong></span> <span class='ocrx_word' id='word_1_774' title='bbox 1079 5251 1310 5322; x_wconf 82' lang='lat' dir='ltr'><strong>ldipsum</strong></span> <span class='ocrx_word' id='word_1_775' title='bbox 1359 5253 1410 5305; x_wconf 91' lang='lat' dir='ltr'><strong>in</strong></span> <span class='ocrx_word' id='word_1_776' title='bbox 1445 5255 1816 5322; x_wconf 79' lang='lat' dir='ltr'><strong>superioribus</strong></span> 
     </span>
    </p>
   </div>
   <div class='ocr_carea' id='block_1_100' title="bbox 231 5343 1810 5413">
    <p class='ocr_par' dir='ltr' id='par_1_100' title="bbox 231 5343 1810 5413">
     <span class='ocr_line' id='line_1_100' title="bbox 231 5343 1810 5413; baseline 0.001 -16"><span class='ocrx_word' id='word_1_777' title='bbox 231 5344 678 5398; x_wconf 80' lang='lat' dir='ltr'><strong>commemoravit-</strong></span> <span class='ocrx_word' id='word_1_778' title='bbox 707 5357 760 5396; x_wconf 80' lang='lat' dir='ltr'><strong>Cl.</strong></span> <span class='ocrx_word' id='word_1_779' title='bbox 802 5359 1022 5413; x_wconf 83' lang='lat' dir='ltr'><strong>capt-am</strong></span> <span class='ocrx_word' id='word_1_780' title='bbox 1062 5343 1176 5398; x_wconf 87' lang='lat' dir='ltr'><strong>sive</strong></span> <span class='ocrx_word' id='word_1_781' title='bbox 1206 5359 1402 5413; x_wconf 84' lang='lat' dir='ltr'><strong>agnum</strong></span> <span class='ocrx_word' id='word_1_782' title='bbox 1451 5344 1644 5399; x_wconf 83' lang='lat' dir='ltr'><strong>oll&#39;erre</strong></span> <span class='ocrx_word' id='word_1_783' title='bbox 1676 5361 1810 5413; x_wconf 63' lang='lat' dir='ltr'><strong>prae-</strong></span> 
     </span>
    </p>
   </div>
   <div class='ocr_carea' id='block_1_101' title="bbox 151 5433 1809 5510">
    <p class='ocr_par' dir='ltr' id='par_1_101' title="bbox 151 5433 1809 5510">
     <span class='ocr_line' id='line_1_101' title="bbox 151 5433 1809 5510; baseline 0.001 -23"><span class='ocrx_word' id='word_1_784' title='bbox 151 5452 164 5466; x_wconf 61' lang='grc' dir='ltr'><strong>ε</strong></span> <span class='ocrx_word' id='word_1_785' title='bbox 235 5435 405 5503; x_wconf 77' lang='lat' dir='ltr'><strong>cepit,</strong></span> <span class='ocrx_word' id='word_1_786' title='bbox 441 5448 585 5510; x_wconf 84' lang='lat' dir='ltr'><strong>nunc</strong></span> <span class='ocrx_word' id='word_1_787' title='bbox 631 5444 810 5489; x_wconf 88' lang='lat' dir='ltr'><strong>autem</strong></span> <span class='ocrx_word' id='word_1_788' title='bbox 855 5436 1082 5488; x_wconf 87' lang='lat' dir='ltr'><strong>arietem</strong></span> <span class='ocrx_word' id='word_1_789' title='bbox 1117 5435 1272 5488; x_wconf 89' lang='lat' dir='ltr'><strong>docet</strong></span> <span class='ocrx_word' id='word_1_790' title='bbox 1325 5433 1636 5499; x_wconf 87' lang='lat' dir='ltr'><strong>immolare,</strong></span> <span class='ocrx_word' id='word_1_791' title='bbox 1684 5436 1809 5504; x_wconf 88' lang='lat' dir='ltr'><strong>quia</strong></span> 
     </span>
    </p>
   </div>
   <div class='ocr_carea' id='block_1_102' title="bbox 236 5524 1810 5596">
    <p class='ocr_par' dir='ltr' id='par_1_102' title="bbox 236 5524 1810 5596">
     <span class='ocr_line' id='line_1_102' title="bbox 236 5524 1810 5596; baseline 0.004 -18"><span class='ocrx_word' id='word_1_792' title='bbox 236 5524 367 5578; x_wconf 88' lang='lat' dir='ltr'><strong>nihil</strong></span> <span class='ocrx_word' id='word_1_793' title='bbox 388 5534 467 5578; x_wconf 91' lang='lat' dir='ltr'><strong>est</strong></span> <span class='ocrx_word' id='word_1_794' title='bbox 497 5526 810 5596; x_wconf 72' lang='lat' dir='ltr'><strong>pmnitentia</strong></span> <span class='ocrx_word' id='word_1_795' title='bbox 835 5527 877 5579; x_wconf 92' lang='lat' dir='ltr'><strong>si</strong></span> <span class='ocrx_word' id='word_1_796' title='bbox 908 5534 1062 5580; x_wconf 74' lang='lat' dir='ltr'><strong>extra</strong></span> <span class='ocrx_word' id='word_1_797' title='bbox 1086 5541 1236 5596; x_wconf 87' lang='lat' dir='ltr'><strong>spem</strong></span> <span class='ocrx_word' id='word_1_798' title='bbox 1265 5526 1598 5580; x_wconf 82' lang='lat' dir='ltr'><strong>remissionis</strong></span> <span class='ocrx_word' id='word_1_799' title='bbox 1627 5535 1680 5579; x_wconf 92' lang='lat' dir='ltr'><strong>ct</strong></span> <span class='ocrx_word' id='word_1_800' title='bbox 1725 5542 1810 5585; x_wconf 49' lang='lat' dir='ltr'><strong>re:</strong></span> 
     </span>
    </p>
   </div>
   <div class='ocr_carea' id='block_1_103' title="bbox 239 5616 1812 5689">
    <p class='ocr_par' dir='ltr' id='par_1_103' title="bbox 239 5616 1812 5689">
     <span class='ocr_line' id='line_1_103' title="bbox 239 5616 1812 5689; baseline 0.002 -18"><span class='ocrx_word' id='word_1_801' title='bbox 239 5616 560 5688; x_wconf 89' lang='lat' dir='ltr'><strong>demplionis</strong></span> <span class='ocrx_word' id='word_1_802' title='bbox 617 5619 796 5689; x_wconf 86' lang='lat' dir='ltr'><strong>agitur</strong></span> <span class='ocrx_word' id='word_1_803' title='bbox 851 5617 1073 5673; x_wconf 90' lang='lat' dir='ltr'><strong>Christi.</strong></span> <span class='ocrx_word' id='word_1_804' title='bbox 1128 5636 1148 5668; x_wconf 80' lang='grc' dir='ltr'><strong>ι</strong></span> <span class='ocrx_word' id='word_1_805' title='bbox 1191 5618 1348 5672; x_wconf 81' lang='lat' dir='ltr'><strong>Juxta</strong></span> <span class='ocrx_word' id='word_1_806' title='bbox 1399 5618 1812 5674; x_wconf 67' lang='lat' dir='ltr'><strong>mstitnationem</strong></span> 
     </span>
    </p>
   </div>
   <div class='ocr_carea' id='block_1_104' title="bbox 239 5708 1813 5782">
    <p class='ocr_par' dir='ltr' id='par_1_104' title="bbox 239 5708 1813 5782">
     <span class='ocr_line' id='line_1_104' title="bbox 239 5708 1813 5782; baseline -0.001 -16"><span class='ocrx_word' id='word_1_807' title='bbox 239 5712 462 5778; x_wconf 85' lang='lat' dir='ltr'><strong>peccati,</strong></span> <span class='ocrx_word' id='word_1_808' title='bbox 529 5730 546 5764; x_wconf 76' lang='grc' dir='ltr'><strong>ι</strong></span> <span class='ocrx_word' id='word_1_809' title='bbox 597 5711 719 5782; x_wconf 87' lang='lat' dir='ltr'><strong>quia</strong></span> <span class='ocrx_word' id='word_1_810' title='bbox 779 5708 990 5763; x_wconf 89' lang='lat' dir='ltr'><strong>fructus</strong></span> <span class='ocrx_word' id='word_1_811' title='bbox 1038 5710 1226 5779; x_wconf 79' lang='lat' dir='ltr'><strong>dignos</strong></span> <span class='ocrx_word' id='word_1_812' title='bbox 1274 5708 1403 5764; x_wconf 89' lang='lat' dir='ltr'><strong>facit</strong></span> <span class='ocrx_word' id='word_1_813' title='bbox 1449 5710 1813 5780; x_wconf 62' lang='lat' dir='ltr'><strong>paenitentia),</strong></span> 
     </span>
    </p>
   </div>
   <div class='ocr_carea' id='block_1_105' title="bbox 241 5800 1816 5874">
    <p class='ocr_par' dir='ltr' id='par_1_105' title="bbox 241 5800 1816 5874">
     <span class='ocr_line' id='line_1_105' title="bbox 241 5800 1816 5874; baseline 0.002 -19"><span class='ocrx_word' id='word_1_814' title='bbox 241 5801 346 5871; x_wconf 62' lang='lat' dir='ltr'><strong>qui.</strong></span> <span class='ocrx_word' id='word_1_815' title='bbox 388 5813 646 5874; x_wconf 87' lang='lat' dir='ltr'><strong>quantum</strong></span> <span class='ocrx_word' id='word_1_816' title='bbox 705 5800 928 5870; x_wconf 87' lang='lat' dir='ltr'><strong>deliquit</strong></span> <span class='ocrx_word' id='word_1_817' title='bbox 996 5816 1116 5855; x_wconf 90' lang='lat' dir='ltr'><strong>cum</strong></span> <span class='ocrx_word' id='word_1_818' title='bbox 1170 5801 1382 5857; x_wconf 90' lang='lat' dir='ltr'><strong>Domini</strong></span> <span class='ocrx_word' id='word_1_819' title='bbox 1445 5802 1816 5858; x_wconf 85' lang='lat' dir='ltr'><strong>misericordia</strong></span> 
     </span>
    </p>
   </div>
   <div class='ocr_carea' id='block_1_106' title="bbox 244 5897 1660 5967">
    <p class='ocr_par' dir='ltr' id='par_1_106' title="bbox 244 5897 1660 5967">
     <span class='ocr_line' id='line_1_106' title="bbox 244 5897 1660 5967; baseline 0 -17"><span class='ocrx_word' id='word_1_820' title='bbox 244 5899 532 5956; x_wconf 80' lang='lat' dir='ltr'><strong>emendare</strong></span> <span class='ocrx_word' id='word_1_821' title='bbox 549 5906 796 5954; x_wconf 87' lang='lat' dir='ltr'><strong>conatur.</strong></span> <span class='ocrx_word' id='word_1_822' title='bbox 830 5897 905 5952; x_wconf 89' lang='lat' dir='ltr'><strong>De</strong></span> <span class='ocrx_word' id='word_1_823' title='bbox 925 5897 1140 5952; x_wconf 62' lang='lat' dir='ltr'><strong>ceteris-</strong></span> <span class='ocrx_word' id='word_1_824' title='bbox 1159 5912 1299 5967; x_wconf 63' lang='lat' dir='ltr'><strong>sepe</strong></span> <span class='ocrx_word' id='word_1_825' title='bbox 1330 5898 1533 5952; x_wconf 91' lang='lat' dir='ltr'><strong>dictum</strong></span> <span class='ocrx_word' id='word_1_826' title='bbox 1559 5907 1660 5951; x_wconf 86' lang='lat' dir='ltr'><strong>est.</strong></span> 
     </span>
    </p>
   </div>
   <div class='ocr_carea' id='block_1_107' title="bbox 1907 4803 3488 4874">
    <p class='ocr_par' dir='ltr' id='par_1_107' title="bbox 1907 4803 3488 4874">
     <span class='ocr_line' id='line_1_107' title="bbox 1907 4803 3488 4874; baseline 0.001 -17"><span class='ocrx_word' id='word_1_827' title='bbox 1907 4805 2060 4858; x_wconf 88' lang='lat' dir='ltr'><strong>altari</strong></span> <span class='ocrx_word' id='word_1_828' title='bbox 2094 4805 2250 4874; x_wconf 80' lang='lat' dir='ltr'><strong>lignis</strong></span> <span class='ocrx_word' id='word_1_829' title='bbox 2272 4821 2429 4859; x_wconf 89' lang='lat' dir='ltr'><strong>mane</strong></span> <span class='ocrx_word' id='word_1_830' title='bbox 2451 4806 2721 4872; x_wconf 67' lang='lat' dir='ltr'><strong>subjectis,</strong></span> <span class='ocrx_word' id='word_1_831' title='bbox 2751 4805 2875 4857; x_wconf 85' lang='lat' dir='ltr'><strong>dum</strong></span> <span class='ocrx_word' id='word_1_832' title='bbox 2901 4803 3118 4858; x_wconf 84' lang='lat' dir='ltr'><strong>Patrum</strong></span> <span class='ocrx_word' id='word_1_833' title='bbox 3147 4804 3407 4874; x_wconf 74' lang='lat' dir='ltr'><strong>exemplis</strong></span> <span class='ocrx_word' id='word_1_834' title='bbox 3428 4812 3488 4860; x_wconf 79' lang='lat' dir='ltr'><strong>ct-</strong></span> 
     </span>
    </p>
   </div>
   <div class='ocr_carea' id='block_1_108' title="bbox 1910 4897 3486 4968">
    <p class='ocr_par' dir='ltr' id='par_1_108' title="bbox 1910 4897 3486 4968">
     <span class='ocr_line' id='line_1_108' title="bbox 1910 4897 3486 4968; baseline -0.001 -16"><span class='ocrx_word' id='word_1_835' title='bbox 1910 4898 2311 4968; x_wconf 83' lang='lat' dir='ltr'><strong>Scriptnrarnm</strong></span> <span class='ocrx_word' id='word_1_836' title='bbox 2354 4897 2635 4952; x_wconf 82' lang='lat' dir='ltr'><strong>sententiis</strong></span> <span class='ocrx_word' id='word_1_837' title='bbox 2679 4897 2729 4950; x_wconf 89' lang='lat' dir='ltr'><strong>in</strong></span> <span class='ocrx_word' id='word_1_838' title='bbox 2780 4897 2896 4951; x_wconf 84' lang='lat' dir='ltr'><strong>luce</strong></span> <span class='ocrx_word' id='word_1_839' title='bbox 2935 4898 3173 4952; x_wconf 68' lang='lat' dir='ltr'><strong>scientiae</strong></span> <span class='ocrx_word' id='word_1_840' title='bbox 3224 4899 3289 4951; x_wconf 87' lang='lat' dir='ltr'><strong>ad</strong></span> <span class='ocrx_word' id='word_1_841' title='bbox 3325 4897 3486 4951; x_wconf 56' lang='lat' dir='ltr'><strong>ardea-</strong></span> 
     </span>
    </p>
   </div>
   <div class='ocr_carea' id='block_1_109' title="bbox 1911 4988 3486 5060">
    <p class='ocr_par' dir='ltr' id='par_1_109' title="bbox 1911 4988 3486 5060">
     <span class='ocr_line' id='line_1_109' title="bbox 1911 4988 3486 5060; baseline 0.002 -17"><span class='ocrx_word' id='word_1_842' title='bbox 1911 5005 2024 5043; x_wconf 88' lang='lat' dir='ltr'><strong>rem</strong></span> <span class='ocrx_word' id='word_1_843' title='bbox 2071 4989 2356 5044; x_wconf 85' lang='lat' dir='ltr'><strong>cltaritatis</strong></span> <span class='ocrx_word' id='word_1_844' title='bbox 2405 4988 2636 5043; x_wconf 83' lang='lat' dir='ltr'><strong>fidelium</strong></span> <span class='ocrx_word' id='word_1_845' title='bbox 2684 4989 2844 5042; x_wconf 85' lang='lat' dir='ltr'><strong>corda</strong></span> <span class='ocrx_word' id='word_1_846' title='bbox 2877 4999 3257 5059; x_wconf 87' lang='lat' dir='ltr'><strong>provocantnr.</strong></span> <span class='ocrx_word' id='word_1_847' title='bbox 3306 4989 3486 5060; x_wconf 82' lang='lat' dir='ltr'><strong>Adeps</strong></span> 
     </span>
    </p>
   </div>
   <div class='ocr_carea' id='block_1_110' title="bbox 1911 5083 3488 5153">
    <p class='ocr_par' dir='ltr' id='par_1_110' title="bbox 1911 5083 3488 5153">
     <span class='ocr_line' id='line_1_110' title="bbox 1911 5083 3488 5153; baseline 0.001 -17"><span class='ocrx_word' id='word_1_848' title='bbox 1911 5093 1995 5136; x_wconf 90' lang='lat' dir='ltr'><strong>est</strong></span> <span class='ocrx_word' id='word_1_849' title='bbox 2042 5083 2320 5152; x_wconf 74' lang='lat' dir='ltr'><strong>pinguedo.</strong></span> <span class='ocrx_word' id='word_1_850' title='bbox 2347 5083 2648 5137; x_wconf 85' lang='lat' dir='ltr'><strong>charitatis.</strong></span> <span class='ocrx_word' id='word_1_851' title='bbox 2681 5083 2865 5136; x_wconf 77' lang='lat' dir='ltr'><strong>Simila</strong></span> <span class='ocrx_word' id='word_1_852' title='bbox 2917 5083 3035 5137; x_wconf 88' lang='lat' dir='ltr'><strong>oleo</strong></span> <span class='ocrx_word' id='word_1_853' title='bbox 3069 5098 3358 5153; x_wconf 89' lang='lat' dir='ltr'><strong>conspersa</strong></span> <span class='ocrx_word' id='word_1_854' title='bbox 3403 5093 3488 5138; x_wconf 86' lang='lat' dir='ltr'><strong>est</strong></span> 
     </span>
    </p>
   </div>
   <div class='ocr_carea' id='block_1_111' title="bbox 1911 5175 3488 5246">
    <p class='ocr_par' dir='ltr' id='par_1_111' title="bbox 1911 5175 3488 5246">
     <span class='ocr_line' id='line_1_111' title="bbox 1911 5175 3488 5246; baseline 0.001 -17"><span class='ocrx_word' id='word_1_855' title='bbox 1911 5176 2149 5244; x_wconf 85' lang='lat' dir='ltr'><strong>perfecta</strong></span> <span class='ocrx_word' id='word_1_856' title='bbox 2205 5176 2428 5230; x_wconf 82' lang='lat' dir='ltr'><strong>scientia</strong></span> <span class='ocrx_word' id='word_1_857' title='bbox 2487 5191 2608 5228; x_wconf 85' lang='lat' dir='ltr'><strong>cum</strong></span> <span class='ocrx_word' id='word_1_858' title='bbox 2661 5175 3044 5231; x_wconf 59' lang='lat' dir='ltr'><strong>misericordia;</strong></span> <span class='ocrx_word' id='word_1_859' title='bbox 3091 5177 3364 5246; x_wconf 88' lang='lat' dir='ltr'><strong>operibus.</strong></span> <span class='ocrx_word' id='word_1_860' title='bbox 3412 5177 3488 5230; x_wconf 89' lang='lat' dir='ltr'><strong>De</strong></span> 
     </span>
    </p>
   </div>
   <div class='ocr_carea' id='block_1_112' title="bbox 1911 5267 3486 5337">
    <p class='ocr_par' dir='ltr' id='par_1_112' title="bbox 1911 5267 3486 5337">
     <span class='ocr_line' id='line_1_112' title="bbox 1911 5267 3486 5337; baseline 0.001 -19"><span class='ocrx_word' id='word_1_861' title='bbox 1911 5269 2066 5336; x_wconf 85' lang='lat' dir='ltr'><strong>pleno</strong></span> <span class='ocrx_word' id='word_1_862' title='bbox 2111 5267 2308 5335; x_wconf 80' lang='lat' dir='ltr'><strong>pugillo</strong></span> <span class='ocrx_word' id='word_1_863' title='bbox 2337 5276 2386 5320; x_wconf 90' lang='lat' dir='ltr'><strong>et</strong></span> <span class='ocrx_word' id='word_1_864' title='bbox 2427 5268 2583 5320; x_wconf 82' lang='lat' dir='ltr'><strong>tlntre</strong></span> <span class='ocrx_word' id='word_1_865' title='bbox 2609 5281 2770 5335; x_wconf 88' lang='lat' dir='ltr'><strong>supra</strong></span> <span class='ocrx_word' id='word_1_866' title='bbox 2805 5267 3058 5322; x_wconf 65' lang='lat' dir='ltr'><strong>diximus.</strong></span> <span class='ocrx_word' id='word_1_867' title='bbox 3092 5269 3311 5337; x_wconf 75' lang='lat' dir='ltr'><strong>Reliqua</strong></span> <span class='ocrx_word' id='word_1_868' title='bbox 3341 5283 3486 5322; x_wconf 88' lang='lat' dir='ltr'><strong>com-</strong></span> 
     </span>
    </p>
   </div>
   <div class='ocr_carea' id='block_1_113' title="bbox 1910 5359 3486 5433">
    <p class='ocr_par' dir='ltr' id='par_1_113' title="bbox 1910 5359 3486 5433">
     <span class='ocr_line' id='line_1_113' title="bbox 1910 5359 3486 5433; baseline 0.001 -21"><span class='ocrx_word' id='word_1_869' title='bbox 1910 5361 2077 5412; x_wconf 90' lang='lat' dir='ltr'><strong>edunt</strong></span> <span class='ocrx_word' id='word_1_870' title='bbox 2138 5360 2228 5414; x_wconf 84' lang='lat' dir='ltr'><strong>tilii</strong></span> <span class='ocrx_word' id='word_1_871' title='bbox 2280 5359 2500 5423; x_wconf 83' lang='lat' dir='ltr'><strong>Aaron,</strong></span> <span class='ocrx_word' id='word_1_872' title='bbox 2550 5361 2673 5428; x_wconf 88' lang='lat' dir='ltr'><strong>quia</strong></span> <span class='ocrx_word' id='word_1_873' title='bbox 2730 5362 2886 5429; x_wconf 86' lang='lat' dir='ltr'><strong>pauci</strong></span> <span class='ocrx_word' id='word_1_874' title='bbox 2947 5364 3178 5418; x_wconf 68' lang='lat' dir='ltr'><strong>maxima</strong></span> <span class='ocrx_word' id='word_1_875' title='bbox 3232 5362 3486 5433; x_wconf 86' lang='lat' dir='ltr'><strong>mysteria</strong></span> 
     </span>
    </p>
   </div>
   <div class='ocr_carea' id='block_1_114' title="bbox 1913 5451 3487 5515">
    <p class='ocr_par' dir='ltr' id='par_1_114' title="bbox 1913 5451 3487 5515">
     <span class='ocr_line' id='line_1_114' title="bbox 1913 5451 3487 5515; baseline 0.001 -10"><span class='ocrx_word' id='word_1_876' title='bbox 1913 5451 2151 5506; x_wconf 64' lang='lat' dir='ltr'><strong>scientiae</strong></span> <span class='ocrx_word' id='word_1_877' title='bbox 2203 5452 2396 5505; x_wconf 72' lang='lat' dir='ltr'><strong>divina:</strong></span> <span class='ocrx_word' id='word_1_878' title='bbox 2442 5451 2739 5515; x_wconf 88' lang='lat' dir='ltr'><strong>immolant,</strong></span> <span class='ocrx_word' id='word_1_879' title='bbox 2777 5453 3017 5508; x_wconf 86' lang='lat' dir='ltr'><strong>minores</strong></span> <span class='ocrx_word' id='word_1_880' title='bbox 3054 5467 3196 5508; x_wconf 85' lang='lat' dir='ltr'><strong>vero</strong></span> <span class='ocrx_word' id='word_1_881' title='bbox 3232 5451 3487 5507; x_wconf 85' lang='lat' dir='ltr'><strong>inferiora</strong></span> 
     </span>
    </p>
   </div>
   <div class='ocr_carea' id='block_1_115' title="bbox 1916 5544 3492 5617">
    <p class='ocr_par' dir='ltr' id='par_1_115' title="bbox 1916 5544 3492 5617">
     <span class='ocr_line' id='line_1_115' title="bbox 1916 5544 3492 5617; baseline 0 -18"><span class='ocrx_word' id='word_1_882' title='bbox 1916 5545 2304 5599; x_wconf 83' lang='lat' dir='ltr'><strong>incarnationis</strong></span> <span class='ocrx_word' id='word_1_883' title='bbox 2330 5544 2527 5598; x_wconf 89' lang='lat' dir='ltr'><strong>Christi</strong></span> <span class='ocrx_word' id='word_1_884' title='bbox 2562 5545 2644 5599; x_wconf 91' lang='lat' dir='ltr'><strong>vel</strong></span> <span class='ocrx_word' id='word_1_885' title='bbox 2673 5555 2990 5602; x_wconf 54' lang='lat' dir='ltr'><strong>caeterornm</strong></span> <span class='ocrx_word' id='word_1_886' title='bbox 3031 5547 3295 5617; x_wconf 75' lang='lat' dir='ltr'><strong>mysteria</strong></span> <span class='ocrx_word' id='word_1_887' title='bbox 3317 5546 3492 5614; x_wconf 82' lang='lat' dir='ltr'><strong>perci-</strong></span> 
     </span>
    </p>
   </div>
   <div class='ocr_carea' id='block_1_116' title="bbox 1915 5637 3492 5707">
    <p class='ocr_par' dir='ltr' id='par_1_116' title="bbox 1915 5637 3492 5707">
     <span class='ocr_line' id='line_1_116' title="bbox 1915 5637 3492 5707; baseline 0.001 -18"><span class='ocrx_word' id='word_1_888' title='bbox 1915 5638 2090 5707; x_wconf 75' lang='lat' dir='ltr'><strong>piunt.</strong></span> <span class='ocrx_word' id='word_1_889' title='bbox 2131 5637 2260 5705; x_wconf 74' lang='lat' dir='ltr'><strong>Qua:</strong></span> <span class='ocrx_word' id='word_1_890' title='bbox 2307 5637 2372 5690; x_wconf 46' lang='lat' dir='ltr'><strong>in!</strong></span> <span class='ocrx_word' id='word_1_891' title='bbox 2412 5637 2530 5692; x_wconf 90' lang='lat' dir='ltr'><strong>loco</strong></span> <span class='ocrx_word' id='word_1_892' title='bbox 2575 5650 2779 5694; x_wconf 83' lang='lat' dir='ltr'><strong>sancto</strong></span> <span class='ocrx_word' id='word_1_893' title='bbox 2809 5647 3164 5693; x_wconf 84' lang='lat' dir='ltr'><strong>comeduntur</strong></span> <span class='ocrx_word' id='word_1_894' title='bbox 3211 5638 3329 5692; x_wconf 88' lang='lat' dir='ltr'><strong>sine</strong></span> <span class='ocrx_word' id='word_1_895' title='bbox 3379 5637 3492 5691; x_wconf 61' lang='lat' dir='ltr'><strong>fera</strong></span> 
     </span>
    </p>
   </div>
   <div class='ocr_carea' id='block_1_117' title="bbox 1918 5730 3496 5800">
    <p class='ocr_par' dir='ltr' id='par_1_117' title="bbox 1918 5730 3496 5800">
     <span class='ocr_line' id='line_1_117' title="bbox 1918 5730 3496 5800; baseline 0.001 -17"><span class='ocrx_word' id='word_1_896' title='bbox 1918 5741 2120 5795; x_wconf 90' lang='lat' dir='ltr'><strong>mento,</strong></span> <span class='ocrx_word' id='word_1_897' title='bbox 2155 5731 2205 5785; x_wconf 92' lang='lat' dir='ltr'><strong>id</strong></span> <span class='ocrx_word' id='word_1_898' title='bbox 2237 5743 2320 5786; x_wconf 85' lang='lat' dir='ltr'><strong>est</strong></span> <span class='ocrx_word' id='word_1_899' title='bbox 2354 5734 2492 5786; x_wconf 88' lang='lat' dir='ltr'><strong>intra</strong></span> <span class='ocrx_word' id='word_1_900' title='bbox 2529 5741 2769 5786; x_wconf 85' lang='lat' dir='ltr'><strong>sanctam</strong></span> <span class='ocrx_word' id='word_1_901' title='bbox 2816 5732 3110 5787; x_wconf 82' lang='lat' dir='ltr'><strong>Eeelesiam</strong></span> <span class='ocrx_word' id='word_1_902' title='bbox 3143 5731 3346 5800; x_wconf 84' lang='lat' dir='ltr'><strong>absque</strong></span> <span class='ocrx_word' id='word_1_903' title='bbox 3377 5730 3496 5800; x_wconf 77' lang='lat' dir='ltr'><strong>phi-</strong></span> 
     </span>
    </p>
   </div>
   <div class='ocr_carea' id='block_1_118' title="bbox 1919 5820 3498 5894">
    <p class='ocr_par' dir='ltr' id='par_1_118' title="bbox 1919 5820 3498 5894">
     <span class='ocr_line' id='line_1_118' title="bbox 1919 5820 3498 5894; baseline 0.003 -21"><span class='ocrx_word' id='word_1_904' title='bbox 1919 5820 2208 5892; x_wconf 84' lang='lat' dir='ltr'><strong>losophicis</strong></span> <span class='ocrx_word' id='word_1_905' title='bbox 2235 5833 2289 5878; x_wconf 89' lang='lat' dir='ltr'><strong>et</strong></span> <span class='ocrx_word' id='word_1_906' title='bbox 2328 5823 2570 5880; x_wconf 78' lang='lat' dir='ltr'><strong>Judaicis</strong></span> <span class='ocrx_word' id='word_1_907' title='bbox 2617 5823 3108 5894; x_wconf 67' lang='lat' dir='ltr'><strong>superstitionibus.</strong></span> <span class='ocrx_word' id='word_1_908' title='bbox 3160 5820 3340 5878; x_wconf 76' lang='lat' dir='ltr'><strong>Mares</strong></span> <span class='ocrx_word' id='word_1_909' title='bbox 3377 5830 3498 5878; x_wconf 60' lang='lat' dir='ltr'><strong>tan.</strong></span> 
     </span>
    </p>
   </div>
   <div class='ocr_carea' id='block_1_119' title="bbox 1924 5901 3498 5986">
    <p class='ocr_par' dir='ltr' id='par_1_119' title="bbox 1924 5901 3498 5986">
     <span class='ocr_line' id='line_1_119' title="bbox 1924 5901 3498 5986; baseline 0.003 -17"><span class='ocrx_word' id='word_1_910' title='bbox 1924 5925 2033 5970; x_wconf 90' lang='lat' dir='ltr'><strong>tum</strong></span> <span class='ocrx_word' id='word_1_911' title='bbox 2078 5918 2181 5973; x_wconf 87' lang='lat' dir='ltr'><strong>illis</strong></span> <span class='ocrx_word' id='word_1_912' title='bbox 2209 5927 2452 5982; x_wconf 88' lang='lat' dir='ltr'><strong>uttmtur,</strong></span> <span class='ocrx_word' id='word_1_913' title='bbox 2483 5920 2534 5973; x_wconf 85' lang='lat' dir='ltr'><strong>id</strong></span> <span class='ocrx_word' id='word_1_914' title='bbox 2548 5901 2662 5971; x_wconf 57' lang='grc' dir='ltr'><strong>ἐς(</strong></span> <span class='ocrx_word' id='word_1_915' title='bbox 2696 5919 3038 5973; x_wconf 62' lang='lat' dir='ltr'><strong>amtorem</strong></span> <span class='ocrx_word' id='word_1_916' title='bbox 3063 5917 3310 5974; x_wconf 71' lang='lat' dir='ltr'><strong>Mollitia‘!</strong></span> <span class='ocrx_word' id='word_1_917' title='bbox 3353 5915 3498 5986; x_wconf 53' lang='lat' dir='ltr'><strong>cupi.</strong></span> 
     </span>
    </p>
   </div>
  </div>
