3948 6328
449 463 550 519 807

935 451 1326 513 MALAFRIDI
1367 453 1618 512 STRABI
1653 451 1862 508 FULD.
1899 447 2065 505 ΜΟΝ.
2108 446 2258 503 OPP.
2300 444 2480 502 PARS
2516 446 2557 500 I.
2599 474 2670 486 —
2708 444 3168 501 THEOLOGICA.

3586 445 3700 500 ωδ

450 575 675 629 ditatum
704 568 882 624 minus
919 567 1342 631 consentientes,
1391 562 1460 620 ad
1500 571 1688 618 saneta
1723 554 2299 619 admittun-Adicere
2347 555 2620 612 de-vitulo
2673 571 2835 625 quem
2884 571 3046 626 supra
3089 571 3190 626 pro
3235 563 3462 626 peccato
3515 557 3702 616 offerri

449 673 559 719 tur.
592 681 613 715 ‹
646 660 949 730 Omnisqui
973 658 1206 729 tetigerit
1235 657 1345 724 illa,
1385 677 1403 710 ι
1435 657 1490 712 id
1518 665 1602 712 est
1629 655 1721 725 qui
1750 653 1856 707 ﬁde
1878 667 2016 722 pura
2113 646 2294 717 jussit,
2322 649 2388 704 de
2411 662 2519 719 quo
2549 649 2618 702 in
2634 648 2747 703 suis
2774 648 2910 704 locis
2941 649 3147 704 dictum
3177 657 3281 704 est.
3317 666 3336 700 ι
3385 647 3506 704 Νοιι
3553 665 3702 707 eom-

446 766 503 813 et
525 771 652 812 vera
680 754 960 810 dilectione
978 752 1180 806 sanctis
1198 765 1256 806 se
1273 752 1492 820 dignum
1519 749 1740 820 praebet,
1768 765 1788 798 r
1813 745 2016 801 sancti-

445 848 716 910 ﬁeabitur,
754 864 773 897 ι
803 842 1089 900 sanctitate
1115 849 1170 898 et
1193 843 1540 911 perceptione
1559 839 1766 894 salutis.
1816 835 2020 892 Offeret

449 937 647 993 Aaron
670 950 790 992 cum
820 933 946 988 ﬁliis
964 931 1090 988 rsuis
1116 931 1171 986 in
1199 931 1285 986 die
1318 929 1589 985 unctionis
1613 942 1724 982 suae
1752 925 2018 981 decimam

447 1034 658 1098 partem
692 1025 817 1096 ephi
839 1023 1047 1088 similae,
1088 1023 1214 1092 quia
1239 1021 1294 1076 in
1333 1035 1428 1076 sua
1460 1019 1834 1076 incarnatione
1865 1015 2021 1072 Chri-

449 1128 587 1185 stus,
610 1117 824 1188 quando
847 1113 1156 1170 humanitas
1198 1120 1361 1167 uncta
1385 1119 1473 1167 est
1497 1110 1615 1166 oleo
1643 1110 1846 1164 lzetitite
1883 1107 2023 1163 deei-

451 1226 596 1267 mam
631 1218 840 1282 partem
885 1207 1030 1278 ephi,
1063 1221 1182 1276 quae
1226 1205 1390 1260 habet
1429 1214 1538 1258 tres
1568 1202 1797 1267 modios,
1841 1200 1896 1256 id
1938 1209 2023 1254 est

448 1302 837 1373 plenitudinem
867 1300 1131 1354 bonorum
1156 1309 1378 1368 operum
1402 1295 1457 1349 in
1492 1294 1717 1350 scientia
1745 1291 1872 1347 ﬁdei
1898 1306 2022 1347 san-

451 1405 552 1452 eta:
574 1391 876 1458 Trinitatis,
898 1389 1143 1446 ﬁdelibus
1172 1388 1494 1444 servandam
1522 1383 1822 1442 constituit.
1859 1401 1880 1434 ί
1913 1381 2023 1436 Me-

451 1488 598 1543 dium
629 1485 745 1556 ejus
776 1497 937 1540 mane
960 1489 1017 1538 et
1057 1480 1293 1538 medium
1334 1495 1580 1550 vespere.
1629 1497 1650 1531 ι
1703 1477 1858 1532 Mane
1903 1474 2024 1545 qui-

453 1583 573 1636 dem
604 1586 730 1633 ante
765 1575 1046 1648 praesidem
1096 1575 1245 1630 stetit
1291 1573 1625 1629 damnandus
1662 1571 1728 1626 ad
1768 1576 2020 1632 mortem,

451 1684 675 1741 veSpere
716 1682 867 1732 vero,
898 1673 1269 1722 consummata
1315 1664 1590 1738 passione,
1613 1661 1822 1732 positus
1859 1665 1943 1714 est
1967 1657 2022 1711 in

452 1758 774 1828 sepulcrum.
791 1755 918 1823 Quae
942 1754 1114 1810 simila
1127 1754 1249 1810 oleo
1267 1766 1556 1824 conspersa
1576 1751 1631 1804 in
1653 1747 1923 1819 sartagine
1935 1745 2025 1800 l‘ri-

451 1859 606 1922 getur
616 1847 853 1904 etealida
865 1847 1107 1909 oﬁ'ertur,
1138 1846 1263 1916 quia
1285 1845 1463 1915 passio
1484 1841 1684 1898 Christi
1708 1847 1929 1910 propter
1949 1837 2028 1891 ni-

451 1942 614 1996 miam
667 1940 989 1996 eharitatem
1047 1954 1153 2008 qua
1209 1937 1396 1992 dilexit
1451 1936 1594 1992 Deus
1655 1934 1913 1988 mundum
1965 1931 2021 1984 in

451 2049 612 2089 cruce
652 2041 870 2103 peracta
899 2039 1000 2084 est.
1031 2029 1186 2096 Quod
1206 2028 1378 2084 calida
1411 2047 1429 2079 ‹
1464 2025 1687 2082 oﬁ‘ertur
1711 2026 1768 2080 in
1795 2025 2019 2080 odorem

451 2125 829 2180 suavissimum
871 2122 1118 2189 Domino,
1169 2140 1188 2173 ι
1239 2121 1294 2177 id
1330 2120 1564 2175 ostendit
1601 2119 1743 2190 quod
1773 2133 1876 2190 pro
1918 2133 2021 2173 no-

452 2225 561 2270 stra
603 2230 794 2284 passus
834 2212 1142 2277 dilectione,
1198 2231 1217 2264 r
1261 2227 1406 2268 nunc
1434 2219 1658 2282 apparet
1697 2209 1865 2264 vultui
1921 2208 2018 2264 Dei

450 2322 549 2377 pro
599 2305 776 2370 nobis,
818 2312 878 2359 ut
923 2305 994 2360 sit
1031 2305 1340 2375 propitiatio
1383 2313 1567 2361 nostra
1597 2303 1796 2374 ,(Hebr.
1848 2303 1948 2377 ix).
1993 2321 2012 2358 ι

457 2416 475 2448 r
514 2396 776 2452 Sacerdos
825 2394 917 2466 qui
958 2397 1097 2466 patri
1136 2393 1256 2463 jure
1309 2394 1648 2451 successerit.
1699 2412 1724 2453 ι
1769 2394 2020 2453 Christus

452 2487 712 2542 successit
739 2485 1015 2556 pontificio
1042 2484 1220 2554 legali,
1251 2493 1306 2539 et
1339 2485 1647 2559 evangelica
1677 2496 2018 2544 sacramenta

449 2576 694 2646 legalium
717 2576 879 2630 cultui
903 2575 1262 2632 victimarum.
1283 2595 1302 2628 ι
1321 2574 1493 2634 Omne
1512 2560 1656 2634 enim
1676 2578 2018 2634 sacerdotum

449 2667 772 2724 saeriﬁeimu
799 2669 922 2738 igne
942 2668 1298 2733 consumitur,
1337 2683 1439 2724 nec
1465 2669 1751 2738 quisquam
1774 2669 2020 2724 comedet

449 2776 515 2816 ex
551 2776 632 2816 eo.
666 2779 685 2812 ι
721 2759 967 2815 Christus
986 2760 1153 2824 enim,
1178 2775 1300 2813 cum
1327 2760 1399 2813 sit
1425 2759 1565 2814 Deus
1605 2767 1661 2814 et
1691 2761 1874 2825 homo,
1920 2773 2020 2828 pro

451 2861 635 2907 nostra
673 2851 844 2907 salute
862 2859 1021 2906 natus
1050 2859 1105 2905 et
1123 2866 1337 2921 passus,
1366 2853 1617 2907 humanae
1647 2851 2017 2926 separationis

449 2941 772 2998 discretione
825 2956 931 2996 non
971 2941 1131 2997 debet
1159 2942 1419 3011 separari,
1465 2941 1560 2996 sed
1590 2942 1800 3014 integre
1843 2942 2018 2997 omnis

448 3033 777 3104 dispensatio
813 3031 1198 3087 incarnationis
1219 3032 1336 3102 ejus
1362 3030 1594 3102 Spiritus
1622 3033 1795 3087 sancti
1825 3040 1908 3087 est
1934 3047 2018 3088 eo-

449 3127 678 3200 gnitioni
711 3125 1129 3182 commendanda
1157 3133 1212 3180 et
1245 3125 1349 3180 ﬁde
1378 3125 1587 3180 sincera
1617 3126 1860 3181 tenenda.
1904 3144 1922 3178 ι
1958 3127 2017 3182 In

448 3224 568 3279 loco
597 3222 688 3278 ubi
738 3219 962 3277 oﬁ‘ertur
1006 3220 1400 3286 holocaustum,
1446 3221 1754 3277 immolatur
1803 3222 2014 3278 sacriﬁ-

446 3316 587 3371 cium
610 3329 707 3386 pro
729 3321 968 3385 peccato,
1005 3332 1021 3363 ι
1046 3313 1173 3384 quia
1194 3312 1400 3369 fruetus
1418 3314 1573 3370 bonae
1595 3315 1926 3385 poenitentiae
1948 3315 2016 3370 ad

447 3415 692 3464 sanctum
714 3404 1059 3477 perfectionis
1084 3411 1396 3460 sanctorum
1427 3405 1611 3460 ducit:
1646 3405 1840 3461 Petrus
1864 3421 2017 3462 nam-

418 3513 550 3572 _que
588 3507 644 3554 et
669 3498 856 3563 David,
900 3506 956 3553 et
993 3497 1176 3552 caeteri
1222 3497 1417 3563 sancti,
1452 3505 1574 3566 post
1600 3495 1808 3566 lapsum
1836 3499 2014 3568 paeni-

446 3600 642 3655 tentes,
669 3589 961 3644 creduntur
1003 3587 1058 3641 in
1081 3586 1310 3656 pristino
1330 3587 1536 3656 recepti
1557 3586 1790 3658 fastigio,
1814 3597 1868 3642 et
1895 3588 2015 3643 ideo

453 3697 471 3730 σ
507 3687 752 3734 sanctum
794 3685 1125 3743 sanctorum,
1163 3694 1183 3729 ι
1222 3677 1439 3732 dicitur.
1491 3676 1754 3733 Sacerdos
1785 3679 2015 3733 comedit

447 3771 679 3827 hostiam
700 3772 754 3826 in
777 3779 916 3826 atno
943 3769 1296 3826 tabernaculi.
1325 3769 1574 3826 Christus
1616 3771 1808 3840 recipit
1832 3773 2012 3841 poeni-

446 3865 675 3920 tentiam
703 3865 758 3919 in
780 3864 1023 3920 Ecclesia
1053 3882 1066 3918 :
1094 3864 1200 3920 nisi
1221 3865 1364 3919 enim
1393 3864 1509 3934 ipse
1544 3864 1810 3933 receperit
1841 3871 1897 3919 et
1918 3880 2015 3933 per

445 3956 816 4011 remissionem
846 3969 1007 4024 quam
1029 3953 1257 4010 contulit
1290 3954 1554 4019 remittat,
1587 3968 1693 4008 non
1722 3953 1828 4008 erit
1864 3968 2012 4010 acce-

444 4048 661 4120 ptabilis
689 4047 821 4103 Deo.
854 4065 874 4098 ι
917 4045 1185 4117 Quidquid
1215 4046 1453 4117 tetigerit
1487 4045 1603 4116 ejus
1640 4063 1853 4113 carnes,
1889 4064 2013 4104 san-

443 4141 788 4197 ctiﬁcabitur.
825 4159 844 4192 )
877 4138 1216 4196 Pmnitentiae
1237 4155 1400 4211 opera
1423 4147 1548 4196 sunt
1562 4140 1787 4211 jejunis,
1817 4141 2013 4213 vigilite

442 4241 497 4289 et
519 4231 748 4304 plurima
777 4229 901 4297 alia,
923 4245 1041 4300 quae
1078 4231 1341 4302 quisquis,
1380 4231 1510 4288 licet
1548 4241 1703 4287 extra
1733 4232 2013 4289 discretio-

440 4337 566 4379 nem
590 4320 872 4391 ptenitenti
901 4320 1088 4385 cessit,
1129 4320 1341 4387 fecerit,
1371 4332 1521 4377 certa
1555 4323 1805 4378 mercede
1851 4325 2014 4379 dona-

439 4414 606 4476 bitur,
629 4411 769 4466 sicut
792 4409 962 4464 sancti
993 4425 1133 4480 sa2pe
1164 4425 1222 4464 se
1249 4409 1329 4464 sic
1352 4411 1634 4481 castigant,
1659 4413 1812 4481 quasi
1838 4413 2012 4467 maxi-

439 4505 542 4558 mis
588 4503 697 4556 sint
743 4499 965 4555 involuti
1012 4500 1264 4570 peccatis.
1304 4519 1324 4552 ι
1379 4499 1434 4555 Si
1483 4501 1550 4555 de
1592 4503 1849 4572 sanguine
1893 4502 2010 4572 ejus

437 4596 603 4652 vestis
632 4593 794 4648 fuerit
819 4607 1059 4663 aspersa,
1097 4610 1115 4642 ι
1139 4600 1244 4647 etc.
1283 4591 1339 4647 Id
1369 4602 1472 4657 est,
1513 4607 1545 4648 e
1564 4593 1673 4647 vita
1698 4594 2009 4663 paenitentis
2035 4629 2090 4690 D

438 4683 736 4740 substantia
764 4679 881 4750 ejus
901 4680 1143 4749 corporis
1161 4679 1538 4746 maeulabitur,
1561 4696 1656 4750 per
1683 4681 2006 4751 baptismum

439 4774 582 4844 quod
601 4773 656 4825 in
681 4770 924 4826 Ecclesia
952 4770 1187 4840 suscepit
1206 4770 1365 4825 debet
1391 4785 1540 4840 spem
1564 4771 1765 4826 habere
1784 4770 2004 4827 electio-

438 4866 543 4920 nis.
594 4861 708 4915 Nisi
737 4861 880 4915 enim
921 4862 1070 4930 prius
1103 4869 1246 4915 recte
1275 4860 1437 4915 fuerit
1472 4861 1795 4930 baptizatus,
1834 4861 2009 4930 pumi-

441 4954 606 5012 tentia
650 4969 757 5008 non
793 4953 899 5008 erit
926 4953 1256 5009 emendatus.
1303 4951 1406 5008 Per
1435 4953 1761 5023 baptismum
1784 4955 1929 5008 enim
1954 4962 2009 5008 et

439 5047 709 5121 praeterita
738 5045 1079 5101 dimittuntur
1100 5055 1155 5101 et
1188 5046 1254 5101 de
1280 5044 1495 5110 futuris,
1519 5046 1855 5113 praecedente
1891 5060 2008 5116 pm-

439 5137 688 5205 nitentia,
722 5136 1048 5207 indulgentia
1068 5143 1420 5207 praeparatur.
1450 5154 1469 5187 ι
1503 5136 1610 5192 Vas
1639 5144 1816 5192 autem
1844 5134 2006 5192 ﬁctile

440 5231 494 5284 in
525 5245 630 5299 quo
670 5237 824 5285 cocta
866 5237 951 5285 est
984 5228 1370 5301 eonfringetur.
1410 5249 1429 5282 ι
1485 5230 1542 5285 Si
1585 5238 1706 5302 post
1736 5230 2006 5286 remissio-

439 5337 560 5378 nem
583 5337 681 5393 per
705 5319 1074 5391 paenitentiam
1103 5335 1415 5376 concessam
1456 5319 1735 5391 fragilibus
1777 5336 1836 5376 se
1871 5334 2005 5390 0pc-

439 5415 590 5472 ribus
616 5415 869 5481 inﬁxerit,
889 5415 1002 5488 jam
1030 5416 1236 5470 Domini
1262 5417 1465 5487 judicio
1492 5417 1677 5470 timeat
1697 5431 1756 5472 se
1786 5415 2008 5486 punien-

438 5509 585 5565 dUm.
619 5509 724 5564 Vas
744 5525 871 5580 ergo
895 5524 1103 5565 mneum
1127 5506 1422 5562 defricatur
1447 5514 1500 5561 et
1533 5523 1670 5577 aqua
1693 5507 1920 5572 lavatur,
1953 5507 2005 5562 id

438 5606 542 5662 est,
569 5581 615 5652 si
637 5598 692 5652 in
720 5598 986 5653 soliditate
1023 5597 1239 5652 virtutis
1259 5605 1316 5652 et
1354 5597 1665 5652 constantiae
1683 5597 2002 5667 perstiterit,

439 5689 560 5761 igne
599 5687 834 5759 Spiritus
886 5687 1058 5744 sancti
1095 5695 1152 5743 et
1191 5688 1603 5758 compunctione
1639 5687 2001 5760 lacrymarum

438 5781 804 5837 inundabitur.
835 5778 1022 5835 Omnis
1073 5780 1366 5842 masculus.
1405 5791 1465 5835 ut
1507 5795 1686 5852 supra.
1735 5800 1755 5833 ι
1811 5779 1999 5838 Hostia

436 5874 576 5932 enim
625 5887 743 5939 qua:
783 5871 1004 5926 caeditur
1029 5887 1128 5943 pm
1160 5870 1417 5943 peccata,
1451 5893 1468 5925 ιι
1499 5882 1602 5928 etc.
1649 5873 1745 5928 Hic
1785 5874 2002 5929 videtur

2120 740 2327 805 edetur,
2380 739 2475 795 sed
2524 739 2635 810 igni
2681 741 3045 796 comburetur.
3087 760 3107 794 ι
3140 740 3276 796 Cum
3304 739 3558 797 Christus
3603 756 3702 811 pro

2119 834 2354 905 peccatis
2374 833 2574 889 nostris
2592 833 2664 888 sit
2684 848 2897 903 passus,
2921 849 3027 890 non
3053 832 3214 888 debet
3232 832 3486 888 dentibus
3507 834 3700 899 minui,

2120 931 2180 979 ut
2197 925 2444 980 videlicet
2462 938 2559 994 pro
2587 923 2699 979 suis
2724 931 2969 978 mortuus
2989 923 3202 978 dicatur
3224 923 3491 992 peccatis,
3519 943 3540 974 ι
3576 925 3702 994 quia

2119 1025 2397 1086 peceatum
2445 1030 2554 1071 non
2597 1013 2746 1080 fecit,
2778 1029 2879 1070 nec
2928 1015 3179 1070 inventus
3213 1022 3298 1069 est
3341 1013 3502 1068 dolus
3530 1014 3704 1070 inore

2122 1106 2238 1177 ejus
2261 1105 2310 1177 (ι
2333 1105 2448 1158 Pet.
2484 1104 2570 1176 ιι),
2604 1123 2623 1155 ι
2672 1105 2768 1161 sed
2803 1105 3044 1161 scientiae
3071 1105 3246 1160 sancti
3283 1103 3531 1175 Spiritus
3559 1119 3703 1164 com-

2123 1193 2481 1252 mendandum
2507 1203 2592 1250 est
2620 1195 2752 1250 illud
2777 1197 3094 1268 mysterium
3133 1204 3190 1251 et
3231 1196 3338 1253 ﬁde
3381 1197 3550 1268 plena
3580 1197 3705 1267 lau-

2122 1289 2371 1346 dabiliter
2402 1288 2782 1345 exhibendum.

2724 1383 2950 1440 CAPUT
2989 1383 3100 1439 VII.

2201 1494 2220 1528 ι
2254 1475 2381 1532 Haec
2409 1489 2622 1547 quoque
2647 1482 2732 1530 est
2771 1475 2858 1530 lex
2887 1475 3076 1531 hostiae
3112 1490 3210 1546 pro
3255 1475 3474 1532 delicto.
3507 1494 3530 1528 ι
3559 1475 3700 1532 Deli-

2124 1576 2271 1624 ctum
2314 1574 2494 1638 potest
2529 1567 2672 1638 quod
2700 1566 2755 1622 in
2782 1567 2978 1625 divinis
3007 1570 3168 1624 rebus
3199 1569 3541 1639 delinquitur
3570 1587 3702 1624 nun-

2123 1661 2330 1733 cupari,
2356 1668 2638 1732 peccatum
2668 1675 2798 1716 vero
2843 1669 3035 1716 contra
3071 1661 3337 1717 homines.
3371 1660 3573 1716 Delicti
3615 1677 3702 1715 an-

2125 1764 2234 1811 tem
2263 1755 2559 1810 remedium
2588 1754 2904 1824 perfectioni
2927 1770 2996 1810 ex
3021 1754 3230 1826 integro
3264 1754 3591 1810 devotorum
3611 1770 3702 1824 per

2126 1862 2311 1904 veram
2356 1847 2731 1918 pmnitentiam
2780 1848 3097 1917 acquiritur.
3145 1847 3426 1903 Fundetur
3481 1847 3703 1916 sanguis

2050 1915 2098 1975 Β
2125 1937 2241 2007 ejus
2260 1915 2573 2009 per—gyrum
2601 1938 2806 2004 altaris,
2845 1915 2908 1993 ut
2945 1938 3059 1994 vita
3089 1937 3205 2007 ejus
3227 1938 3296 1992 ad
3341 1939 3701 1993 imitationem

2122 2027 2322 2084 Christi
2373 2028 2590 2097 penitus
2640 2027 2949 2083 inclinetur.
2995 2028 3072 2084 De
3113 2029 3282 2084 cauda
3320 2036 3376 2084 et
3425 2029 3702 2084 intestinis

2122 2133 2282 2187 supra
2312 2117 2514 2172 dictum
2541 2125 2646 2184 est,
2675 2117 2925 2172 similiter
2953 2117 3019 2173 de
3039 2117 3302 2176 masculo.
3349 2137 3368 2173 ι
3405 2117 3489 2175 Ad
3524 2133 3701 2175 sacer-

2120 2209 2298 2264 dotem
2321 2209 2411 2282 qui
2439 2225 2559 2267 eaut
2587 2209 2839 2267 obtulerit
2868 2211 3174 2280 pertinebit.
3225 2231 3243 2263 ι
3288 2210 3369 2266 Ad
3401 2211 3701 2270 Christum.

2119 2301 2212 2373 qui
2234 2317 2294 2357 se
2316 2302 2509 2358 obtulit
2532 2317 2630 2371 pro
2656 2302 2828 2367 nobis,
2849 2301 3082 2370 pertinet
3101 2300 3242 2355 actio
3280 2309 3473 2356 nostra
3505 2309 3574 2354 ut
3613 2305 3702 2370 per

2119 2413 2244 2454 eum
2273 2412 2374 2452 nos
2398 2397 2608 2452 veniam
2636 2395 3014 2466 imploraturos
3039 2409 3334 2465 speramus.
3363 2412 3383 2445 ‹
3415 2393 3698 2459 Sacerdos,

2119 2489 2213 2560 qui
2246 2488 2403 2545 offert
2422 2488 2719 2544 holocausti
2741 2487 3016 2542 victimam
3042 2485 3263 2542 habebit
3283 2485 3484 2557 pellem
3504 2485 3650 2555 ejus.
3680 2506 3696 2538 ι

2119 2582 2280 2639 Pellis
2302 2582 2626 2638 exteriorem
2652 2581 3007 2636 substantiam
3045 2579 3336 2650 signiﬁcat,
3382 2594 3507 2648 quae
3550 2579 3703 2634 Chri-

2121 2684 2224 2741 sto,
2247 2675 2303 2731 id
2327 2683 2410 2730 est
2446 2673 2704 2729 membris
2747 2673 2884 2743 ejus,
2927 2673 2982 2726 in
3029 2671 3369 2742 eleemosyna
3422 2669 3701 2741 largienda

2119 2777 2222 2832 est,
2255 2775 2315 2821 ut
2355 2767 2437 2822 sic
2463 2765 2774 2836 perﬁciatur
2797 2763 3136 2834 poenitentia.
3167 2763 3430 2819 Dominus
3469 2779 3701 2834 namque

2120 2856 2249 2911 dicit
2283 2873 2294 2909 :
2331 2874 2350 2905 ‹
2385 2855 2631 2922 Quandiu
2679 2853 2883 2909 fecistis
2905 2853 2997 2907 uni
3027 2853 3092 2908 de
3119 2853 3357 2908 minimis
3378 2853 3544 2916 meis,
3571 2854 3698 2908 mihi

2120 2947 2323 3002 fecistis
2347 2945 2560 3017 (Matth.
2591 2944 2740 3014 xxv).
2774 2964 2792 2997 ι
2827 2963 2846 2995 ‹
2881 2944 2949 2998 Ει
2971 2958 3130 2998 omne
3157 2943 3488 2999 sacriﬁcium
3512 2945 3700 2999 simila:

2118 3038 2260 3107 quod
2283 3036 2534 3106 coquitur
2561 3036 2617 3090 in
2661 3035 2897 3102 clibano,
2937 3053 2957 3086 ι
3002 3043 3108 3090 etc.
3150 3035 3206 3090 Id
3231 3043 3317 3089 est
3341 3036 3525 3092 omnis
3564 3038 3700 3090 ratio

2119 3127 2184 3182 de
2218 3126 2677 3196 incorporatione,
2712 3125 2797 3181 vel
2836 3125 3107 3195 passione,
3149 3124 3235 3179 vel
3279 3134 3460 3181 morte
3498 3125 3700 3182 Christi

2118 3220 2221 3290 ipsi
2278 3219 2716 3285 commendetur,
2764 3234 2864 3274 nec
2915 3219 2980 3274 de
3031 3217 3118 3274 his
3155 3226 3364 3274 temere
3407 3220 3696 3274 sentiatur.

2126 3328 2146 3361 σ
2183 3311 2307 3367 Sive
2328 3310 2446 3367 oleo
2475 3325 2789 3381 conspersa,
2813 3311 2928 3365 sive
2949 3310 3124 3376 arida,
3159 3329 3178 3362 ι
3206 3311 3260 3364 id
3278 3319 3386 3375 est,
3414 3310 3463 3364 si
3487 3309 3607 3377 ejus
3635 3311 3701 3364 sit

2117 3408 2378 3473 scientiae,
2425 3408 2518 3477 qui
2562 3407 2873 3478 placiditate
2913 3406 3233 3476 eloquentiae
3277 3405 3563 3469 redundet,
3621 3406 3701 3460 vel

2117 3499 2205 3554 cui
2231 3498 2625 3568 eleemosynam
2657 3496 2889 3552 faciendi
2926 3497 3177 3568 suppedit
3210 3496 3470 3569 facultas;
3504 3497 3622 3552 sive
3649 3498 3699 3552 in

2116 3589 2413 3644 inﬁrmiore
2442 3588 2512 3644 sit
2533 3589 2781 3653 scientia,
2821 3589 2912 3658 qui
2961 3588 3214 3642 tarditate
3250 3588 3546 3644 verborum
3586 3598 3698 3643 toro

2113 3690 2239 3751 peat
2261 3680 2342 3734 vel
2361 3680 2676 3735 substantia:
2697 3678 2935 3734 subsidio
2956 3679 3466 3750 careatlargiendte.
3501 3697 3522 3730 ι
3545 3696 3699 3749 aequa

2115 3782 2294 3829 tamen
2345 3789 2597 3829 mensura
2649 3774 2918 3829 dividetur
2962 3789 3059 3844 per
3105 3774 3367 3845 singulos.
3405 3793 3424 3826 ι
3475 3775 3618 3842 Quia
3647 3777 3699 3830 in

2113 3866 2419 3938 aequalitate
2437 3872 2493 3922 et
2526 3867 2732 3921 unitate
2763 3867 2892 3922 ﬁdei
2926 3867 3123 3922 debent
3147 3881 3339 3923 omnes
3366 3870 3605 3938 aequari,
3644 3881 3699 3923 ut

2114 3956 2311 4011 Paulus
2348 3971 2514 4011 unum
2553 3971 2741 4011 omnes
2769 3971 2957 4026 sapere
3000 3968 3057 4012 et
3085 3957 3312 4027 idipsum
3352 3958 3541 4014 dicere
3573 3960 3700 4014 hor-

2113 4055 2258 4102 tatur
2286 4045 2506 4118 (Philip.
2539 4048 2626 4119 ιι).
2656 4065 2676 4099 ι
2709 4047 2814 4104 Pro
2840 4047 3136 4120 gratiarum
3166 4049 3382 4105 actione
3415 4068 3436 4102 ι
3469 4048 3697 4118 donum,

2113 4141 2204 4212 qui
2242 4140 2604 4196 immensitate
2632 4151 2976 4212 peccatorum
3024 4157 3131 4198 non
3159 4142 3371 4212 cogitur
3413 4143 3694 4212 pceniteri,

2114 4233 2207 4288 sed
2250 4247 2348 4303 pro
2369 4232 2561 4288 collata
2590 4233 2693 4289 sibi
2720 4233 2897 4289 divina
2932 4233 3302 4290 misericordia
3331 4235 3543 4306 gratias
3563 4237 3693 4307 agit.

2112 4324 2282 4381 Offert
2307 4340 2474 4396 panes
2500 4341 2820 4396 conspersos
2873 4327 2991 4382 oleo
3009 4368 3023 4394 ,
3069 4327 3122 4382 id
3151 4336 3237 4383 est
3268 4328 3579 4400 doctrinam
3607 4346 3693 4383 sc-

2113 4417 2293 4488 quitur
2348 4415 2569 4472 Patrum
2616 4417 2751 4474 Novi
2791 4418 3136 4474 Testamenti.
3179 4419 3349 4476 Olfert
3395 4430 3452 4476 et
3505 4422 3693 4494 lagana

2113 4523 2301 4579 azyma
2329 4507 2449 4562 oleo
2486 4508 2600 4574 lita,
2651 4509 2706 4562 id
2732 4519 2816 4565 est
2859 4510 3195 4566 intellectum
3223 4509 3445 4567 Patrum
3478 4512 3693 4569 Veteris

2113 4600 2479 4655 Instrumenti.
2509 4599 2680 4671 Majus
2709 4609 2792 4657 est
2824 4612 3004 4656 autem
3040 4605 3321 4676 conspergi
3369 4621 3533 4674 quam
3562 4607 3688 4677 ungi

2113 4691 2249 4756 oleo,
2279 4690 2406 4759 quia
2442 4689 2726 4746 veritatem
2765 4692 2854 4748 isti
2898 4695 3192 4763 praedicant
3240 4710 3428 4751 eorum
3465 4713 3592 4768 qua:
3616 4699 3690 4753 illi

2112 4789 2338 4838 ventura
2364 4781 2723 4838 somniabant.
2755 4782 3053 4852 Collyridas
3071 4783 3249 4852 oﬁ‘ert,
3282 4787 3336 4842 id
3366 4797 3449 4843 est
3480 4789 3687 4845 doctri~

2112 4893 2236 4933 nam
2265 4877 2710 4946 orthodoxorum,
2739 4894 2967 4949 quorum
2993 4880 3177 4936 labore
3203 4881 3370 4938 libros
3398 4886 3689 4941 canonicos

2113 4968 2477 5038 intelligimus.
2509 4967 2636 5025 Haec
2672 4971 2854 5026 omnia
2883 4971 2997 5027 sine
3042 4970 3329 5040 fermento,
3359 4973 3416 5029 id
3454 4983 3542 5031 est
3571 4977 3688 5031 sine

2113 5060 2299 5116 alienze
2322 5060 2684 5116 amaritudine
2722 5061 2996 5118 doctrinae.
3030 5061 3199 5119 Oﬁ'ert
3241 5079 3412 5134 panes
3451 5065 3686 5121 fermen-

2111 5157 2275 5216 tatos,
2323 5150 2377 5205 id
2417 5161 2502 5206 est
2553 5151 2678 5207 ﬁdei
2723 5153 3050 5208 ﬁrmitatem.
3083 5154 3217 5209 Nam
3259 5165 3314 5209 et
3356 5155 3684 5212 fermentum

2110 5239 2270 5294 ﬁdem
2297 5239 2582 5309 signiﬁcat,
2604 5251 2665 5296 ut
2693 5243 2952 5298 Dominus
2981 5244 3047 5301 de
3073 5245 3299 5301 ruuliere
3321 5244 3555 5302 farinam
3576 5249 3684 5301 fer-

2109 5336 2384 5384 mentante
2430 5330 2580 5385 dicit.
2635 5331 2780 5387 Unus
2824 5331 2880 5386 in
2908 5333 3161 5403 primitiis
3204 5333 3429 5391 oﬂ‘ertur
3465 5336 3594 5391 dum
3626 5338 3680 5391 in

2110 5419 2316 5474 unitate
2343 5419 2467 5476 ﬁdei
2488 5437 2648 5478 omne
2670 5437 2808 5494 opus
2829 5422 3032 5478 bonum
3079 5425 3378 5481 inchoatur.
3425 5446 3445 5476 ε
3483 5425 3551 5482 Et
3578 5429 3681 5482 erit

2113 5511 2410 5567 sacerdotis
2437 5512 2528 5581 qui
2580 5512 2766 5569 fundet
2792 5513 2981 5570 hostia:
3023 5517 3359 5586 sanguinem,
3404 5537 3422 5568 ι
3457 5519 3583 5590 quia
3627 5522 3676 5574 ei

2111 5604 2243 5659 ﬁdes
2271 5605 2572 5662 exhibenda
2601 5616 2685 5662 est
2709 5623 2807 5676 per
2835 5622 2995 5676 quem
3039 5606 3239 5664 oblatio
3280 5611 3560 5666 servitutis
3583 5628 3675 5665 no-

2110 5703 2236 5751 strae
2258 5696 2407 5751 Patri
2433 5708 2516 5752 est
2555 5699 2947 5769 praesentanda.
2999 5718 3018 5752 ι
3065 5699 3230 5770 Cujus
3258 5718 3458 5759 carnes
3485 5703 3676 5758 eadem

2109 5787 2193 5842 die
2219 5789 2592 5854 comedentur,
2614 5809 2631 5841 ι
2667 5791 2790 5860 quia
2823 5791 2875 5844 in
2907 5790 3008 5846 hac
3027 5793 3138 5846 vita
3165 5808 3377 5847 omnem
3406 5793 3532 5848 ﬁdei
3553 5808 3673 5863 per—

2109 5879 2391 5935 fectionem
2436 5882 2700 5951 passionis
2729 5882 2927 5938 Christi
2985 5898 3199 5939 servare
3227 5884 3485 5940 debemus
3514 5891 3572 5940 et
3614 5884 3674 5939 in
