3948 6328
231 321 333 378 809

1179 313 1478 370 EPITOME
1510 311 1862 370 COMMENT.
1903 309 2156 366 RABANl
2191 308 2256 365 IN
2294 311 2516 366 LE't'l'l‘.

3372 314 3475 366 8l‘3

231 431 529 504 nobisipsis
554 429 784 487 hostiam
812 431 922 486 Deo
954 429 1254 501 placentem
1282 430 1536 484 exhibere
1568 446 1579 481 :
1617 448 1635 480 ι
1673 427 1801 482 Post
1826 433 1877 492 Α
1900 427 2102 482 bonum
2148 441 2304 496 opus.
2351 447 2371 480 ι
2414 425 2788 484 Pectusculum
2823 425 3140 484 elevationis
3185 447 3204 482 ι
3250 429 3474 494 dicitur.

232 538 388 579 mane
442 523 584 577 enim
640 523 764 576 vita:
811 521 1025 587 futurae,
1072 530 1140 595 ut.
1183 520 1438 574 Salomon
1489 518 1642 584 dicit,
1691 533 1798 572 non

229 623 314 670 est
335 612 621 684 sapientia,
651 626 751 667 nec
779 612 1084 678 consilium,
1114 626 1215 666 nec
1239 610 1380 665 ratio
1415 625 1523 680 quo
1544 623 1800 680 propera-

229 717 350 759 mus
379 698 562 773 (Prov.
591 701 730 774 xxi).
780 719 800 754 ι

302 793 393 850 «εἰ
422 801 568 858 voto,
596 792 680 848 vel
709 801 922 863 sponte,
954 789 1220 862 quispiam
1237 787 1755 852 obtulerithostiam,
1773 803 1792 840 ι

228 895 334 942 etc.
358 885 415 945 Id
449 893 555 950 est,
584 884 699 939 sive
727 883 819 954 qui
847 899 914 937 ex
960 891 1104 946 voto,
1135 889 1195 938 ut
1217 879 1486 944 monachi,
1511 887 1568 934 et
1593 875 1797 944 clerici,

227 975 518 1046 saeculique
538 975 968 1038 renuntiatores;
999 973 1110 1027 sive
1131 971 1220 1042 qui
1252 961 1430 1024 subito
1461 975 1799 1038 pertractans

224 1069 426 1123 bonum
448 1082 584 1136 opus
605 1064 957 1128 inchoaverit,
975 1064 1088 1133 ipsa
1115 1061 1221 1126 die,
1252 1059 1305 1114 id
1330 1055 1413 1113 est
1439 1059 1492 1112 in
1521 1055 1799 1128 praesenti,

225 1165 282 1211 et
305 1171 449 1220 cras,
478 1156 580 1209 hoc
605 1162 689 1209 est
713 1153 1045 1222 temporibus
1080 1151 1203 1204 vitae
1232 1165 1342 1204 sua:
1364 1156 1484 1218 post
1504 1139 1796 1212 concessis,

225 1247 399 1317 ipsum
440 1261 575 1316 opus
611 1243 874 1315 perficiat.
925 1261 942 1294 ι
977 1241 1245 1310 Quidquid
1289 1241 1432 1294 enim
1462 1234 1654 1292 tertius
1685 1235 1799 1292 dies

222 1337 518 1401 invenerit,
552 1335 692 1407 ignis
718 1342 1018 1390 consumet.
1054 1352 1072 1384 ι
1113 1331 1255 1386 Nihil
1291 1331 1378 1386 hic
1425 1327 1798 1400 imperfectum

221 1428 562 1499 relinquatur
592 1427 686 1491 ibi,
732 1426 786 1480 id
815 1432 897 1480 est
930 1424 986 1478 in
1014 1423 1124 1477 vita
1169 1421 1348 1476 futura
1385 1411 1794 1490 perﬁciendum,

218 1520 348 1589 quia
397 1537 417 1570 ι
467 1518 887 1587 uniuscujusque
942 1530 1077 1585 opus
1115 1512 1272 1584 quale
1321 1513 1392 1568 sit
1429 1513 1567 1582 ignis
1601 1512 1798 1580 proba-

217 1612 330 1675 bit;
358 1611 402 1665 si
435 1610 586 1679 cujus
611 1623 744 1678 opus
771 1604 985 1670 arserit,
1018 1604 1396 1658 detrimentum
1419 1601 1672 1673 patietur,
1696 1619 1714 1652 ι
1743 1600 1800 1654 et

216 1703 502 1772 sequentia
551 1699 601 1770 (1
634 1699 755 1753 Cor.
797 1697 901 1768 ιιι).
942 1715 958 1748 ι
995 1695 1050 1751 Si
1079 1695 1201 1765 quis
1227 1710 1418 1750 carnes
1443 1691 1673 1748 victima:
1708 1690 1796 1746 die

219 1793 382 1849 tertia
400 1790 710 1852 comederit,
737 1809 754 1842 ι
775 1796 828 1843 et
846 1797 1058 1842 cratera.
1086 1786 1282 1856 Siquis
1307 1779 1540 1840 :estimat
1563 1797 1620 1837 se
1643 1783 1696 1836 in
1719 1781 1804 1836 die
1834 1779 1880 1839 Β

216 1883 415 1939 futura:
441 1884 562 1938 vitre
591 1896 749 1952 posse
789 1869 1053 1950 perﬁcere
1100 1877 1241 1946 quod
1283 1876 1373 1931 hic
1423 1871 1799 1944 imperfectum

214 1976 500 2047 relinquit,
537 1989 643 2028 non
685 1973 860 2042 placet
892 1969 1120 2026 Domino
1147 1983 1283 2037 opus
1325 1966 1460 2036 ejus,
1507 1965 1628 2020 ideo
1649 1963 1800 2018 dam-

215 2065 427 2122 nationi
467 2063 733 2120 obnoxius
777 2070 900 2116 est:
935 2077 954 2111 ι
990 2053 1128 2116 Caro
1171 2072 1289 2128 qua:
1318 2051 1521 2126 aliquid
1562 2052 1803 2126 tetigerit

214 2158 580 2222 immundum,
617 2175 637 2209 ο
700 2163 829 2220 etc.,
875 2152 926 2207 id
966 2160 1052 2206 est
1095 2158 1229 2219 opus
1257 2149 1401 2219 quod
1432 2147 1576 2202 vitiis
1623 2147 1800 2217 inqui-

211 2261 386 2307 natur
411 2266 516 2306 non
552 2256 829 2320 rcputetur
859 2247 927 2301 ad
957 2245 1279 2316 profectum,
1303 2257 1476 2313 neque
1519 2243 1572 2298 in
1619 2241 1801 2298 exem-

210 2347 369 2418 plum
393 2355 659 2410 sumatur,
691 2343 947 2398 vindicta:
974 2341 1110 2411 ejus,
1147 2338 1303 2410 quasi
1349 2338 1487 2409 igni,
1529 2345 1796 2392 servatur.

217 2457 240 2492 α
285 2438 388 2506 Qui
441 2437 606 2493 fuerit
651 2436 884 2491 mundus
934 2442 1183 2489 vescetur
1225 2447 1324 2497 ea,
1375 2449 1394 2483 ι
1425 2439 1532 2486 etc.
1576 2428 1692 2504 Non
1719 2437 1804 2484 est

209 2528 503 2582 dicendum
543 2526 685 2596 quod
726 2525 794 2578 ad
853 2525 1090 2595 priorem
1138 2536 1355 2577 versum
1401 2520 1698 2590 respiciat,
1739 2527 1800 2574 ut

210 2620 454 2676 mundus
489 2619 780 2674 immundis
819 2616 963 2673 vesci
1009 2615 1282 2684 iubeatur,
1325 2614 1419 2668 sed
1460 2614 1527 2668 ad
1572 2626 1800 2682 sequen-

213 2721 334 2766 tem
357 2725 596 2776 versum,
627 2717 686 2763 ut
716 2707 947 2763 mundus
984 2721 1047 2761 ea
1076 2705 1250 2760 hostia
1297 2703 1550 2758 vescatur
1579 2718 1610 2756 a
1645 2700 1799 2770 cujus

209 2819 388 2860 carne
424 2805 604 2858 anima
645 2804 918 2858 immunda
969 2801 1307 2872 prohibetur.
1339 2799 1561 2870 Indigne
1605 2813 1801 2868 corpus

206 2897 420 2954 Christi
443 2906 496 2952 et
516 2883 831 2967 sanguinem
859 2911 1074 2950 sumere
1095 2893 1465 2964 prohibemur,
1493 2900 1551 2946 ut
1577 2892 1628 2946 in
1660 2890 1802 2962 Apo—

208 2988 364 3045 stolo
401 2988 631 3057 pleniter
658 2987 904 3051 docetur,
932 3000 1050 3055 qua:
1076 2984 1290 3039 mundis
1315 2983 1801 3051 tractandajuben-

212 3088 334 3133 tur.
357 3077 530 3132 Aliter
553 3095 567 3132 :
593 3077 864 3132 immunda
884 3076 1062 3130 anima
1085 3074 1413 3130 sacriﬁcium
1429 3073 1802 3128 Dominicom-

211 3169 340 3225 edit
391 3169 520 3223 dum
557 3168 787 3238 quilibet
838 3182 942 3221 non
967 3180 1035 3220 ex
1063 3165 1205 3220 bona
1237 3163 1514 3219 voluntate
1543 3177 1678 3232 cpus
1707 3161 1800 3216 Dei

208 3261 353 3318 foris
386 3260 622 3324 simulat,
649 3268 709 3314 ut
729 3259 821 3329 qui
845 3258 1076 3314 seminat
1099 3256 1180 3310 vel
1209 3271 1305 3310 sua
1327 3255 1553 3326 largitur
1580 3262 1802 3324 propter

209 3351 590 3423 arrogantiam
615 3357 671 3405 et
707 3349 936 3421 plurima
965 3347 1114 3402 talia.
1152 3364 1171 3397 ι
1210 3345 1276 3399 Et
1296 3360 1416 3414 qua:
1446 3342 1681 3414 tetigerit
1704 3343 1801 3396 im-

207 3445 540 3501 munditiam
579 3442 835 3506 hominis,
873 3460 891 3493 ι
925 3450 980 3495 et
1009 3439 1237 3509 reliqua.
1269 3436 1666 3492 Immunditiam
1705 3436 1801 3490 ho-

207 3535 404 3601 minis,
432 3533 519 3590 vel
549 3531 748 3588 ﬁuxum
777 3530 1020 3594 seminis,
1045 3529 1127 3584 vel
1151 3536 1344 3584 caatera
1379 3542 1500 3596 quae
1529 3524 1579 3580 ei
1607 3540 1802 3579 secun-

203 3630 346 3683 dum
394 3626 567 3696 legem
599 3625 666 3678 ad
700 3622 1096 3678 immunditiam
1125 3628 1460 3688 reputantur.
1499 3617 1662 3672 Vetat
1710 3631 1803 3670 au-

207 3729 330 3774 tem
368 3716 516 3771 vitiis
534 3730 640 3770 non
670 3711 1175 3768 communicandum
1196 3709 1310 3763 sive
1342 3707 1597 3772 hominis,
1631 3706 1684 3760 id
1719 3713 1802 3760 est

207 3808 485 3879 ingeniosi
534 3807 586 3861 in
629 3805 791 3869 malo,
823 3805 938 3859 sive
975 3802 1228 3873 jumenti,
1278 3801 1333 3855 id
1378 3808 1463 3855 est
1501 3798 1708 3854 hebetis
1745 3805 1802 3852 et

205 3901 433 3974 publice
483 3897 865 3969 delinquentis.
915 3916 932 3947 ι
968 3895 1194 3966 Adlpem
1241 3894 1382 3958 ovis,
1433 3902 1490 3948 et
1521 3893 1695 3956 novis,
1747 3899 1804 3946 et

204 4005 419 4063 caprae.
452 4010 472 4043 ι
497 3998 554 4044 et
581 3988 810 4057 reliqua;
841 3987 892 4040 id
913 3993 1016 4049 est,
1041 3985 1366 4040 desiderium
1387 3985 1454 4038 ad
1477 3985 1647 4037 Deum
1672 3983 1804 4036 sim-

206 4084 378 4155 plicis
403 4093 458 4137 et
504 4082 719 4137 fortiter
756 4078 1037 4148 operantis
1083 4086 1139 4132 et
1186 4076 1523 4146 paenitentis,
1549 4091 1656 4130 non
1695 4075 1803 4130 alio

207 4182 403 4230 vertas
424 4187 585 4244 quam
619 4171 760 4226 sicut
783 4169 872 4225 ille
894 4169 1032 4224 bene
1061 4167 1358 4238 proposuit.
1399 4185 1416 4218 ι
1455 4165 1680 4237 Adipem
1705 4180 1802 4220 ca-

203 4267 438 4323 daveris
466 4262 763 4329 morticini,
797 4281 815 4313 »
847 4269 902 4316 et
947 4259 1196 4329 reliqua;
1231 4258 1284 4312 id
1335 4265 1419 4314 est
1460 4257 1800 4312 voluntatem

205 4375 323 4430 per
356 4372 414 4413 se
447 4355 686 4427 peccatis
719 4351 938 4416 mortui,
980 4360 1042 4405 ut
1082 4350 1415 4420 Apostolus:
1466 4369 1485 4399 ι
1529 4348 1702 4403 Vidua
1747 4348 1798 4401 in

200 4449 428 4506 deliciis
455 4449 643 4502 vivens
692 4452 905 4502 mortua
937 4454 1021 4499 est
1061 4443 1113 4515 (1
1149 4443 1284 4498 Tim.
1334 4443 1420 4513 v);
1467 4441 1644 4513 pfsive
1683 4441 1800 4511 ejus
1827 4484 1879 4544 Β

200 4542 314 4613 qui
357 4556 388 4595 a
436 4539 649 4595 diabolo
687 4538 943 4606 deceptus
987 4544 1089 4600 est,
1131 4535 1198 4589 ad
1246 4533 1598 4589 imitationem
1651 4543 1796 4588 tuam

200 4640 525 4690 convertas.
561 4649 580 4683 ‹
618 4630 947 4700 Sanguinem
972 4627 1150 4682 omnis
1183 4626 1429 4680 animalis
1466 4641 1571 4680 non
1614 4641 1796 4680 sume-

205 4727 288 4780 tis
340 4723 395 4778 in
424 4723 568 4788 cibo,
609 4739 627 4772 ›
672 4730 817 4785 etc.;
859 4719 911 4773 id
945 4727 1048 4783 est,
1103 4718 1226 4772 vitae
1279 4716 1476 4772 nullius
1520 4717 1793 4782 invideas;

203 4816 510 4889 Apostolus
535 4815 678 4868 enim
703 4813 834 4868 dicit
864 4831 876 4866 :
910 4831 928 4862 ι
976 4811 1164 4865 Videte
1203 4826 1269 4864 ne
1307 4810 1351 4866 si
1392 4809 1623 4866 invicem
1657 4825 1800 4864 mor-

201 4908 378 4971 detis,
407 4905 476 4960 ab
523 4904 753 4959 invicem
796 4900 1188 4956 consumamini
1221 4897 1363 4971 (Gal.
1388 4903 1466 4970 γ),
1505 4919 1524 4952 ι
1574 4899 1688 4954 sive
1729 4898 1801 4954 sit

202 4994 517 5068 spiritualis
565 4996 748 5058 homo,
792 4992 906 5046 sive
950 4991 1178 5060 simplex
1229 4999 1286 5045 et
1328 4989 1584 5045 carnalis.
1636 5008 1654 5041 ι
1693 4989 1795 5057 Qui

200 5087 377 5142 oﬁert
419 5086 695 5140 victimam
743 5082 1115 5154 paciﬁcorum,
1152 5100 1170 5133 ι
1217 5091 1323 5135 etc.
1371 5081 1471 5149 Qui
1501 5082 1795 5153 gratiarum

200 5179 484 5234 actionem
518 5177 743 5232 Domino
771 5175 950 5240 solvit,
993 5174 1224 5228 libamen
1271 5175 1552 5229 charitatis
1599 5175 1795 5244 adjun-

199 5281 330 5342 gat,
362 5272 476 5325 sine
515 5285 619 5339 qua
665 5269 796 5324 nihil
836 5269 1014 5339 placet
1059 5266 1190 5321 Deo.
1222 5265 1596 5322 Pectusculum
1623 5269 1796 5337 signi-

201 5364 346 5418 ﬁcat
373 5360 530 5415 ﬁdem
560 5370 615 5415 et
643 5359 1030 5424 constantiam;
1064 5373 1271 5422 armus,
1312 5357 1507 5411 bonam
1529 5358 1798 5427 operatio-

203 5468 367 5518 nem,
396 5467 515 5520 quze
538 5453 756 5523 proprie
787 5451 851 5504 ad
890 5451 1054 5504 Deum
1088 5463 1304 5504 servare
1355 5449 1632 5502 debemus.
1684 5447 1796 5502 lloc

200 5549 302 5595 est
332 5541 474 5610 quod
500 5541 611 5595 ait:
646 5539 801 5595 Cedit
845 5540 896 5593 in
931 5548 1139 5607 partem
1185 5538 1389 5599 Aaron,
1440 5554 1456 5586 ι
1507 5536 1608 5603 Qui
1640 5537 1797 5592 obtu-

201 5633 344 5686 lerit
391 5633 709 5704 sanguinem
764 5640 818 5688 et
855 5632 1088 5700 adipem,
1136 5651 1152 5682 ι
1201 5638 1254 5683 et
1301 5629 1531 5698 reliqua.
1565 5631 1640 5684 De
1687 5645 1795 5684 uno

202 5725 438 5795 dicitur,
461 5736 514 5782 et
542 5727 663 5782 ideo
693 5725 760 5779 ad
799 5709 960 5779 unum
1001 5724 1237 5794 pertinet
1267 5721 1542 5778 Christum
1578 5723 1708 5778 ﬁdes
1739 5735 1793 5781 et

577 5821 852 5881 Ρηιιοιη
903 5818 1119 5881 CXIV.

1897 518 2026 588 quia
2059 517 2238 572 elevat
2276 533 2375 572 nos
2403 518 2573 585 ﬁdes;
2620 518 2775 588 quasi
2805 519 3011 574 diceret
3050 537 3063 573 :
3093 519 3183 574 hic
3208 527 3294 576 est
3336 523 3475 579 ritus

1897 608 2185 664 sacerdotii
2216 607 2398 663 Aaron
2446 608 2516 663 ad
2551 609 2696 679 quod
2741 616 2940 664 unctus
2964 617 3072 675 est,
3104 618 3165 664 ut
3201 625 3322 679 quae
3357 611 3473 681 jam

1897 701 2041 755 dicta
2071 707 2196 755 sunt
2223 699 2290 754 ad
2312 699 2459 754 illum
2481 701 2811 770 pertineant.
2835 699 2894 755 ln
2922 709 3105 757 monte
3124 701 3298 757 Sinai.
3325 702 3475 762 Sinai

1897 789 2286 860 interpretatur
2326 789 2484 842 rubus
2556 787 2641 843 vel
2689 785 2948 856 tentatio;
3007 775 3278 862 signiﬁcat
3327 791 3475 854 istud

1899 889 2110 950 tempus
2139 880 2191 934 in
2212 895 2321 950 quo
2356 879 2741 960 tentationibus
2773 887 2830 935 et
2861 870 3097 960 stimulis
3130 890 3478 952 peccatorum

1898 973 2125 1028 terimur
2149 979 2205 1027 et
2241 970 2545 1041 indigemus
2576 955 2673 1026 Dei
2713 955 3150 1054 mandatis,_quae
3187 982 3242 1029 et
3277 959 3479 1045 accipi-

1899 1076 2038 1118 mus.
2079 1062 2158 1117 De
2204 1061 2619 1117 consecratione
2665 1061 2848 1117 Aaron
2895 1063 2949 1116 in
2980 1063 3166 1120 Exodo
3212 1065 3471 1122 diximus.

1900 1154 2110 1226 Moyses
2139 1153 2406 1226 signiﬁcat
2425 1153 2510 1210 vel
2546 1154 2736 1225 legem,
2770 1170 2890 1225 quae
2913 1156 3114 1212 Christi
3140 1159 3473 1216 incarnatio-

1899 1263 2022 1303 nem
2046 1247 2314 1318 prtedixit,
2355 1247 2437 1303 vel
2467 1246 2803 1303 divinitatem
2826 1247 3052 1316 Christi,
3085 1267 3204 1320 qua:
3236 1253 3354 1322 ejus
3377 1253 3476 1308 hu;

1900 1341 2215 1398 manitatem
2245 1341 2313 1397 ad
2356 1350 2562 1397 tantam
2591 1342 2816 1413 gloriam
2866 1347 3138 1414 provexit,
3168 1348 3310 1404 sicut
3337 1349 3477 1405 dici-'-

1897 1440 2024 1516 tur:
2058 1451 2077 1484 ι
2117 1432 2281 1490 Unxit
2304 1442 2356 1488 te
2391 1433 2556 1500 Deus,
2585 1434 2726 1490 Deus
2755 1445 2880 1492 tuus
2907 1437 3048 1502 oleo,
3099 1456 3118 1491 ι
3155 1449 3260 1495 etc.
3299 1439 3474 1513 (Ρεαι.

1898 1520 2065 1591 xuv.)
2088 1521 2209 1578 Filii
2228 1522 2407 1578 Aaron
2427 1523 2650 1594 apostoli
2675 1533 2801 1582 sunt
2819 1524 3046 1595 Christi,
3071 1543 3366 1599 eorumque
3385 1545 3474 1587 se-

1896 1628 2117 1684 quaces.

2499 1722 2729 1789 CAPUT
2768 1721 2879 1787 VIII

1977 1903 1998 1937 ι
2033 1884 2396 1960 Congregabis
2429 1904 2647 1946 omnem
2694 1899 2921 1957 cretum,
2958 1912 2977 1946 ι
3012 1902 3068 1949 et
3106 1894 3329 1965 reliqua.
3375 1895 3480 1953 Per

1901 1976 2208 2044 passionem
2245 1978 2447 2034 Christi
2481 1990 2841 2053 congregatur
2883 1983 3124 2041 Ecclesia
3156 1987 3227 2042 ad
3274 1987 3479 2044 doctrié

1901 2081 2027 2120 nam
2051 2070 2439 2139 evangelicam.
2474 2069 2551 2126 De
2580 2072 2934 2130 vestimentis.
2960 2065 3326 2144 sacerdotum,
3360 2079 3477 2134 sive

1901 2159 1968 2215 ad
1998 2160 2271 2218 Christum
2296 2163 2523 2228 referas,
2547 2164 2663 2220 sive
2683 2165 2752 2219 ad
2765 2165 3058 2235 quemlibet
3078 2177 3346 2236 sanctum,
3365 2169 3477 2241 jam

1899 2268 2064 2322 supra
2086 2255 2287 2312 dictum
2313 2264 2416 2312 est.
2444 2255 2657 2313 Linitur
2677 2257 3081 2314 tabernaculum
3112 2258 3256 2326 oleo,
3289 2277 3480 2332 asper-

1903 2345 2045 2415 gitur
2075 2345 2246 2401 altare
2267 2361 2390 2402 cum
2415 2347 2564 2402 basis
2586 2359 2640 2403 et
2660 2348 2890 2412 labrum,
2919 2349 3043 2418 quia
3075 2366 3234 2406 omne
3272 2352 3480 2407 instru-
3539 2387 3542 2390 ~

1903 2445 2144 2490 mentum
2173 2435 2427 2492 Ecclesite
2453 2445 2509 2492 et
2535 2437 2805 2508 baptismo
2841 2449 2895 2494 et
2916 2441 3090 2508 gratia
3112 2443 3288 2497 sa'ncti
3312 2441 3484 2512 Spiri-

1904 2534 1992 2582 tus
2025 2528 2395 2582 conﬁrmatur.
2425 2529 2659 2614 Septena
2689 2529 2932 2614 aspersio
2958 2529 3074 2602 ejus
3109 2531 3480 2603 septiforzneni

1904 2617 2136 2688 gratiam
2157 2617 2410 2672 ostendit.
2429 2618 2640 2673 Vitulus
2663 2617 2876 2676 oblatus
2897 2619 3171 2678 Christum
3189 2623 3481 2694 signiﬁcat.

1905 2707 2081 2778 Super
2105 2707 2258 2777 cujus
2278 2716 2442 2779 caput
2467 2725 2660 2780 manus
2687 2711 2958 2781 ponimus,
3005 2713 3130 2768 dum
3160 2715 3226 2769 de
3244 2712 3362 2782 ejus
3392 2715 3484 2771 Die

1905 2799 2130 2854 vinitate
2197 2801 2575 2870 praedicamus.
2642 2801 3076 2859 Fundamentum
3129 2805 3320 2862 altaris
3380 2806 3486 2861 DoL

1903 2892 2078 2946 ctrina
2099 2901 2184 2948 est
2205 2893 2520 2964 evangelica
2540 2895 2693 2964 juxta
2719 2910 2881 2964 quam
2904 2897 3086 2966 passio
3098 2897 3302 2955 Christi
3327 2909 3484 2964 acta;

1903 2989 2096 3035 uetera
2121 2990 2180 3035 ut
2200 2998 2381 3052 supra.
2409 2983 2622 3040 Arietes
2653 2986 2818 3041 etiam
2847 2997 3029 3057 typum
3053 2988 3255 3046 Christi
3276 2999 3482 3057 tenent.

1904 3074 1996 3142 qui
2024 3075 2130 3130 duo
2157 3075 2431 3142 dicuntur,
2461 3076 2588 3147 quia
2617 3077 2722 3133 duo
2755 3089 3095 3136 sacramenta
3128 3083 3375 3154 corporis
3399 3085 3486 3140 sui

1906 3164 2308 3218 commendant.
2338 3165 2601 3238 Tangitur
2624 3175 2929 3223 extremum
2960 3171 3216 3228 auriculae
3259 3184 3483 3245 propter

1904 3251 2285 3318 obedientiam,
2311 3254 2438 3323 quia
2468 3263 2526 3309 et
2553 3256 2666 3326 ipse
2702 3274 2722 3306 ‹
2757 3256 3008 3314 Christus
3031 3259 3205 3317 factus
3231 3271 3318 3318 est
3354 3263 3482 3320 obe-

1904 3343 2060 3398 diens
2107 3342 2256 3399 Patri
2299 3359 2470 3415 usque
2515 3347 2584 3402 ad
2627 3355 2855 3402 mortem
2897 3349 3065 3419 (Phil.
3099 3352 3184 3425 ιι).
3217 3371 3237 3406 ι
3272 3353 3483 3412 Caetera

1904 3434 2084 3489 omnia
2113 3449 2235 3504 quze
2282 3434 2510 3492 inferius
2552 3438 2943 3507 comprehensa
2994 3452 3140 3509 sunt,
3187 3446 3483 3502 secundum

1904 3539 2124 3580 sensum
2153 3541 2315 3596 quem
2337 3527 2586 3596 superius
2619 3530 2851 3600 sparsim
2889 3531 2956 3586 de
2985 3533 3272 3592 sacriﬁciis
3302 3538 3487 3607 posui»

1905 3633 2046 3683 mus,
2076 3619 2190 3674 sive
2216 3620 2283 3676 de
2308 3619 2550 3688 Christo,
2589 3622 2703 3678 sive
2741 3623 2807 3678 de
2849 3623 2968 3694 ejus
3010 3628 3269 3684 membris
3308 3631 3484 3702 accipi

1903 3709 2123 3773 debent,
2157 3720 2216 3766 ut
2246 3721 2425 3768 uimen
2471 3714 2620 3769 omni
2649 3730 2827 3771 cause
2875 3717 3018 3787 quod
3045 3717 3148 3774 sibi
3197 3723 3486 3778 conveniat

1903 3799 2246 3872 adjungatur.
2289 3821 2308 3855 ι
2340 3803 2556 3860 Tollens
2607 3805 2676 3861 de
2713 3807 2952 3863 canistro
2993 3824 3331 3881 azymorum,
3361 3831 3381 3866 ι
3427 3824 3486 3871 et

1904 3897 2134 3966 reliqua.
2155 3897 2328 3953 Panes
2352 3899 2486 3952 varii
2505 3901 2558 3954 in
2585 3899 2826 3954 canistro
2846 3902 3124 3970 sapientia:
3141 3915 3226 3961 est
3249 3907 3488 3963 varietas

1906 3989 1960 4044 in
1992 3999 2177 4044 sancta
2209 3990 2510 4060 Scriptura.
2557 3991 2706 4047 Sicut
2742 3993 2886 4048 enim
2939 3993 3067 4049 illud
3113 3996 3182 4052 de
3215 3997 3486 4070 virgultis,

1905 4081 1987 4135 sic
2015 4081 2130 4135 haec
2154 4082 2221 4136 de
2241 4082 2443 4136 sanctis
2473 4082 2757 4136 sententiis
2803 4085 3201 4155 compaginata,
3238 4086 3487 4146 ﬁdelibus

1909 4171 2128 4227 verbum
2152 4172 2275 4227 vita:
2296 4171 2588 4227 ministrat.
2614 4171 2748 4227 Nam
2777 4181 2832 4227 et
2861 4175 2929 4229 de
2952 4173 3170 4232 Christo
3189 4180 3488 4237 secundum
3509 4205 3512 4208 ’
3590 4242 3601 4252 ,

1906 4263 2296 4318 humanitatem
2326 4263 2552 4319 dicitur:
2583 4262 2726 4319 Puer
2749 4263 2907 4321 Jesus
2932 4265 3250 4337 proﬁciebat
3275 4271 3492 4341 sapien-

1907 4353 1999 4416 tia,-
2023 4364 2080 4408 et
2107 4361 2288 4419 astate,
2316 4363 2370 4408 et
2398 4353 2574 4426 gratia
2597 4353 2749 4424 (Luc.
2775 4354 2857 4426 ιι).
2890 4355 2965 4411 De
2989 4371 3189 4427 panum
3206 4357 3485 4431 signiﬁca-

1907 4444 2055 4499 tione
2077 4443 2130 4498 in
2169 4445 2541 4514 superioribus
2588 4445 2932 4517 digessimus.
2958 4445 3088 4514 Quae
3120 4447 3174 4504 in
3204 4449 3384 4517 altari,
3433 4452 3490 4508 id

1904 4544 1988 4590 est
2012 4534 2066 4589 in
2090 4535 2351 4590 memoria
2399 4536 2666 4607 passionis
2698 4537 2899 4593 Christi
2952 4539 3060 4596 Deo
3097 4549 3316 4611 accepta
3359 4545 3487 4600 red-

1904 4624 2123 4680 duntur.
2153 4625 2530 4681 Pectusculum
2558 4627 2624 4682 de
2645 4628 2815 4682 ariete
2840 4628 2891 4682 in
2924 4638 3134 4698 partem
3155 4640 3242 4686 est
3275 4631 3482 4701 Aaron,

1904 4715 2032 4785 quia
2061 4724 2266 4771 rectam
2303 4716 2464 4772 ﬁdem
2487 4717 2554 4772 de
2576 4731 2634 4772 se
2661 4717 2910 4774 Christus
2936 4720 3038 4776 sibi
3066 4722 3310 4780 exhiberi
3334 4740 3484 4796 quae

1905 4807 1997 4862 rit.
2051 4826 2069 4859 ι
2105 4807 2507 4878 Assumensque
2545 4817 2874 4879 unguentum
2913 4822 2971 4867 et
3009 4814 3350 4885 sanguinem,
3385 4835 3403 4868 ι
3427 4827 3487 4873 et

1905 4898 2134 4970 reliqua.
2165 4899 2344 4954 Aaron
2374 4916 2498 4956 cum
2528 4900 2768 4956 vestibus
2797 4911 2852 4956 et
2871 4902 3016 4969 ﬁliis,
3046 4904 3099 4958 id
3123 4913 3208 4961 est
3231 4905 3485 4964 Christus

1903 4989 1956 5044 in
1986 4990 2190 5045 sanctis
2218 4991 2494 5056 membris,
2522 4990 2772 5047 videlicet
2795 4993 2929 5059 suis,
2950 4995 3120 5065 gratia
3141 5004 3196 5052 et
3211 4996 3483 5055 inlusione

1903 5081 2138 5151 Spiritus
2179 5082 2349 5136 sancti
2384 5090 2440 5136 et
2496 5083 2549 5136 in
2598 5097 2696 5137 sua
2751 5084 3119 5155 redemptione
3170 5087 3479 5157 decoratur;

1903 5188 2027 5227 nam
2056 5173 2179 5228 etin
2207 5173 2377 5241 ipsum
2405 5171 2640 5241 Spiritus
2658 5181 2878 5229 sanctus
2903 5174 3096 5247 legitur
3115 5177 3482 5236 descendisse.

1904 5265 1979 5319 De
2003 5265 2322 5319 vestimento
2360 5277 2490 5317 vero
2527 5262 2645 5332 ejus
2687 5263 2887 5320 dicitur
2918 5267 3170 5323 omnibus
3211 5267 3296 5325 his
3337 5271 3486 5326 velut

1905 5365 2228 5411 ornamento
2258 5353 2464 5421 vestiri,
2495 5353 2743 5411 videlicet
2775 5361 3192 5431 congregatione
3229 5363 3486 5420 Ecclesia!

1905 5448 1973 5504 de
2007 5447 2149 5512 ﬁliis,
2181 5447 2251 5502 ita
2287 5467 2304 5498 ‹
2341 5447 2488 5502 dedit
2535 5446 2615 5503 eis
2667 5457 2987 5520 potestatem
3036 5450 3176 5507 ﬁlios
3219 5451 3315 5508 Dei
3365 5448 3485 5512 ﬁeri

1905 5540 2088 5611 (Joan.
2125 5540 2185 5611 ι).
2218 5559 2236 5591 ι
2266 5558 2284 5590 ‹
2304 5539 2530 5609 Coquite
2550 5555 2745 5597 carnes
2765 5550 2889 5597 ante
2917 5541 3063 5598 fores
3091 5543 3481 5614 tabernaculi"

1903 5641 1957 5688 et
1985 5632 2210 5702 reliqua.
2236 5633 2361 5704 Igne
2381 5633 2556 5690 sancti
2571 5632 2826 5705 Spiritus,
2844 5635 3000 5704 juxta
3022 5633 3324 5691 doctrinam
3350 5653 3483 5707 apo-

1849 5783 1865 5796 ,
1904 5724 2167 5791 stolicam,
2183 5732 2521 5781 sacramenta
2540 5725 2926 5783 incarnationis
2935 5736 2991 5782 et
3002 5726 3353 5797 passionisCh
3364 5723 3480 5790 ristl

2963 5822 3044 5883 26
