3948 6328
481 400 578 454 8H

975 394 1364 467 WALAFRIDI
1404 391 1647 448 STRABI
1682 390 1885 445 FULD.
1929 389 2093 446 MON.
2134 347 2287 447 DPP.
2329 389 2511 446 PARS
2549 390 2589 451 1.
2629 419 2699 429 -
2739 387 3202 446 THEOLOGICA.

3653 387 3756 444 812

483 512 731 567 ﬁdelibus
775 511 841 565 ad
885 511 1007 566 vitae
1049 506 1470 579 sustentaculum
1530 505 1923 560 ministrantur.
1984 502 2060 556 De

2168 501 2248 556 cio
2270 502 2578 567 libamenta,
2594 520 2611 552 ι
2631 501 2684 556 id
2699 509 2786 567 est
2812 499 3094 569 sapientia:
3106 497 3410 568 spiritualis
3436 497 3491 551 in
3504 497 3756 555 omnibus

483 601 722 655 canistro
742 607 797 653 et
816 598 1047 669 panibus
1076 595 1347 666 saepeiam
1377 594 1580 649 dictum
1613 604 1717 649 est.
1754 610 1773 644 ι
1805 593 1983 647 Aardn
2004 601 2062 647 et
2159 597 2536 653 instrumenta.
2565 605 2584 648 i
2622 595 2841 666 Absque
2874 593 3214 651 caremoniis
3243 591 3551 648 boiocausti
3578 599 3756 645 matu-

481 688 580 742 ltlii
623 676 741 755 ejus
792 687 1077 742 cuinedeut
1120 692 1234 740 eos.
1271 702 1290 735 ι
1327 682 1531 749 Aaron,
1566 682 1619 738 id
1659 692 1744 737 est
1782 681 2056 747 Christus,

476 777 768 833 comedere
798 777 1015 840 dicitur,
1064 774 1189 844 quia
1221 773 1380 828 nobis
1418 787 1515 827 sua
1570 782 1909 828 sacramenta
1938 785 2060 841 per-

480 866 746 923 fectlbilia
771 865 921 921 facit.
950 884 969 917 ι
1001 864 1273 933 Quidquid
1300 870 1481 918 autem
1508 862 1773 939 reliquum
1817 859 1997 924 fuerit,
2034 880 2052 912 ι

478 948 544 1012 et
568 957 797 1027 reliqua.
821 955 1093 1027 Quidquid
1127 968 1190 1008 ex
1222 954 1309 1009 bis
1353 954 1509 1009 nobis
1542 953 1794 1024 supersit,
1833 950 2058 1022 Spiritui

482 1052 689 1116 sancto,
738 1048 828 1118 qui
870 1054 954 1103 est
994 1044 1245 1102 conscius
1284 1050 1636 1109 secretdrum,
1667 1042 2053 1113 relinquamus.

483 1149 506 1191 ι
547 1138 622 1194 De
648 1140 789 1195 ostio
808 1152 1022 1209 quoque
1044 1135 1373 1192 tabernaculi
1403 1151 1509 1191 non
1530 1134 1769 1200 exibitis,
1806 1152 1824 1186 ι
1850 1143 1906 1188 et
1940 1132 2061 1188 reli-

479 1236 609 1299 qua.
636 1229 763 1287 Sive
783 1230 932 1285 omni
979 1236 1220 1299 tempore
1260 1227 1386 1281 vitae
1432 1227 1676 1298 praecipit
1717 1226 1770 1280 in
1816 1224 2057 1280 Ecclesia

476 1316 710 1375 Domino
735 1319 1104 1383 serviendum,
1128 1317 1241 1372 sive
1276 1316 1404 1371 illud
1433 1315 1702 1386 signiﬁcat
1725 1315 1869 1386 quod
1894 1314 2059 1370 disci-

474 1410 625 1482 pulis
643 1417 767 1481 post
793 1410 1096 1479 passionem
1111 1406 1274 1479 jussit
1304 1421 1457 1463 suam
1492 1424 1505 1460 :
1544 1426 1563 1459 ι
1601 1406 1709 1462 Vos
1733 1413 1937 1471 autem,
1972 1402 2058 1459 inu-

481 1500 696 1568 quiens,
726 1500 910 1555 sedete
935 1498 989 1553 in
1019 1498 1289 1555 civitatem
1317 1497 1489 1552 donec
1525 1495 1823 1551 induamini
1849 1510 1916 1550 ex
1948 1494 2058 1561 alto

477 1590 623 1660 (Act.
650 1587 713 1660 ι),
738 1608 757 1641 ι
790 1596 894 1644 etc.
916 1586 1055 1643 Nam
1094 1587 1161 1643 de
1197 1586 1591 1643 resurrectione
1610 1584 1821 1640 Domini
1849 1592 2055 1656 septem

480 1679 846 1736 hebdomades
883 1688 1028 1745 sunt,
1062 1680 1166 1734 hoc
1193 1659 1281 1733 est
1321 1676 1525 1747 septies
1571 1686 1774 1745 septem
1818 1674 1956 1740 dies,
2003 1683 2058 1731 et

478 1772 719 1828 alliciunt
738 1774 855 1829 dies
872 1772 1225 1843 quadraginta
1251 1780 1467 1837 novem,
1491 1771 1560 1825 ad
1580 1781 2053 1841 quem-numerum

2162 690 2279 755 tini,
2324 688 2349 742 ι’
2385 690 2436 744 id
2466 698 2553 744 est
2581 689 2728 759 agni,
2757 703 2919 757 quem
2948 686 3190 756 quotidie
3216 696 3374 740 mane
3410 681 3754 739 oﬁ'erendum

2157 780 2436 851 praecepit.
2466 778 2713 835 Oll'erunt
2750 777 2847 832 ﬁlii
2872 776 3053 831 Aaron
3081 774 3424 846 sanguinem,
3467 772 3589 842 qui,
3619 771 3754 826 sicut

2156 834 2447 940 Apostdlus
2495 869 2776 940 praecepit,
2825 834 3256 937 quotiescunque
3300 834 3513 919 faciunt
3538 834 3787 926 ﬁ'deles,‘

2158 960 2214 1015 in
2237 958 2354 1029 ejus
2384 959 2591 1015 faciunt
2617 950 3210 1015 comnfemorationem.
3244 974 3263 1008 ι
3297 953 3534 1025 Adipem
3583 953 3753 1016 bovis,

2157 1058 2214 1105 et
2246 1050 2472 1105 caudam
2494 1085 2509 1116 ,
2547 1064 2711 1119 usque
2744 1055 3040 1118 posuerunt
3077 1061 3240 1116 super
3283 1052 3547 1116 pectora.
3581 1063 3603 1097 ι
3634 1045 3753 1114 quia

2157 1156 2318 1197 omne
2343 1140 2669 1195 desiderium
2702 1148 2758 1194 et
2795 1138 3255 1209 perseverantiam
3285 1151 3381 1207 per
3409 1134 3581 1191 ﬁdem
3612 1143 3671 1190 et
3703 1134 3755 1188 iu

2159 1233 2264 1289 ﬁde
2290 1231 2484 1288 oﬁ'erre
2512 1232 2792 1286 debemus.
2832 1249 2850 1280 ι
2885 1227 3202 1284 Extendens
3242 1241 3461 1290 manus,
3482 1228 3525 1278 ἰ
3579 1234 3639 1279 et
3671 1240 3751 1280 re-

2158 1322 2322 1393 liqua.
2357 1321 2618 1377 Extensio
2644 1334 2900 1375 manuum
2930 1319 3197 1373 intentam
3240 1316 3556 1372 orationem
3596 1315 3756 1386 signi-

2158 1412 2307 1479 ﬁcat,
2338 1420 2396 1466 ut
2421 1410 2589 1466 David
2630 1411 2806 1466 'dicit:
2845 1428 2863 1461 ι
2902 1409 3145 1464 Elevatio
3188 1423 3448 1462 manuum
3502 1421 3757 1462 mearum

2160 1507 2330 1579 (Psal.
2345 1506 2523 1578 cum
2543 1514 2648 1561 etc.
2674 1523 2693 1558 t
2706 1500 2902 1575 Sicque
2916 1502 3198 1574 completis
3211 1503 3401 1558 hostiis
3412 1501 3720 1557 descendit.
3732 1520 3749 1553 ι

2159 1597 2447 1653 Descensio
2472 1596 2745 1668 signiﬁcat
2792 1596 2935 1666 quod
2984 1595 3175 1650 doctor
3222 1594 3522 1666 aliquando
3577 1607 3752 1662 orare,

2157 1689 2452 1760 aliquando
2485 1690 2556 1745 ad
2591 1689 2891 1746 docendum
2938 1687 3058 1743 aliis
3086 1688 3246 1744 debet
3287 1687 3753 1754 condescendere,

2158 1791 2217 1837 ut
2243 1780 2442 1838 Paulus
2476 1781 2643 1837 dicit:
2673 1799 2694 1831 ‹
2730 1779 2856 1835 Sive
2892 1778 3206 1835 excedimus
3248 1779 3393 1845 Deo,
3437 1763 3562 1833 sive
3593 1778 3753 1833 sobrii

481 1864 984 1935 quinquagesimum
1012 1863 1177 1918 addes
1205 1864 1367 1929 diem.
1417 1862 1508 1932 qui
1554 1861 1799 1917 revoluto
1853 1862 2053 1931 septies
2082 1853 2129 1912 Β
2157 1888 2344 1928 sumus
2370 1872 2522 1934 vobis
2548 1871 2633 1941 (ιι
2658 1871 2781 1925 Cor.
2808 1870 2884 1941 v).
2923 1889 2942 1923 ι
2976 1868 3110 1925 Vel:
3142 1869 3389 1926 extendit
3409 1885 3620 1925 manus
3634 1870 3753 1925 dum

478 1954 686 2010 circulo
712 1954 816 2010 diei
851 1954 1262 2010 resurrectionis
1289 1953 1547 2019 occurrit,
1568 1967 1730 2023 quem
1754 1954 1806 2007 in
1827 1964 2056 2023 sequen-

480 2047 626 2101 tibus
660 2050 914 2102 octavnm
943 2046 1205 2106 nominat.
1234 2045 1362 2114 quia
1386 2044 1659 2115 prioribus
1689 2059 1790 2114 per
1810 2052 2057 2114 septena-

483 2134 946 2206 rium‘absumptis
971 2136 1085 2205 ipse
1109 2143 1190 2189 est
1215 2134 1473 2203 septenis,
1508 2142 1565 2188 et
1585 2133 1645 2188 ﬁt
1671 2134 1813 2189 idem
1849 2134 2058 2203 primus

479 2235 538 2279 et
569 2236 811 2283 octavus.
848 2246 866 2279 ι
900 2229 997 2284 Die
1019 2243 1082 2283 ac
1107 2236 1265 2283 nocte
1290 2227 1600 2292 mancbitis,
1632 2247 1651 2281 ι
1678 2234 1734 2282 et
1750 2226 1978 2295 reliqua.
2003 2223 2059 2279 Id

478 2328 563 2372 est
591 2319 645 2372 in
667 2318 942 2389 prosperis
964 2326 1033 2378 .et
1072 2317 1279 2389 asperis
1318 2317 1372 2373 in
1401 2317 1680 2383 Ecclesia;
1713 2322 2061 2374 observantes

482 2409 775 2473 custodias,
803 2417 857 2463 et
880 2409 1083 2478 reliqua
1112 2426 1123 2462 :
1160 2408 1504 2464 intendentes
1546 2407 1661 2479 ejus
1702 2405 1970 2463 mandatis
2000 2412 2060 2459 ut

482 2502 597 2555 vita
612 2509 812 2556 aeterna
834 2500 979 2573 digni
1002 2497 1332 2556 eiliciamini.
1902 2483 1909 2489 ’

1087 2630 1314 2691 CAPUT
1353 2634 1442 2690 IX.

555 2790 574 2823 I
618 2764 786 2828 Facto
814 2780 1007 2827 Octavo
1031 2771 1143 2836 die,
1185 2791 1202 2823 ο
1228 2781 1282 2826 et
1302 2764 1528 2841 reliqua.
1565 2766 1621 2826 In
1644 2771 1732 2825 die
1759 2770 1902 2826 enim
1924 2762 2063 2825 Pen-

476 2868 717 2916 tecosles
760 2860 1013 2917 credendi
1042 2870 1166 2918 sunt
1202 2862 1428 2932 apostoli
1470 2862 1772 2916 ministeria
1818 2860 2062 2930 corporis

480 2950 680 3005 Christi
706 2951 1033 3017 celebrasse,
1064 2952 1168 3006 hoc
1188 2960 1273 3006 est
1296 2951 1518 3005 vitulum
1544 2950 1874 3005 immolasse.
1908 2949 2063 3004 Aries

482 3044 538 3097 in
563 3042 954 3108 holocaustum,
995 3041 1060 3096 ad
1087 3042 1262 3111 ipsum
1290 3041 1546 3111 pertinet,
1581 3040 1707 3109 quia
1732 3041 1839 3095 dux
1864 3039 2060 3111 gregis,

2157 1976 2216 2016 se
2241 1962 2295 2015 in
2320 1969 2530 2016 secreto
2554 1958 2891 2015 orationibus
2926 1964 3175 2024 exercet;
3229 1958 3518 2013 descendit
3574 1967 3751 2015 antu

2158 2050 2285 2105 dum
2330 2049 2529 2105 iterum
2582 2049 2648 2104 ad
2703 2063 2800 2103 sua
2850 2047 2992 2103 facta
3037 2044 3380 2103 discutienda
3430 2050 3750 2107 revertitur.

2162 2157 2182 2190 ι
2224 2138 2454 2209 lugressi
2485 2146 2664 2193 autem
2715 2136 2927 2208 Moyses
2963 2145 3020 2193 et
3062 2125 3279 2204 Aaron,
3315 2152 3487 2208 usque
3517 2140 3750 2208 egressi.

2157 2229 2550 2285 benedixerunt
2575 2229 2850 2300 populum.
2885 2248 2904 2281 ι
2938 2227 3134 2284 Coram
3159 2229 3376 2285 Domini
3391 2230 3601 2297 oculis,
3627 2247 3752 2303 qua—
3835 2281 3850 2294 ,

2159 2320 2206 2375 si
2249 2320 2303 2374 in
2342 2312 2587 2389 egressu,
2617 2318 2673 2373 in
2714 2324 2926 2373 secreto
2970 2319 3146 2373 oratio
3194 2318 3475 2376 fundenda
3528 2330 3644 2387 est,
3699 2330 3755 2377 ut

2160 2408 2285 2464 inde
2313 2408 2470 2478 quasi
2517 2408 2573 2462 in
2617 2421 2840 2479 egressu
2892 2405 3200 2465 benedictio
3225 2410 3589 2481 suscipiatur.
3623 2410 3753 2468 Pau-

2161 2499 2245 2556 lus
2268 2501 2410 2556 enim
2440 2498 2603 2556 dicit:
2640 2520 2661 2553 ‹
2692 2499 3018 2556 Benedictus
3036 2500 3201 2567 Deus,
3228 2502 3323 2571 qui
3338 2497 3637 2558 benedixit
3660 2518 3754 2560 nos

2160 2590 2216 2647 in
2261 2591 2411 2647 omni
2469 2591 2847 2647 benedictione
2893 2584 3162 2662 spiriiuali
3218 2591 3273 2647 in
3327 2593 3661 2651 ctelestibns
3705 2595 3753 2649 ἂι

2160 2682 2379 2740 Christo
2405 2683 2621 2755 (Ep/tes.
2655 2683 2716 2754 ι).
2760 2701 2778 2734 ι
2813 2681 2999 2738 Primo
3024 2683 3169 2737 enim
3219 2684 3372 2750 dicit,
3402 2684 3463 2740 id
3506 2695 3601 2741 est
3645 2687 3754 2742 lau-

2161 2776 2253 2831 dat
2283 2775 2469 2840 Deum,
2503 2784 2559 2830 et
2584 2775 2926 2845 postmodum
2976 2777 3156 2831 datam
3191 2786 3384 2833 narrat
3415 2778 3756 2836 benedictio-

2161 2878 2304 2918 nem.
2342 2881 2360 2915 ι
2396 2862 2768 2934 Apparuitque
2815 2862 2986 2934 gloria
3012 2864 3247 2932 Domini,
3299 2885 3320 2919 ι
3352 2865 3406 2922 id
3456 2875 3546 2924 est
3586 2869 3645 2924 in
3674 2870 3754 2926 die

2160 2954 2507 3010 Pentecostes
2549 2954 2812 3010 adventus
2838 2952 3071 3025 Spiritus
3097 2955 3292 3012 sancti.
3335 2976 3357 3009 α
3386 2957 3459 3013 Et
3504 2973 3757 3029 egressus

2162 3044 2302 3114 ignis
2331 3059 2362 3098 a
2391 3041 2641 3109 Domino,
2676 3063 2696 3096 ι
2722 3055 2777 3100 et
2803 3045 3031 3114 reliqua.
3066 3046 3305 3117 Spiritus
3334 3055 3570 3104 sanctus
3598 3065 3634 3105 a
3653 3050 3756 3106 Deo

483 3140 538 3187 et
562 3133 882 3203 tota‘passic
899 3132 1016 3202 ejus
1045 3133 1139 3188 Dei
1187 3133 1591 3201 dispensatione
1640 3140 1758 3186 acta
1803 3140 1906 3186 est.
1941 3131 2062 3187 Filii
2102 3197 2133 3203 _
2164 3133 2411 3199 veniens,
2435 3142 2559 3188 vota
2584 3140 2641 3189 et
2676 3133 2942 3189 desideria
2971 3143 3280 3190 sanctorum
3310 3135 3555 3193 Domino
3574 3152 3759 3193 conse-

483 3224 651 3277 lsrael
676 3197 872 3293 quibus
893 3197 1191 3293 imponitur
1226 3197 1413 3278 ﬁdeles
1441 3230 1588 3287 sunt,
1630 3223 1721 3291 qui
1767 3237 1887 3276 cum
1935 3236 2063 3291 apo-
2090 3197 2134 3259 (ἶ
2165 3222 2356 3277 cravit.
2398 3197 2432 3273 Vc
2468 3223 2621 3290 Quod
2675 3238 2795 3277 cum
2845 3224 3106 3279 vidissent
3153 3226 3346 3289 turbae,
3395 3226 3760 3282 laudaverint

484 3314 639 3370 stolis
662 3313 898 3370 fuerunt.
927 3313 1062 3368 Nam
1089 3322 1303 3368 centum
1326 3320 1381 3368 et
1406 3313 1592 3384 viginti
1642 3314 1715 3369 ibi
1769 3312 1937 3368 fuisse
1978 3313 2062 3368 di-

448 3408 705 3461 ‘cuntur.
751 3404 1076 3461 Obtulerunt
1120 3404 1357 3468 hircum,
1395 3404 1482 3458 vel
1541 3402 1743 3459 Christi
1794 3404 2065 3474 passionis

486 3495 715 3565 gloriam
743 3496 1119 3566 praedicantes,
1145 3496 1349 3565 quipro
1372 3495 1608 3565 peccatis
1635 3496 1835 3550 nostris
1856 3495 2066 3551 oblatus

472 3596 609 3653 est;
636 3587 725 3644 vel
744 3588 871 3657 quia
894 3586 1089 3643 Petrus
1112 3586 1300 3641 eadem
1331 3588 1420 3642 die
1459 3587 1775 3656 pnedicavit
1802 3585 2068 3656 poeniten-

488 3679 643 3734 tiam.
699 3676 911 3747 Agnum
965 3677 1303 3732 innocentem
1353 3676 1598 3731 viventes
1648 3675 1711 3747 [Γ.
1741 3676 1869 3729 add.
1894 3674 2065 3748 recte]

489 3769 834 3834 obtulerunt;
885 3769 1102 3832 bovem,
1171 3767 1222 3822 id
1268 3776 1352 3824 est
1409 3768 1569 3823 fortia
1626 3782 1789 3839 opera
1855 3766 2070 3822 fortiter

478 3878 591 3932 ~pt’0
610 3857 827 3916 Christo
851 3868 1141 3925 certantes,
1167 3860 1415 3926 arietem,
1440 3868 1500 3915 ut
1519 3875 1704 3931 supra.
1734 3878 1752 3911 ι
1784 3860 1840 3914 In
1864 3859 2069 3914 sacriﬁ—

492 3955 576 4009 cio
605 3953 966 4023 singulorum,
1001 3971 1020 4005 ι
1054 3961 1109 4006 et
1136 3951 1362 4019 reliqua.
1406 3952 1461 4006 In
1493 3952 1719 4022 singulis
1749 3951 2068 4021 sapientiam

491 4044 728 4099 divinam
754 4043 1135 4108 cxhibueruut,
1164 4042 1306 4099 sicut
1327 4040 1554 4097 dicitur:
1593 4061 1610 4094 ι
1654 4042 1947 4112 Coeperunt
1988 4041 2069 4096 lo-

491 4134 584 4205 qui
634 4133 802 4189 variis
847 4132 1082 4203 linguis,
1142 4140 1301 4202 prout
1355 4132 1593 4202 Spiritus
1643 4140 1865 4187 sanctus
1911 4129 2075 4186 dabat

490 4224 669 4294 eloqui
692 4224 800 4279 illis
830 4222 966 4295 (Act.
1000 4223 1081 4295 ιι).
1121 4242 1138 4273 ι
1199 4241 1218 4273 α
1253 4222 1423 4277 Hodie
1458 4223 1605 4277 enim
1651 4221 1931 4292 apparebit
1970 4221 2072 4275 Do-

492 4317 673 4370 minus
695 4315 866 4378 vobis,
901 4331 920 4364 ι
965 4312 1105 4368 sicut
1142 4312 1404 4381 scriptum
1431 4319 1548 4368 est:
1582 4332 1601 4363 ι
1637 4311 1815 4366 factus
1856 4320 1940 4366 est
1987 4324 2073 4365 re-

493 4413 657 4476 pente
697 4403 762 4458 de
810 4402 951 4457 cmlo
994 4416 1183 4468 sonus,
1220 4420 1238 4455 ι
1267 4409 1374 4456 etc.
1406 4400 1595 4473 (lbid.)
1623 4401 1691 4463 Et
1717 4412 1840 4472 post
1863 4412 2067 4472 pauca:

499 4518 517 4548 ι
551 4498 928 4568 Apparuerunt
950 4494 1053 4551 illis
1074 4494 1366 4564 dispertita:
1387 4493 1582 4565 lingua:
1601 4492 1815 4565 (υἱώ),
1839 4512 1861 4546 ι
1888 4502 1944 4549 et
1965 4508 2072 4548 cie-

495 4598 608 4646 tera
636 4603 756 4658 qua:
773 4594 1074 4656 sequuntur
1101 4600 1115 4639 :
1148 4584 1384 4655 Spiritus
1426 4594 1643 4640 sanctus
1673 4585 1817 4641 enim
1851 4584 1995 4640 Deus
2019 4592 2075 4640 et

494 4681 753 4736 Dominus
787 4688 891 4733 est.
928 4696 946 4728 ι
981 4677 1232 4746 Dixitque
1268 4676 1478 4748 Moyses
1512 4676 1579 4732 ad
1607 4676 1786 4731 Aaron
1817 4695 1828 4731 :
1862 4675 2073 4733 Accede

494 4774 563 4829 ad
588 4772 809 4835 altare”
842 4779 897 4825 et
922 4768 1150 4838 reliqua,
1166 4783 1230 4823 ac
1250 4767 1503 4836 deinceps
1530 4785 1548 4818 ‹
1575 4775 1630 4822 et
1658 4766 1952 4836 deprecare
1976 4782 2073 4835 pro

495 4877 568 4920 te.
603 4881 622 4919 ι
664 4862 913 4918 Christus
936 4874 1039 4932 pro
1078 4874 1138 4913 se
1171 4872 1332 4914 orare
1378 4868 1434 4912 et
1460 4857 1657 4913 oﬂ'erre
1683 4857 1899 4921 dicitur,
1931 4855 2073 4926 quod

496 4953 630 5006 facit
652 4966 761 5021 pro
776 4964 1004 5020 corpore
1045 4963 1176 5014 suo;
1216 4948 1301 5004 vel
1343 4948 1509 5002 etiam
1543 4961 1748 5023 prose
1775 4947 2071 5001 secundum

498 5041 888 5098 humanitatem
925 5040 1144 5095 oravit:
1194 5058 1214 5092 ι
1253 5038 1434 5105 Pater,
1464 5039 1737 5109 inquiens,
1782 5037 1839 5091 in
1882 5051 2074 5091 manus

499 5146 621 5190 tuas
653 5133 972 5191 commendo
1006 5132 1257 5202 spiritum
1292 5147 1472 5187 meum
1504 5130 1717 5204 (Humi.
1743 5128 1936 5200 xxvii),
1973 5148 1992 5181 ι
2020 5135 2076 5183 et

500 5224 668 5281 multa
712 5222 928 5279 similia.
967 5218 1075 5278 Pro
1102 5208 1300 5293 populo
1348 5229 1528 5277 autem
1575 5221 1717 5276 ﬁdeli
1770 5218 1907 5286 orat,
1947 5219 2073 5288 quia

501 5331 691 5375 eorum
723 5324 847 5371 vota
874 5314 1023 5371 Patri
1058 5314 1237 5382 offert,
1276 5324 1331 5371 et
1356 5323 1441 5370 est
1480 5314 1788 5385 propitiatio
1817 5329 1913 5384 pro
1955 5327 2074 5383 pec-

502 5413 638 5469 catis
662 5424 868 5469 eorum.
900 5410 1139 5467 Vitulum
1160 5408 1372 5465 obtulit.
1404 5406 1463 5464 Si
1488 5409 1556 5463 ad
1588 5407 1862 5463 Christum
1882 5405 2074 5470 ﬂectis,

501 5501 698 5558 obtulit
718 5516 782 5558 se
801 5514 899 5570 pro
926 5501 1115 5566 nobis;
1147 5500 1194 5554 si
1222 5498 1289 5554 ad
1317 5496 1534 5568 aliquod
1568 5481 1765 5552 summi
1812 5496 2081 5566 pontiﬁcis

503 5594 825 5657 membrum,
842 5592 1182 5649 tuncvitulus
1201 5590 1645 5661 signiticatfortia
1667 5605 1961 5661 Oper-aquae
1984 5604 2081 5660 per

2166 3311 2476 3379 Dominum,
2525 3322 2744 3370 ruentes
2782 3313 2838 3368 in
2876 3314 3042 3371 facies
3080 3331 3230 3371 suas.
3266 3337 3286 3369 ι
3319 3317 3459 3373 Cum
3491 3317 3759 3374 vidissent

2165 3401 2332 3460 Judari
2362 3406 2592 3477 gratiam
2616 3407 2672 3461 in
2712 3407 2992 3477 apostolis,
3020 3416 3077 3463 et
3102 3409 3267 3465 verba
3288 3408 3441 3465 Petri
3457 3412 3755 3475 audisst

2166 3507 2228 3552 ut
2255 3495 2430 3552 Lucas
2452 3498 2618 3552 refert
2649 3497 2788 3569 (Act.
2819 3498 2904 3571 ιι),
2946 3501 3254 3572 compuncti
3284 3502 3454 3557 corde
3493 3503 3754 3573 baptizati

2167 3597 2315 3654 sunt,
2350 3598 2407 3643 ct
2433 3590 2691 3660 apposita:
2712 3599 2838 3646 sunt
2857 3592 3053 3648 anima:
3072 3594 3290 3665 circiter
3307 3602 3553 3664 quatuor
3571 3595 3757 3649 millia.

2168 3678 2323 3746 Quod
2362 3679 2582 3746 dicitur,
2649 3698 2668 3732 ι
2708 3690 2928 3738 ruentes
2987 3684 3042 3737 in
3089 3684 3254 3740 facies
3301 3700 3454 3750 suas,
3510 3704 3533 3739 ι
3588 3688 3763 3758 signat

2168 3785 2356 3827 eorum
2381 3771 2741 3828 humilitatem
2764 3772 2832 3829 ad
2869 3772 3237 3844 pmnitcndum
3265 3787 3525 3844 pronam.

2396 3938 2433 3973 ο
2790 3905 3017 3963 CAPUT
3056 3906 3124 3963 X.

2242 4032 2432 4091 Nadab
2459 4047 2516 4092 et
2542 4035 2682 4092 Abiu
2711 4037 2888 4108 ignem
2919 4037 3157 4094 alienum
3196 4033 3495 4097 oﬁ'erentes
3522 4043 3654 4116 igne
3683 4045 3763 4103 di-

2170 4130 2297 4184 vino
2321 4130 2664 4185 damnantur.
2696 4129 2788 4185 Sic
2835 4130 2891 4185 in
2925 4129 3164 4187 Ecclesia
3196 4133 3377 4204 ignem
3416 4137 3639 4192 erroris
3681 4135 3759 4192 vel

2172 4220 2479 4291 cupiditatis
2509 4220 2874 4286 incendentes,
2908 4221 3089 4277 divina
3140 4223 3345 4278 ultione
3388 4226 3757 4290 condemnati,

2172 4312 2314 4368 sicut
2337 4312 2605 4378 hieretici,
2633 4321 2689 4368 et
2714 4312 2804 4367 hic
2824 4313 3385 4378 anathematizantur,
3411 4323 3473 4369 et
3494 4316 3550 4370 in
3582 4317 3761 4371 futuo

2173 4402 2389 4473 ignibus
2409 4412 2777 4458 reservantur.
2810 4420 2831 4453 r
2864 4402 3254 4458 Sanctiﬁcabor
3274 4403 3327 4458 in
3354 4405 3444 4471 iis,
3486 4422 3511 4459 ν
3541 4417 3604 4462 et
3643 4408 3771 4478 reli:

2177 4509 2304 4564 qua.
2342 4492 2455 4550 Hoc
2482 4503 2565 4549 est
2592 4512 2605 4549 :
2633 4502 2857 4550 sanctus
2879 4508 3117 4565 appareo
3151 4496 3278 4550 dum
3325 4508 3434 4552 non
3481 4507 3639 4555 recte
3672 4514 3760 4570 ap-

2176 4587 2599 4658 propinquantes
2645 4578 2793 4655 justa
2847 4585 3193 4642 damnatione
3227 4585 3445 4655 deficio.
3481 4609 3505 4635 ε
3545 4591 3759 4646 Vocatis

2176 4686 2355 4732 autem
2378 4676 2588 4747 Moyses
2618 4676 2872 4741 Misahel,
2911 4694 2931 4728 ι
2974 4684 3031 4732 et
3057 4677 3283 4747 reliqua.
3325 4677 3561 4733 Misahel
3606 4689 3759 4734 attre-

2176 4768 2332 4824 ctatio
2364 4767 2491 4831 Dei;
2534 4767 2823 4838 Elsapliam
2868 4765 2964 4823 Dei
3013 4767 3281 4837 speculum
3338 4768 3754 4837 interpretatur;

2178 4861 2356 4915 Aaron
2387 4861 2490 4914 hoc
2530 4861 2649 4914 loco
2700 4867 2881 4930 typum
2925 4859 3058 4930 legis
3102 4867 3310 4929 gestat;
3350 4858 3542 4915 Ozihel
3580 4859 3757 4914 Evan-

2179 4953 2322 5025 gelii,
2346 4953 2439 5022 qui
2478 4962 2599 5006 erat
2631 4961 2855 5021 patruus
2880 4951 3083 5016 Aaron,
3101 4952 3225 5020 quia
3246 4950 3514 5005 all‘initate
3528 4951 3755 5020 quada-

2178 5052 2233 5100 et
2249 5045 2334 5099 lex
2362 5043 2608 5098 tenditad
2635 5041 3005 5112 Evangelium,
3019 5052 3074 5096 et
3094 5042 3160 5096 ad
3177 5042 3347 5111 legem
3368 5042 3753 5112 Evangelia:

2178 5134 2332 5205 cujus
2365 5133 2479 5199 ﬁlii,
2513 5133 2565 5188 id
2618 5142 2701 5187 est
2742 5132 2874 5187 Novi
2921 5132 3253 5187 Testamenti
3296 5140 3624 5195 sectatores,
3669 5130 3754 5199 qui

2179 5231 2475 5281 attractant
2501 5224 2687 5285 Deum,
2725 5224 2775 5277 id
2797 5232 2881 5277 est
2903 5222 3058 5278 benis
3091 5221 3347 5293 operibus
3384 5230 3657 5290 quaerunt,
3705 5228 3756 5272 et

2177 5314 2295 5385 ejus
2322 5313 2655 5382 majestatcm
2686 5322 2822 5383 pura
2850 5322 3034 5367 mente
3052 5311 3423 5382 speculantur,
3450 5310 3751 5369 haereticos

2180 5405 2235 5459 in
2259 5406 2372 5460 suis
2404 5403 2644 5475 peccatis
2672 5411 2935 5469 tacentes,
2960 5402 3031 5457 ab
3056 5404 3262 5457 unitate
3306 5400 3614 5472 propellunt
3659 5399 3753 5453 Ec-

2180 5496 2378 5553 clesia.
2413 5496 2549 5552 Cum
2588 5496 2783 5550 tunicis
2809 5495 2994 5561 lineis,
3013 5497 3139 5566 quia
3168 5496 3486 5565 decepture:
3520 5493 3751 5562 specie-

2182 5586 2411 5642 induunt
2433 5586 2651 5657 pietatis
2676 5602 2785 5657 quo
2819 5586 3030 5641 facilius
3055 5586 3276 5656 laqueos
3302 5584 3546 5639 tendant.
3604 5599 3627 5631 σ
3656 5581 3754 5635 Ca-

505 5682 1532 5751 Cliristumoﬂerimusﬂucsequuntur
1554 5682 1622 5737 de
1641 5681 1808 5735 vitulo
1829 5679 2085 5750 supradi
2182 5680 2291 5749 pita
2319 5688 2496 5734 vestra
2549 5679 2716 5735 nolite
2761 5680 2987 5745 nudare,
3023 5699 3043 5731 ι
3097 5688 3154 5759 ct
3201 5677 3426 5746 reliqua.
3479 5674 3750 5730 Christum

508 5786 594 5832 sta
610 5785 761 5845 sunt,
773 5775 1021 5832 similiter
1032 5771 1167 5861 etde
1178 5770 1508 5831 holocausta.
1530 5792 1549 5825 ι
1570 5771 1785 5828 Addens
1800 5770 1853 5826 in
1875 5768 2081 5827 sacriﬁ-

2185 5768 2432 5825 videlicet
2451 5784 2558 5825 non
2600 5770 2873 5838 dividatis,
2904 5771 2994 5840 qui
3044 5779 3127 5826 est
3156 5776 3319 5838 caput
3364 5764 3639 5821 Ecclesiae.
3673 5762 3753 5817 Pi-
