3948 6328
127 533 152 560 Ο

201 346 298 404 813

1148 341 1446 408 amona
1477 339 1830 397 COMMENT.
1869 337 2120 394 mnam
2159 336 2224 393 IN
2263 313 2482 392 mm.

3339 339 3445 395 διι

204 462 333 514 lenm
359 456 501 527 quod
524 456 591 511 de
615 455 788 526 capite
808 461 954 510 vetat
982 454 1214 519 auferre,
1239 455 1545 511 humanitas
1569 453 1771 511 Christi
1797 455 1848 516 Α
1875 451 1974 517 nit,
2007 450 2329 522 rejieiendus
2358 457 2443 505 cst
2483 467 2495 503 :
2528 447 2778 506 similiter
2811 448 2902 520 qui
2930 448 3185 520 ungulam
3211 447 3364 508 ﬁndit
3390 463 3446 508 et

199 557 298 612 est,
329 546 382 600 in
408 559 516 616 qua
540 544 738 600 latebat
763 544 1055 600 Divinitas:
1087 545 1138 598 in
1161 544 1370 600 duabus
1389 545 1532 598 enim
1557 543 1767 599 naturis

133 665 145 678 -
200 650 359 691 unum
394 635 716 691 conﬁtemur
739 633 1036 690 Christum.
1085 652 1105 686 ‹
1139 633 1206 688 Et
1234 635 1555 690 vestimenta
1597 633 1767 688 nolite

197 725 460 792 scindere,
483 743 502 778 ι
526 725 577 780 id
598 725 943 781 estEcclesia:
965 725 1242 780 unitatem.
1263 725 1536 794 «Etsuper
1551 738 1764 778 omnem

197 826 471 882 cretum,»
504 824 560 870 et
589 816 814 886 reliqua.
843 815 994 885 Saepe
1017 830 1116 886 pro
1154 815 1390 886 peccatis
1422 813 1763 884 pralatorum

198 908 247 961 in
270 906 538 977 subjectos
561 907 639 961 ira
662 917 1004 978 provocatur.
1039 925 1058 956 ι
1081 906 1298 962 Fratres
1318 906 1482 961 vestri
1506 905 1766 975 plangant

197 1000 519 1068 incendium,
556 1018 576 1051 ι
621 1008 676 1054 et
722 999 949 1068 reliqua.
1015 997 1330 1068 Compassio
1387 997 1632 1052 habenda
1681 1003 1766 1050 est

194 1098 408 1162 propter
457 1089 817 1160 aequalitatem
867 1090 1092 1154 naturae,
1157 1088 1263 1143 non
1315 1097 1493 1144 tamen
1543 1089 1766 1160 propter

191 1198 306 1237 eam
346 1183 488 1252 quod
533 1181 708 1250 maius
751 1190 834 1236 est
861 1165 1188 1236 violandum.
1225 1200 1243 1232 ‹
1281 1165 1479 1234 Vinum
1515 1187 1570 1234 et
1603 1193 1764 1235 omne

192 1274 331 1344 quod
362 1274 632 1330 inebriare
661 1276 854 1344 potest,
897 1280 915 1324 ι
944 1281 998 1327 et
1027 1272 1251 1342 reliqua.
1282 1271 1358 1326 illi
1385 1282 1625 1342 tempore
1658 1271 1761 1326 mi-

191 1366 394 1423 nisterii
434 1382 467 1421 a
507 1366 714 1437 poculis
742 1361 1116 1434 prohibentur,
1148 1363 1305 1420 nobis
1333 1359 1606 1434 nunquam
1638 1365 1766 1419 sub;

192 1459 352 1529 ripiat
377 1459 633 1521 ebrietas,
658 1457 783 1526 quia
821 1456 1035 1510 assidue
1074 1455 1129 1510 iu
1151 1463 1339 1510 sancta
1359 1447 1765 1510 conversatione

188 1552 478 1622 persistere
531 1551 809 1606 debemus.
866 1567 885 1601 ι
916 1534 987 1606 lit
1026 1550 1269 1605 trabeatis
1296 1551 1600 1616 scientiam,
1639 1569 1658 1602 ι
1709 1558 1764 1604 et

189 1641 392 1710 reliqua
409 1682 426 1706 ,
460 1641 510 1694 id
535 1644 649 1705 est,
679 1623 841 1695 nolite
863 1637 1077 1708 gravari
1102 1639 1320 1710 crapula
1337 1681 1352 1704 ,
1377 1649 1438 1695 ut
1462 1640 1766 1704 discernen-

184 1730 238 1784 di
271 1731 414 1785 inter
435 1730 639 1802 justum
678 1739 732 1785 ct
779 1727 1056 1800 injustum,
1086 1729 1266 1784 ﬁetum
1312 1738 1367 1784 et
1414 1745 1631 1795 verum,
1662 1729 1760 1785 ha-

1864 556 1971 596 non
2006 541 2296 595 ruminat.
2357 539 2488 594 Nam
2547 538 2787 594 camelus
2845 553 2941 596 eos
2996 537 3264 608 signiﬁcat
3328 540 3441 610 qui,

1862 631 2094 687 scientes
2127 629 2338 684 Domini
2369 628 2562 700 legem,
2592 627 2848 684 oneribus
2884 626 3065 683 saeculi
3097 641 3155 684 se
3183 626 3437 694 subdunt,

1860 729 1918 775 et
1940 721 2318 775 discretionem
2362 734 2471 773 non
2520 727 2838 788 sequuntur,
2873 718 3134 774 contrarii
3182 718 3442 792 Apostolo

1864 809 2062 863 dicenti
2100 825 2114 862 :
2156 825 2175 860 ι
2213 807 2382 862 Nemo
2425 801 2662 863 militans
2705 808 2815 862 Deo
2843 801 3082 879 implicet
3127 808 3185 864 se
3213 800 3445 881 heg'otiis

1862 899 2210 954 saecularibus
2235 897 2318 969 (ll
2349 895 2483 951 Tim.
2512 897 2592 966 ιι).
2626 900 2644 950 i
2672 897 3073 968 Clizerogrillus,
3101 895 3300 956 animal
3329 892 3442 970 spi-‘-

1863 1008 2072 1057 nosum,
2110 991 2286 1062 majus
2327 1005 2488 1061 quam
2539 991 2757 1056 ericius,
2805 981 3016 1045 tardum
3061 990 3303 1061 quidem,
3347 991 3445 1046 sed

1865 1084 2032 1153 rapax
2058 1083 2110 1138 et
2137 1081 2386 1148 bestiale,
2415 1090 2470 1136 et
2492 1097 2585 1136 eos
2615 1082 2859 1152 designat
2889 1081 3003 1151 qui,
3035 1075 3299 1157 quamvis
3321 1097 3443 1138 mo-

1863 1172 2037 1227 dicam
2062 1173 2297 1228 habeant
2318 1172 2695 1244 capacitatem,
2728 1179 2897 1225 totum
2947 1171 3090 1242 quod
3131 1159 3444 1245 intelligunt

1863 1262 1918 1319 in
1945 1262 2144 1318 malum
2175 1271 2412 1318 vertunt.
2443 1261 2618 1333 Lepus
2650 1267 2733 1316 cst
2766 1261 2965 1316 animal
2992 1261 3146 1319 velox
3197 1273 3254 1319 et
3298 1262 3445 1320 timiv'

1863 1355 1990 1410 dum
2014 1371 2028 1408 :
2056 1355 2236 1426 signat
2260 1364 2537 1426 promptos
2568 1356 2636 1409 ad
2670 1355 2889 1422 malum,
2940 1354 3008 1409 ad
3032 1355 3231 1411 bonum
3259 1354 3444 1412 autcni

1864 1445 2126 1512 diﬂiciles,
2153 1447 2291 1502 sieut
2316 1438 2508 1514 Judzci,
2536 1448 2603 1502 ad
2641 1447 2913 1504 Christum
2953 1449 3304 1506 occidendum
3351 1466 3449 1522 pa-

1865 1539 1991 1604 rati,
2021 1540 2088 1594 ad
2129 1538 2552 1609 resipisccndum
2578 1538 2735 1594 erant
2777 1539 3079 1596 meticulosi
3123 1541 3249 1596 dum
3292 1539 3443 1596 dice;

1863 1629 2024 1684 bant:
2050 1639 2069 1682 ι
2097 1627 2154 1685 Si
2177 1630 2496 1685 dimittimus
2509 1645 2654 1696 eum,
2678 1630 2756 1686 sic
2775 1632 2990 1687 venient
3012 1632 3238 1686 Romani
3257 1630 3441 1703 (Joan;

1865 1720 1966 1792 ιι),
2003 1736 2024 1774 ι
2055 1730 2162 1776 etc.
2195 1739 2214 1773 ‹
2256 1721 2370 1776 lllic
2397 1722 2804 1791 trepidaverunt
2833 1723 3025 1779 timore
3051 1724 3139 1778 ubi
3183 1739 3289 1780 non
3319 1733 3446 1780 erat

185 1820 361 1876 beatis
385 1836 506 1875 cum
531 1821 677 1890 justo
707 1821 912 1890 judicio
943 1821 1243 1875 scientiam.
1286 1821 1576 1891 Apostolus
1605 1837 1758 1878 nam-
1785 1806 1831 1866 Β
1862 1813 2024 1872 timor
2045 1813 2218 1887 (Paul.
2248 1813 2364 1886 LII).
2398 1833 2416 1866 ι
2451 1813 2578 1880 Sus,
2603 1829 2708 1870 non
2730 1815 3029 1882 ruminans,
3061 1816 3158 1872 sed
3189 1813 3444 1886 ungulam

183 1923 288 1978 que
316 1917 536 1964 monet:
566 1927 585 1961 ι
626 1909 800 1966 Nolite
824 1909 1693 1982 inebriarivino,etc.(EpItes.v);
1735 1931 1754 1964 ο

184 1999 237 2054 in
269 2015 381 2071 quo
408 1996 724 2073 intelligitur
751 2003 1126 2058 necessitatem
1170 2003 1416 2072 corporis
1455 2019 1562 2060 non
1611 2003 1760 2059 abdi-

179 2108 332 2157 care,
363 2094 454 2164 qni
478 2095 758 2151 Timotheo
787 2094 953 2150 dicit:
985 2115 1002 2146 ‹
1036 2095 1242 2151 Modico
1269 2095 1394 2151 vino
1408 2104 1577 2161 utere,
1602 2115 1620 2147 ι
1651 2103 1755 2151 etc.

180 2185 344 2256 (Tim.
382 2186 456 2258 v),
481 2186 575 2242 sed
601 2187 942 2253 ebrietatem,
968 2203 1089 2258 qua:
1126 2189 1399 2243 hominem
1431 2197 1644 2243 mortuo
1675 2187 1757 2242 vel

177 2277 389 2332 amenti
437 2278 665 2332 similem
697 2277 842 2340 facit,
874 2278 998 2348 quia
1031 2297 1049 2330 ‹
1078 2279 1260 2332 vinum
1289 2282 1596 2349 apetastare
1631 2267 1761 2332 facit

176 2370 347 2423 etiam
378 2369 647 2439 sapientes
677 2369 869 2439 (Eccli.
897 2369 1070 2440 xxx)»
1115 2388 1134 2420 σ
1188 2368 1316 2436 Quae
1342 2369 1551 2424 locutus
1579 2371 1664 2424 est
1693 2365 1762 2423 ad

177 2453 275 2512 eos
301 2471 398 2527 per
428 2473 646 2512 manum
688 2458 879 2529 Moysi.
920 2475 939 2511 ι
981 2459 1240 2513 Dominus
1270 2455 1416 2514 enim
1444 2457 1668 2513 dictavit
1706 2464 1762 2511 et

175 2548 462 2617 prmeepit,
489 2534 700 2620 Moyses
723 2547 1010 2604 scribendo
1039 2548 1359 2614 transfodit;
1392 2549 1472 2603 sic
1501 2556 1556 2602 et
1580 2548 1761 2602 hacte-

176 2655 282 2692 nus
305 2641 502 2704 sancti,
533 2655 653 2710 quze
674 2639 822 2695 intus
853 2637 1060 2711 Spiritu
1088 2639 1358 2696 revelanle
1387 2637 1756 2709 cognoverint,

172 2727 314 2784 foris
341 2729 624 2783 scribendo
647 2728 715 2783 ad
761 2728 1050 2782 multorum
1081 2729 1370 2786 utilitatem
1396 2725 1756 2798 promulgant.

172 2817 446 2888 Przecepit
473 2817 595 2873 ﬁliis
624 2818 826 2883 Aaron,
850 2818 902 2872 id
925 2827 1008 2874 est
1028 2819 1358 2885 doctoribus,
1393 2826 1455 2872 ut
1479 2824 1762 2875 assumat

170 2911 443 2982 mysteria
492 2915 613 2980 qttaa
667 2921 1046 2966 remanserunt
1101 2913 1168 2968 de
1219 2908 1488 2966 sacriﬁcio
1544 2911 1598 2965 in
1643 2910 1766 2966 loco

166 3013 388 3059 sancta:
412 3003 667 3058 Ecclesia:
694 3001 850 3072 juxta
880 3000 1073 3069 altare,
1108 3004 1160 3058 in
1194 3004 1456 3059 memoria
1489 3003 1761 3072 passionis

164 3094 412 3159 Christi,
438 3101 570 3159 etc.,
596 3101 654 3148 ut
683 3109 865 3164 supra.
894 3093 1015 3148 Filii
1035 3101 1090 3148 et
1136 3093 1282 3158 ﬁliae,
1326 3094 1379 3149 id
1426 3103 1510 3148 est
1537 3094 1676 3149 ﬁrmi
1709 3102 1762 3150 et

167 3185 387 3239 inﬁrmi
425 3185 615 3240 eadem
655 3186 1082 3242 sanctiﬁcatione
1143 3185 1368 3240 salvtnt.
1434 3182 1630 3240 Hircus
1672 3187 1763 3256 qui

164 3273 400 3328 oblatus
429 3282 514 3328 est
539 3289 636 3343 pro
657 3283 882 3344 peccato
911 3270 1137 3330 exustus
1168 3275 1457 3340 invenitur,
1489 3277 1614 3328 dum
1643 3274 1768 3344 pee-

166 3374 360 3430 cator,
389 3365 515 3420 dum
543 3381 670 3420 vere
715 3366 986 3436 pumileas
1036 3366 1089 3419 in
1148 3374 1493 3436 peccatorum
1544 3380 1766 3420 suorum

1861 1905 2128 1972 dividens,
2154 1921 2338 1960 eorum
2365 1915 2548 1978 typum
2580 1915 2728 1963 tenet
2755 1908 2868 1976 qui,
2893 1907 3064 1978 legem
3092 1907 3305 1964 Domini
3336 1905 3445 1964 nori

1860 2004 2185 2062 scrutantes,
2219 1997 2380 2052 vitam
2407 1998 2609 2052 ducunt
2634 1998 2986 2053 immundam.
3026 2017 3044 2049 ‹
3088 1998 3293 2054 Horum
3322 2008 3445 2054 car;

1861 2086 2019 2142 nibus
2045 2101 2150 2142 non
2173 2087 2484 2152 vescemini,
2523 2108 2541 2139 ι
2575 2096 2629 2144 et
2659 2089 2888 2158 reliqua.
2922 2088 3000 2144 Ac
3020 2089 3066 2144 si
3094 2087 3394 2160 proclamet
3422 2106 3436 2144 :

1861 2176 2070 2231 Talium
2105 2177 2385 2233 simulatas
2409 2179 2640 2234 virtules
2663 2195 2768 2234 non
2803 2178 3087 2234 imitamini
3105 2188 3162 2232 et
3186 2173 3443 2248 operibUS

1860 2269 2022 2322 morti
2043 2268 2290 2324 obnoxiis
2317 2285 2422 2324 non
2445 2253 2876 2326 communicctis.
2910 2289 2928 2322 ι
2966 2269 3138 2325 Omne
3171 2269 3316 2339 quod
3344 2269 3448 2324 ba;

1861 2361 1951 2416 bet
1978 2361 2226 2430 pinnulas
2256 2370 2310 2416 et
2341 2375 2594 2432 squamas
2622 2362 2936 2418 comedetis.
2982 2381 3000 2414 ι
3047 2360 3148 2428 Qui
3190 2376 3315 2416 cum
3354 2369 3444 2416 re-‘

1860 2450 1972 2504 nati
2000 2450 2052 2504 in
2075 2449 2342 2519 baptismo
2365 2450 2635 2506 caelestem
2659 2460 2937 2507 sectantur
2955 2449 3443 2516 conuersationem,

1860 2550 1912 2596 et
1964 2549 2172 2597 tantum
2219 2541 2510 2598 levioribus
2565 2544 2800 2612 peccatis
2848 2551 3068 2613 propter
3097 2539 3446 2614 fragilitatem

1861 2635 2045 2688 carnis
2107 2633 2470 2700 involvuntur,
2533 2650 2720 2690 eorum
2785 2634 3031 2704 exempla
3105 2629 3443 2704 sequamini;

1862 2725 1952 2795 qui
2019 2725 2104 2780 his
2171 2741 2278 2781 non
2349 2734 2592 2791 utuntur,
2647 2725 2743 2781 sed
2807 2713 3146 2796 gravioribus
3213 2723 3443 2793 subjecti

1861 2826 1989 2873 sunt
2045 2817 2301 2889 peccatis,
2331 2827 2387 2873 et
2434 2833 2667 2888 superna
2715 2827 2968 2891 appetere
3021 2817 3294 2885 nesciunt,
3320 2813 3446 2891 regia

1862 2910 2095 2968 ciantur.
3249 2909 3255 2914 '

1935 3018 1959 3053 ς
1984 3001 2111 3057 Haec
2138 2997 2404 3073 suntquae
2430 3001 2496 3058 de
2525 3001 2714 3057 avibus
2728 2997 3015 3058 comedere
3033 3017 3141 3057 non
3167 3001 3397 3058 debetis.
3419 3006 3441 3056 ό

1866 3089 1983 3146 Non
2011 3092 2084 3146 ita
2113 3092 2181 3146 de
2208 3088 2398 3148 avibus
2443 3093 2681 3148 vitandis
2727 3091 3018 3162 quamdam
3063 3089 3446 3150 discretionem

1867 3182 2145 3252 proposuit
2173 3182 2314 3236 sicut
2336 3182 2402 3236 de
2429 3183 2816 3254 superioribus,
2849 3183 2943 3237 sed
2986 3183 3304 3239 nominatim
3345 3199 3445 3240 ex-

1867 3271 2084 3342 pressit,
2117 3272 2240 3341 quia
2267 3267 2417 3327 multi
2442 3273 2720 3327 cielestem
2756 3272 3053 3327 metiuntur
3079 3275 3448 3329 conversatio-

1867 3365 2018 3428 nem,
2049 3371 2102 3417 et
2127 3362 2246 3418 ideo
2275 3363 2329 3418 in
2355 3358 2520 3418 variis
2550 3372 2948 3434 cognoscuntur
2970 3362 3273 3434 speciebus.
3305 3363 3447 3435 Gry-
3531 3393 3536 3398 ο

167 3464 335 3526 peste
366 3455 571 3520 ﬁnitur,
603 3456 668 3511 de
696 3454 924 3525 qu'orum
961 3457 1181 3510 interitu
1217 3456 1346 3510 dum
1377 3455 1634 3511 Do‘minus
1673 3457 1768 3512 do-
1865 3455 2002 3526 phes
2032 3454 2229 3509 animai
2253 3463 2334 3509 est
2365 3463 2656 3525 pennatum
2677 3462 2732 3508 et
2759 3453 3106 3524 quadrupes:
3141 3453 3244 3509 hoc
3273 3450 3446 3527 geniis

166 3559 368 3603 ctores
394 3549 655 3618 increpat,
685 3549 786 3617 ipsi
815 3549 1002 3604 dicunt
1031 3567 1042 3602 :
1073 3547 1358 3604 Manifeste
1395 3563 1580 3602 coram
1612 3548 1768 3604 nobis
1866 3544 2104 3601 ferarum
2127 3546 2178 3599 in
2211 3545 2558 3616 hyperboreis
2587 3545 2825 3600 nascitur
2854 3545 3150 3610 montibus,
3173 3545 3264 3614 qui
3295 3544 3449 3616 parte

168 3639 227 3693 in
253 3639 498 3708 peccatis
524 3639 856 3702 ceciderunt,
899 3639 1103 3694 idcirco
1138 3639 1514 3710 paenitentiam
1579 3653 1765 3694 eorum
1866 3632 2109 3707 corporis
2142 3635 2322 3692 leones
2348 3643 2496 3703 sunt,
2531 3635 2633 3691 alis
2683 3645 2738 3692 et
2782 3635 2920 3692 facie
2969 3638 3166 3708 aquilis
3214 3637 3444 3702 similes,

164 3731 459 3802 suscipere
481 3745 589 3786 non
615 3731 926 3800 potuimus;
953 3732 1078 3800 quia
1116 3733 1337 3803 sanguis
1367 3748 1475 3785 non
1513 3739 1599 3786 est
1643 3731 1762 3785 illa-

167 3828 266 3876 tus
299 3821 356 3875 in
389 3829 596 3888 sancta,
624 3821 676 3875 id
702 3829 788 3876 est
830 3821 940 3876 vita
988 3835 1174 3876 eorum
1224 3821 1291 3874 ad
1320 3821 1610 3876 Dominum
1653 3825 1762 3874 non

166 3912 570 3968 inclinabatur.
612 3909 810 3982 Sicque
822 3912 1084 3967 Dominus
1101 3912 1291 3981 recipit
1316 3911 1760 3973 satisfactionem,

166 4017 285 4058 non
316 4002 464 4072 quod
499 4001 710 4058 laetettir
742 4002 795 4056 in
834 4003 1133 4072 perditione
1164 4001 1430 4056 malorum
1452 4042 1467 4068 ,
1497 4001 1592 4060 sed
1621 4002 1765 4073 quad

166 4092 348 4163 digna
372 4093 486 4148 suis
511 4090 670 4147 factis
699 4093 984 4162 recipiunt;

793 4219 1023 4277 CAPUT
1062 4219 1152 4276 XI.

251 4377 274 4410 ‹
317 4355 496 4414 omne
525 4356 668 4428 quod
703 4355 865 4410 habet
891 4356 1117 4411 divisam
1147 4349 1423 4426 ungulam,
1450 4363 1507 4410 et
1527 4355 1766 4410 ruminat
1806 4348 1814 4355 ’

1865 3728 2019 3798 equis
2077 3727 2423 3784 vehementer
2462 3727 2643 3783 infesti
2694 3747 2706 3783 :
2759 3729 3004 3784 homines
3049 3729 3196 3785 visos
3239 3729 3448 3786 disceré

1866 3826 2015 3888 punt.
2050 3817 2361 3882 Ilaliaeetus,
2398 3819 2588 3875 similis
2622 3819 2833 3889 aquilae,-
2877 3819 3050 3892 major
3083 3821 3219 3886 avis,
3265 3824 3448 3878 tamen

1867 3908 2044 3964 minor
2064 3909 2295 3963 vulture.
2311 3909 2510 3979 Aquila
2532 3918 2712 3964 autem
2733 3918 2789 3966 et
2810 3909 3045 3982 grthes‘
3063 3921 3116 3966 et
3140 3912 3443 3978 haliaeetus.

1865 3999 1920 4054 id
1948 4009 2050 4064 est,
2082 4001 2328 4069 quamvis
2357 4001 2557 4068 volent,
2581 4010 2756 4057 tamen
2779 4003 3064 4072 rapacitati
3088 4002 3440 4070 deserviunt;

1864 4093 1946 4150 sic
1971 4092 2187 4164 quidam
2210 4093 2522 4148 simulantes
2562 4106 2620 4148 se
2649 4093 2702 4147 in
2744 4087 3196 4164 contemplatione
3237 4097 3444 4161 vivere,

1866 4183 2072 4239 lucrum
2100 4191 2358 4252 appetunt
2384 4182 2702 4252 iniquitatis.
2725 4181 2916 4238 Vultur
2935 4191 3114 4255 Strage
3134 4185 3442 4240 occisorum

1865 4273 2180 4336 delectatur,
2217 4281 2271 4328 et
2310 4287 2403 4330 eos
2452 4273 2692 4345 designat
2723 4273 2812 4345 qui
2835 4275 3133 4331 discordias
3173 4277 3447 4339 seminant

1865 4372 1923 4419 et
1969 4364 2404 4420 contentionibus
2436 4363 2766 4422 deServiunt.’
2818 4358 3008 4420 Milvus
3045 4364 3194 4421 circa
3248 4367 3442 4422 domus

168 4451 228 4506 in
271 4450 594 4520 pecoribus,
633 4448 944 4504 comedetis.
987 4467 1005 4500 ι
1037 4449 1392 4515 Quarrendum
1424 4464 1522 4503 cur
1547 4448 1762 4518 aliquod
1793 4502 1842 4525 η
1866 4453 2101 4524 praedam
2127 4454 2256 4523 agit,
2280 4468 2466 4510 eorum
2497 4463 2680 4525 typum
2705 4459 2894 4510 tenens
2934 4472 2953 4506 ‹
2982 4456 3073 4524 qui
3101 4455 3443 4512 circumeunt

271 4502 404 4520 νη
551 4502 594 4513 -,
645 4502 688 4504 η
801 4502 816 4503 η
1048 4502 1081 4515 ,
1147 4502 1156 4503 κ
1209 4502 1242 4504 η
1279 4502 1322 4503 π
1365 4502 1372 4503 κ
1437 4502 1446 4503 κ
1499 4502 1506 4503 γ
1557 4502 1595 4503 η
1639 4502 1655 4518 ,
1707 4502 1715 4503 κ
1755 4502 1760 4503 ν
1907 4502 2101 4508 ,ηπ-
2128 4502 2466 4523 ﬂown---"
2499 4502 2517 4508 -
2595 4502 2892 4510 _.--------.-
2939 4502 2952 4506 -
3023 4502 3073 4509 _.
3104 4502 3442 4512 --η-πη-..-

168 4542 529 4598 immundum
547 4543 976 4596 decernantcum
993 4541 1046 4595 in
1064 4541 1257 4596 Genesi
1281 4542 1519 4596 dicatur:
1555 4559 1575 4592 ‹
1598 4540 1766 4594 Erant
1791 4502 1843 4561 Β
1867 4502 2078 4611 domus,-
2103 4553 2158 4618 et
2179 4544 2418 4614 captivas
2437 4502 2639 4601 ductim
2667 4502 3016 4602 muliercula;
3033 4529 3288 4602 oneratas
3314 4556 3442 4618 pec;

165 4642 388 4690 cuncta
410 4632 565 4687 valde
587 4633 724 4686 bona
746 4631 896 4703 (Gen.
927 4631 992 4702 ι),
1035 4651 1052 4682 ι
1077 4641 1132 4686 et
1156 4633 1219 4686 ad
1236 4631 1346 4686 Noe
1371 4631 1629 4686 Dominus
1647 4639 1769 4702 post

165 4723 578 4794 cataclysmum
605 4723 736 4778 dicit
764 4739 778 4776 :
832 4741 851 4773 ι
889 4723 1059 4776 Erunt
1091 4723 1270 4778 omnia
1300 4722 1454 4778 vobis
1502 4722 1556 4776 in
1587 4723 1767 4777 cibum

165 4819 346 4888 quasi
372 4815 521 4870 olera
566 4815 794 4869 virentia
827 4813 980 4885 (Gen.
1015 4813 1112 4884 ix).
1147 4835 1163 4866 ι
1212 4813 1326 4870 Non
1373 4814 1518 4870 enim
1549 4823 1770 4884 propter

168 4907 590 4965 immunditiam
634 4915 898 4961 creatura:
948 4905 1193 4974 quasdam
1238 4904 1530 4974 prohibuit,
1561 4905 1656 4960 sed
1698 4903 1768 4958 ob

167 4998 496 5054 doctrinam
522 5010 684 5066 quam
710 4995 763 5049 in
801 4994 886 5049 his
915 4995 1100 5066 figuris
1121 4996 1275 5052 nobis
1299 4996 1613 5050 reservavit.
1641 4994 1770 5051 0m-

166 5093 266 5146 nis
299 5091 451 5144 enim
481 5089 573 5158 qui
603 5088 856 5158 ungulam
889 5087 1058 5150 ﬁndit,
1093 5089 1147 5142 id
1170 5098 1253 5143 est
1282 5105 1406 5144 cum
1437 5089 1769 5145 discretione

169 5183 532 5252 Scripturam
584 5189 828 5236 sanctam
882 5181 1154 5252 intelligit.
1208 5190 1267 5235 ut
1293 5182 1430 5237 sciat
1477 5182 1770 5252 mysticum

165 5287 454 5344 separare
496 5283 713 5328 sensum
751 5290 783 5328 a
819 5272 1017 5338 littera,
1047 5273 1187 5328 sicut
1236 5271 1486 5328 Jeremiaa
1533 5273 1766 5328 dieitur:

173 5384 197 5417 ι
249 5365 317 5418 Si
370 5363 704 5432 separa‘veris
747 5364 1037 5432 pretiosum
1069 5378 1099 5416 a
1133 5363 1244 5426 viii,
1284 5364 1434 5432 quasi
1481 5361 1544 5417 es
1587 5379 1766 5418 meum

163 5456 295 5511 eris
324 5453 460 5524 (Jer.
494 5450 640 5522 xv)»
684 5452 751 5506 Et
776 5453 868 5522 qui
918 5453 1178 5516 ruminat,
1231 5452 1282 5506 id
1327 5461 1410 5505 est
1436 5451 1528 5521 qui
1555 5450 1768 5506 assidue

168 5544 487 5602 meditatur
516 5545 569 5598 in
598 5543 715 5614 iege
742 5543 973 5609 Domini,
1001 5544 1157 5612 hujus
1201 5544 1454 5598 utendum
1481 5550 1563 5598 est
1588 5558 1771 5598 exem-

166 5638 313 5708 plis.
348 5635 450 5702 Qui
479 5643 657 5689 autem
692 5636 923 5689 ruminat
967 5643 1020 5689 et
1052 5635 1302 5706 ungulam
1332 5649 1435 5688 non
1461 5634 1670 5699 dividit,
1717 5633 1770 5690 id

165 5741 269 5789 est
299 5733 400 5802 qui
427 5732 554 5788 facit
584 5731 794 5788 Domini
823 5730 1151 5786 voluntatem
1191 5734 1246 5785 et
1281 5731 1416 5787 bene
1443 5745 1548 5786 non
1575 5731 1773 5786 discer-

1867 4635 2005 4690 catis
2029 4634 2110 4705 (II
2134 4634 2388 4705 TimJll).
2419 4642 2439 4689 ι
2471 4634 2746 4692 Corvusin
2765 4653 2962 4708 genere
2983 4655 3080 4695 suo
3105 4637 3442 4710 nigredine'm

1868 4725 2165 4782 inﬁdelium
2185 4726 2236 4780 in
2255 4727 2491 4796 peccatis
2523 4727 2786 4799 designat.
2823 4728 3090 4796 Struthio,
3119 4729 3328 4801 pennas
3346 4733 3437 4790 ha-

1868 4817 2021 4882 hens,
2036 4831 2143 4871 non
2158 4815 2318 4880 volat,
2333 4825 2388 4870 et
2402 4821 2496 4872 eos
2515 4818 2754 4888 designat
2769 4820 2860 4889 qui
2883 4821 3062 4890 specie
3079 4824 3234 4878 tenus
3245 4823 3442 4880 bonam

1868 4905 2121 4961 simulant
2139 4907 2427 4973 actionem,
2441 4917 2496 4961 et
2517 4917 2692 4962 tamen
2708 4908 3216 4967 terrenisinhaei'ent
3234 4912 3444 4973 deside-

1870 4996 2213 5064 riis.Noctua,
2241 5014 2359 5068 qum
2382 4999 2434 5053 in
2463 5000 2698 5056 tenebris
2722 4999 2866 5056 clare
2894 5002 3076 5058 videre
3102 5013 3299 5074 potest,
3333 5013 3443 5064 non

1869 5094 2047 5142 autem
2073 5093 2191 5142 orto
2218 5081 2349 5153 sole,
2379 5089 2520 5144 sicut
2570 5091 2624 5144 hi
2670 5091 2761 5161 qui
2796 5081 3080 5154 manifeste
3121 5106 3348 5166 peccant
3390 5108 3448 5156 et

1869 5177 2143 5250 Evangelii
2173 5179 2352 5235 lumen
2382 5180 2629 5251 accipere
2653 5178 2920 5238 nesciunt.
2937 5183 3110 5241 Larus
3134 5194 3190 5242 et
3213 5188 3269 5242 in
3288 5189 3447 5259 aquis

1867 5282 1925 5327 et
1946 5281 2101 5328 extra
2138 5287 2332 5342 aquam
2360 5283 2735 5340 conversatur,
2758 5289 2854 5332 eos
2883 5275 3178 5347 designans
3209 5279 3302 5350 qui
3349 5281 3447 5336 ba:

1870 5365 2067 5435 ptisma
2092 5373 2145 5419 et
2173 5365 2636 5423 circumcisionem
2662 5383 2814 5438 :eque
2844 5371 3134 5440 accipiunt;
3174 5362 3447 5443 Sospiter

1863 5455 2018 5525 juxta
2048 5471 2219 5525 genus
2250 5471 2424 5522 suum,
2457 5456 2608 5526 cujus
2633 5471 2829 5530 genera
2857 5459 3064 5520 Plinius
3096 5460 3326 5520 Sedecim
3357 5461 3446 5521 di;

1869 5546 1965 5610 cit,
1991 5545 2082 5630 qui
2106 5542 2452 5602 mansueﬁeri
2479 5547 2632 5613 solet,-
2659 5550 2754 5606 sed
2785 5549 2991 5622 rapinis
3017 5550 3232 5622 gaudet,
3259 5543 3315 5607 et
3343 5549 3450 5609 illis

1871 5635 2201 5691 assimilatur
2228 5654 2246 5687 ‹
2277 5636 2388 5706 qui,
2413 5637 2555 5696 sicut
2597 5639 2856 5697 Dominus
2903 5641 3036 5696 dicit
3082 5639 3298 5714 (Matth.
3323 5642 3447 5714 vn),

1872 5726 2093 5784 veniunt
2144 5727 2585 5806 investimentis
2629 5732 2837 5802 ovium,
2890 5731 3218 5793 intrinsecus
3268 5739 3452 5794 autem
