3948 6328
528 354 640 409 815

1034 360 1425 416 WALAFRlDl
1466 362 1710 417 STRABI
1752 363 1953 419 FULD.
1997 364 2082 418 ΜΟ

2200 363 2350 421 OPP.
2394 365 2571 422 PARS
2610 367 2647 421 Ι.
2688 399 2755 408 -
2793 368 3250 428 TIIEOLOGICA.

3701 377 3804 433 8i6

534 464 787 540 suntlupi
815 482 1058 541 rapaces.
1084 493 1102 525 ι
1131 468 1309 541 Bubo,
1338 484 1396 530 ut
1416 475 1620 532 Plinius
1641 478 1791 542 dicit,
1820 477 1873 533 in
1891 478 2113 533 urbibus
2141 482 2191 540 Α
2220 475 2401 533 fervor
2438 480 2592 533 malm
2632 479 2942 536 voluntatis.
2977 500 2997 534 ι
3028 482 3182 549 Quod
3211 483 3453 540 ambulat
3479 501 3652 557 super
3686 504 3803 544 ma-

515 569 625 615 -aut
654 562 876 617 omnino
900 562 953 616 in
980 563 1100 618 luce
1129 565 1298 630 visus,
1326 566 1502 621 dirum
1544 558 1819 622 ostensum
1868 577 1972 634 est,
2018 569 2110 638 qui

516 638 747 723 quando
776 664 989 726 pastum
1019 658 1236 725 quzerit,
1264 670 1389 713 eum
1435 659 1609 715 innuit
1660 660 1752 730 qui
1794 661 1847 716 in
1876 661 2112 717 tenebris

528 746 876 815 peccatorum
920 756 1170 804 Versatur
1212 757 1266 805 et
1317 751 1578 820 pascitur.
1611 750 1903 822 Mergulus,
1957 751 2108 820 nigra

530 838 664 904 avis,
692 839 886 910 mergit
913 848 972 894 s‘e
1000 842 1099 896 sub
1133 856 1303 912 aquas
1332 844 1508 912 pisces
1544 859 1807 913 quaerere.
1852 842 2109 927 Dubi‘usal

528 927 613 985 vel
643 928 849 986 alacfra'
875 931 956 986 vel
988 940 1044 986 tu
1073 934 1174 987 afri
1198 946 1223 975 ο
1248 948 1346 990 eos
1370 934 1613 1005 designat
1641 935 1731 1004 qui
1759 936 1813 990 in
1839 935 2107 1005 baptismo

528 1023 702 1078 renati
731 1033 877 1091 sunt,
904 1026 999 1081 sed
1053 1025 1237 1081 inﬁma
1287 1028 1552 1084 desideria
1591 1038 1848 1100 appetunt
1895 1029 2103 1085 mundi.

527 1114 664 1178 Ibin,
695 1116 810 1171 avis
856 1117 911 1171 in
933 1117 1118 1173 Africa
1144 1118 1360 1190 longum
1402 1131 1636 1176 rostrum
1673 1122 1897 1177 habens.
1951 1121 2103 1176 lose-

526 1206 666 1275 phus
689 1224 701 1260 :
728 1206 834 1262 ibis
858 1217 943 1263 est
970 1209 1168 1264 animal
1196 1212 1531 1280 serpentibus
1555 1212 1830 1267 inimicum
1855 1229 1870 1278 ;
1895 1210 2105 1284 fugiunt

526 1297 671 1351 cutim
722 1299 802 1354 eis
834 1299 1244 1356 advenientibus
1290 1308 1344 1355 et
1386 1317 1446 1357 se
1502 1301 1681 1357 celare
1722 1302 1929 1370 volunt,
1956 1298 2104 1357 velut

520 1385 653 1445 ilatu
700 1404 985 1451 cervorum
1048 1394 1284 1464 abrepta:
1337 1395 1695 1451 devorantur:
1748 1394 1866 1451 ibes
1919 1404 2100 1451 autem

526 1480 682 1537 valde
717 1490 843 1536 sunt
875 1492 1171 1539 mansueta:
1215 1485 1268 1539 in
1296 1499 1513 1553 genere,
1564 1492 1740 1540 tamen
1789 1485 2099 1556 serpentino

508 1568 751 1627 'feroces.
787 1571 1018 1628 Plinius:
1050 1573 1303 1629 invocant
1336 1582 1392 1630 et
1413 1573 1651 1646 .IEgyptii
1685 1575 1798 1630 ibes
1824 1591 1949 1630 suas
1969 1591 2098 1631 con-

508 1672 606 1739 ftra
631 1664 957 1733 serpentium
992 1666 1381 1731 atlventum,et
1428 1666 1541 1721 Elei
1571 1665 1906 1736 Musagorem
1959 1665 2092 1749 [Αιν

502 1736 822 1827 ίΜγίειειεοη]
868 1756 1051 1822 deum,
1099 1772 1409 1811 muscarum
1464 1756 1802 1811 multitudine
1834 1744 2090 1828 pestilen-

2213 586 2338 635 nus,
2365 591 2382 623 ι
2413 580 2469 626 et
2497 572 2722 641 reliqua.
2747 572 3235 645 Quioperationem
3260 576 3313 630 in
3335 577 3590 635 sordibus
3608 579 3799 651 polluit

2210 662 2483 717 vitiorum.
2513 664 2736 719 Mustela
2760 666 2913 734 quasi
2939 681 3059 721 mus
3090 666 3275 739 longa,
3311 670 3649 726 malitiosum
3677 675 3794 728 ani-

2210 751 2316 805 mal
2345 760 2446 819 est,
2481 752 2852 810 fraudulentos
2891 764 2947 811 et
2973 756 3190 812 dolosos
3227 758 3544 830 designans.
3578 761 3702 819 Ius
3727 766 3793 820 ob

2208 841 2529 897 edacitatem
2592 857 2807 913 semper
2848 845 3076 911 laborat,
3118 862 3214 903 eos
3253 850 3520 908 denotans
3571 853 3673 925 qui
3719 856 3796 910 in-

2207 928 2438 1001 gluviem
2476 934 2684 989 ventris
2712 943 3039 1005 sequuntur,
3068 946 3123 992 et
3155 956 3176 990 ι
3205 955 3434 1010 quorum
3485 944 3639 1001 Deus
3664 961 3795 1002 ven-

2205 1033 2289 1079 ter
2313 1034 2393 1079 est
2418 1025 2584 1095 (Phil.
2621 1026 2725 1101 ιιι).
2756 1048 2776 1082 ι
2814 1030 2890 1085 De
2913 1032 3185 1088 crocodilo
3213 1033 3344 1089 dicit
3369 1035 3585 1093 Plinius
3612 1056 3628 1093 :
3672 1039 3797 1095 Cro-

2203 1114 2436 1169 codilum
2482 1117 2646 1173 habet
2696 1119 2868 1185 Nilus,
2923 1123 3232 1194 quadrupes
3270 1127 3495 1195 malum,
3544 1138 3606 1184 et
3650 1141 3793 1189 tura

2200 1206 2404 1275 pariter
2438 1222 2501 1263 ac
2527 1208 2747 1267 ﬂumine
2785 1212 3060 1269 infestum.
3094 1215 3274 1273 Unum
3305 1219 3410 1275 hoe
3445 1223 3658 1278 animal
3688 1233 3795 1279 ter-

2200 1310 2376 1357 restre
2411 1303 2608 1373 linguae
2639 1321 2739 1360 usu
2765 1316 2934 1362 caret.
2963 1307 3140 1364 Unum
3168 1313 3434 1383 superiori
3465 1317 3664 1371 mobili
3690 1334 3792 1373 ma-

2196 1390 2323 1445 xilla
2346 1391 2608 1461 imprimit
2626 1408 2889 1457 morsum,
2912 1397 3047 1453 alias
3069 1400 3292 1455 terribili
3309 1400 3407 1474 [aL
3434 1406 3792 1477 terribilem],

2197 1482 2510 1550 pectinatim
2523 1483 2760 1554 stipante
2782 1501 2839 1542 se
2862 1487 3104 1549 dentium
3133 1493 3296 1548 serie.
3316 1478 3793 1565 Magnitudines-x-

2193 1573 2336 1627 cedit
2347 1573 2661 1646 plerumque
2672 1576 3033 1646 duodeviginti
3048 1581 3276 1637 eubitos.
3297 1583 3450 1641 Parit
3467 1602 3576 1642 ova
3591 1602 3792 1659 quanta

2194 1678 2435 1720 anseres.
2476 1664 2755 1738 Unguibus
2788 1680 2967 1726 autem
2988 1682 3229 1731 armatus
3252 1686 3334 1731 est
3358 1688 3557 1736 contra
3604 1697 3791 1739 omnes

2192 1753 2331 1809 ictus
2351 1765 2476 1810 cute
2496 1757 2716 1814 invicta.
2748 1760 2872 1816 Dies
2899 1762 2954 1817 in
2984 1770 3127 1820 terra
3150 1766 3282 1839 agit,
3315 1782 3510 1828 noctes
3544 1774 3605 1830 in
3627 1792 3783 1846 aqua.

523 1845 651 1899 tiam
681 1844 958 1908 aiierente.
983 1861 1104 1916 qua:
1127 1846 1374 1917 protinus
1401 1846 1674 1902 intereunt
1698 1862 1859 1918 quam
1884 1847 2091 1901 litatum
2126 1831 2169 1892 Β
2198 1844 2396 1901 Eorum
2421 1848 2561 1918 gerit
2589 1849 2811 1921 ﬁguram
2845 1851 2937 1922 qui
2968 1869 3033 1909 ex
3072 1859 3218 1913 omni
3248 1871 3406 1930 parte
3445 1831 3786 1925 szevitialve-

515 1945 602 1991 est
626 1936 673 1990 ei
702 1936 822 1991 deo.
859 1936 1075 2007 Cygnus
1105 1946 1160 1991 et
1192 1938 1566 2002 onocrotalus,
1593 1954 1713 2009 qua:
1751 1939 1986 1995 sonitum
2017 1937 2097 1993 fa-

518 2026 668 2080 ciunt
694 2026 749 2081 in
779 2038 942 2096 aqua,
974 2034 1101 2081 surrt
1135 2028 1171 2081 li
1214 2031 1313 2099 qui
1357 2028 1411 2083 in
1460 2029 1643 2098 quiete
1686 2025 1853 2083 vitam
1899 2030 2095 2085 ducere

507 2103 790 2181 Tnesciunt,
815 2116 939 2171 licet
969 2117 1076 2172 sint
1110 2117 1161 2172 in
1189 2117 1458 2186 baptismo
1485 2118 1747 2173 mandati.
1773 2117 1977 2174 Plinius
2004 2132 2092 2175 ve-

520 2223 582 2261 ro
605 2206 714 2261 ita:
745 2205 965 2262 Olorum
993 2207 1398 2263 similitudinem
1425 2209 1727 2263 onocrotali
1758 2209 1977 2272 habent,
1994 2224 2092 2265 nec

518 2299 725 2354 distare
778 2299 1182 2354 aestimarentur
1214 2301 1458 2365 omnino,
1504 2299 1607 2355 nisi
1659 2301 2090 2373 faucibuslpsius

516 2388 720 2443 inesset
774 2388 995 2443 alterius
1056 2391 1194 2444 uteri
1263 2406 1452 2460 genus.
1510 2391 1626 2446 lluc
1690 2394 1870 2448 omnia
1936 2394 2087 2448 inex-

513 2479 708 2549 plebile
763 2481 962 2535 animal
1033 2482 1295 2553 congerit,
1353 2483 1490 2537 mira
1559 2490 1618 2538 ut
1667 2483 1739 2538 sit
1788 2484 2085 2553 capacitas.

513 2566 636 2625 Mox
664 2568 898 2641 perlecta
932 2573 1117 2641 rapina
1152 2574 1352 2627 sensim
1376 2573 1427 2626 in
1456 2589 1519 2628 os
1547 2574 1775 2639 reddita,
1819 2574 1873 2630 in
1903 2590 1984 2631 vei
2001 2590 2088 2630 am

512 2664 690 2717 alvum
720 2665 1045 2719 ruminantis
1095 2680 1245 2720 more
1291 2666 1475 2719 refert.
1511 2666 1681 2721 Gallia
1713 2668 1810 2722 hos
1861 2665 2088 2737 Septen-

496 2742 724 2806 ‘trionali
761 2756 1001 2821 proxima
1039 2750 1254 2807 Oceano
1298 2755 1480 2809 mittit.
1525 2755 1847 2826 Porphyrio,
1895 2771 2087 2811 secun-

510 2842 639 2896 dum
673 2841 925 2907 Plinium,
957 2845 1103 2899 solus
1134 2858 1317 2899 tnotsu
1354 2846 1510 2911 bibit,
1537 2846 1591 2901 id
1626 2855 1711 2901 est
1752 2848 1969 2917 proprio
1997 2863 2085 2918 ge-

511 2946 661 2995 nere,
690 2946 903 2987 onmem
939 2934 1116 2988 cibum
1145 2950 1283 3004 aqua
1318 2935 1544 2990 subinde
1586 2936 1858 3007 tinguens,
1891 2939 2084 2993 deinde

497 3023 644 3090 ‘pcde
670 3022 738 3076 ad
792 3032 1046 3089 rostrum,
1102 3025 1263 3079 veluti
1310 3041 1492 3091 manu,
1541 3024 1792 3082 aﬁ‘erens.
1826 3026 2079 3097 llcrodio,

2194 1933 2452 2002 stiuntur,
2482 1953 2711 2008 quorum
2742 1941 2994 1998 duritiam
3023 1945 3189 2003 divini
3212 1948 3373 2007 Verbi
3400 1953 3663 2024 jaculum
3687 1977 3783 2016 non

2194 2034 2462 2093 penetrat,
2502 2035 2634 2095 etc.,
2659 2045 2778 2100 qua:
2806 2031 2977 2088 forma
3008 2035 3167 2105 hujus
3202 2040 3390 2098 bestiae
3414 2046 3780 2109 demonstrat.

2189 2112 2532 2172 Cbamelteon
2565 2134 2671 2173 non
2712 2120 2872 2178 habet
2914 2138 3081 2180 unum
3128 2129 3385 2199 colorem,
3422 2137 3523 2191 sed
3574 2141 3781 2197 diversa

2192 2214 2277 2261 est
2309 2208 2571 2266 varietate
2614 2227 2940 2284 conspersus
2985 2227 3043 2274 ut
3081 2223 3300 2290 pardus.
3354 2227 3552 2285 Dictus
3604 2246 3779 2289 autem

2193 2297 2291 2364 ita,
2320 2301 2463 2369 quod
2491 2303 2650 2373 hujus
2681 2305 3084 2367 chamelzeontis
3120 2318 3507 2386 corpusculum
3538 2323 3612 2378 ad
3638 2327 3777 2380 colo-

2197 2403 2286 2445 res
2334 2390 2575 2448 diversos
2625 2392 2879 2451 facillima
2924 2404 3275 2460 conversione
3314 2409 3594 2478 variatur,
3644 2416 3777 2484 quod

2192 2481 2418 2536 aliorum
2474 2484 2790 2542 animalium
2840 2505 2947 2546 non
2982 2500 3067 2548 est
3113 2496 3184 2549 ita
3238 2496 3308 2552 ad
3362 2481 3776 2561 conversionem

2191 2571 2365 2627 facilis
2401 2576 2755 2644 corpulentia.
2802 2579 3083 2653 Signiﬁcat
3132 2592 3314 2645 autem
3349 2587 3666 2660 instabiles,
3690 2600 3774 2670 qui

2190 2662 2244 2716 in
2272 2664 2511 2718 omnium
2532 2666 2787 2723 vitiorum
2812 2671 2964 2727 devia
2984 2682 3285 2744 raptantur.
3318 2679 3537 2752 Mygale
3562 2662 3775 2756 quidam

2186 2752 2374 2809 dicunt
2404 2756 2642 2813 haramo.
2673 2759 2881 2828 Stellio,
2911 2763 3080 2820 bestia
3096 2778 3387 2838 venenata,
3420 2774 3480 2829 id
3503 2752 3597 2832 est
3614 2796 3775 2850 genus

2188 2842 2402 2901 lacertae
2427 2846 2511 2902 vel
2541 2849 2685 2915 moll,
2724 2861 2783 2906 ut
2807 2852 2896 2908 alii
2927 2854 3129 2912 volunt.
3166 2858 3298 2926 Qute
3332 2871 3597 2937 utraque,
3616 2842 3675 2925 id
3695 2880 3774 2926 est

2188 2935 2400 3004 mygale
2435 2943 2491 2991 et
2519 2937 2718 3004 stellio,
2741 2943 2987 3010 quamvis
3017 2945 3125 3000 sint
3165 2947 3406 3018 inﬁrma,
3441 2935 3634 3013 tamen
3653 2970 3772 3014 sunt

2188 3024 2479 3082 malitiosa.
2534 3027 2763 3101 Signant
2799 3035 3007 3104 eosqui
3062 3036 3237 3107 ipsum
3284 3043 3434 3111 quod
3471 3052 3767 3115 possuntin

507 3112 671 3178 falco,
721 3112 787 3167 de
846 3112 939 3169 illo
985 3113 1126 3169 sicut
1172 3116 1238 3169 de
1266 3116 1759 3187 accipitredicitur.
1787 3118 2081 3174 Caradrion
2111 3140 2156 3202 ρ
2189 3116 2391 3171 malum
2434 3128 2653 3174 vertunt
2684 3130 2738 3177 et
2769 3124 2944 3179 ventri
2985 3126 3315 3186 deserviunt.
3362 3112 3517 3211 Nam
3567 3140 3770 3211 mygale

506 3202 724 3272 quidam
751 3203 936 3258 dicunt
965 3203 1196 3259 teme/ia.
1227 3206 1436 3277 Upupa,
1464 3208 1579 3263 sive
1605 3222 1795 3279 opopa,
1824 3224 1943 3279 quae
1955 3209 2084 3264 acdi-

506 3295 637 3350 licat
686 3295 740 3351 in
770 3297 1103 3353 stercoribus
1130 3298 1495 3369 gemitumque
1538 3300 1591 3355 in
1635 3311 1797 3357 cantu
1842 3302 2080 3369 simulat,

499 3399 692 3441 ecru'u
760 3388 996 3456 speciem
1047 3396 1238 3443 tenens
1288 3390 1404 3460 qui,
1455 3392 1687 3447 terrenis
1732 3393 2080 3459 inhaerentes,

502 3474 724 3531 tristitia
751 3477 928 3531 saeculi
955 3489 1200 3547 pereunt.
1219 3478 1536 3548 Vespertilio
1554 3498 1760 3551 pennas
1781 3484 1965 3550 habet,
1989 3486 2082 3540 sed

500 3565 603 3621 etsi
650 3566 707 3621 in
754 3568 993 3623 tenebris
1045 3569 1206 3634 volat,
1255 3570 1571 3640 plerumque
1625 3582 1765 3629 terra
1817 3576 2077 3644 graditur,

502 3658 642 3712 sicut
667 3658 722 3712 hi
755 3668 984 3727 Quorum
1014 3662 1240 3717 scientia
1273 3663 1588 3719 obfuscatur
1627 3666 1863 3722 tenebris
1896 3682 2080 3737 pecca-

486 3756 704 3813 ‘torum,
728 3759 1068 3820 quorumque
1094 3754 1285 3822 spesin
1320 3755 1519 3811 inﬁmis
1530 3756 1696 3825 jacet.

577 3859 596 3891 ι
630 3838 806 3896 Omne
835 3841 902 3897 de
941 3842 1250 3899 volucribus
1293 3845 1435 3916 quod
1465 3849 1707 3917 graditur
1750 3865 1913 3919 super
1940 3867 2075 3922 qua-

500 3940 625 3984 tuor
646 3930 829 3999 pedes,
855 3950 873 3984 ι
899 3940 955 3986 et
974 3932 1180 4003 reliqua
1202 3936 1307 3991 Eos
1322 3937 1450 3991 dicit
1473 3939 1564 4008 qui
1584 3949 1815 4008 quatuor
1832 3941 2077 4014 Evange-

498 4022 691 4077 liorum
721 4024 968 4080 doctrina
998 4041 1107 4082 non
1149 4036 1296 4083 recte
1324 4037 1569 4098 utuntur,
1595 4033 1679 4088 vel
1706 4048 1799 4089 cos
1828 4034 1920 4104 qui
1949 4050 2074 4091 cur-

495 4113 1047 4185 poris‘voluptatibus
1086 4117 1411 4185 innituntur,
1443 4122 1586 4190 quod
1613 4136 1680 4176 ex
1705 4132 1938 4193 quatuor
1964 4126 2074 4181 ele-

498 4204 695 4259 mentis
714 4213 944 4259 constat.
961 4203 1230 4271 Brucbus,
1250 4208 1440 4264 similis
1462 4210 1708 4277 locustae;
1741 4211 1916 4279 aliter,
1948 4215 2072 4271 bru-

496 4295 656 4360 chus,
685 4303 739 4349 et
770 4293 1002 4361 locusta,
1042 4305 1100 4351 et
1133 4312 1300 4352 eruca
1331 4314 1495 4353 unum
1522 4310 1623 4355 est.
1651 4301 1881 4359 Attacus
1908 4303 2071 4375 atque

487 4386 904 4456 'opbiomacltus,
962 4388 1259 4442 contrarius
1310 4391 1651 4459 serpentibus.
1716 4392 1877 4464 Ophie
1923 4396 2069 4451 enim

2185 3205 2387 3261 dicitur
2408 3210 2558 3277 quasi
2588 3226 2708 3265 mus
2743 3212 2978 3282 gulosus.
3010 3215 3235 3274 Lacerta
3275 3233 3332 3277 et
3362 3208 3488 3294 ipsa
3529 3205 3689 3298 agilis
3720 3238 3770 3285 et

2183 3296 2472 3353 malitiosa.
2502 3298 2688 3371 Talpa,
2714 3305 3052 3372 quae‘dicitur
3072 3312 3221 3365 nasci
3250 3327 3317 3367 ex
3350 3314 3541 3383 pluvia
3564 3296 3624 3374 et
3640 3319 3765 3382 luto,

2182 3404 2324 3445 caeca
2352 3400 2412 3445 ut
2436 3390 2602 3448 fodiat
2634 3402 2855 3465 terram,
2888 3413 3015 3455 eum
3040 3402 3303 3461 denotans
3336 3410 3432 3477 qui
3464 3414 3763 3468 secundum

2185 3479 2512 3550 voluptatem
2543 3487 2723 3542 carnis
2747 3498 2927 3547 mente
2948 3503 3204 3561 caecatos,
3249 3501 3489 3558 terrenis
3514 3504 3762 3561 inhaeret.

2194 3588 2211 3620 ι
2250 3568 2425 3640 Super
2446 3574 2589 3642 quod
2628 3578 2896 3637 ceciderit
2916 3581 3206 3652 quidquam
3248 3587 3315 3643 de
3341 3592 3654 3650 morticinis
3674 3611 3763 3651 co-

2181 3676 2301 3717 rum
2328 3664 2613 3735 polluetur,
2628 3685 2646 3719 »
2671 3679 2726 3724 et
2748 3670 2952 3742 reliqua
2974 3673 3235 3733 Distantia
3252 3688 3339 3735 est
3361 3682 3510 3740 inter
3521 3701 3652 3743 eum
3675 3691 3763 3760 qui

2182 3752 2354 3822 tangit
2391 3763 2619 3849 etneum
2654 3772 2817 3829 super
2846 3775 3006 3830 quem
3055 3766 3219 3821 cadit.
3273 3769 3477 3843 Tangit
3516 3791 3645 3832 eum
3675 3752 3760 3849 qui

2385 3844 2673 3940 polluitur}
2720 3866 2882 3921 super
2914 3871 3035 3909 eum
3072 3859 3234 3925 cadit,
3272 3864 3366 3932 qui
3396 3879 3533 3921 casu
3584 3844 3761 3940 aliquo

2175 3932 2461 4001 decipitur,
2514 3945 2575 3992 ut
2636 3938 2806 3996 David
2833 3942 3185 4003 deambulans
3234 3950 3287 4004 in
3328 3953 3541 4012 solario
3586 3932 3761 4015 subito

2175 4022 2415 4118 mulieris
2443 4036 2634 4118 captus
2662 4039 2745 4086 est
2793 4032 3191 4101 pulchritudine
3220 4039 3308 4110 (II
3338 4040 3473 4114 Reg.
3504 4047 3610 4118 xl).
3662 4049 3761 4106 Vas

2173 4109 2408 4182 ligneum
2457 4116 2635 4185 signat
2690 4119 3004 4190 lenitatem;
3056 4109 3463 4200 vestimentum,
3512 4109 3756 4195 habiturn

2171 4217 2413 4270 morum;
2468 4207 2645 4276 pellis,
2703 4212 3169 4272 mortiﬁcationem
3219 4222 3433 4289 carnis;
3492 4225 3754 4293 cilicium,

2169 4295 2579 4363 paenitudinem.
2607 4301 2662 4356 Si
2684 4302 2873 4359 horum
2891 4308 3181 4379 quidquam
3203 4311 3258 4366 in
3287 4313 3514 4373 homine
3532 4320 3755 4376 alterius

2169 4385 2363 4441 vitium
2385 4392 2902 4461 commaculaverit,
2936 4399 3263 4455 emundatur
3292 4418 3437 4473 aqua
3489 4422 3751 4481 compun-

492 4474 692 4533 dicitur
719 4490 959 4545 serpens,
998 4479 1222 4534 machus
1249 4487 1449 4545 autem,
1481 4499 1741 4553 pugnans,
1772 4488 1922 4556 quasi
1947 4505 2064 4543 cum

2184 4475 2364 4533 :tionis
2389 4494 2558 4550 usque
2579 4483 2647 4537 ad
2672 4484 3053 4553 perfectionem
3077 4491 3430 4559 paenitentia.
3470 4517 3493 4550 ι
3522 4474 3643 4557 Vas
3662 4520 3751 4558 aI-

490 4577 724 4638 uei-petite
770 4580 1025 4638 pugnans,
1068 4570 1207 4624 sicut
1248 4571 1300 4624 hi
1336 4573 1427 4641 qui
1467 4582 1655 4628 contra
1697 4576 1894 4633 diaboli
1932 4579 2065 4634 insi-

489 4656 610 4711 dias
646 4665 879 4710 certant.
925 4656 1080 4723 Quod
1116 4657 1343 4723 locusta,
1372 4660 1610 4716 bruchus
1637 4670 1692 4717 et
1723 4662 1937 4721 attacus
1974 4682 2066 4722 sa-

488 4743 596 4797 lire
648 4743 926 4809 dicuntur,
977 4746 1076 4798 bos
1121 4745 1372 4817 designat
1419 4750 1510 4818 qui
1561 4753 1815 4819 operibus
1842 4754 2067 4824 justitize

489 4831 729 4897 solidati,
761 4833 968 4903 spineta
1008 4836 1258 4890 vitiorum
1291 4844 1686 4907 transcurrunt,
1717 4850 1771 4898 et
1795 4844 1959 4900 herba
1982 4845 2064 4901 di-

486 4922 630 4977 vinae
676 4922 970 4992 Scriptura:
1003 4935 1314 4994 pascuntur.
1368 4925 1575 4984 Talium
1616 4934 1878 5004 exemplis
1914 4951 2062 4991 com-

489 5015 767 5074 municare
798 5016 1079 5082 debemus,
1112 5022 1451 5089 superiorum
1481 5038 1611 5089 vero
1637 5025 1884 5095 quisquis
1911 5028 2058 5084 vitiis

485 5108 863 5175 attaminatur,
901 5126 921 5160 ι
953 5109 1261 5167 immundus
1289 5121 1375 5168 est
1400 5129 1570 5185 usque
1596 5117 1663 5171 ad
1697 5132 1996 5188 vesperam,
2034 5139 2053 5174 ι

486 5199 540 5252 id
568 5206 672 5263 est,
700 5214 891 5254 nonus
919 5215 1087 5270 usque
1116 5202 1183 5257 ad
1209 5192 1500 5273 perfectam
1524 5207 1921 5275 paenitentiam.
1950 5230 1968 5263 ι
1993 5209 2059 5266 Et

486 5288 534 5342 si
574 5280 793 5345 necesse
831 5291 994 5346 fuerit
1036 5300 1098 5346 ut
1147 5302 1324 5363 portet
1369 5296 1644 5365 quippiam
1700 5312 1912 5366 eorum,
1947 5319 1967 5353 ι
2001 5311 2056 5357 et

484 5381 580 5436 rel.
610 5380 669 5437 ιιι
697 5372 812 5448 est,
841 5383 893 5438 si
921 5384 1210 5454 contigerit
1255 5386 1486 5455 aliquem
1537 5387 1732 5445 talibus
1776 5390 2057 5460 subiacere

482 5462 861 5538 immunditiis,
895 5492 913 5525 ι
944 5474 1144 5529 lavabit
1177 5494 1196 5527 ι
1225 5476 1465 5532 habitum
1488 5494 1699 5534 morum
1726 5496 1946 5537 suorum
1978 5483 2054 5537 la-

414 5570 419 5579 ·
480 5558 1057 5632 crymis'pmnitentiae,
1091 5570 1147 5617 et
1170 5576 1294 5620 reus
1339 5573 1551 5643 tenetur
1593 5571 1763 5625 donec
1808 5572 2051 5640 quiescat

460 5681 503 5784 δι’
550 5730 577 5759 ι
616 5718 740 5774 ΙΙωο
768 5688 904 5775 forte
923 5734 989 5775 ex
1012 5719 1189 5790 glossa
1226 5724 1279 5777 in
1316 5732 1515 5780 textum
1542 5725 1889 5799 irrepserunt.

2166 4573 2275 4621 tem
2288 4566 2469 4634 ﬁctile,
2482 4590 2501 4621 ι
2520 4580 2573 4626 et
2589 4574 2796 4644 reliqua
2816 4575 2923 4633 Vas
2939 4577 3100 4635 ﬁctile
3120 4581 3188 4636 ad
3209 4597 3268 4638 se
3284 4584 3545 4645 humum
3562 4593 3744 4647 trahit.

2166 4655 2309 4712 Dicit
2346 4668 2525 4715 autem
2550 4662 2638 4719 :Si
2667 4665 2789 4732 quis
2826 4667 2970 4723 vitiis
2997 4669 3187 4727 alienis
3229 4679 3667 4745 communicaris,
3696 4682 3744 4736 in

2168 4751 2606 4816 augmentatione
2646 4769 2833 4811 eorum
2882 4761 3203 4828 perstiterit,
3232 4776 3334 4835 per
3365 4774 3742 4826 excommuni-

2164 4839 2435 4896 cationem
2485 4842 2698 4899 fortiter
2742 4850 3090 4919 corripiatur,
3122 4863 3180 4908 ut
3212 4856 3346 4911 dicit
3388 4857 3687 4929 Apostolus
3727 4882 3740 4916 :

2169 4928 2448 4987 Traditum
2486 4933 2788 5003 hujusmodi
2838 4939 3110 4997 hominem
3161 4943 3214 5000 in
3266 4928 3555 5005 interitum
3625 4967 3741 5008 car-

2165 5023 2274 5089 nis,
2300 5033 2404 5080 etc.
2432 5025 2484 5097 (I
2512 5027 2634 5084 Cor.
2667 5028 2742 5102 v).
2776 5049 2793 5083 ι
2827 5031 3016 5089 Omnis
3042 5035 3199 5092 cibus
3224 5054 3388 5109 quem
3422 5046 3739 5109 comedetis.

2163 5115 2210 5170 si
2248 5115 2364 5172 fusa
2416 5117 2576 5175 fuerit
2613 5137 2774 5192 super
2817 5138 2941 5180 eum
2972 5142 3130 5197 aqua,
3164 5148 3183 5183 ι
3223 5131 3278 5186 id
3319 5143 3408 5189 est
3443 5150 3512 5191 ea
3551 5137 3607 5191 in
3639 5153 3735 5208 qua

2164 5205 2414 5264 lavantur
2441 5210 2555 5266 haec
2590 5228 2717 5268 vasa
2753 5231 2875 5284 quae
2918 5218 3116 5286 polluta
3173 5237 3336 5294 supra
3390 5228 3575 5282 dixit:
3626 5205 3735 5284 ι-Ει

2158 5312 2321 5355 omne
2350 5301 2560 5372 liquens
2597 5306 2738 5375 quod
2781 5308 2984 5364 bibitur
3011 5311 3080 5367 de
3122 5315 3375 5372 universo
3415 5334 3577 5388 vase,
3632 5342 3654 5374 ι
3686 5332 3734 5377 et

2161 5389 2285 5455 rel.,
2316 5405 2502 5447 eorum
2532 5394 2777 5467 videlicet
2809 5413 2930 5467 quas
2961 5401 3234 5459 immunda
3274 5406 3391 5474 jam
3416 5409 3555 5465 dixit
3588 5422 3731 5467 ante-

2158 5494 2321 5573 quam
2348 5486 2690 5543 mandentur.
2720 5490 2883 5546 Cibus
2906 5502 2961 5547 et
2986 5502 3142 5563 potus
3162 5495 3410 5555 doctrina
3438 5504 3731 5573 spiritualis

2158 5570 2243 5625 vel
2296 5572 2450 5629 bona:
2495 5579 2822 5646 operationis
2871 5581 3247 5654 intelliguntur
3291 5604 3306 5655 ;
3359 5570 3486 5660 quze
3534 5593 3579 5647 si
3636 5593 3729 5648 im-
