3948 6328
189 378 281 435 817

1135 367 1429 423 EPlTOME
1463 365 1814 422 COMMENT.
1859 363 2107 418 RABANI
2146 362 2208 416 lN
2249 361 2469 416 LEVIT.

3316 366 3421 422 8l8

125 526 156 554 ς
192 489 498 554 munditiam
523 485 948 557 supradictorum
987 485 1324 549 admiserint,
1367 499 1470 538 non
1492 454 1623 553 _jam
1661 497 1747 535 ac-
1779 481 1825 540 Α
1852 493 1970 532 veni
1997 477 2186 531 diebus
2220 483 2563 531 convertatur
2589 473 2642 530 in
2676 475 3013 546 sanguinem,
3044 475 3236 533 deinde
3285 478 3418 533 duo.

192 593 339 654 eeptu
364 585 488 635 sunt
509 576 667 646 digna
695 595 707 630 :
739 594 758 628 ι
781 574 908 632 Sive
931 573 1146 638 clibani,
1174 573 1286 628 sive
1314 573 1690 644 chylropodes,
1729 591 1748 624 ι

193 683 243 728 et
269 669 361 726 rel.
386 666 752 740 Chytropodes
776 679 904 720 vasa
932 672 1057 719 sunt
1086 663 1264 718 fictilia
1292 663 1458 732 pedes
1481 661 1749 724 habentia,

193 763 393 824 Clibani
420 768 594 820 autem
611 767 665 814 et
693 758 1070 828 chytropodes,
1101 757 1154 810 in
1179 755 1371 826 quibus
1389 769 1554 826 panes
1572 761 1629 808 et
1649 753 1754 810 cibi

195 859 574 925 temperantur,
611 849 853 921 magistri
888 856 1034 912 sunt,
1075 846 1167 919 qui
1209 845 1328 907 aliis
1373 852 1586 915 pastum
1631 842 1755 895 vitae

195 949 387 1006 debent
424 959 617 1016 parare
648 941 731 1008 ;si
772 940 844 994 illi
884 937 1144 1009 exemplis
1186 935 1446 991 malorum
1483 933 1754 988 maculen-

197 1049 295 1104 tur,
324 1033 635 1104 magisterio
673 1031 968 1100 priventur.
1019 1045 1040 1080 ι
1079 1025 1280 1082 Fontes
1313 1039 1442 1080 vero
1470 1032 1526 1080 et
1563 1023 1750 1080 cister-

193 1146 291 1194 nae,
312 1135 394 1182 iet
409 1125 504 1181 rel.
523 1123 578 1180 ld
590 1132 690 1188 est,
704 1123 828 1179 licet
841 1121 992 1177 multi
1002 1119 1336 1175 deviaverint
1349 1133 1379 1172 a
1391 1117 1570 1171 divina
1591 1115 1758 1170 scien-

195 1219 285 1284 tia,
310 1224 490 1271 tamen
526 1223 580 1268 et
604 1213 735 1267 fides
760 1211 1022 1272 catholica
1051 1207 1272 1277 ejusque
1294 1206 1541 1261 doctrina
1575 1212 1757 1258 manet

195 1303 634 1375 inexpugnabilis.
657 1321 675 1353 ‹
705 1300 762 1355 Si
791 1299 1046 1355 ceciderit
1067 1313 1228 1368 super
1250 1302 1569 1359 sementem,
1603 1313 1620 1346 ι
1651 1302 1752 1347 etc.

195 1399 245 1454 ld
275 1406 360 1454 est
394 1397 439 1452 si
469 1395 929 1456 catechumeuum,
955 1391 1046 1460 qui
1074 1396 1158 1444 est
1187 1387 1240 1442 in
1269 1387 1532 1456 baptismo
1563 1399 1754 1439 cense-.-

193 1487 466 1560 peliendus
499 1484 714 1540 Christo
738 1490 796 1536 ut
830 1477 1150 1542 vivificetur,
1177 1476 1416 1547 ejusdem
1446 1474 1587 1529 modi
1618 1473 1756 1528 mala

193 1575 431 1646 exempla
478 1571 775 1643 attigerint,
815 1568 1162 1623 mundabitur
1192 1567 1243 1619 in
1274 1565 1557 1633 baptismo.
1595 1581 1614 1615 ε
1662 1563 1756 1616 Sin

195 1675 372 1721 autem
420 1663 683 1733 quispiam
719 1665 1011 1714 sementem
1063 1672 1200 1727 aqua
1252 1653 1593 1724 perfuderit,
1629 1673 1646 1706 ι
1705 1665 1760 1708 et

195 1758 309 1821 rel.,
344 1756 397 1811 id
436 1763 540 1818 est,
571 1761 853 1822 postquam
889 1750 1192 1819 baptizatus
1237 1745 1421 1812 fuerit,
1465 1745 1510 1800 si
1545 1761 1602 1800 se
1643 1745 1762 1815 jam

1853 569 2027 623 decim
2057 567 2246 623 diebus
2285 567 2563 634 solidetur,
2595 567 2816 636 reliquis
2847 568 3031 624 decem
3059 577 3114 624 et
3145 579 3269 626 octo
3309 573 3422 628 die-

1853 658 1954 712 bus
1995 655 2257 711 formatur
2286 670 2455 725 usque
2493 657 2562 712 ad
2604 658 2843 728 perfecta
2886 659 3211 716 lineamenta
3251 678 3424 718 mem-

1854 746 2094 810 brorum,
2123 752 2178 800 et
2205 743 2330 798 hinc
2355 743 2465 812 jam
2490 745 2696 814 reliquo
2740 755 2980 816 tempore
3004 765 3171 818 usque
3197 752 3264 804 ad
3292 761 3426 806 tem-

1852 851 1953 907 pus
1981 844 2167 906 partus
2193 835 2561 904 magnitudine
2583 846 2859 907 augeatur.
2894 837 3110 908 Septem
3141 849 3347 908 autem,
3375 852 3429 896 et

1855 942 2068 992 novem,
2095 934 2149 985 et
2171 927 2464 990 duodecim,
2498 936 2553 982 et
2573 927 2757 984 decem
2786 939 2840 984 et
2866 940 3010 996 octo,
3061 933 3112 985 in
3146 947 3308 986 unum
3335 948 3424 988 cos

1856 1017 1958 1072 acti
1986 1016 2188 1072 faciunt
2211 1017 2559 1087 quadraginta
2589 1033 2704 1072 sex.
2725 1018 2995 1076 Conclude
3011 1036 3141 1091 ergo
3163 1023 3425 1078 minorem

1856 1123 2139 1164 numerum
2168 1109 2222 1164 in
2253 1109 2462 1180 majori,
2493 1117 2548 1165 et
2573 1110 2780 1166 videbis
2806 1123 3132 1183 praeceptum
3163 1129 3285 1172 esse
3313 1125 3430 1171 tan-

1858 1201 1926 1256 tis
1953 1217 2087 1272 pene
2109 1201 2298 1257 diebus
2327 1203 2596 1258 hominem
2626 1204 2869 1260 mundari
2901 1208 3117 1276 quantis
3167 1208 3430 1265 formatur

1859 1292 1912 1346 in
1939 1300 2092 1347 utero
2117 1306 2131 1345 :
2158 1291 2284 1347 licet
2312 1293 2399 1348 hic
2431 1293 2886 1364 quadragenarius
2913 1296 2979 1350 ad
3010 1297 3266 1367 majorem
3309 1307 3428 1354 ten—

1859 1382 1951 1438 dat
1989 1381 2336 1437 intellectum.
2393 1384 2532 1438 Deus
2568 1384 2710 1437 enim
2751 1383 3018 1440 hominem
3073 1386 3322 1442 formavit
3364 1390 3431 1442 ad

1862 1473 2148 1544 imaginem
2194 1488 2368 1537 suam,
2399 1474 2487 1544 qui
2521 1475 2621 1528 hac
2646 1475 2953 1531 conditione
2983 1476 3205 1533 formari
3239 1480 3435 1534 dicitur

1861 1563 1912 1617 in
1943 1572 2118 1628 utero,
2161 1563 2274 1633 ipse
2300 1562 2494 1617 Filium
2535 1579 2692 1619 suum
2717 1565 2817 1621 hac
2843 1565 2958 1636 lege
2996 1569 3251 1623 nascendi
3274 1583 3435 1640 opere

1861 1651 2095 1722 Spiritus
2137 1653 2312 1707 sancti
2351 1653 2638 1708 destinavit
2681 1654 2734 1708 in
2786 1663 2998 1709 uterum
3041 1657 3295 1727 Virginis,
3327 1676 3347 1708 ‹
3380 1657 3435 1710 in

1859 1756 1967 1810 quo
2008 1741 2215 1797 habitat
2249 1742 2424 1798 omnis
2457 1743 2732 1814 plenitudo
2757 1744 3063 1798 Divinitatis
3085 1745 3438 1815 corporaliter

195 1850 350 1906 dictis
389 1847 690 1911 involverit,
723 1859 846 1898 reus
870 1842 993 1896 erit.
1022 1860 1040 1892 ι
1072 1839 1129 1894 Si
1161 1847 1430 1894 mortuum
1459 1836 1620 1893 fuerit
1645 1839 1762 1892 ani-
1792 1827 1837 1887 Β
1865 1833 2086 1904 (Coloss.
2123 1833 2207 1903 ιι),
2235 1852 2251 1884 ›
2277 1848 2396 1902 quae
2421 1839 2502 1888 est
2529 1833 2704 1904 imago
2724 1833 2815 1888 Dei
2842 1834 2978 1889 invis
2998 1834 3151 1898 bilis;
3179 1837 3293 1906 qui,
3317 1851 3439 1906 per-

195 1941 295 1994 mal
330 1938 475 2010 quod
502 1937 628 1992 licet
661 1934 942 1990 comedere
969 1931 1140 1996 vobis,
1179 1951 1196 1982 ι
1224 1940 1276 1985 et
1315 1929 1412 1985 rel.
1453 1929 1508 1984 Si
1540 1929 1766 2000 quilibet

186 2032 388 2099 justus,
418 2027 569 2097 cujus
605 2025 848 2094 exempla
869 2023 1022 2095 sequi
1071 2031 1277 2077 rectum
1327 2021 1558 2086 videtur,
1587 2037 1684 2090 per
1707 2035 1765 2076 se

195 2124 410 2194 lapsus,
453 2127 678 2175 mortem
709 2118 902 2175 animae
929 2116 1217 2172 incurrerit
1243 2157 1256 2178 ,
1287 2115 1378 2185 qui
1404 2115 1766 2170 communica-

195 2215 329 2270 verit
349 2215 472 2269 vita:
493 2212 607 2282 ejus
637 2212 716 2266 vel
745 2220 958 2266 secutus
981 2210 1142 2264 fuerit
1164 2207 1406 2278 exempla
1422 2207 1558 2276 ejus,
1575 2216 1768 2278 purget

195 2320 251 2360 se
286 2305 438 2360 fonte
475 2304 831 2374 lacrymarum
871 2315 1042 2370 usque
1081 2299 1146 2353 ad
1180 2293 1479 2368 perfectam‘
1503 2298 1767 2368 poeniten-

199 2399 347 2452 tiam.
381 2415 398 2447 ι
429 2396 598 2452 Omne
633 2395 774 2464 quod
811 2400 984 2462 reptat
1003 2401 1163 2461 super
1190 2398 1412 2451 terram,
1447 2407 1466 2439 ι
1492 2396 1545 2445 et
1568 2387 1686 2450 rel.,
1717 2387 1768 2446 id

196 2496 280 2543 est
319 2487 626 2557 quicunque
657 2483 938 2539 desideriis
975 2482 1193 2536 caducis
1236 2481 1498 2543 innititur.
1531 2498 1549 2530 ‹
1597 2479 1762 2546 Quid-

197 2579 324 2648 quid
359 2592 520 2647 super
554 2587 741 2647 pectus
776 2572 1078 2644 quadrupes
1104 2571 1362 2641 graditur,
1395 2588 1413 2624 ι
1435 2579 1490 2625 et
1520 2570 1614 2624 rel.
1666 2569 1765 2636 Qui

201 2677 309 2723 tota
349 2667 668 2723 confidentia
696 2666 748 2720 in
786 2664 1013 2719 terrenis
1042 2662 1282 2727 confidit,
1319 2667 1548 2731 quatuor
1595 2660 1767 2714 Evan-

197 2760 461 2828 geliorum
501 2758 659 2812 dictis
685 2765 740 2812 et
780 2756 1131 2826 plurimorum
1180 2753 1405 2809 aliorum
1449 2752 1767 2807 testimoniis

200 2851 461 2904 librorum
502 2864 651 2902 suam
688 2849 873 2910 nititur
915 2845 1236 2905 confirmare
1269 2845 1639 2914 pertinaciam,
1664 2845 1765 2899 hoc

197 2940 348 3009 quod
388 2938 647 2997 Dominus
679 2951 777 3006 pro
811 2934 1177 2991 misericordia
1215 2933 1340 2986 fecit
1390 2933 1491 2986 sibi
1520 2932 1571 2986 in
1620 2932 1762 2986 desi-

197 3032 474 3088 deriorum
501 3029 824 3098 voluptatem
855 3027 1152 3090 vindicans,
1175 3025 1220 3079 si
1263 3024 1518 3078 invitatus
1545 3023 1611 3078 ad
1638 3039 1766 3078 eon-

197 3123 347 3177 vivia
386 3129 725 3192 peccatorum
777 3117 1024 3182 assensit,
1046 3125 1099 3170 et
1126 3125 1314 3170 cetera
1340 3114 1552 3168 similia.
1585 3134 1602 3166 ι
1632 3115 1766 3169 San-

195 3213 273 3268 cti
322 3221 514 3275 estote,
557 3210 807 3280 quoniam
839 3223 939 3277 ego
979 3215 1194 3261 sanctus
1235 3220 1371 3266 sum,
1410 3223 1425 3254 ι
1457 3213 1512 3258 et
1551 3204 1674 3266 rel.,
1710 3213 1768 3258 ut

191 3304 347 3371 justo
390 3303 547 3372 justi,
609 3309 796 3355 sancto
843 3300 1038 3362 sancti,
1085 3298 1223 3353 bono
1254 3299 1400 3359 boni,
1455 3297 1632 3350 famuli
1687 3295 1765 3349 fa-

199 3396 491 3450 mulentur.

805 3461 1028 3519 CAPUT
1069 3462 1182 3518 Xll.

276 3582 296 3616 ‹
327 3563 518 3618 Mulier
549 3563 593 3617 si
616 3573 863 3633 suscepto
891 3563 1093 3620 semine
1120 3561 1387 3632 pepererit
1409 3559 1723 3622 masculum,
1748 3579 1764 3612 ι

198 3665 255 3710 et
287 3655 389 3710 rel.
429 3654 484 3708 ln
512 3656 612 3710 hoc
641 3655 872 3725 capitulo
905 3655 1092 3725 prima:
1139 3653 1597 3724 pratvaricationis
1648 3655 1774 3712 facit

198 3745 792 3809 commemorationem,
827 3755 884 3798 ut
921 3745 1046 3814 quia
1095 3746 1254 3798 homo
1300 3745 1349 3797 in
1402 3743 1772 3813 iniquitatibus

197 3834 507 3903 concipitur
530 3842 584 3888 et
613 3834 664 3887 in
700 3834 931 3904 peccatis
957 3842 1271 3910 procreatur
1299 3873 1314 3897 ,
1348 3825 1481 3886 sciat
1509 3835 1774 3902 quomodo

197 3939 228 3976 a
261 3923 433 3978 veteri
456 3921 831 3977 maledictione
883 3923 1220 3984 mundandus
1265 3922 1354 3975 sit.
1397 3921 1566 3977 Porro
1619 3933 1774 3977 natus

200 4013 369 4068 homo
424 4013 522 4067 sub
561 4013 653 4077 tali
699 4012 1006 4069 conditione
1064 4013 1391 4067 immundam
1447 4013 1610 4067 habet
1658 4028 1770 4065 ma-

199 4112 338 4158 trem
371 4121 385 4156 :
419 4110 621 4172 septem
639 4102 842 4166 diebus,
869 4103 919 4157 id
943 4111 1026 4157 cst
1048 4111 1158 4156 toto
1188 4110 1426 4172 tempore
1455 4101 1610 4170 hujus
1632 4101 1773 4163 vitm,

198 4194 301 4248 sub
332 4194 570 4264 ingenita
603 4192 890 4261 fragilitate
917 4208 974 4247 se
1002 4192 1209 4248 noverit
1235 4191 1544 4260 obligatum.
1572 4209 1590 4241 ι
1618 4190 1776 4245 Juxta

199 4285 344 4338 diem
397 4283 748 4359 separatiouis
797 4293 1101 4346 menstrutc,
1134 4303 1151 4334 ι
1188 4283 1238 4337 id
1270 4293 1351 4337 eSt
1379 4297 1497 4351 qua:
1519 4281 1777 4352 sanguine

200 4374 318 4428 fluit
346 4373 464 4438 sive
496 4381 614 4452 post
659 4381 892 4450 partum,
921 4374 1032 4427 sive
1062 4373 1114 4426 in
1147 4380 1320 4442 partu,
1351 4382 1554 4442 septem
1590 4372 1778 4426 diebus

201 4462 483 4518 immunda
508 4474 610 4516 est.
634 4483 649 4513 ι
674 4463 766 4517 Die
779 4471 968 4517 octavo
992 4462 1404 4516 circumcidetur
1429 4461 1738 4524 infantulus,
1757 4483 1768 4503 ν

200 4559 328 4627 quia
357 4557 492 4634 justi
538 4558 589 4611 in
627 4557 713 4611 die
758 4555 1188 4619 resurrectionis,
1240 4555 1384 4609 omni
1433 4556 1776 4610 mortalitatis

201 4651 324 4705 labe
353 4650 660 4720 deposita,a
688 4648 954 4718 primmva}
979 4647 1340 4701 damnationis
1364 4647 1588 4701 vinculis
1602 4648 1776 4702 absol-

201 4749 424 4794 ventur.
459 4759 477 4792 ‹
511 4739 627 4808 ipsa
652 4754 778 4792 vero
808 4738 1020 4806 triginta
1047 4737 1221 4792 tribus
1243 4737 1430 4791 diebus
1464 4737 1698 4791 manebit
1725 4737 1776 4790 in

201 4830 491 4901 sanguine,
524 4848 540 4878 ι
561 4838 612 4882 et
643 4829 738 4882 rel.
771 4827 1010 4904 Triginta
1044 4830 1214 4889 tribus
1241 4827 1585 4891 transcursis,
1617 4827 1669 4880 id
1695 4836 1779 4881 est

202 4907 540 4991 perfectione
573 4922 830 4974 bonorum
857 4933 1076 4995 Operam
1104 4919 1153 4972 in
1184 4917 1466 4974 Trinitatis
1500 4917 1603 4972 fide
1644 4931 1774 4971 con-

200 5021 498 5073 summata,
517 5011 582 5068 ad
612 5010 888 5078 templum,
908 5010 958 5062 id
987 5019 1065 5062 est
1097 5009 1160 5068 ad
1187 5009 1422 5063 caelestis
1453 5006 1781 5062 llicrusaletn

203 5103 625 5164 habitationem,
653 5117 774 5154 cum
825 5102 1116 5170 gratiarum
1155 5103 1364 5155 actione
1408 5081 1781 5172 properamus,

202 5195 331 5264 quia
369 5193 538 5247 donec
572 5193 850 5263 originalis
890 5193 1094 5262 peccati
1133 5192 1371 5251 fmditate
1423 5190 1780 5256 absolvantur,

201 5287 272 5340 ad
301 5283 685 5340 Sancluarium
716 5283 972 5338 accedere
1002 5299 1106 5336 non
1143 5283 1399 5336 valemus.
1427 5282 1577 5355 Quod
1605 5291 1782 5335 autem

201 5384 416 5446 septem
453 5374 669 5444 triginta
716 5381 826 5432 tres
871 5373 1226 5443 quadraginta
1264 5370 1518 5436 efﬁciunt,
1571 5371 1690 5425 ideo
1722 5370 1781 5424 fit

199 5475 260 5520 ut
311 5465 535 5535 quantis
578 5464 768 5519 diebus
816 5465 977 5519 homo
1024 5465 1286 5518 formatur
1313 5462 1364 5516 in
1396 5471 1573 5525 utero,
1617 5463 1782 5516 tantis

200 5554 460 5625 purgatio
488 5561 791 5624 peragatur.
830 5553 1038 5610 Dicitur
1061 5553 1204 5609 enim
1237 5552 1519 5622 conceptio
1548 5553 1781 5611 humana

199 5650 282 5705 sic
320 5650 618 5718 procedere
648 5659 703 5704 et
749 5649 953 5718 perfici,
1000 5660 1060 5703 ut
1107 5650 1295 5720 primis
1343 5658 1547 5718 septem
1593 5647 1783 5703 diebus

200 5739 362 5810 quasi
409 5739 560 5796 lactis
604 5742 796 5796 habeat
833 5741 1254 5806 similitudinem,
1309 5741 1652 5812 sequentibus
1690 5757 1782 5795 uo-

1867 1931 1984 1978 acta
2046 1923 2444 1994 dispensatione
2505 1923 2929 1990 incarnationis,
2987 1933 3110 1995 post
3176 1929 3439 1998 pessimis

1866 2012 2144 2067 victoriam
2168 2052 2183 2076 ,
2219 2012 2630 2082 quadragesimo
2677 2012 2763 2069 die
2792 2013 2958 2069 eoelos
3001 2016 3242 2071 ascendit
3278 2027 3333 2072 et
3371 2021 3438 2074 ad

1865 2105 2107 2164 dextram
2143 2101 2237 2159 Dei
2267 2103 2440 2162 vietor
2465 2104 2730 2167 consedit,
2760 2113 2819 2158 ut
2851 2121 2948 2160 nos
2976 2121 3074 2175 pro
3117 2122 3344 2176 quorum
3370 2106 3434 2163 li-

1869 2194 2143 2252 beratione
2184 2194 2454 2248 nascendo
2485 2202 2544 2248 ut
2589 2195 2748 2253 homo
2793 2196 3031 2261 advenit,
3067 2213 3295 2268 quorum
3341 2215 3437 2254 na.-

1869 2295 2000 2342 turae
2021 2285 2348 2341 consortium
2377 2278 2618 2354 accipere
2666 2301 2772 2341 non
2805 2286 3000 2351 timuit,
3037 2298 3160 2358 post
3197 2297 3437 2361 tempora

1869 2376 2023 2444 hujus
2055 2377 2196 2441 vitar,
2229 2377 2424 2447 quibus
2469 2379 2934 2448 quadragenarius
2968 2380 3239 2445 convenit,
3275 2389 3331 2434 et
3371 2381 3438 2434 ad

1868 2466 2325 2530 immortalitatem
2370 2481 2492 2523 cum
2537 2467 2633 2523 Dei
2686 2469 2902 2531 auxilio,
2969 2469 3194 2525 victoria
3251 2480 3438 2526 contra

1868 2560 2137 2620 diabolum
2184 2569 2422 2631 peracta,
2458 2558 2512 2614 in
2548 2575 2771 2629 regnum
2813 2559 3029 2616 caeleste
3070 2561 3434 2624 subleventur,
3485 2580 3487 2582 ·

1867 2659 1921 2706 et
1948 2651 2086 2704 inter
2098 2664 2226 2705 oves
2238 2664 2359 2704 cum
2378 2647 2594 2705 Christo
2618 2658 2940 2721 regnaturas
2969 2666 2998 2704 a
3026 2651 3230 2707 dextris
3253 2666 3443 2707 nume-

1867 2740 1977 2794 rari
2028 2754 2354 2795 mereamur.
2386 2758 2404 2792 ι
2439 2738 2533 2794 Sin
2557 2747 2734 2795 autem
2782 2739 3034 2794 feminam
3086 2741 3312 2812 peperit,
3339 2741 3439 2794 im-

1868 2835 2063 2888 munda
2079 2831 2394 2888 eritduabus
2416 2831 2852 2899 hebdomadibus,
2880 2852 2895 2884 ι
2916 2841 2969 2888 et
2983 2833 3080 2888 rel.
3096 2833 3230 2900 Quia
3247 2833 3441 2889 femina

1865 2922 2094 2992 primum
2121 2921 2350 2990 seipsam
2378 2930 2432 2975 et
2455 2921 2628 2976 virum
2659 2921 2880 2992 decepta
2910 2922 3154 2994 decepit,
3186 2925 3305 2979 ideo
3329 2939 3443 2978 ma-

1861 3012 1966 3083 jori
2015 3011 2256 3080 subjacet
2298 3009 2687 3076 maledictioni;
2721 3011 2838 3066 viro
2881 3013 3023 3066 enim
3058 3013 3258 3068 dictum
3305 3022 3389 3068 cst
3425 3029 3438 3065 :

1874 3102 2181 3157 «Maledicta
2199 3112 2339 3157 terra
2357 3103 2411 3156 in
2433 3116 2594 3171 opere
2620 3111 2728 3165 tuo,
2759 3121 2776 3154 ι
2801 3111 2928 3168 etc.;
2946 3113 3002 3158 et
3024 3104 3248 3160 iterum:
3277 3106 3440 3160 «Cum

1795 3165 1841 3230 ο
1869 3207 1987 3247 eam
2030 3203 2284 3262 operatus
2315 3191 2497 3256 fueris,
2529 3212 2546 3243 ι
2583 3199 2712 3254 etc.;
2763 3201 2858 3247 et:
2898 3211 2915 3244 ι
2953 3191 3009 3246 ln
3042 3193 3236 3249 sudore
3267 3194 3444 3248 vultus

1869 3283 2126 3347 vesceris,
2161 3303 2179 3336 ι
2207 3293 2335 3347 etc.;
2369 3283 2578 3338 mulieri
2631 3291 2808 3337 autem
2836 3299 2848 3335 :
2889 3301 2906 3333 ι
2942 3282 3000 3337 In
3031 3282 3214 3338 dolore
3261 3284 3439 3352 paries

1872 3376 2028 3442 filios,
2053 3385 2106 3433 et
2145 3377 2244 3438 sub
2269 3377 2367 3436 viri
2396 3385 2662 3447 potestate
2697 3377 2806 3432 eris
2827 3375 2975 3447 (Gen.
3007 3376 3114 3447 ιιι).
3144 3397 3163 3431 ι
3196 3377 3273 3432 1111
3295 3378 3445 3433 labor

1874 3473 2193 3535 forinsecus,
2223 3471 2309 3526 isti
2335 3471 2643 3541 praedicitur
2670 3471 3017 3526 intrinsecus.
3049 3471 3243 3527 Dicunt
3269 3474 3434 3528 etiam

1873 3563 2072 3620 fliixum
2117 3563 2398 3634 sanguinis
2416 3577 2515 3632 pro
2543 3561 2782 3617 masculo
2809 3570 3011 3631 septem
3055 3577 3176 3617 esse
3211 3563 3442 3627 diermn,

1874 3668 1970 3722 pro
2007 3653 2201 3708 femina
2237 3667 2364 3708 vero
2409 3652 2617 3712 dierum
2669 3652 3110 3727 quattuordecim;
3141 3660 3196 3708 et
3240 3663 3444 3724 quanto

1873 3753 1954 3798 est
1982 3759 2110 3797 sexu
2143 3742 2422 3807 infirmior,
2450 3749 2598 3796 tanto
2636 3741 2705 3796 sit
2739 3750 2865 3796 natu
2898 3741 3244 3812 inquinatior.
3277 3743 3446 3799 Porro

1875 3833 2280 3904 quatuordecim
2313 3841 2363 3887 ct
2395 3831 2672 3902 sexaginta
2697 3847 2788 3886 sex
2822 3832 3095 3902 octoginta
3144 3831 3366 3900 faciunt,
3394 3837 3443 3888 in

1876 3942 1982 3993 quo
2010 3939 2262 3978 numerus
2305 3923 2549 3992 superior
2588 3923 2906 3992 duplicatur,
2939 3924 3063 3992 quia
3090 3925 3284 3979 mulier
3329 3942 3444 3979 ser-

1877 4015 2052 4084 pentis
2099 4015 2430 4084 persuasioni
2485 4016 2758 4068 consensit
2803 4023 2858 4068 et
2892 4015 3065 4068 virum
3110 4018 3444 4086 persuasioni

1879 4117 1987 4157 suae
2014 4102 2316 4157 consentire
2342 4103 2516 4172 coegit
2542 4119 2556 4167 ;
2586 4102 2669 4156 vir
2691 4111 2866 4156 autem
2896 4102 2993 4158 soli
3022 4105 3296 4160 consensit
3321 4122 3445 4160 mu-

1880 4190 2018 4246 lieri.
2069 4190 2252 4245 Potest
2293 4190 2455 4245 etiam
2492 4191 2604 4261 ipse
2653 4193 3029 4261 octogenarius
3076 4208 3332 4250 numerus
3381 4196 3448 4248 ad

1883 4281 2288 4337 resurrectionis
2343 4282 2549 4353 deflecti
2610 4283 3052 4354 significationem
3105 4300 3118 4338 :
3159 4286 3442 4360 dicendum

1881 4386 2093 4442 quoque
2119 4373 2257 4442 quod
2286 4381 2487 4442 quanto
2522 4373 2784 4430 infirmior
2831 4382 2913 4430 est
2942 4375 3124 4440 homo,
3161 4385 3310 4433 tanto
3341 4393 3451 4432 ma-

1879 4464 1998 4531 jore
2027 4463 2228 4534 indiget
2269 4464 2639 4527 emendatione
2664 4483 2675 4517 :
2714 4483 2731 4515 ι
2783 4465 2996 4520 Deferet
3025 4482 3222 4536 agnum
3251 4475 3306 4522 et
3331 4470 3450 4536 pulo

1885 4557 1991 4610 lum
2022 4555 2280 4612 columba:
2310 4557 2421 4614 sive
2465 4565 2748 4622 turturem,
2785 4577 2801 4609 ι
2835 4558 2887 4613 id
2926 4568 3007 4612 est
3036 4561 3157 4614 vita:
3200 4559 3455 4615 innocen—

1885 4647 2011 4701 tiam
2037 4655 2093 4701 et
2122 4647 2512 4716 simplicitatem
2544 4664 2606 4704 ac
2635 4651 2938 4704 castitatem
2976 4650 3082 4703 Deo
3109 4648 3320 4715 offerat,
3361 4653 3452 4722 qui

1885 4736 2172 4792 mundatus
2213 4754 2243 4790 a
2290 4738 2524 4807 peccatis
2571 4739 2747 4793 induci
2801 4740 2930 4794 velit
2961 4741 3011 4792 in
3050 4739 3450 4794 Sanctuarium.

1884 4827 2148 4883 Sacerdos
2189 4827 2437 4883 Christus
2463 4838 2568 4894 est,
2596 4837 2653 4882 ut
2700 4844 2840 4898 saepe
2881 4831 3080 4883 dictum
3103 4837 3206 4883 est.
3243 4848 3262 4880 ι
3303 4828 3454 4896 Quod

1883 4924 2056 4978 sinon
2083 4923 2350 4978 invenerit
2376 4939 2564 4978 manus
2592 4924 2730 4992 ejus,
2767 4943 2783 4974 ι
2813 4932 2867 4978 et
2890 4924 2984 4977 rel.
3017 4923 3168 4977 Sicut
3200 4925 3253 4978 in
3282 4925 3456 4978 omni-

1887 5016 1986 5070 bus
2031 5013 2366 5084 providentia
2412 5015 2503 5068 Dei
2549 5015 2764 5084 pictatis
2805 5013 3039 5068 consalit
3078 5015 3312 5068 humano
3354 5031 3451 5084 εξε-

1890 5107 2024 5170 ueri,
2057 5106 2131 5157 ita
2169 5113 2223 5158 et
2265 5105 2352 5159 hic
2400 5120 2695 5173 pauperum
2744 5104 3000 5158 relevavit
3048 5090 3300 5174 inopiam,
3356 5106 3455 5172 Qui

1886 5196 2030 5248 enim
2078 5211 2183 5248 non
2223 5204 2399 5264 potest
2445 5210 2664 5265 agnum,
2712 5196 2872 5250 idest
2911 5196 3288 5255 innocentiam.
3320 5197 3459 5259 inte-

1888 5287 2288 5357 gramducere,
2338 5295 2513 5340 sumet
2564 5286 2700 5342 duos
2753 5296 2986 5343 turtures
3016 5288 3099 5342 vel
3140 5288 3315 5358 pullos
3365 5306 3455 5342 co-

1888 5376 2098 5439 lumbae,
2139 5375 2191 5428 id
2219 5384 2302 5430 est
2327 5377 2788 5444 compunctionem
2815 5386 2869 5432 et
2889 5379 3286 5440 castimoniam.
3317 5378 3452 5444 Quia
3481 5432 3486 5438 ,

1889 5465 1975 5519 isti
2010 5465 2166 5520 alites
2189 5464 2441 5536 gemitum
2471 5480 2568 5534 pro
2600 5476 2758 5519 cantu
2804 5467 3022 5532 habent,
3052 5469 3155 5523 duo
3181 5467 3451 5530 dicuntur,

1888 5553 2013 5622 quia
2057 5555 2162 5610 duo
2215 5562 2338 5608 sunt
2387 5569 2580 5624 genera
2632 5557 3060 5627 compunctionis
3101 5575 3114 5610 :
3158 5557 3445 5626 aliquando

1889 5662 2045 5702 mens
2088 5646 2461 5716 compungitur
2488 5657 2705 5718 propter
2755 5659 2953 5703 metum
3005 5649 3284 5716 gehennae.
3317 5651 3456 5716 quod

1891 5749 1972 5796 est
2012 5753 2172 5794 unum
2229 5736 2422 5794 offerre
2470 5756 2574 5809 pro
2613 5751 2832 5809 peccato
2865 5761 2872 5769 -
2912 5741 3195 5807 aliquando
3247 5749 3457 5810 propter
