3948 6328
410 506 429 526 ,
488 440 596 499 tuo

987 434 1381 493 WALAFRIDI
1418 434 1666 491 STRABI
1703 434 1905 491 FULD.
1949 432 2110 490 MON.
2152 432 2301 490 OPP.
2343 435 2525 492 PARS
2561 437 2601 491 l.
2640 440 2711 477 —'-
2751 437 3209 496 THEOLOGICA.

3658 444 3765 499 8‘29

491 547 817 607 desiderium
838 548 987 620 regni
1009 543 1268 612 ctﬂestis,
1301 538 1497 604 ltocest
1523 548 1617 604 Dei
1647 549 1894 615 visionis,
1920 546 2061 618 quod
2090 550 2141 612 Α
2165 549 2471 616 charitatis,
2498 566 2621 605 nam
2675 562 2895 623 propter
2932 553 3100 623 frigus
3127 569 3272 625 saepe
3322 553 3481 611 albor
3540 556 3763 613 incane-

487 651 574 700 cst
594 642 761 698 alium
782 641 839 697 in
863 640 1238 717 holocaustum
1263 639 1562 696 immolare.

997 841 1000 845 ἢ
1091 770 1316 829 CAPUT
1354 770 1493 829 xm.

561 930 582 966 ι
617 909 856 977 [manus
876 913 963 964 est
1005 905 1265 962 Dominus
1292 906 1359 961 ad
1385 904 1603 987 Moysen
1628 913 1683 987 et
1725 906 1930 987 Aaron,
1961 924 1981 959 ι
2008 911 2065 961 et

488 1003 720 1074 reliqua.
750 1000 860 1056 Cur
882 998 949 1056 ad
968 1006 1257 1068 utrumque
1275 996 1513 1069 loquitur
1529 984 1654 1067 cum
1670 984 1735 1075 in
1756 986 1942 1053 Exodo
1967 1011 2066 1068 per

486 1092 705 1164 Iloysen
733 1089 800 1146 ad
822 1088 1002 1144 Aaron
1025 1102 1084 1145 se
1112 1087 1415 1143 locuturum
1451 1075 1805 1160 promiserit?
1830 1087 1923 1144 sed
1939 1088 2065 1159 quia

484 1183 694 1240 duobus
722 1181 898 1238 modis
926 1180 1068 1236 Deus
1106 1179 1345 1265 loquitur
1384 1180 1453 1247 ad
1484 1165 1751 1252 homines,
1784 1181 1837 1237 id
1863 1187 1946 1236 est
1967 1194 2066 1251 per

490 1275 760 1330 intentam
820 1256 1233 1345 inspiratinleln
1264 1256 1343 1351 'et
1404 1284 1503 1355 per
1551 1272 1920 1343 evangelicum
1979 1271 2064 1348 vel

484 1363 652 1418 etiam
700 1361 931 1429 aliorum
971 1360 1249 1441 hominum
1293 1344 1681 1443 ministerium;
1729 1362 1796 1417 ad
1847 1344 2065 1443 Moysep

484 1464 693 1511 secrete
712 1455 1033 1531 loquebatur
1057 1452 1315 1529 meinus
1337 1461 1392 1509 et
1415 1453 1479 1535 ad
1503 1440 1682 1543 A‘aron
1707 1468 1804 1539 per
1824 1440 2060 1539 Moysen.

486 1544 719 1605 (Homo
738 1544 792 1600 in
817 1544 971 1621 cuius
996 1557 1157 1615 carne
1179 1551 1235 1599 et
1275 1552 1418 1623 cute,
1457 1563 1477 1598 ι
1508 1540 1564 1598 et
1590 1540 1818 1614 reliqua.
1850 1542 2066 1622 luamus

484 1639 754 1706 videlicet,
777 1638 869 1713 qui
886 1615 1219 1715 praeceptum
1239 1615 1451 1707 Domini
1476 1635 1638 1694 ftIerit
1657 1615 2061 1712 praevaricatus,

419 1788 429 1797 .
483 1737 569 1792 vel
610 1721 949 1809 Christianus
1002 1718 1230 1809 quilibet
1268 1733 1322 1788 in
1373 1730 1525 1801 cujus
1579 1746 1744 1801 carne
1790 1739 1846 1786 et
1883 1739 2006 1805 cute
2033 1726 2063 1784 a

482 1828 596 1883 vita
628 1834 686 1882 et
732 1825 991 1897 operibus
1028 1808 1338 1911 apparuerit
1392 1821 1650 1903 iniquitas
1692 1830 1749 1898 et
1781 1812 2085 1891 peccatum.

2164 640 2289 705 scit,
2322 658 2345 691 ‹
2371 646 2427 695 et
2456 639 2768 711 capillorum
2816 651 2989 696 mutat
3039 653 3341 713 aspectum,
3381 662 3401 694 ι
3428 644 3483 698 id
3536 652 3627 701 est
3654 658 3763 701 sta-

2166 732 2277 809 tum
2304 729 2644 805 cogitationis
2676 749 2691 786 :
2724 731 2899 802 capilli
2928 732 3180 788 dicuntur
3204 735 3355 802 quasi
3386 735 3593 804 capitis
3628 736 3758 805 pili;

2169 839 2189 897 ς
2222 821 2444 892 ipsaque
2472 836 2601 889 caro
2623 822 2743 901 viva
2775 823 3107 901 apparuerit,
3146 843 3166 877 ι
3196 824 3249 878 id
3272 832 3356 879 est
3382 825 3647 881 carnalis
3672 827 3760 883 ob-

2163 911 2398 967 servatio
2427 911 2557 982 legis
2582 928 2596 966 :
2635 900 2654 964 ι
2684 909 2832 982 lepra
2862 900 3225 983 vetustissima
3257 911 3627 982 iudicabitur,
3657 935 3680 968 ι
3711 917 3759 971 id

2163 1012 2248 1075 est
2296 1004 2499 1059 veteris
2555 1004 2790 1081 hominis
2827 990 2965 1075 opus
3014 1014 3069 1060 et
3116 1005 3459 1081 inquinatio;
3501 1027 3521 1058 ι
3572 1005 3758 1062 inclita

2162 1074 2294 1164 cuti,
2317 1114 2336 1147 ι
2358 1095 2460 1150 hoc
2474 1074 2841 1151 estinhzerens
2860 1074 3279 1163 Conversatiotti.
3310 1115 3328 1147 ι
3350 1096 3760 1153 Coutaminabit

2162 1199 2286 1241 eum
2315 1185 2588 1264 sacerdos,
2624 1203 2643 1237 ι
2668 1172 2723 1256 et
2749 1185 2850 1240 rel.
2882 1184 3165 1265 indignum
3198 1168 3595 1243 communione
3613 1188 3759 1257 judi-

2162 1275 2327 1343 cahit,
2351 1267 2508 1353 quia,
2541 1285 2600 1333 ut
2628 1270 2918 1356 Apostolus
2947 1278 3061 1355 ait:
3100 1295 3120 1330 ι
3166 1276 3224 1351 Si
3260 1279 3755 1343 circumcidamini,

2163 1365 2410 1424 Christus
2441 1352 2595 1425 vobis
2623 1352 2758 1429 nihil
2786 1352 3026 1439 proderit
3054 1367 3197 1440 (Gal.
3219 1368 3309 1442 v);
3345 1390 3365 1421 ι
3407 1378 3465 1426 et
3508 1370 3709 1427 iterum
3742 1391 3753 1425 :

2168 1468 2189 1508 ι
2222 1454 2545 1513 Ηωιιθιίουιιι
2571 1458 2844 1514 hominem
2880 1467 3003 1529 post
3031 1474 3194 1514 unam
3220 1468 3276 1514 et
3310 1460 3615 1516 secundam
3644 1477 3761 1517 eur-

2163 1540 2461 1619 reptionem
2488 1549 2691 1616 devita,
2722 1544 2900 1606 sciens
2937 1550 3061 1621 quia
3109 1552 3408 1607 subversas
3434 1561 3527 1609 est
3571 1553 3757 1622 hujus-

2164 1638 2308 1692 modi
2334 1637 2464 1711 (Tit.
2492 1638 2597 1709 ιιι).
2632 1659 2650 1691 ι
2689 1658 2706 1690 ι
2744 1638 2837 1695 Sin
2865 1649 3046 1695 autem
3092 1639 3391 1697 eﬂloruerit
3438 1643 3755 1700 discurrens

2162 1725 2330 1797 lepra,
2363 1748 2382 1780 ι
2426 1736 2480 1783 et
2528 1729 2624 1783 rel.
2674 1728 2982 1785 Secundum
3038 1730 3342 1795 historiam,
3371 1748 3485 1788 non
3547 1733 3755 1789 videtur

2162 1834 2503 1891 consequens
2554 1828 2615 1874 ut
2662 1821 2895 1876 mundus
2937 1822 3027 1885 sit,
3089 1821 3245 1891 cujus
3301 1832 3474 1877 totam
3534 1838 3751 1879 carnem

482 1919 741 1984 notabile,
783 1936 802 1969 ι
832 1918 948 1972 sive
970 1898 1206 1993 pustula,
1242 1900 1265 1968 Ἴ)
1293 1912 1468 1985 majus
1499 1898 1557 1981 et
1582 1913 1764 1988 minus
1782 1911 2058 1993 delictum,
2092 1898 2137 1959 Β
2165 1910 2340 1993 operit
2379 1904 2547 1981 lepra,
2574 1919 2630 1965 et
2661 1910 2752 1978 ille
2778 1900 3084 1989 immundus
3119 1911 3205 1967 cui
3236 1912 3292 1965 in
3319 1928 3432 1967 uno
3460 1912 3592 1969 loco
3616 1913 3750 1984 lepra

484 2029 506 2061 ι
559 2018 654 2064 aut
702 2007 858 2080 quasi
900 2007 1088 2062 lucens
1144 1991 1460 2076 quippiam,
1503 2022 1522 2056 ι
1551 2004 1603 2059 id
1652 2011 1732 2059 est
1779 1991 2064 2079 manifesta

486 2109 728 2172 peccata,
765 2092 831 2156 dé
861 2098 1058 2170 quibus
1099 2097 1385 2175 Apostolus
1432 2115 1445 2151 :
1486 2115 1505 2147 ι
1553 2094 1939 2163 Quorumdam,
1986 2094 2067 2149 in-

492 2192 631 2262 quit,
662 2174 943 2245 lietnlnum
971 2197 1192 2259 peccata
1222 2186 1508 2242 manifesta
1536 2194 1683 2252 sunt,
1707 2185 2065 2256 prmcedentia

483 2279 550 2336 ad
594 2278 859 2355 judicium
902 2277 959 2353 (ι
1013 2276 1146 2331 Tim.
1198 2276 1271 2361 ν).
1325 2296 1343 2328 ι
1384 2272 1407 2357 ι
1442 2275 1751 2362 Adducetur
1780 2276 1847 2330 ad
1879 2274 2063 2331 Aaron

410 2374 419 2383 ‘
483 2353 842 2437 sacerdotem,
872 2388 891 2423 I
918 2368 971 2447 id
994 2376 1078 2427 est
1114 2353 1427 2447 doctoribus
1449 2353 1907 2447 spiritualibus‘ad
1935 2382 2064 2423 exa-

484 2461 796 2517 minandum
833 2444 1158 2539 publicetur,
1194 2443 1342 2537 equi
1386 2457 1511 2514 dum
1551 2446 1745 2534 viderit
1781 2443 1983 2529 lepram
2010 2448 2064 2513 in

480 2562 606 2609 cute
627 2559 683 2609 et
708 2540 851 2624 pilos
872 2552 923 2607 in
956 2552 1136 2621 album
1167 2551 1402 2623 colorem
1432 2559 1669 2631 mutatos
1691 2593 1705 2619 ,
1734 2570 1758 2605 ι
1784 2539 1845 2608 εί
1866 2551 1989 2629 rel.,
2010 2542 2063 2607 id

476 2653 565 2705 .cst
604 2653 885 2715 peccatum
927 2643 981 2700 in
1018 2632 1292 2709 moribus,
1320 2652 1375 2699 et
1399 2632 1754 2721 cogitationes
1799 2642 1865 2699 de
1906 2634 2066 2699 recti-

384 2734 395 2735 7
478 2735 666 2791 tudine
705 2742 881 2791 status
901 2734 984 2791 sui
1015 2743 1272 2800 mutatas,
1303 2716 1595 2815 ipsamque
1616 2716 1879 2821 actionem
1909 2744 2063 2807 ante.

481 2834 615 2882 aeta:
647 2828 773 2882 vitae
802 2827 1097 2897 turpiorem
1137 2836 1194 2883 et
1237 2827 1602 2891 humiliorem,
1632 2824 1683 2889 id
1723 2833 1806 2893 est
1831 2823 2061 2899 prioris;

485 2937 505 2971 ι
539 2928 596 2976 et
635 2922 703 2976 ad
757 2919 1042 2977 arbitrium
1084 2920 1199 2991 ejus
1234 2920 1591 2991 separabitur,
1631 2939 1651 2973 ι
1690 2919 1744 2975 id
1774 2908 1875 2986 esi,
1905 2919 1949 2974 si
1986 2904 2065 2995 dif

484 3026 624 3082 guns
668 3010 850 3079 fuerit,
875 3011 1450 3068 excommunicabitur.
1491 3031 1510 3064 ι
1549 3011 1643 3067 Sin
1675 3000 2065 3067 autem'lucens

482 3101 686 3159 candor
703 3103 807 3159 erit
833 3103 886 3158 in
913 3110 1056 3170 cute,
1088 3123 1107 3157 ι
1137 3112 1191 3160 et
1212 3104 1440 3174 reliqua.
1471 3103 1526 3160 Si
1549 3103 1931 3160 manifestatur
1946 3103 2065 3175 qui-

480 3194 601 3257 dem
631 3204 939 3280 peccatum,
969 3196 1063 3253 sed
1094 3205 1272 3253 tamen
1304 3213 1409 3253 non
1434 3212 1465 3253 a
1508 3204 1649 3253 statu
1688 3197 1886 3268 prioris
1912 3196 2057 3263 vitae,

478 3285 569 3342 ille
595 3286 688 3358 qui
721 3296 911 3358 peccat
939 3281 1175 3365 dilapsus
1201 3296 1307 3353 est,
1339 3303 1437 3343 nec
1462 3288 1819 3361 cogitationes
1845 3285 1913 3342 ad
1939 3301 2057 3357 per-

477 3374 778 3457 sistenduin
817 3377 873 3443 in
912 3387 1135 3451 peccato
1172 3378 1258 3455 vel
1311 3379 1709 3452 desperandum
1765 3379 2056 3444 convertit,

474 3466 717 3525 recludet
756 3476 879 3543 eum
922 3478 1127 3543 septem
1169 3470 1391 3547 diebus,
1438 3470 1492 3526 id
1528 3477 1612 3527 est
1652 3486 1753 3542 per
1790 3472 2061 3543 poeniten-

474 3560 605 3639 tiam
651 3569 709 3621 et
755 3559 989 3630 Spiritus
1030 3562 1202 3639 sancti
1247 3546 1509 3645 gratiam,
1565 3562 1658 3645 qui
1700 3561 1756 3618 in
1812 3570 2060 3633 septena-

474 3655 560 3725 rio
598 3666 828 3708 numero
872 3652 1212 3717 describitur,
1258 3653 1335 3727 illi
1364 3652 1738 3731 remissionem
1776 3653 2058 3727 promittat

472 3747 842 3837 peccatorum.
884 3735 1205 3837 μεθ-’ξειιὶ
1229 3741 1355 3837 pili.
1379 3740 1532 3833 cuius
1563 3743 1692 3837 sint
1734 3741 1932 3837 coloris
1975 3743 2056 3837 in-

476 3816 612 3899 i-pici
637 3816 911 3910 iubentur:
947 3822 1074 3901 quia
1116 3829 1358 3910 diligenti
1399 3816 2054 3910 eiaminationelinvestif

478 3936 610 3990 gare
638 3908 891 4001 convenit
921 3912 1099 3995 utrum
1129 3908 1413 4005 peccatum
1457 3937 1522 4001 es
1549 3924 1800 4005 diuturna
1838 3908 2057 4005 malitiae

474 3998 935 4096 praemeditatione
962 4002 1223 4085 prodierit
1256 4029 1327 4091 an
1364 3998 1820 4097 casusecundum
1855 3998 2057 4095 fragili-

476 4102 641 4157 tatem
684 4099 935 4184 humanae
972 4098 1195 4159 ’naturas
1234 4103 1539 4185 contigerit.
1575 4121 1594 4185 ι
1641 4103 1698 4160 Si
1740 4120 1870 4162 vero
1904 4104 2053 4179 lepra

475 4190 616 4246 ultra
640 4188 748 4249 non
769 4179 1038 4269 creverit,
1078 4214 1098 4248 ›
1128 4190 1184 4251 id
1209 4179 1316 4263 est,
1356 4184 1402 4252 si
1435 4195 1489 4251 in
1511 4179 1898 4275 consuetudine
1926 4213 2053 4275 pece

470 4285 577 4343 rati
616 4280 780 4365 homo
814 4302 920 4363 non
953 4274 1325 4365 perduraverit
1346 4330 1361 4356 ,
1398 4308 1416 4363 ι
1455 4303 1556 4345 nec
1588 4272 1849 4362 terminos
1875 4272 2057 4348 trans-

476 4375 634 4444 ierit,
662 4362 707 4432 it
760 4377 813 4465 id
864 4362 1123 4466 est'alios
1174 4362 1353 4456 mpres
1402 4362 1531 4437 Suos
1580 4396 1686 4438 non
1738 4374 2053 4461 violaverit,

478 4484 499 4516 ο
540 4468 731 4543 rursus
778 4468 1023 4550 includet
1057 4485 1181 4531 eum
1212 4478 1415 4549 septem
1446 4468 1636 4550 diebus
1682 4470 1822 4536 aliis.
1867 4491 1885 4535 ι
1920 4468 2054 4550 Ρινοξ

467 4565 593 4659 pter
617 4544 929 4659 diligentem
954 4544 1512 4659 examinationem-bis
1541 4576 1664 4638 eum
1692 4561 1890 4639 includi
1913 4548 2051 4635 pne;
2081 4598 2126 4659 ο

466 4644 636 4721 cepit,
682 4647 867 4727 tamen
894 4653 944 4738 ei
998 4644 1213 4738 semper
1242 4644 1341 4735 per
1391 4652 1651 4729 Spiritum
1693 4664 1936 4710 sanctum
1967 4670 2050 4709 rc-

469 4743 659 4821 inissio
682 4736 1053 4831 prpmittatur.
1092 4732 1205 4827 ("Si
1232 4732 1513 4831 dbscurior
1539 4743 1702 4831 fuerit
1730 4740 1912 4815 lepra,
1943 4764 1962 4798 ι
1996 4753 2051 4800 et

476 4832 601 4901 rel.,
631 4834 677 4890 si
698 4826 812 4905 per
854 4824 1245 4915 pmnite'ntiant“
1274 4836 1505 4898 deletum
1537 4828 1700 4916 fuerit
1745 4844 2046 4911 peccatum,

479 4947 497 4977 ι
534 4924 817 4982 mundabit
852 4944 996 5003 enin,
1038 4947 1056 4993 ι
1088 4918 1140 4983 id
1170 4924 1255 4997 est
1281 4914 1827 5005 mundumjudicabit
1858 4947 1871 5002 ἓ
1902 4947 1921 4979 ι
1972 4920 2047 5001 ia;

471 5014 725 5086 vahitque
746 5008 1308 5097 homo‘vestimenta,
1346 5037 1366 5071 ι
1402 5018 1453 5073 id
1493 5027 1578 5097 est
1611 5018 1862 5097 laerymis
1899 5035 2047 5091 com-

467 5108 778 5191 punctionis
801 5086 1129 5189 conscientia
1173 5093 1551 5190 inundabiiurf
1584 5086 1795 5179 {Quod
1824 5111 1868 5167 si
1904 5088 2049 5191 poSt-_

468 5215 630 5277 quam
654 5213 684 5254 a
711 5200 993 5267 sacerdote
1011 5201 1158 5257 visus
1183 5202 1287 5267 eSt,
1316 5220 1334 5253 ι
1352 5196 1416 5285 Γ(ξι
1436 5200 1663 5272 reliqua.
1693 5198 1749 5271 Si
1772 5200 2040 5269 videlicet,

466 5306 502 5365 p
535 5289 1032 5360 ractaptenitentia.
1060 5291 1373 5347 remissione
1384 5296 1827 5360 accepta,rursus
1848 5289 2044 5365 iterare

464 5389 746 5476 peccatum
782 5378 1203 5463 pne-sumpserit,
1237 5368 1647 5467 contaminatus
1691 5370 2039 5450 judicabitur,

552 5473 599 5529 si
648 5474 963 5545 perstiterit,
998 5469 1082 5529 est
1129 5464 1483 5543 separandus.
1520 5489 1539 5523 ι
1585 5471 1747 5545 Plaga
1791 5472 1953 5543 lepra!
1993 5472 2037 5527 si

436 5565 634 5646 tuerit
658 5566 714 5620 in
743 5565 982 5629 homine,
1023 5582 1041 5616 ι
1074 5570 1129 5618 et
1175 5561 1297 5627 rel.,
1338 5561 1389 5617 id
1419 5558 1501 5617 est
1529 5558 1729 5645 erroris
1752 5555 1811 5618 et
1833 5562 2038 5637 peccati

463 5656 773 5737 contagium
794 5696 810 5719 ,
838 5654 1131 5710 adducetur
1169 5652 1235 5707 ad
1266 5650 1625 5718 Sacerdotem,
1658 5653 1710 5707 id
1753 5661 1841 5709 est
1864 5646 2037 5708 "Chri—

462 5754 606 5828 stum
639 5746 721 5801 vel
757 5747 1095 5818 magistrum,
1124 5746 1215 5817 qui
1242 5743 1358 5813 ejus
1387 5745 1555 5799 virem
1605 5753 1769 5800 tenet.
1804 5764 1821 5796 ι
1874 5744 2038 5800 Cum-

466 5851 571 5951 ttue
613 5837 763 5896 color
802 5841 951 5896 albus
986 5839 1165 5913 fuerit,
1198 5859 1217 5893 ι
1247 5849 1299 5897 et
1327 5839 1445 5905 rel.,
1481 5840 1532 5895 id
1578 5849 1656 5893 est
1700 5839 2040 5912 refrigeratio

2166 2000 2381 2056 videtur
2430 2001 2627 2074 inesse.
2689 2000 2984 2071 Allegorice
3034 2010 3212 2077 autem
3250 2019 3265 2065 ε,
3301 2018 3538 2058 carnem
3599 2013 3750 2059 totam

2166 2081 2393 2168 occupat
2426 2092 2600 2163 lepra,
2632 2081 2870 2148 dum‘vel
2901 2078 3174 2164 peccator,
3214 2090 3487 2173 contitens
3540 2110 3751 2149 omnem

2166 2184 2334 2239 vitam
2378 2197 2531 2237 suam
2561 2180 2938 2254 peccatricem,
2966 2182 3166 2249 malum
3196 2199 3353 2238 suum
3382 2199 3494 2263 non
3531 2185 3751 2241 abscon-

2166 2276 2282 2344 dit;
2316 2276 2400 2331 vel
2432 2283 2546 2332 toto
2583 2283 2824 2346 tempore
2865 2268 2987 2330 vita:
3027 2274 3240 2347 publice
3264 2280 3574 2346 pmnitens,
3607 2276 3751 2333 Chri-

2166 2369 2234 2445 sti
2267 2363 2442 2445 gratia
2494 2352 2553 2423 se
2602 2364 2797 2454 qumrit
2841 2366 3101 2432 dealbari,
3138 2386 3156 2418 ι
3188 2367 3428 2451 mundus
3484 2369 3621 2437 erit,
3655 2388 3673 2419 ι
3705 2369 3749 2422 id

2165 2467 2249 2525 est
2297 2458 2456 2533 saluti
2504 2452 2798 2537 proximus.
2848 2477 2867 2511 ι
2901 2452 3129 2532 Quando
3167 2470 3296 2514 vero
3323 2470 3462 2526 caro
3487 2459 3749 2515 vivensin

2165 2568 2231 2611 eo
2269 2552 2600 2630 apparuerit,
2625 2540 2662 2625 ἰ
2696 2560 2751 2606 et
2785 2551 2908 2627 rel.,
2943 2552 2997 2608 id
3032 2560 3114 2635 est
3153 2550 3389 2626 carnalis
3436 2552 3750 2621 superstitio

2165 2643 2317 2715 legis,
2362 2641 2568 2723 judicio
2596 2635 2953 2719 sacerdotum
3001 2644 3347 2719 perquiratur
3397 2654 3597 2698 utrum
3645 2652 3748 2698 tam

2164 2724 2414 2811 pertinax
2468 2738 2563 2815 sit,
2609 2744 2672 2792 ut
2714 2737 2836 2809 jure
2884 2737 3312 2818 condemnetur:
3345 2756 3364 2789 ι
3416 2736 3568 2794 Caro
3613 2738 3746 2792 enim

2163 2827 2285 2896 viva
2313 2828 2357 2883 si
2383 2827 2528 2911 lepra
2558 2821 2903 2911 aspergatur,
2942 2826 3220 2911 immunda
3248 2836 3357 2894 est,
3394 2849 3413 2874 ι
3442 2827 3500 2883 id
3539 2837 3628 2884 est
3659 2830 3749 2883 ob-

2164 2910 2398 2986 servatio
2419 2902 2572 2992 legis,
2604 2919 2651 2983 si
2677 2920 2730 3005 in
2746 2908 2938 2985 errore
2962 2902 3056 3005 sit,
3078 2935 3185 2999 non
3197 2902 3453 2991 prodest.
3481 2919 3590 2988 Qui
3610 2923 3748 2976 enim

2165 3011 2337 3083 credit
2378 3011 2494 3085 sine
2530 3010 2665 3084 legis
2687 2997 3044 3075 observantia
3070 2997 3185 3067 non
3206 3025 3329 3067 esse
3370 3012 3610 3069 salutem
3653 3015 3747 3069 sub

2164 3102 2360 3172 gratia,
2411 3117 2598 3176 errore
2654 3102 3001 3174 illaqueatur.
3033 3120 3053 3154 ι
3086 3101 3239 3170 Quod
3271 3103 3315 3158 si
3345 3119 3570 3159 rursum
3601 3119 3747 3159 versa

2166 3190 2326 3247 fuerit
2363 3192 2417 3252 in
2469 3180 2731 3277 alboretn,
2788 3211 2807 3245 ι
2853 3200 2909 3248 ct
2947 3190 3045 3277 rel.
3091 3191 3152 3259 Si
3198 3180 3323 3269 post
3370 3195 3746 3250 remissionem

2087 3249 2130 3311 Ο
2161 3280 2355 3335 iterum
2416 3295 2447 3335 a
2504 3252 2675 3358 recto,
2708 3265 3024 3365 deviaverit,
3089 3249 3399 3347 immundus
3450 3283 3743 3353 iudicatur,

2163 3388 2182 3423 ι
2221 3384 2349 3427 caro
2377 3378 2432 3426 et
2458 3380 2599 3427 cutis
2630 3370 2685 3455 in
2714 3387 2819 3455 qua
2847 3362 3000 3429 ulcus
3020 3362 3105 3429 est
3131 3362 3314 3451 uatum
3344 3384 3399 3431 et
3425 3384 3697 3438 sanatum,
3720 3394 3741 3426 ι

2156 3468 2211 3516 et
2252 3459 2352 3516 rel.
2396 3460 2560 3517 Ulcus
2588 3448 2685 3518 est
2720 3446 2863 3533 quod
2901 3464 2967 3521 de
3009 3458 3156 3543 intus
3189 3446 3429 3541 erumpit
3462 3466 3660 3521 vulnus
3692 3478 3744 3519 et

2155 3550 2311 3622 plaga
2352 3551 2656 3609 forinsecus
2708 3552 2990 3616 indictum.
3027 3553 3085 3609 Si
3131 3562 3312 3609 autem
3354 3555 3422 3610 de
3469 3555 3744 3610 voluntate

2156 3640 2392 3697 hominis
2426 3650 2701 3711 peccatum
2754 3642 3032 3714 prodierit,
3086 3640 3195 3698 non
3234 3658 3301 3697 ex
3335 3657 3496 3721 casu,
3551 3653 3609 3700 et
3652 3660 3743 3714 per

2154 3731 2528 3802 pmnitentiam
2578 3741 2824 3789 sanatum
2868 3732 3051 3799 fuerit,
3101 3752 3119 3785 ι
3170 3720 3227 3789 et
3259 3720 3581 3811 apparuerit
3628 3734 3740 3790 alba

2155 3826 2401 3893 cicatrix,
2433 3846 2451 3880 ι
2480 3826 2534 3883 id
2557 3834 2641 3883 est
2663 3827 2897 3883 carnalis
2915 3826 3245 3894 Judaismus,
3267 3846 3287 3909 ι
3309 3826 3426 3883 sive
3453 3828 3702 3891 subrufa,
3721 3848 3736 3878 ι

2157 3918 2212 3974 id
2238 3926 2342 3984 est,
2383 3926 2507 3990 post
2548 3920 2778 3990 gratiam
2811 3918 3109 3992 Evangelii,
3148 3919 3293 3976 facta
3317 3922 3741 3990 praevaricatio;

2155 4010 2496 4079 humiliorem
2530 4027 2696 4067 carne
2754 4012 2981 4082 reliqua,
3041 4012 3095 4067 id
3139 4020 3226 4068 est
3277 4010 3524 4083 peiorem
3576 4012 3740 4085 priori

2155 4101 2286 4183 vita,
2308 4109 2441 4177 etc.,
2472 4111 2532 4158 ut
2559 4117 2742 4174 supra.
2775 4122 2793 4155 ι
2831 4102 2982 4171 Quod
3015 4104 3059 4161 si
3082 4104 3224 4175 pilus
3256 4103 3475 4162 coloris
3506 4116 3593 4162 est
3638 4107 3740 4176 pri-

2154 4191 2303 4259 stini,
2340 4210 2359 4271 t
2396 4192 2447 4248 id
2476 4200 2560 4261 est
2581 4192 2810 4261 intentio
2836 4194 3221 4265 cogitationum
3255 4195 3502 4267 priorem
3543 4205 3738 4264 statum

2154 4278 2260 4355 non
2318 4282 2652 4357 relinquens,
2697 4295 2751 4339 et
2780 4284 2850 4363 si,
2885 4285 3214 4341 continuerit
3262 4296 3572 4356 apeccato,
3616 4303 3738 4359 pro-

2156 4364 2404 4443 mittatur
2454 4370 2534 4428 illi
2574 4388 2671 4453 per
2727 4373 2991 4447 Spiritum
3051 4385 3296 4431 sanctum
3348 4378 3654 4433 remissio:
3694 4377 3738 4453 si

2153 4475 2333 4547 autem
2361 4451 2661 4545 perstiterit
2688 4467 2742 4538 in
2778 4463 2961 4547 malis,
3004 4468 3413 4524 condemnetur.
3458 4486 3480 4520 ι
3517 4467 3659 4526 Caro
3685 4451 3736 4523 et

2152 4544 2490 4638 cutis'quam
2520 4558 2660 4635 ignis
2682 4544 2971 4637 eruisset-it,
3009 4579 3028 4613 ι
3057 4568 3112 4615 et
3144 4559 3266 4626 rel.,
3309 4559 3365 4615 id
3402 4568 3490 4615 est
3516 4561 3632 4616 vita
3682 4572 3733 4617 et

2151 4644 2492 4723 Conversatio
2513 4650 2632 4719 quae
2659 4649 2858 4717 invidia
2880 4659 2936 4706 et
2970 4651 3096 4713 odio
3120 4650 3455 4715 vulneratur,
3489 4653 3537 4708 si
3556 4668 3734 4709 emen-

2151 4733 2287 4796 dans
2310 4739 2395 4796 vel
2425 4739 2861 4811 superstitionem
2886 4740 3020 4825 legis
3040 4749 3303 4815 sectatur,
3326 4741 3410 4797 vel
3438 4751 3734 4813 transgres-

2150 4846 2270 4903 sum
2309 4824 2585 4903 Evangelii
2625 4824 2681 4915 et
2718 4846 2864 4915 sana:
2895 4832 3153 4897 doctrina:
3194 4841 3368 4889 status
3428 4835 3729 4897 admiserit,

2148 4914 2629 5007 condemnabitur;
2730 4910 2859 4985 vero
2896 4924 3034 5007 bona
3076 4924 3304 4998 intentio
3327 4942 3435 4982 non
3470 4937 3729 4992 mutatur,

2149 5013 2243 5093 ﬁat
2270 5021 2327 5069 ut
2352 5006 2532 5091 supra.
2566 5012 2623 5079 Si
2645 5022 2766 5085 post
2803 5006 3134 5093 diligentiam
3164 5015 3585 5073 examinationis
3621 5017 3729 5087 ple-

2153 5090 2279 5185 nam
2322 5090 2476 5177 quaVSi
2524 5114 2729 5188 septem
2783 5090 2995 5184 dierum
3043 5090 3507 5175 e7x5pcctationem
3559 5108 3727 5162 errori

2149 5197 2415 5273 obnoxius
2434 5197 2597 5275 homo
2621 5198 2948 5275 inveniatur,
2970 5196 3375 5255 condemnetur.
3394 5198 3562 5271 Plaga
3578 5214 3725 5254 com-

2150 5291 2390 5366 busturte
2441 5284 2525 5346 est
2566 5289 2800 5365 suspicio
2854 5290 3085 5365 invidia},
3135 5306 3242 5369 non
3289 5292 3424 5361 ipsa,
3473 5293 3604 5362 quia
3635 5291 3723 5361 qui

2149 5377 2345 5449 injuste
2380 5380 2537 5435 alicui
2570 5374 2842 5441 invidebat
2865 5371 3003 5435 ante
3028 5372 3480 5454 emendationem,
3511 5383 3557 5437 si
3580 5392 3723 5453 post-

2148 5456 2367 5543 modum
2430 5469 2570 5542 iuste
2614 5487 2776 5552 quem
2812 5459 3155 5548 lredarguit,
3212 5489 3309 5544 per
3358 5475 3575 5531 invidiae
3620 5475 3720 5529 hoc

2149 5556 2448 5641 iteratione
2489 5582 2652 5636 agere
2698 5577 2938 5638 putatur,
2982 5569 3123 5642 quod
3162 5583 3192 5621 a
3248 5568 3493 5634 doctore,
3543 5577 3717 5622 utrum

2148 5650 2242 5724 sit,
2272 5654 2556 5729 diligenter
2592 5642 3022 5728 perspiciendum
3057 5666 3158 5712 est.
3196 5676 3214 5708 ι
3261 5656 3355 5725 Yir
3380 5658 3496 5712 sive
3534 5656 3721 5714 mulier

2146 5752 2199 5806 in
2234 5746 2401 5818 Cujus
2425 5751 2601 5820 capite
2632 5749 2713 5803 vel
2738 5750 2906 5805 barba
2943 5749 3265 5821 gertninabit
3290 5748 3459 5821 lepra,
3497 5768 3518 5801 ι
3545 5757 3599 5803 et
3620 5747 3714 5803 rel.

2149 5840 2329 5905 Fortis
2379 5839 2492 5895 sive
2537 5838 2802 5906 inﬁrmus,
2854 5840 3068 5911 sapiens
3105 5840 3217 5896 sive
3268 5840 3447 5897 minus
3486 5840 3715 5913 sapiens,
