3948 6328
270 366 369 422 821

1228 364 1527 425 ΕΡΙΤΟΜΕ
1565 360 1915 422 COMMENT.
1956 362 2205 421 RABANI
2246 367 2310 421 1N
2352 366 2577 425 LEVIT.

3426 360 3532 421 829

269 486 359 557 qui
394 483 450 541 in
476 483 582 540 fide
616 482 928 540 Divinitatis
956 484 1157 542 Christi
1212 488 1297 544 vel
1338 488 1687 544 humanitatis
1734 486 1851 557 ejus
1881 490 1929 553 Α
1955 486 2011 541 Si
2041 496 2221 542 autem
2243 487 2515 545 hominem
2544 487 2595 541 in
2635 500 2743 556 quo
2773 491 2876 550 est,
2922 483 2974 543 in
3021 480 3217 552 majori
3262 483 3531 554 jactantla

182 624 187 629 .
268 588 455 632 errore
483 573 807 641 maculatur,
849 592 869 627 ‹
902 574 946 631 si
992 576 1218 646 capillus
1258 576 1420 645 fuerit
1458 577 1630 645 ﬂavus
1666 577 1850 636 solito-

269 680 374 738 que
414 666 681 732 subtilior,
714 685 734 721 ο
762 666 867 723 hoc
899 675 984 723 est
1023 669 1248 726 intentio
1296 670 1686 741 cogitationum
1720 685 1851 740 pro-

270 757 446 826 prium
499 764 698 812 statum
756 757 1056 829 reliquerit,
1087 760 1158 817 ad
1195 759 1501 829 malumque
1529 760 1855 830 investigan-

269 847 396 901 dum
414 845 573 901 l‘uerit
598 847 860 919 sagacior,
885 849 1292 908 condemnetur.
1314 868 1333 901 ε
1358 848 1454 905 Sin
1470 858 1648 905 autem
1660 851 1854 907 viderit

270 937 445 992 locum
472 937 696 993 maculae
738 938 999 1008 aequalem
1040 939 1230 999 vicinae
1267 941 1439 1006 carni,
1476 960 1494 994 ι
1539 925 1591 996 id
1617 951 1704 1003 est
1746 957 1850 999 non

270 1025 498 1081 multum
527 1040 560 1081 a
586 1026 813 1082 veritate
856 1028 1249 1087 exorbitantem
1280 1045 1543 1097 errorem,
1596 1039 1671 1099 et,
1702 1049 1723 1086 ς
1759 1047 1851 1087 ca-

269 1115 453 1187 pillum
482 1116 716 1187 nigrum,
762 1136 781 1169 ι
824 1119 1117 1180 secundum
1152 1120 1507 1192 cogitationes
1535 1129 1710 1177 status
1743 1122 1849 1187 sui,

272 1226 292 1259 ι
322 1207 565 1263 recludet
580 1223 703 1264 eum
731 1216 934 1283 septem
956 1210 1164 1278 diebus,
1194 1231 1213 1264 ι
1246 1212 1300 1266 id
1327 1220 1411 1268 est
1438 1227 1535 1282 per
1552 1212 1852 1271 doctrinam

268 1295 340 1352 ab
379 1297 585 1368 Spiritu
614 1306 801 1359 sancto
839 1312 1163 1373 praeceptam
1190 1302 1492 1369 examinet;
1534 1320 1555 1355 ι
1593 1312 1650 1358 et
1696 1303 1853 1359 rade-

268 1396 359 1442 tur
377 1388 541 1442 homo
588 1388 793 1458 absque
833 1388 952 1451 loco
998 1390 1253 1458 maculat,
1304 1410 1325 1444 ι
1384 1392 1440 1447 id
1470 1400 1555 1452 est
1583 1390 1853 1454 examinet

268 1476 385 1549 ejus
408 1479 537 1541 vitia
564 1479 793 1550 reliqua.
822 1479 955 1541 Illud
980 1481 1123 1536 enim
1145 1482 1288 1559 quod
1318 1482 1594 1543 confessus
1622 1490 1711 1545 est
1747 1498 1856 1537 ma:

268 1566 524 1623 nifestum
546 1583 655 1629 non
681 1568 927 1639 indigens
950 1570 1300 1641 inquisitione
1321 1586 1337 1626 :
1359 1580 1553 1632 caetera
1574 1580 1636 1631 ut
1655 1588 1848 1645 supra:

268 1656 699 1724 Subobscurum,
736 1658 789 1715 id
815 1669 900 1716 est
937 1676 1043 1716 non
1068 1661 1224 1717 valde
1247 1663 1614 1733 perspicuum.
1673 1683 1694 1717 ι
1757 1665 1854 1724 Vir

268 1749 337 1806 de
358 1746 516 1820 cujus
536 1749 714 1821 capite
734 1750 911 1822 capilli
936 1749 1123 1818 ﬂuent,
1154 1771 1174 1807 ι
1200 1761 1256 1809 et
1276 1752 1502 1824 reliqua.
1527 1753 1641 1810 Hoc
1661 1762 1743 1811 est
1763 1755 1849 1810 cui

1950 577 2151 637 elevari
2178 577 2542 646 conspexerit,
2567 584 2767 633 tantam
2800 576 2851 630 in
2880 575 3147 643 acquisita
3174 576 3324 645 prius
3345 575 3532 631 favore

1951 669 2170 741 gloriari
2207 669 2362 739 quasi
2408 666 2575 733 licite,
2630 666 2987 723 damnabilem
3034 664 3316 736 iudicabit.
3376 686 3397 719 ι
3435 666 3531 724 Sin
3576 678 3587 687 ’

1952 767 2130 817 autem
2155 758 2439 814 obscurior
2463 756 2645 813 fuerit.
2683 776 2700 808 ι
2752 757 2866 813 [loc
2918 766 3005 812 est
3053 756 3269 826 aliquod
3317 756 3530 829 signum

1950 848 2182 921 peccati,
2214 847 2386 917 ipsum
2414 863 2446 902 a
2475 848 2885 907 conversatione
2904 847 3021 919 ejus
3067 847 3351 904 abscindat
3389 850 3534 905 unde

1953 938 2257 1008 superbiam
2279 937 2332 991 in
2355 937 2730 1007 eopullulasse
2761 938 3090 994 decernitur.
3127 956 3147 989 ι
3181 935 3337 1004 Quod
3369 937 3414 993 si
3453 938 3536 992 ul-

1954 1038 2038 1085 tra
2066 1029 2370 1100 apparuerit
2396 1029 2451 1090 in
2478 1029 2565 1092 his
2578 1029 2739 1095 locis,
2778 1049 2797 1084 ι
2833 1038 2962 1096 etc.,
2994 1029 3047 1085 id
3081 1038 3166 1087 est
3214 1044 3336 1100 quae
3376 1045 3532 1085 recu-

1952 1120 2225 1190 peraverit
2261 1120 2546 1196 pristinum
2597 1119 2839 1187 facinus,
2892 1119 3089 1194 majori
3130 1119 3368 1195 periculo
3407 1120 3536 1180 sul»

1953 1209 2112 1269 iacet.

1946 1226 2112 1280 me“
2526 1279 2753 1337 CAPUT
2790 1270 2955 1336 xw;

2030 1412 2049 1444 ι
2086 1390 2187 1461 Qui
2202 1392 2720 1464 egressusecastris,
2740 1390 3064 1461 retreliqua.
3098 1391 3537 1448 Christussacero

1956 1483 2054 1540 dos
2086 1499 2248 1539 verus
2268 1483 2415 1539 venit
2466 1483 2520 1537 in
2559 1482 2819 1538 mundum
2864 1495 3117 1553 egressus
3144 1496 3174 1535 a
3196 1480 3378 1548 Patre,
3425 1496 3535 1537 non

1955 1574 2264 1645 relinquens
2287 1573 2525 1639 Patrem,
2558 1589 2658 1644 per
2699 1571 2853 1642 cujus
2881 1573 3308 1645 redemptionem
3341 1588 3533 1629 emun-

1957 1666 2115 1722 datur
2138 1675 2413 1736 peccator,
2439 1665 2485 1724 si
2511 1674 2692 1720 tamen
2730 1664 2784 1719 in
2812 1651 2917 1720 (ide
2946 1672 3091 1721 recta
3120 1663 3380 1720 obtulerit
3414 1676 3537 1734 qum

1952 1753 2336 1825 przecipiuntur
2363 1772 2376 1808 :
2407 1771 2429 1807 ι
2458 1753 2592 1811 duos
2612 1766 2861 1824 passeres
2881 1752 3053 1819 vivos,
3084 1772 3104 1806 ι
3129 1753 3264 1811 duas
3286 1752 3539 1811 videlicet

268 1841 536 1913 sagacitas
554 1841 942 1913 cogitationum
963 1850 1018 1898 et
1038 1843 1195 1915 agilis
1214 1859 1407 1900 sensus
1435 1846 1505 1899 ad
1542 1844 1848 1901 rimandum
1879 1859 1927 1921 Β
1956 1844 2013 1899 in
2038 1842 2255 1903 Christo
2284 1851 2521 1908 naturas,
2578 1843 2696 1903 sine
2727 1843 3047 1914 contagione
3093 1844 3323 1914 peccati.
3373 1861 3399 1896 ε
3441 1843 3543 1899 ιίη

268 1932 536 2006 profunda
583 1933 861 2011 defecerit,
916 1934 1248 2005 simplicitati
1314 1935 1558 2002 studens,
1621 1935 1854 1992 mundus

270 2041 392 2082 esse
417 2026 756 2094 decernitur;
792 2024 949 2095 cujus
972 2026 1332 2098 simplicitatis
1371 2027 1513 2083 modi
1553 2036 1680 2083 sunt
1706 2027 1849 2082 duo:

269 2132 410 2173 unus
440 2117 492 2172 in
524 2116 630 2176 illis
659 2118 751 2188 qui
785 2118 1077 2189 prudentes
1106 2129 1233 2175 sunt
1281 2135 1351 2175 ne
1395 2119 1751 2189 decipiantur,
1802 2127 1857 2177 et

269 2207 544 2279 simplices
570 2220 629 2263 ut
662 2209 865 2269 nullum
894 2210 1194 2281 decipiant;
1235 2211 1377 2266 alter
1402 2211 1455 2266 in
1482 2210 1589 2267 illis
1623 2225 1853 2281 quorum

269 2312 443 2364 meus,
476 2297 804 2354 hebetudine
826 2308 1005 2369 capta,
1026 2300 1154 2356 boni
1184 2317 1216 2357 a
1240 2300 1448 2356 malitia
1490 2301 1854 2373 distinguendi

269 2404 442 2460 capax
474 2404 579 2445 non
605 2398 708 2455 est,
763 2391 890 2461 quia
914 2406 944 2445 a
969 2391 1175 2448 Grtccis
1224 2393 1483 2448 moriones
1508 2405 1533 2433 ει
1568 2404 1850 2452 vocantur.

270 2480 478 2538 Ctetera
505 2482 571 2537 de
600 2482 816 2538 calvitio
845 2483 987 2539 sicut
1016 2499 1200 2556 supra.
1255 2483 1348 2539 Sin
1382 2492 1561 2561 autem
1605 2484 1859 2553 praevari-

271 2574 414 2629 catio
446 2573 502 2629 in
531 2574 878 2645 simplicitate
898 2576 1204 2647 contigerit,
1237 2575 1351 2644 ipse
1379 2574 1556 2630 factor
1584 2575 1702 2644 ejus
1728 2591 1859 2646 pec-

272 2662 547 2733 catijusto
567 2664 771 2735 judicio
798 2665 1139 2721 discutiatur.
1171 2684 1189 2717 ι
1223 2665 1557 2735 Quicumque
1575 2680 1706 2735 ergo
1748 2681 1860 2719 ma-

273 2755 487 2812 culatus
510 2753 672 2811 fuerit
695 2754 863 2825 lepra,
887 2775 907 2810 ι
927 2764 982 2813 et
1006 2755 1235 2827 reliqua,
1264 2757 1367 2820 hoc
1389 2756 1573 2829 estqui
1587 2771 1685 2827 pro
1706 2768 1859 2817 reatu

275 2861 376 2902 suo
396 2845 543 2917 justc
565 2856 939 2918 sequestratur
960 2864 989 2904 a
1018 2848 1426 2915 communione;
1470 2868 1489 2901 ‹
1525 2847 1747 2905 habebit
1771 2864 1859 2903 ve—

275 2936 533 2993 stimenta
562 2936 792 3005 dissuta,
826 2958 844 2991 »
880 2938 934 2994 id
967 2945 1051 2999 est
1088 2938 1203 2995 suis
1229 2953 1289 2994 se
1320 2938 1524 2997 viribus
1551 2938 1861 3009 pronuntiet

277 3027 604 3094 desolatum,
643 3047 662 3081 ι
692 3037 852 3098 caput
884 3029 1110 3096 nudum,
1145 3048 1163 3081 ι
1201 3029 1253 3085 id
1278 3037 1364 3089 est
1411 3028 1598 3085 salutis
1620 3043 1680 3087 se
1709 3028 1861 3101 galea

280 3120 565 3192 indignum
602 3120 951 3191 pronuntiat;
981 3139 999 3172 ε
1035 3135 1098 3176 os
1118 3130 1269 3177 veste
1289 3129 1616 3186 contectum,
1654 3139 1673 3173 ι
1707 3121 1757 3176 id
1778 3129 1864 3176 est

1955 1951 2120 2008 gnum
2149 1936 2448 2003 cedrinum,
2476 1955 2501 1995 ›
2537 1951 2753 1993 crucem
2781 1935 2900 2008 ejus
2948 1935 3213 2007 designat.
3255 1934 3538 1993 Vermicu-

1956 2027 2040 2083 lus
2099 2029 2423 2097 sanguinem
2464 2027 2753 2100 passionis.
2809 2026 3106 2097 Hyssophs,
3146 2027 3276 2088 boni
3329 2025 3539 2091 odoris,

1955 2117 2265 2189 pulmonem
2299 2133 2561 2189 purgans,
2584 2116 2847 2189 ’Spiritus
2893 2118 3072 2175 sancti
3110 2118 3391 2185 virtutem,
3444 2117 3547 2188 qui.

1955 2217 2179 2279 peccata
2205 2216 2418 2281 purgat.
2443 2208 2621 2267 Unum
2655 2224 2723 2265 ex
2767 2209 3081 2279 passeribus
3126 2207 3428 2272 immolabit
3484 2207 3543 2262 in
3600 2238 3609 2243 -

1957 2314 2086 2356 vase
2115 2299 2268 2359 ﬁctili
2316 2315 2480 2370 super
2524 2315 2694 2372 aquas
2744 2300 2915 2357 vivas.
2970 2299 3375 2361 Humanitatem
3419 2299 3541 2371 eius

1955 2406 2169 2459 passam
2197 2390 2426 2447 ﬁrmiter
2446 2392 2633 2455 credat
2653 2392 2709 2447 in
2739 2406 2904 2449 carne
2933 2391 3167 2459 mortali,
3193 2401 3318 2463 post
3361 2390 3537 2460 bapti-

1958 2483 2058 2536 smi
2091 2482 2575 2538 consecrationem.
2617 2501 2636 2535 ι
2676 2483 2856 2538 Alium
2880 2490 3061 2539 autem
3082 2484 3263 2538 vivum
3294 2497 3422 2539 cum
3479 2474 3563 2537 li-'

1959 2587 2065 2644 gno
2097 2558 2351 2636 cedrino,
2382 2580 2439 2628 et
2477 2588 2640 2628 cocco
2660 2581 2719 2629 et.
2737 2574 2969 2645 hyssopo
2999 2572 3169 2643 tinget
3192 2572 3246 2627 in
3275 2572 3553 2645 sanguine

1962 2661 2219 2717 immolati
2246 2662 2501 2733 passeris,
2534 2678 2643 2732 quo
2675 2670 2925 2735 asperget
2972 2662 3121 2729 illum
3167 2662 3258 2732 qui
3310 2663 3547 2718 mundaa

1960 2759 2053 2809 tus,
2072 2761 2174 2816 est,-
2200 2751 2422 2823 septies,
2456 2760 2514 2806 ut
2535 2753 2658 2823 jure
2683 2759 2943 2823 purgetur
2970 2769 2984 2806 :
3013 2759 3069 2807 et
3093 2751 3327 2808 dimittet
3353 2765 3547 2821 passe-.

1961 2856 2074 2895 rem
2097 2841 2285 2904 vivum.
2305 2850 2368 2903 ut
2390 2842 2444 2897 in
2469 2857 2654 2913 agrum
2680 2842 2877 2903 avolet.
2905 2862 2925 2895 ι
2956 2841 3152 2899 Passer
3174 2842 3362 2899 vivens
3385 2843 3553 2899 Divi-.

1960 2932 2183 2988 nitatem
2209 2931 2327 3003 ejus
2345 2931 2612 3004 designat.
2634 2932 2831 2993 Passer
2855 2932 3008 2995 vivus
3026 2947 3152 2989 cum
3180 2932 3328 3004 ligno
3343 2940 3397 2988 et
3418 2933 3540 3004 hyso

1961 3039 2091 3097 sopo
2117 3023 2339 3097 tingitur
2358 3026 2411 3081 in
2442 3026 2703 3098 sanguine
2726 3025 2985 3085 immolati
3017 3026 3277 3098 passeris,
3300 3026 3430 3098 quia
3448 3025 3542 3080 Di-

1960 3116 2156 3172 vinitas
2184 3118 2238 3172 in
2263 3133 2327 3172 eo
2354 3134 2479 3174 vera
2502 3117 2622 3183 fuit,
2655 3119 2747 3189 qui
2771 3133 2961 3189 passus
2987 3126 3072 3173 est
3098 3118 3151 3173 in
3170 3132 3353 3183 cruce,
3376 3116 3537 3175 Chri-

281 3225 316 3267 a
342 3211 669 3282 loquacitate
691 3210 971 3280 pravitatis
998 3208 1126 3265 illud
1148 3209 1452 3276 refrenans,
1479 3218 1534 3264 et
1560 3210 1705 3264 omni
1727 3218 1862 3265 tem-
1887 3204 1933 3267 C
1963 3215 2078 3264 stus
2104 3207 2355 3263 videlicet
2394 3208 2537 3264 Deus
2559 3216 2614 3263 et
2642 3209 2825 3281 homo,
2883 3208 3175 3263 Divinitate
3219 3206 3559 3278 passionem.

279 3316 414 3374 pore
437 3316 496 3358 se
520 3310 862 3372 peccatorem
885 3302 1216 3372 pronuntiet,
1244 3301 1456 3373 publice
1481 3301 1774 3371 ptenitens,
1801 3308 1862 3356 ut

279 3392 956 3464 aDominojustiticetur;
992 3412 1011 3448 ε
1054 3392 1206 3449 solus
1254 3391 1519 3447 habitabit
1563 3400 1718 3448 extra
1765 3407 1857 3448 ca-

280 3491 419 3549 stra,
454 3503 474 3537 »
506 3484 558 3538 in
596 3484 857 3556 disposita
902 3484 1006 3541 sibi
1033 3484 1281 3547 videlicet
1321 3484 1639 3557 pmnitentia
1668 3484 1863 3545 unani-

279 3573 443 3628 miter
472 3572 791 3642 persistens,
819 3573 991 3628 donec
1019 3588 1048 3627 a
1075 3571 1303 3628 Domino
1333 3574 1542 3629 veniam
1564 3588 1873 3644 consequa-7

280 3673 394 3721 tur.
430 3685 450 3721 ί
478 3663 656 3721 Vestis
680 3665 837 3727 lanea
862 3667 975 3723 sive
1001 3665 1169 3734 linea,
1198 3686 1216 3720 ι
1260 3667 1312 3723 id
1337 3675 1423 3722 est
1441 3667 1615 3732 virtus
1650 3680 1860 3724 summa

279 3761 338 3811 et
362 3753 606 3820 inferior,
638 3756 777 3811 sicut
795 3756 949 3820 lanea
975 3757 1141 3812 vestis
1168 3757 1454 3828 pretiosior
1478 3765 1563 3812 est
1589 3766 1645 3813 et
1687 3756 1858 3831 majo.

283 3861 400 3901 rem
428 3854 648 3917 praestat
673 3846 931 3912 colorem,
957 3856 1019 3905 et
1048 3847 1191 3904 linea
1217 3848 1375 3904 vilior
1408 3848 1703 3907 minorem.
1743 3847 1858 3909 Non
1888 3917 1901 3925 ο

281 3944 370 3992 est
390 3936 534 3992 enim
563 3951 717 4008 aqua
740 3937 1061 4006 virginitati,
1116 3938 1397 4010 martyrio,
1444 3938 1761 4001 substantiae
1805 3946 1861 3994 et

282 4025 473 4080 mundi
507 4025 858 4096 despectioni,
882 4027 1136 4098 pudicitia
1166 4026 1393 4084 vidualis
1431 4035 1487 4083 et
1533 4026 1857 4098 conjugalis;

281 4113 597 4184 praedicatio
637 4114 754 4170 sine
799 4115 1196 4188 persecutione,
1242 4115 1453 4185 largitio
1504 4115 1861 4187 elcemosynze

284 4204 413 4259 licet
438 4203 648 4275 singula
669 4204 861 4267 horum
891 4205 1027 4261 bona
1058 4205 1167 4265 sint
1192 4214 1247 4261 et
1274 4206 1448 4272 utilia,
1474 4214 1681 4262 stamen
1708 4223 1857 4274 vero,

284 4294 429 4363 quod
452 4301 650 4349 caetera
681 4302 971 4361 sustentat,
1027 4294 1121 4350 Dei
1146 4301 1355 4361 nutum,
1400 4294 1732 4366 subtegmen,
1766 4312 1862 4352 no-

286 4393 459 4439 stram
490 4384 842 4439 intentionem
887 4393 1064 4459 potest
1085 4386 1412 4455 exprimere,
1444 4385 1512 4441 de
1533 4386 1725 4455 quibus
1764 4385 1859 4442 Dei

284 4475 490 4531 auxilio
516 4485 570 4531 et
593 4478 765 4544 gratia
820 4478 1188 4553 praeveniente
1222 4478 1501 4543 virtutum,
1555 4479 1860 4534 contexitur

286 4567 536 4622 amictus.
565 4566 748 4623 Pellis-
767 4550 1011 4625 laborum
1057 4567 1404 4623 tentationem
1436 4567 1861 4624 tribulationem-
1888 4550 1938 4610 Ῑ)

287 4672 392 4727 que
432 4657 719 4729 significat,
774 4674 894 4730 quae
923 4659 974 4713 in
988 4656 1232 4729 jejuniis,
1262 4657 1459 4730 vigiliis
1480 4668 1534 4716 et
1553 4659 1672 4714 aliis
1704 4675 1861 4716 exer-

286 4748 640 4804 citationibus
678 4749 834 4803 nobis
882 4748 1197 4820 ingerimus.
1229 4748 1286 4804 ln
1316 4749 1383 4805 iis
1416 4749 1728 4817 virtutibus,
1756 4768 1774 4801 ‹
1813 4750 1861 4807 si

286 4839 409 4897 alba
435 4847 489 4894 et
512 4838 632 4899 rufa
663 4838 824 4893 fuerit
846 4838 1080 4905 macula,
1111 4858 1131 4892 ι
1166 4837 1217 4893 id
1246 4846 1331 4894 est
1359 4838 1634 4909 subreptio
1672 4854 1861 4909 super-

286 4932 395 4989 bia:
417 4930 503 4986 vel
527 4929 824 5008 iactantur.
868 4947 886 4979 ε
935 4928 1174 4985 recludet
1216 4943 1335 4985 eam
1367 4929 1622 4993 sacerdos.
1657 4938 1861 4998 septem

285 5019 478 5076 diebus
498 5037 516 5071 ι
545 5027 602 5074 ut
625 5034 817 5089 supra;
844 5019 889 5074 si
904 5033 1038 5074 vero
1059 5026 1182 5089 post
1201 5018 1615 5084 examinationis
1638 5017 1865 5090 diligen-

289 5109 419 5172 tiam
445 5109 635 5177 vitium
656 5110 839 5163 virtuti
868 5109 1146 5165 inluesisse
1174 5108 1496 5184 reperiatur,
1532 5127 1552 5161 ‹
1582 5110 1864 5170 combura-

289 5208 376 5257 tur
402 5197 659 5262 ﬂammis,
688 5219 707 5253 ι
736 5200 788 5255 id
817 5207 901 5255 est
921 5198 1496 5261 excurnmunicationis
1538 5197 1863 5263 condemna-

290 5291 455 5358 tione,
499 5290 585 5347 vel
626 5305 800 5362 poenae
844 5290 1159 5362 gehennalis
1211 5299 1385 5343 terror
1430 5289 1748 5345 exhibeatur
1775 5307 1788 5343 :
1817 5289 1862 5351 si

287 5396 415 5438 vero
448 5380 502 5436 in
530 5380 706 5451 pmnis
744 5396 848 5436 non
878 5379 1188 5452 profecerit,
1216 5378 1494 5450 'lacrymis
1534 5379 1861 5449 paenitentia:

286 5471 533 5527 abluatur
563 5479 619 5527 et
639 5469 829 5541 majori
852 5470 1059 5527 cautela
1089 5470 1351 5540 probetur
1376 5478 1555 5524 utrum
1586 5469 1638 5523 in
1674 5484 1861 5540 super-

288 5564 372 5620 bia
404 5564 678 5637 persistat,
722 5564 876 5636 quasi
901 5574 1109 5635 septem
1136 5563 1328 5619 diebus
1369 5561 1487 5618 aliis
1534 5561 1855 5629 includatur.

360 5757 383 5784 ⁸
418 5744 578 5800 Stulti
609 5761 637 5798 a
666 5746 855 5829 μωρῖῗ,
886 5742 1127 5799 stultitia.

1852 5752 1927 5779 1""

1965 3313 2071 3353 non
2097 3296 2424 3368 perferente.
2455 3296 2589 3355 Cum
2613 3298 2864 3370 ltyssopo,
2892 3297 3019 3368 quia
3061 3295 3298 3367 Spiritus
3316 3304 3558 3351 sanctus.

1965 3387 2017 3441 in
2046 3388 2299 3457 passione
2323 3388 2439 3459 ejus
2461 3403 2587 3449 eum
2612 3402 2720 3447 non
2738 3387 2995 3448 deseruit.
3044 3387 3257 3457 Septies
3301 3387 3555 3456 aspergit.

1964 3485 2054 3537 tur
2075 3478 2166 3549 qui
2188 3477 2526 3542 mundandus
2552 3488 2650 3542 est,
2681 3478 2804 3550 quia
2825 3492 2923 3548 per
2947 3477 3180 3549 Spiritus
3214 3478 3386 3534 sancti
3414 3493 3538 3549 gra—

1964 3568 2095 3631 tiam
2118 3578 2463 3641 peccatorum
2489 3570 2644 3626 venia
2675 3570 3007 3627 conceditur.
3058 3569 3253 3626 Passer
3293 3569 3451 3627 vivus
3478 3569 3535 3633 in

1964 3676 2154 3734 agrum
2197 3663 2509 3729 dimittitur,
2552 3664 2677 3734 quia
2703 3661 2965 3718 Diviuitas
3020 3662 3189 3718 libera
3220 3677 3253 3718 a
3281 3661 3542 3733 passiOne

1960 3752 2321 3824 cognoscitur.
2348 3770 2368 3804 ι
2394 3752 2637 3825 Cumque
2652 3752 2814 3808 homo
2830 3751 3352 3807 laveritvestimenta
3369 3764 3490 3815 sua,
3513 3770 3531 3803 ι

1960 3845 2016 3905 id
2043 3854 2129 3903 est
2164 3845 2507 3919 mundaverit
2534 3859 2713 3902 mores
2733 3860 2890 3910 suos,
2929 3863 2947 3896 ι
2981 3845 3135 3909 radet
3167 3858 3357 3901 omnes
3393 3843 3534 3913 pilos

1960 3922 2223 4008 corporis,
2262 3956 2282 3989 ›
2318 3937 2372 3991 id
2398 3944 2500 4003 est,
2526 3926 2880 4007 cogitationes
2902 3950 3033 3995 suas
3075 3934 3295 3991 illicitas
3318 3934 3534 3995 abscin-

1960 4026 2085 4082 det:
2116 4045 2135 4076 ι
2168 4025 2434 4080 lavabitur
2460 4040 2622 4094 aqua,
2658 4042 2676 4077 ι
2712 4024 2764 4079 id
2789 4031 2873 4081 est
2894 4023 3145 4095 lacryntis
3168 4023 3535 4094 compunotioo.
3586 4070 3592 4074 .

1961 4115 2068 4181 nis,
2101 4133 2121 4166 ι
2156 4114 2580 4186 puriﬁcatusque
2606 4113 2906 4186 ingreditur
2932 4114 2986 4169 in
3017 4104 3217 4178 castra,
3241 4131 3261 4165 ι
3308 4111 3535 4168 munda-

1961 4217 2047 4264 tus
2072 4207 2276 4265 scilicet
2300 4222 2331 4261 a
2360 4204 2919 4277 pratvaricationibus,
2939 4206 3129 4261 unitati
3151 4204 3537 4261 ecclesiasticae

1959 4299 2463 4359 communicationis
2482 4298 2754 4363 reddatur.
2782 4316 2800 4349 ‹
2843 4297 2910 4354 Ut
2936 4304 3150 4356 maneat
3183 4304 3337 4351 extra
3362 4296 3540 4353 taber-

1960 4391 2210 4448 naculum
2234 4406 2388 4447 suum
2420 4400 2626 4463 septem
2656 4391 2865 4457 diebus,
2905 4410 2923 4442 ι
2959 4389 3009 4444 id
3038 4396 3121 4445 est
3140 4403 3311 4460 usque
3331 4388 3400 4444 ad
3412 4403 3537 4457 per-

1960 4477 2155 4536 fectam
2184 4480 2579 4551 pmnitentiam,
2612 4481 2897 4552 indignum
2938 4494 2996 4537 se
3037 4487 3357 4551 caeterorum
3411 4492 3538 4535 wu-
3568 4528 3573 4533 .

1964 4570 2131 4631 sortio
2152 4568 2434 4639 iudicabit.
2461 4587 2481 4621 ι
2515 4569 2689 4625 Radet
2708 4569 2929 4639 capillos
2952 4569 3164 4639 capitis,
3210 4567 3551 4647 barbamque.

1963 4668 2021 4721 et
2045 4659 2359 4730 supercilia,
2381 4680 2403 4715 »η
2434 4659 2490 4715 id
2517 4668 2601 4716 est
2638 4659 2891 4715 emundet
2920 4659 3289 4730 cogitationes
3318 4657 3539 4731 interio-

1966 4764 2054 4806 res
2074 4758 2130 4805 et
2159 4750 2459 4807 exteriores
2480 4750 2675 4827 quibus
2696 4757 2789 4813 aut
2816 4750 2869 4804 in
2913 4748 3110 4804 mentis
3160 4754 3393 4812 secreto,
3441 4755 3541 4807 aut
3578 4806 3581 4813 ἱ

1967 4841 2129 4897 rebus
2150 4839 2450 4913 forinsecus
2467 4841 2664 4917 positis
2690 4841 2902 4905 animus
2933 4839 3227 4910 delinquit,
3254 4838 3391 4899 lotis
3420 4854 3539 4901 rur-

1968 4948 2086 4989 sum
2119 4932 2359 4989 vestibus
2393 4941 2448 4988 et
2470 4946 2737 5003 corpore.L
2777 4931 2830 4991 id
2872 4940 2979 4996 est,
3019 4930 3261 4987 moribus
3294 4937 3353 4987 et
3403 4931 3532 4985 vita.

1974 5045 1993 5079 ‹
2026 5027 2125 5082 Die
2152 5034 2363 5088 octavo,
2393 5033 2483 5080 ret
2498 5025 2722 5093 reliqua.
2767 5024 2891 5082 Dies
2904 5022 3553 5095 octavusipseetprimus.

1965 5123 2225 5185 est,.nam
2257 5124 2478 5170 octavus
2503 5114 2700 5170 dicitur
2719 5129 2792 5169 eo
2819 5115 2960 5184 quod
3004 5114 3308 5184 septimum.
3343 5128 3538 5189 sequa-

1969 5215 2079 5272 tur,
2108 5220 2233 5260 nam
2255 5214 2386 5276 post.
2402 5206 2708 5278 passionem
2736 5203 2995 5260 Dominus
3017 5202 3313 5261 resurrexit
3348 5210 3539 5261 octava
3580 5264 3583 5269 _

1968 5295 2219 5365 die,qu:e
2241 5300 2296 5349 et
2329 5278 2523 5365 prima
2548 5292 2683 5350 dies.
2723 5290 2950 5349 Jubetur
2985 5307 3117 5366 ergo
3159 5300 3411 5363 peccator
3452 5290 3544 5349 die

1966 5394 2160 5440 octavo
2197 5383 2467 5450 mundari,
2505 5383 2556 5438 id
2589 5391 2673 5439 est
2717 5381 2946 5439 firmiter
2988 5383 3040 5439 in
3086 5381 3549 5445 resurrectionem

1968 5476 2180 5532 Domini
2213 5473 2418 5532 credat.
2452 5494 2471 5527 ι
2501 5475 2752 5540 Assumet
2776 5475 2910 5531 duos
2936 5489 3125 5547 agnos,
3163 5492 3181 5526 ι
3215 5480 3271 5528 et
3312 5471 3538 5539 reliqua.
3580 5534 3583 5541 ι

1968 5566 2082 5633 Duo
2116 5564 2238 5639 agni
2267 5564 2543 5622 Christum
2573 5565 2877 5636 designant,
2920 5566 3009 5648 qui
3033 5572 3322 5644 utrumque
3352 5576 3538 5627 sexum
