3948 6328
406 371 515 428 823

912 336 1303 425 murmur
1339 366 1586 425 suum
1621 368 1824 427 rum.
1868 368 1967 427 MO

2076 368 2227 427 OPP.
2271 370 2448 429 PARS
2486 375 2525 430 i.
2562 405 2633 415 —
2667 374 3126 435 THEOLOGICA.

3565 381 3672 438 824

407 482 671 550 redemit;
703 479 790 537 vel
818 481 1158 538 innocentem
1179 481 1369 548 vitam,
1399 497 1522 553 quae
1558 491 1614 539 et
1655 483 1882 538 interius
1926 491 1979 538 et
2006 487 2053 545 Α
2082 484 2393 554 praecipitur
2413 494 2473 541 ut
2487 484 2806 542 auferantur
2824 488 3076 543 universa
3097 489 3164 542 de
3184 486 3398 554 damon
3418 490 3473 545 id
3493 498 3600 555 est,
3623 503 3683 547 ut

395 576 650 632 exterius
673 575 940 631 servanda
965 582 1069 631 est.
1124 593 1143 627 ‹
1171 572 1339 631 Ovem
1380 576 1710 642 anniculam,
1748 596 1765 629 ι
1822 576 1877 631 id
1907 584 1991 632 est

404 666 875 724 mansuetudinem
895 666 1216 737 perlectam.
1252 686 1272 720 ι
1302 668 1439 724 Tres
1458 668 1698 724 decimas
1726 668 1933 733 similze,
1963 688 1984 723 ι

407 759 570 814 Iidem
590 765 793 814 sanetae
815 756 1118 822 Trinitatis,
1167 773 1289 829 quae
1317 759 1439 816 oleo
1481 759 1868 814 misericordia:
1917 759 1990 815 sit

401 848 607 908 infusa.
634 866 655 902 ι
686 846 805 905 Oiei
832 848 1155 915 sextarium,
1190 869 1211 903 ι
1236 849 1560 905 catholicam
1589 848 1771 915 ﬁdem,
1796 850 1849 905 in
1880 864 1988 920 qua

296 960 305 973 ν
400 952 594 998 omnes
615 938 868 1003 virtutes,
902 938 1057 1008 quasi
1084 939 1140 993 in
1169 940 1407 996 sextario
1430 940 1670 995 minores
1697 950 1981 1007 mensurae,

398 1030 765 1088 continentur.
797 1030 1010 1087 Ostium
1032 1031 1369 1087 tabernaculi
1399 1031 1645 1088 doctrina
1670 1039 1755 1088 est
1774 1040 1986 1103 aposto-

399 1120 599 1186 lorum,
631 1120 808 1176 hostia
831 1134 932 1191 pro
958 1119 1174 1187 delicto,
1202 1121 1315 1177 sive
1360 1136 1460 1193 pro
1508 1130 1754 1194 peccato,
1805 1122 1982 1193 pinni-

398 1210 580 1268 tentite
599 1219 682 1269 est
702 1212 986 1273 exbibitio.
1020 1211 1228 1287 Catera
1257 1221 1317 1288 ut
1334 1229 1518 1295 supra.

471 1319 492 1354 σ
528 1302 933 1374 Αεευιιιεηειιιιε
963 1304 1217 1361 sacerdos
1242 1307 1307 1360 de
1334 1307 1596 1378 sanguine
1624 1306 1834 1377 hostiae,
1884 1321 1982 1379 po-

393 1402 491 1451 net
509 1408 673 1466 super
700 1402 1008 1451 extremum
1034 1395 1290 1452 auricqu
1316 1397 1557 1468 ejusdem
1596 1397 1820 1464 dextras,
1854 1418 1871 1449 ι
1928 1399 1981 1454 id

393 1492 499 1549 est,
540 1498 640 1557 per
666 1485 1087 1556 redemptionem
1111 1484 1337 1554 Christi,
1358 1493 1490 1543 ‘eum
1520 1487 1710 1543 doceat
1736 1477 1980 1545 auditum

393 1590 717 1649 prosperum
751 1585 806 1631 et
838 1576 1161 1632 benevolum
1183 1577 1251 1632 ad
1274 1577 1603 1636 audiendum
1652 1580 1855 1637 habere
1889 1581 1980 1650 ju-

395 1667 624 1723 stitiam.
653 1685 672 1719 ι
699 1665 767 1722 Ει
793 1680 956 1737 super
982 1665 1203 1737 pollices
1228 1682 1422 1723 manus
1450 1669 1657 1724 dextra}
1678 1678 1732 1724 et
1757 1670 1912 1741 pedis
1955 1689 1975 1722 ›

391 1760 589 1827 dextri,
613 1759 683 1816 ad
694 1759 1002 1832 dirigendas
1018 1760 1265 1816 videlicet
1289 1761 1632 1832 operationes
1655 1761 1977 1827 eminentes,

2093 575 2301 631 seducti
2342 575 2411 632 de
2450 576 2850 632 immundorum
2910 577 3184 635 consortio
3227 589 3573 651 separentur,
3624 593 3683 637 ut

2093 665 2429 732 postmodum
2447 665 2655 735 judicio
2686 682 2821 724 vero
2847 668 3023 745 ipsum
3063 669 3257 741 dogma
3312 671 3677 727 discernatur.

2094 755 2368 812 Vallicniae
2388 773 2584 828 pravas
2605 760 2908 815 sententias
2935 761 3269 831 procedunt;
3298 761 3477 832 pallor
3511 773 3568 818 et
3595 779 3681 817 ru-

2091 846 2193 903 bor
2207 847 2527 918 iactantiam
2556 857 2616 905 et
2636 850 2966 922 superbiam.
2995 871 3013 906 ι
3043 852 3239 909 Statim
3253 854 3472 909 claudet
3482 870 3633 920 eam,
3657 879 3673 909 ι

2091 938 2196 994 hoc
2224 947 2310 995 est
2338 939 2486 995 illum
2520 940 2742 996 damnet
2765 957 3030 1009 errorem,
3053 953 3109 1000 et
3134 959 3203 999 ne
3228 944 3461 1001 ulterius
3511 947 3681 1001 divul-

2086 1036 2269 1099 getur,
2320 1030 2561 1101 oppilare
2602 1033 2913 1087 contendat.
2980 1052 3001 1086 ι
3035 1033 3413 1107 Reversusque
3452 1037 3548 1093 die
3595 1053 3679 1093 se-

2088 1117 2282 1188 ptimo,
2310 1136 2329 1170 ι
2355 1118 2408 1173 id
2435 1129 2519 1175 est
2542 1131 2666 1191 post
2705 1130 2921 1177 cautam
2949 1125 3429 1193 examinationem,
3473 1146 3497 1177 σ
3527 1128 3573 1181 si
3600 1129 3681 1182 in-

2089 1207 2786 1281 veneritcrevisseiepram,
2813 1232 2832 1267 ι
2866 1204 2923 1268 et
2934 1214 3159 1284 reliqua,
3188 1215 3240 1270 id
3263 1206 3345 1271 est
3362 1217 3406 1293 si
3432 1232 3682 1274 errorem

2087 1295 2437 1369 perseverare
2453 1305 2815 1377 conspexerit,
2842 1296 3459 1379 «jubebiiiapides_ipsos
3473 1312 3598 1365 erui
3620 1354 3637 1375 ,
3660 1332 3679 1361 ι

2089 1389 2174 1444 vel
2199 1390 2343 1460 ipsos
2368 1380 2682 1448 seductores
2707 1402 2763 1448 et
2781 1407 2969 1450 eorum
3005 1384 3271 1474 dogmata.
3293 1388 3452 1453 extra
3502 1400 3715 1457 Bede--

2089 1480 2241 1538 siam'
2258 1483 2399 1538 inter
2416 1483 2706 1540 haereticos
2728 1494 2911 1555 ponat.
2956 1506 2975 1538 ι
3005 1485 3235 1542 Domum
3276 1476 3461 1544 autem
3497 1491 3674 1561 ipsam

2088 1572 2430 1639 intrinsecus,
2445 1592 2463 1624 ι
2488 1572 2544 1629 id
2563 1572 2669 1641 εει,
2696 1574 2867 1644 ipsam
2889 1576 3156 1645 mundare
3170 1564 3679 1649 congregationem,

2095 1683 2113 1716 ι
2149 1674 2204 1719 ει
2228 1664 2526 1734 pulverem,
2556 1684 2576 1719 ι
2616 1665 2720 1721 hoc
2738 1652 2822 1722 est
2847 1668 3097 1740 contagia
3133 1656 3337 1724 erroris
3371 1670 3544 1726 faciet
3582 1672 3679 1726 im-

2088 1756 2366 1812 munditia:
2398 1755 2777 1812 haereticorum
2809 1757 3076 1828 deputari,
3130 1758 3375 1830 aliosque
3422 1762 3677 1817 doctores

390 1857 448 1906 et
470 1849 742 1907 incessum
773 1851 828 1906 in
854 1850 1124 1908 mandatis
1146 1850 1263 1907 Dei.
1338 1856 1357 1905 ι
1390 1852 1457 1909 Ει
1479 1852 1548 1909 de
1597 1853 1702 1910 olei
1745 1856 1987 1912 sextario
2017 1846 2060 1906 Β
2088 1860 2189 1917 pro
2220 1848 2308 1905 bis
2334 1838 2577 1925 ordinari
2601 1850 2854 1919 verisque
2880 1848 3221 1920 dogmatibus
3255 1853 3503 1924 ejusdem
3556 1869 3677 1908 cor—

390 1942 569 1999 mittet
602 1942 656 2000 in
674 1959 898 2005 manum
921 1959 1073 2000 suam
1108 1935 1409 2014 sinistram,
1446 1967 1466 2002 ι
1493 1947 1545 2004 id
1566 1956 1670 2017 est,
1704 1949 1864 2006 ﬁdem
1898 1951 1982 2006 in-

391 2044 601 2106 tegram
625 2036 680 2092 in
709 2037 813 2093 hac
850 2037 961 2093 vita
1005 2038 1292 2094 tenendam
1331 2023 1694 2098 commendet.
1753 2041 1981 2099 Eterna

388 2126 536 2182 enim
571 2127 684 2183 vita
711 2128 766 2182 in
802 2128 1024 2184 dextera
1051 2118 1386 2200 accipitur-fc
1415 2132 1716 2203 Tingetque
1756 2128 1981 2203 digitum

389 2216 549 2283 ineo,
579 2235 597 2270 ι
633 2225 691 2273 ει
707 2217 941 2288 reliqua;
965 2218 1017 2273 id
1045 2226 1149 2286 est,
1177 2206 1634 2277 cumdiscretidue
1647 2220 1836 2292 iudicii
1854 2238 1978 2293 per-

387 2305 588 2362 fectam
627 2305 860 2374 veniam,
903 2308 1063 2380 quasi
1101 2309 1301 2380 septies
1330 2325 1612 2383 spargens,
1642 2311 1693 2367 ei
1731 2312 1980 2383 impetret

388 2399 531 2467 apud
562 2398 871 2455 Dominum.
918 2419 937 2454 ι
971 2399 1262 2471 Reliquum
1287 2387 1392 2457 olei
1414 2401 1601 2458 fundet
1621 2418 1783 2473 super
1800 2415 1980 2459 extre~

386 2505 535 2544 mum
563 2490 818 2547 auriculae
842 2492 1050 2548 dextra:
1073 2491 1209 2563 eius,
1235 2512 1256 2545 ι
1291 2493 1345 2549 id
1372 2502 1475 2559 est,
1507 2494 1754 2569 quamvis
1782 2508 1974 2555 cuncta

385 2590 606 2654 propter
627 2577 998 2641 inﬁrmitatem
1027 2572 1377 2643 suam'homo
1398 2587 1493 2643 Dei
1516 2588 1770 2644 mandata
1811 2604 1978 2660 opere

384 2672 655 2745 complere
679 2669 936 2745 nequeat,
960 2677 1173 2733 studeat
1199 2687 1377 2733 tamen
1416 2678 1605 2734 audire
1643 2689 1699 2735 et
1744 2680 1972 2747 discere,

384 2772 444 2817 ut
469 2764 651 2821 sciens
678 2765 891 2821 Domini
915 2764 1268 2836 voluntatem,
1290 2769 1433 2840 quod
1455 2785 1618 2841 opere
1645 2787 1751 2827 non
1774 2782 1970 2843 potest,

384 2855 526 2910 bona
546 2856 822 2913 voluntate
848 2868 1241 2931 recompenset.
1295 2879 1315 2912 ι
1343 2861 1412 2916 Ει
1455 2877 1618 2932 super
1655 2864 1971 2934 sanguinem

2084 1941 2234 2012 poris
2289 1942 2657 2022 compaginari
2700 1942 3071 1998 concordiam.
3143 1942 3237 2000 Sin
3286 1955 3471 2000 autem
3525 1947 3679 2002 novis

2084 2035 2359 2106 magistris
2396 2034 2657 2107 appositis
2702 2036 3105 2105 redintegratus
3151 2051 3307 2091 error
3356 2037 3507 2108 ipsos
3553 2054 3677 2093 cum

2083 2125 2292 2196 reliqua
2317 2113 2481 2205 domo
2505 2110 3010 2203 com’macuiaverit,
3041 2126 3246 2181 malitia
3273 2137 3358 2183 est
3408 2144 3671 2199 perseve-

2083 2232 2241 2283 rans;
2266 2216 2390 2272 ideo
2406 2216 2628 2287 lapides,
2654 2226 2710 2274 et
2729 2218 2900 2289 ligna,
2925 2209 3208 2290 pulvisque
3220 2209 3374 2275 extra
3401 2212 3600 2276 urbem
3622 2223 3675 2276 in

2080 2305 2199 2364 loco
2218 2308 2496 2364 immundo
2514 2302 2892 2380 proficiuntur,
2913 2310 3094 2385 idest,
3120 2300 3234 2366 sive
3258 2310 3539 2378 doctores,
3562 2313 3676 2367 sive

2080 2397 2153 2452 illi
2181 2398 2272 2468 qui
2304 2396 2604 2453 debuerunt
2638 2397 2874 2453 fructum
2897 2397 3162 2471 bonorum
3203 2415 3435 2469 operum
3485 2411 3677 2471 partu-

2079 2488 2188 2543 rire
2225 2503 2349 2543 cum
2401 2489 2743 2564 dogmatibus
2790 2489 2925 2557 suis,
2969 2498 3123 2545 extra
3174 2490 3507 2557 Ecciesiam,
3555 2502 3679 2564 post

2077 2586 2279 2637 certam
2307 2562 2632 2649 agnitionem
2661 2578 2803 2634 inter
2817 2574 3095 2646 erroneus,
3118 2562 3677 2641 anathematizentur.

2082 2687 2100 2719 ι
2129 2667 2231 2735 Qui
2259 2669 2542 2724 intraverit
2561 2669 2803 2736 domum,
2856 2688 2876 2723 ι
2907 2678 2963 2726 ει
2990 2670 3218 2742 reliqua.
3275 2671 3379 2740 Qui
3435 2689 3498 2729 se
3538 2690 3676 2731 con-

2068 2763 2309 2835 iunxerit
2337 2763 2509 2820 errori
2553 2763 2831 2832 damnato,
2888 2785 2910 2818 ι
2950 2758 3260 2823 immundus
3311 2777 3401 2825 est
3442 2790 3463 2823 ι
3499 2787 3679 2844 usque

2075 2853 2140 2909 ad
2170 2862 2446 2925 peractam
2473 2854 2869 2930 paenitentiam.
2902 2873 2922 2907 ‹
2960 2855 3061 2922 Qui
3090 2855 3375 2913 dormierit
3417 2860 3476 2912 in
3506 2875 3575 2914 ea
3621 2871 3679 2916 et

383 2946 477 3015 qui
497 2945 704 3004 ellusus
722 2956 804 3004 est
831 2964 931 3020 pro
958 2947 1173 3007 delicto.
1210 2969 1227 3003 ι
1254 2950 1442 3029 Oleum
1474 2968 1637 3023 super
1657 2956 1970 3034 sanguinem
2072 2948 2390 3013 comederit,
2425 2967 2443 3002 ι
2476 2952 2530 3003 et
2554 2947 2780 3018 reliqua,
2812 2948 2863 3003 id
2889 2956 2975 3004 est
2997 2950 3089 3035 qui
3134 2951 3188 3033 in
3222 2950 3314 3035 illo
3341 2966 3535 3008 errore
3578 2969 3671 3008 re-

384 3037 653 3108 ftinditur,
682 3042 807 3112 quia
831 3042 1401 3114 pestredemptioncm
1438 3028 1824 3104 misericordia:
1846 3064 1973 3137 ope—
2072 3039 2253 3109 ίῐιιῖθῐη
2302 3053 2361 3093 δε
2411 3038 2721 3123 habiturum
2771 3028 3678 3125 εοησάίιι’νεειέοηὶηιιιηῖοπετῐι

383 3128 536 3187 ribus
586 3128 940 3188 insistendum
1001 3142 1106 3199 est,
1159 3135 1450 3204 omniaque
1490 3135 1544 3217 in
1594 3128 1971 3217 Redemptoris
1998 3196 2040 3217 η
2075 3128 2173 3197 illi,
2197 3131 2241 3185 si
2273 3145 2380 3185 non
2402 3137 2487 3186 est
2514 3137 2660 3186 recte
2679 3129 3020 3217 baptizatus,
3039 3130 3292 3215 abluatur
3311 3130 3466 3188 fonte
3486 3148 3675 3199 sacro,

381 3222 601 3280 nomine
624 3221 888 3279 facienda.
914 3242 935 3276 ι
956 3216 1107 3281 Tunc
1130 3225 1428 3282 immolabit
1449 3214 1846 3298 holocaustum,
1870 3250 1891 3285 ι
1914 3214 1971 3289 ει

380 3312 611 3385 reliqua.
635 3314 820 3371 Primo
843 3313 989 3370 enim
1015 3315 1273 3373 debemus
1297 3310 1791 3390 pmnitentiam'pro
1817 3306 1971 3376 com;

381 3403 566 3464 missis
588 3404 823 3476 pleniter
842 3400 1101 3477 peragere
1124 3407 1187 3485 in,
1205 3408 1519 3464 memoriam
1539 3408 1807 3479 passionis
1818 3419 1873 3468 et
1889 3396 1975 3468 rei-

378 3494 734 3552 surrectionis
754 3504 974 3562 nostrze,
1000 3494 1286 3553 ubinostri
1333 3497 1713 3570 Redemptoris
1764 3517 1966 3574 cogno-

380 3585 557 3668 vimus
589 3583 862 3651 ell’ectum,
885 3598 951 3640 ac
990 3584 1184 3642 deinde
1223 3586 1496 3668 parilicati
1539 3590 1792 3668 sensibus
1844 3606 1970 3648 nos-

379 3661 640 3749 nietipsos
672 3693 741 3733 ex
770 3678 980 3749 integro
1036 3678 1090 3733 in
1121 3661 1433 3736 ara'laudis
1472 3661 1969 3757 Domini-immole-

377 3782 520 3833 mus,
551 3776 611 3822 ut
633 3765 747 3837 jam
772 3782 877 3822 non
908 3767 1062 3824 nobis
1098 3768 1191 3836 sed
1223 3769 1297 3825 illi
1327 3771 1594 3838 vivamus,
1633 3789 1771 3843 quos
1821 3791 1967 3831 mora

377 3868 501 3913 tuos
527 3857 829 3925 inveniens,
857 3865 914 3913 ut
943 3858 1185 3916 vivamus
1203 3873 1301 3932 per
1321 3860 1495 3932 ipsum
1520 3860 1749 3920 redemit
1778 3873 1833 3921 et
1863 3866 1963 3923 ad-

375 3949 534 4017 juvit.
1882 3948 1888 3953 ’

452 4059 470 4089 ο
504 4038 658 4108 Quod
687 4041 731 4099 si
754 4056 959 4115 pauper
978 4053 1083 4112 est,
1112 4054 1168 4103 et
1187 4061 1293 4104 non
1313 4055 1490 4119 potest
1514 4063 1708 4105 manus
1741 4049 1860 4121 ejus
1888 4049 1966 4106 in-

322 4116 337 4129 ”
376 4132 695 4209 venirequze
706 4131 849 4189 dicta
865 4134 1011 4202 sunt,
1032 4155 1051 4189 ι
1072 4145 1127 4193 ει
1141 4116 1364 4210 reliqua.
1384 4137 1441 4194 Si
1456 4116 1966 4196 videlicet'imbecil-

394 4224 532 4280 itate
551 4222 858 4297 fragilitatis
885 4228 1193 4297 praeventus
1216 4229 1337 4300 quis
1365 4229 1661 4301 perfectam
1705 4231 1963 4287 innocen-

374 4317 510 4394 tiam
537 4316 811 4374 custodire
840 4318 1164 4388 nequiverit,
1186 4315 1380 4401 oti'erat
1403 4334 1623 4391 agnum,
1681 4319 1735 4374 id
1778 4328 1862 4375 est
1900 4319 1963 4375 ﬁ-

372 4408 497 4483 dem
533 4407 801 4476 passionis
827 4406 1029 4465 Christi
1079 4408 1367 4481 diligenter
1405 4409 1711 4474 custodiat;
1768 4428 1788 4461 ι
1816 4408 1961 4466 deci-

371 4511 521 4579 tuam
550 4506 761 4570 partem
807 4499 1000 4555 simila:
1047 4513 1353 4570 conspersae
1401 4498 1541 4572 oleo,
1580 4520 1598 4553 ι
1655 4500 1740 4556 vel
1795 4500 1953 4556 ﬁdem

372 4589 675 4669 Trinitatis,
706 4590 791 4647 vel
819 4590 1168 4662 theologiam,
1193 4605 1355 4661 quam
1372 4590 1617 4648 conﬁteri
1645 4602 1701 4649 et
1728 4593 1953 4649 credere

371 4677 641 4755 iubemur,
673 4698 796 4740 cum
824 4682 946 4739 oleo
966 4682 1250 4739 charitatis
1277 4692 1334 4738 et
1376 4684 1794 4752 misericordiae;
1851 4705 1869 4737 ι
1900 4694 1956 4740 ει

370 4768 475 4835 Oiei
497 4761 815 4856 sextarium,
846 4794 865 4827 ι
907 4775 1273 4856 integritatem
1303 4775 1447 4833 ﬁdei.
1477 4778 1551 4833 De
1580 4776 1883 4852 turturibus
1904 4786 1959 4834 et

371 4874 428 4919 et
454 4864 615 4937 pullis
644 4851 1085 4945 columbae-supra
1120 4868 1173 4941 in
1204 4868 1472 4940 plerisque
1502 4868 1635 4924 locis
1685 4851 1958 4935 diximus:

370 4959 440 5013 de
470 4956 558 5013 die
584 4965 775 5014 octavo
805 4960 1061 5035 similiter
1080 4952 1275 5016 caetera
1297 4964 1416 5033 qua:
1458 4961 1511 5015 in
1570 4961 1673 5017 hoc
1723 4960 1960 5032 capitulo

370 5058 695 5120 sequuntur,
750 5044 911 5123 supra
934 5054 1079 5108 dicta
1099 5063 1242 5110 sunt.
1277 5038 1497 5128 septem
1527 5061 1714 5128 gentes
1742 5044 1952 5109 Chana-

376 5155 619 5197 naeorum
640 5142 771 5197 vitia
793 5136 1104 5213 exprimunt
1115 5160 1345 5211 summa,
1372 5125 1649 5224 quaa‘Deus
1664 5146 1951 5224 destruxit,

372 5232 501 5285 dum
523 5230 755 5288 adventu
779 5248 877 5289 suo
905 5249 1028 5299 nos,
1053 5234 1145 5305 qui
1177 5236 1244 5291 de
1266 5226 1516 5307 gentibus
1540 5221 1747 5301 sumus,
1773 5221 1957 5321 parili;

371 5324 519 5381 cavit
549 5342 562 5380 :
594 5325 650 5381 in
674 5340 779 5397 qua
816 5328 984 5395 terra,
1018 5328 1321 5384 inﬁdelibus
1352 5328 1573 5395 evulsis,
1597 5328 1825 5399 quilibet
1864 5330 1953 5385 do-

370 5429 522 5469 mum
559 5417 816 5486 possidet,
855 5419 982 5474 dum
1037 5418 1138 5474 sibi
1189 5419 1533 5475 commissam
1582 5420 1773 5476 doctor
1815 5421 1953 5492 regit

372 5510 864 5585 congregationem.
896 5510 956 5566 in
981 5525 1043 5567 ea
1067 5510 1114 5566 si
1145 5512 1348 5567 erroris
1374 5511 1649 5582 quidpiam
1689 5529 1953 5585 apparue-

370 5584 464 5662 rit,
490 5594 538 5652 is
567 5599 658 5669 qui
683 5584 882 5669 prmest
906 5600 975 5655 ad
996 5604 1321 5655 conventum
1353 5584 1783 5657 ecclesiasticum
1810 5600 1949 5657 refe-

375 5695 485 5755 rat,
521 5689 661 5745 sicut
681 5690 878 5746 Paulus
899 5691 966 5745 de
991 5690 1450 5753 Antiochcuorum
1473 5692 1786 5747 scductione
1811 5693 1954 5762 apud

370 5762 660 5884 {ipostoios
702 5782 1091 5859 Hierosolymis
1129 5782 1412 5841 consilium
1457 5783 1721 5873 qiizesivit.
1779 5803 1796 5836 ‹
1826 5783 1952 5840 inde

1986 4550 2033 4609 D

1996 3196 2041 3259 C
2072 3196 2165 3276 sin
2186 3222 2361 3298 aliter,
2394 3221 2645 3294 iacryrnis
2673 3196 3362 3293 ptenitentiai'absoivatur.
3401 3221 3463 3277 Si
3505 3196 3679 3294 igitur

2071 3328 2225 3369 error
2267 3313 2554 3389 restrictus
2601 3313 2910 3390 inveniatur
2958 3328 3082 3369 cum
3116 3300 3318 3369 auxilio
3355 3314 3577 3370 Domini
3617 3325 3676 3371 et

2069 3403 2400 3474 pcenitcntize
2424 3404 2700 3469 instantia,
2730 3398 3065 3478 purificanda
3087 3411 3169 3458 est
3198 3403 3412 3459 domus.
3464 3403 3545 3459 De
3583 3420 3673 3460 se-

2068 3492 2362 3564 quentibus
2394 3493 2557 3564 hujus
2580 3484 2800 3564 capituli
2831 3496 2885 3571 in
2915 3492 3286 3563 superioribus
3312 3493 3555 3563 pienitcr
3579 3494 3666 3548 di-

2070 3595 2217 3640 etunt
2248 3593 2350 3641 est.
2381 3584 2486 3641 Per
2511 3578 2714 3641 rectam
2752 3586 2897 3640 enim
2939 3574 3098 3640 ﬁdem
3137 3584 3318 3659 omnia
3368 3584 3673 3655 impetrare

2068 3691 2227 3755 posse
2256 3678 2568 3745 creduntur.
2606 3678 2852 3734 \‘arietas
2883 3678 3049 3750 lepra:
3069 3678 3396 3750 varietatem
3441 3681 3673 3735 demon-

2067 3777 2204 3825 strat
2232 3758 2496 3826 errorum.
2948 3760 2953 3765 ”

2418 3836 2423 3841 θ
2660 3839 2893 3897 CAPUT
2938 3839 3056 3895 XV.

2144 3972 2172 4027 ι⁴
2193 3953 2430 4023 Locutus
2458 3961 2542 4033 est
2568 3953 2826 4025 Dominus
2848 3955 2916 4036 ad
2945 3954 3161 4036 Moysen
3183 3963 3238 4010 et
3281 3956 3496 4023 Aaron,
3527 3978 3548 4012 ι
3605 3968 3665 4014 et

2066 4044 2293 4114 reliqua,
2319 4045 2374 4100 id
2397 4030 2481 4100 est
2499 4060 2595 4116 per
2609 4046 2777 4115 legem
2801 4054 2854 4100 et
2877 4030 3239 4101 sacerdotium
3265 4047 3449 4102 docuit
3479 4049 3667 4104 Domi-

2067 4149 2167 4188 nus
2196 4128 2337 4190 lilios
2357 4126 2541 4191 lsraei.
2578 4154 2597 4187 ι
2625 4137 2719 4192 Vir
2740 4138 2830 4206 qui
2845 4122 3047 4208 patitur
3066 4118 3268 4192 liuxum
3294 4124 3544 4216 seminis,
3567 4160 3585 4191 ι
3606 4143 3668 4216 id

2064 4233 2149 4280 est
2176 4216 2367 4282 doctor
2381 4216 2482 4297 qui
2514 4216 2678 4280 animi
2706 4227 2905 4297 virtute
2932 4227 3089 4282 debet
3111 4242 3329 4298 urgere,
3376 4212 3423 4284 si
3454 4218 3513 4285 in
3562 4212 3662 4299 do-

2062 4319 2239 4375 ctrina
2261 4308 2358 4374 sua
2392 4335 2630 4397 errorem
2657 4321 2877 4396 patitur,
2913 4320 2997 4376 vel
3018 4320 3203 4376 luxum
3259 4339 3444 4391 rerum
3499 4306 3671 4397 exer-l

2063 4417 2151 4465 cet
2176 4389 2591 4483 mundanarum;
2626 4392 2935 4476 immundus
2960 4420 3066 4475 est,
3097 4412 3333 4467 maxime
3379 4413 3426 4468 si
3462 4396 3661 4469 vitium

2064 4500 2454 4555 consuetudine
2484 4485 2672 4581 nutrit.
2717 4488 2735 4551 ε
2786 4499 2959 4581 Omne
2994 4509 3223 4558 stratum
3266 4502 3321 4573 in
3363 4517 3473 4572 quo
3530 4504 3661 4558 dor-

2058 4592 2261 4659 mierit,
2299 4613 2318 4644 ι
2353 4593 2408 4649 id
2425 4600 2508 4648 est
2536 4576 2625 4648 illa
2657 4576 2991 4674 consuetudo
3035 4595 3089 4669 in
3116 4584 3227 4665 qua
3250 4596 3497 4664 requiem
3547 4596 3655 4651 sibi

2057 4684 2273 4740 videtur
2296 4684 2492 4739 habere
2513 4672 2930 4763 condemnatur.
2960 4684 3017 4741 Si
3043 4686 3165 4767 quis
3215 4684 3453 4755 tetigerit
3481 4685 3657 4740 iectu-

2058 4775 2194 4840 ium,
2243 4774 2294 4829 id
2349 4781 2433 4830 est
2478 4777 2682 4846 torpori
2709 4777 2826 4846 ejus
2880 4775 3385 4840 cemmuuicavcrit,
3427 4775 3657 4832 mundet

2057 4876 2212 4921 actus
2243 4881 2369 4922 suos
2394 4881 2562 4936 usque
2584 4866 2646 4920 ad
2674 4850 2968 4936 perfectam
2992 4848 3387 4943 ροειιίιεειιίειωζ
3420 4865 3477 4921 Si
3495 4868 3656 4941 sede.

2062 4958 2133 5012 rit
2162 4958 2251 5013 ubi
2279 4957 2365 5012 ille
2386 4958 2548 5021 sedit,
2585 4957 2637 5011 id
2656 4965 2738 5012 est
2767 4950 3019 5038 imitatur
3050 4965 3322 5038 torporem
3372 4958 3521 5038 sicut:
3555 4974 3652 5012 su-

2057 5043 2172 5120 pra.
2217 5070 2234 5101 ι
2270 5048 2371 5119 Qui
2397 5051 2634 5120 tetigerit
2685 5065 2901 5105 carnem
2925 5032 3061 5119 ejus,
3093 5069 3111 5103 ι
3145 5051 3247 5108 hoc
3273 5034 3359 5106 est
3398 5032 3649 5121 exempa

2054 5140 2172 5210 ejus
2199 5139 2361 5196 fuerit
2382 5149 2616 5196 secutus.
2660 5158 2679 5191 ι
2709 5139 2767 5195 Si
2806 5140 3030 5194 salivam
3067 5126 3437 5209 hujusccnmdi
3483 5141 3650 5195 homo

2054 5231 2277 5306 ej‘ccerit
2298 5247 2459 5304 super
2485 5247 2607 5287 eum
2635 5232 2727 5303 qui
2759 5231 2991 5286 mundus
3011 5239 3113 5296 est,
3149 5251 3166 5282 ι
3219 5239 3273 5285 ει
3305 5230 3534 5301 reliqua.
3589 5228 3648 5285 Si

2056 5303 2307 5401 videlicet
2328 5303 2526 5377 astutia
2559 5337 2655 5377 sua
2708 5329 2763 5377 et
2804 5321 3138 5377 simulatrice
3190 5306 3458 5390 sapientia
3496 5331 3647 5402 recte

2058 5404 2367 5487 credentem
2394 5413 2868 5485 commaculavcrit
2897 5432 2910 5467 :
2944 5423 3135 5469 caetera
3155 5420 3212 5466 ut
3232 5427 3416 5483 supra.
3436 5410 3646 5483 Sagina

2061 5507 2285 5573 (illrum,
2310 5506 2393 5559 vel
2423 5505 2699 5577 tapetium,
2760 5504 2844 5559 vel
2894 5503 3038 5559 aliud
3093 5503 3372 5573 quodlibet
3413 5488 3658 5557 sessioni'

2061 5608 2326 5670 paratum,
2349 5598 2491 5667 quod
2521 5594 2648 5652 cum
2675 5596 2895 5668 reliquis
2925 5596 3265 5666 postmodum
3289 5595 3638 5663 comprehcn-

2060 5690 2137 5746 sis
2157 5691 2337 5744 varias
2362 5682 2700 5760 pollutorum‘
2717 5688 2987 5759 signiﬁcat
3006 5687 3410 5757 perversitatcs,
3447 5683 3641 5755 quibus

2062 5782 2302 5838 utuntur.
2340 5798 2358 5833 ι
2387 5780 2487 5849 Qui
2538 5782 2832 5852 portaverit
2884 5780 3075 5836 horum
3121 5775 3342 5847 aliquid,
3382 5795 3401 5831 ι
3457 5775 3510 5831 id
3558 5783 3639 5829 cst
