3948 6328
199 343 298 402 825

1132 339 1435 397 EPITOME
1469 341 1821 397 COMMENT.
1864 341 2115 396 RABAXI
2156 341 2219 395 IN
2256 340 2477 396 LEVIT.

3324 318 3435 396 sse

199 461 286 531 qui
309 472 368 515 se
394 456 480 512 his
503 453 801 515 subdiderit
841 453 1244 527 pollutionibus.
1312 474 1330 507 ι
1359 456 1546 512 Omnis
1596 473 1754 525 quem
1784 455 2081 519 Aiolatriaa
2106 456 2357 509 vitiorum
2385 462 2439 509 et
2460 461 2826 523 peccatorum,
2858 465 2924 507 ne
2961 448 3280 518 Ecclesiam,
3313 466 3431 521 qua:

197 548 443 621 tetigerit,
464 546 557 617 qui
570 546 691 611 talis
715 554 820 612 est,
840 562 944 601 non
966 545 1089 601 lotis
1110 554 1233 601 ante
1256 546 1523 611 manibus,
1547 565 1566 599 ι
1592 553 1647 601 et
1670 562 1757 602 re-

198 642 355 711 liqua.
378 634 593 700 Hoqest
617 650 987 706 quemcunque
1011 633 1099 690 ille
1127 636 1452 702 immundus,
1479 650 1584 690 non
1606 652 1760 691 mun-

196 729 330 786 datis
348 725 498 797 prius
518 724 792 796 operibus,
825 724 938 781 suis
961 723 1223 801 exemplis
1247 726 1665 795 attaminaverit,
1702 734 1758 781 et

195 820 393 890 reliqua
416 826 476 873 ut
498 831 681 887 supra.
718 836 736 869 ι
771 817 882 891 vas
899 816 1233 891 ﬁctilequod
1257 817 1494 887 tetigerit
1527 816 1761 887 confrin-

192 919 361 984 getur.
392 927 414 962 ι
441 908 498 965 Si
520 924 678 979 quem
699 907 965 979 fragilem,
986 909 1077 978 qui
1106 907 1263 976 facile
1283 909 1479 981 corrigi
1503 926 1608 973 non
1635 925 1757 981 pos-

190 1001 278 1067 sit,
321 999 615 1064 seduxerit,
639 997 765 1053 forti
796 998 1077 1068 disciplina
1107 1006 1440 1065 eoerceatur,
1464 999 1557 1069 qui
1578 1014 1638 1055 se
1660 1002 1755 1054 de-

188 1090 287 1160 cipi
312 1088 579 1160 permisit.
618 1106 638 1140 t
667 1086 774 1143 Vas
800 1086 1034 1159 ligneum
1068 1107 1087 1141 ι
1123 1086 1397 1153 lenitatem
1446 1090 1753 1158 aliquorum

186 1178 469 1249 signiﬁcat,
504 1192 644 1246 quae,
682 1177 807 1231 dmn
836 1174 1052 1241 labitur,
1081 1192 1180 1248 per
1199 1176 1466 1248 lacrymas
1490 1180 1755 1250 poeniten-

187 1271 269 1326 tiae
294 1277 653 1325 restauratur.
683 1286 702 1320 ι
737 1267 794 1325 Si
821 1267 1265 1334 sanatus'l'uerit,
1306 1269 1397 1339 qui
1446 1269 1751 1339 hujusmodi

182 1358 409 1416 sustinet
434 1358 764 1429 passionem,
794 1378 812 1412 ι
840 1359 941 1413 hoc
962 1365 1045 1413 est
1063 1360 1107 1414 si
1149 1359 1545 1431 suprascriptus
1565 1374 1751 1433 corre-

180 1459 293 1505 ctus
323 1448 511 1515 fuerit,
543 1467 561 1501 ι
588 1448 891 1517 numerabit
919 1458 1125 1527 septem
1152 1450 1288 1523 dies,
1320 1470 1341 1521 ι
1375 1451 1749 1506 remissionem

178 1557 272 1612 per
293 1539 532 1611 Spiritus
558 1542 726 1596 sancti
753 1528 1097 1620 gratiamsiLi
1119 1544 1302 1613 credat
1322 1539 1578 1609 futuram,
1603 1561 1753 1599 mun-

178 1633 307 1689 dans
355 1648 522 1704 opera
557 1649 653 1689 sua
675 1649 796 1689 cum
824 1643 991 1700 veste,
1026 1636 1078 1689 id
1109 1645 1191 1690 est
1216 1636 1472 1691 exteriori
1521 1652 1748 1692 conver-

175 1726 384 1780 satione
402 1723 656 1797 lacrymis
682 1726 1028 1795 poenitentim.
1056 1746 1074 1778 ι
1102 1727 1197 1782 Die
1252 1736 1431 1782 autem
1481 1738 1694 1794 octavo,
1725 1748 1743 1779 ι

1856 556 1938 602 est
1963 547 2154 601 domus
2180 545 2412 609 Domini,
2441 552 2819 614 corrumpant;
2851 544 2964 598 sive
2993 543 3159 613 ipsos,
3181 540 3272 613 qui
3297 549 3431 596 tem-

1855 635 1999 705 plum
2034 632 2241 689 Domini
2266 633 2381 689 ﬁeri
2409 633 2627 699 debent,
2672 638 2731 687 ut
2777 631 3064 702 Apostolus
3110 632 3221 688 ait:
3257 649 3276 685 ι
3322 629 3431 687 Vos

1855 722 1986 779 estis
2006 723 2258 793 templum
2286 722 2402 789 Dei,
2433 740 2450 774 ι
2480 730 2530 777 et
2555 721 2755 793 reliqua
2786 720 2873 793 (II
2902 720 3022 776 Cor.
3054 719 3153 793 vi).
3428 726 3433 733 '

2429 868 2657 927 CAPUT
2696 868 2834 926 XVI.

1927 1042 1946 1074 ‹
1973 1021 2218 1093 Loquere
2248 1022 2313 1077 ad
2340 1022 2518 1087 Aaron
2548 1039 2616 1090 ne
2646 1025 2790 1080 omni
2824 1033 3062 1095 tempore
3094 1025 3428 1099 ingrediatur

1852 1113 1919 1166 ad
1958 1114 2343 1177 sanctuarium,
2378 1114 2521 1183 quod
2542 1123 2628 1170 est
2656 1114 2797 1171 intra
2821 1114 2996 1169 velum
3020 1130 3203 1177 coram
3243 1117 3430 1188 propi-

1852 1204 2088 1259 tiatorio.
2124 1224 2144 1255 ι
2176 1204 2491 1276 Doctoribus
2509 1202 2665 1277 jubet
2686 1220 2752 1260 ne
2781 1219 2846 1260 ea
2877 1220 2995 1275 qum
3017 1206 3307 1277 humanum
3335 1222 3428 1262 ex-

1852 1295 2051 1349 cedunt
2080 1292 2353 1363 ingenium
2384 1309 2481 1364 pro
2500 1309 2595 1353 sua
2619 1292 2896 1367 Iibitudine
2920 1294 3175 1365 mysterio
3217 1295 3439 1363 divina-,

1851 1401 1971 1440 rum
1994 1399 2175 1439 rerqu
2196 1384 2516 1453 disputando
2539 1391 2817 1455 usurpeut.
2839 1383 3208 1453 Periculosum
3230 1384 3429 1455 quippe

1849 1484 1935 1529 est
1961 1474 2242 1529 scientiam
2266 1473 2367 1528 sibi
2397 1471 2484 1528 vel
2510 1473 2631 1529 aliis
2653 1475 2965 1545 permittere
2995 1474 3271 1545 quomodo
3302 1489 3427 1528 ver-

1849 1564 1975 1620 bum
2002 1562 2098 1617 Dei
2126 1572 2385 1618 aeternum]
2424 1564 2480 1635 in
2508 1578 2670 1617 carne
2696 1578 2855 1617 verus
2898 1562 3061 1621 homo
3114 1573 3448 1632 appareret,,

1847 1665 1903 1710 et
1930 1663 2123 1711 caetera
2148 1656 2313 1710 multa
2360 1655 2483 1719 talia
2506 1655 2563 1731 in
2598 1655 2793 1724 quibus
2820 1654 3026 1709 cautela
3074 1669 3425 1727 pernecessa-

1851 1746 1928 1798 ria
1957 1754 2057 1800 est.
2090 1763 2107 1796 ι
2136 1745 2272 1813 Quia
2299 1744 2350 1798 in
2380 1746 2520 1800 nube
2548 1746 2815 1816 apparebo
2868 1761 3031 1816 super
3073 1743 3369 1816 oraculum.
3402 1763 3422 1811 ῃ

173 1816 226 1870 in
252 1815 358 1870 ﬁde
389 1824 566 1871 autem
588 1817 998 1911 resurrectionis
1031 1817 1342 1882 Dominicze,
1370 1837 1389 1869 ι
1422 1829 1596 1873 sumet
1617 1820 1750 1874 duos
1780 1807 1823 1865 Β
1856 1834 1949 1890 γει
1975 1836 2027 1889 in
2055 1807 2212 1890 dit-ﬁs
2236 1807 2867 1911 prophetarum-apparet
2896 1807 3177 1907 dominas!
3203 1807 3272 1893 δέ
3300 1807 3427 1907 qui;

171 1915 437 1986 turtures,
460 1915 552 1962 aut
571 1907 706 1964 duos
744 1908 916 1978 pullos
944 1909 1225 1975 columbae,
1262 1930 1281 1962 ι
1330 1912 1654 1979 castitatem,
1694 1923 1749 1966 et

169 2001 663 2066 mansuetudinem,
694 2011 749 2056 et
775 2002 1171 2067 meditationem
1202 2003 1396 2057 divina:
1427 2003 1575 2073 legis,
1612 2004 1750 2058 sicut

167 2089 407 2145 dicitur:
440 2109 460 2141 ι
495 2090 788 2153 Meditabor
813 2101 870 2149 ut
897 2091 1141 2147 columba
1174 2092 1310 2165 (Isa.
1345 2096 1596 2162 xxxvm),
1630 2115 1648 2147 ι
1681 2096 1748 2150 de

166 2179 365 2247 quibus
391 2180 581 2235 avibus
607 2196 750 2252 saepe
772 2183 1025 2238 diximus.
1057 2204 1075 2235 ι
1106 2184 1201 2241 Vir
1229 2185 1296 2239 de
1322 2200 1430 2255 quo
1473 2186 1750 2260 egreditur

163 2282 348 2325 semen
375 2270 570 2335 coitus,
606 2290 627 2324 ι
655 2280 758 2326 etc.
802 2271 914 2329 lloc
948 2281 1031 2335 est
1051 2271 1132 2326 vel
1158 2273 1250 2342 qui
1269 2271 1549 2328 desideriis
1574 2289 1746 2329 saecu-

164 2356 377 2414 laribus
403 2359 611 2428 deﬁnit,
637 2361 1006 2427 mundabitur,
1048 2371 1107 2417 ut
1134 2377 1319 2437 supra,
1381 2381 1399 2413 ι
1451 2371 1657 2417 vestem
1693 2372 1749 2418 et

160 2450 385 2529 pellem,
441 2470 459 2503 ι
519 2452 572 2506 id
623 2462 707 2507 est
758 2455 1240 2520 conversationem,
1297 2454 1535 2529 mundet.
1586 2438 1751 2512 Pellis

161 2556 302 2595 uxor
320 2549 502 2611 potest
524 2542 767 2621 intelligi,
798 2544 923 2613 quia
967 2554 1021 2599 et
1064 2546 1179 2619 ipsa
1216 2546 1463 2600 mundari
1522 2562 1749 2603 necesse

160 2626 349 2713 habet,
381 2634 505 2702 quia
536 2633 588 2688 in
611 2635 983 2711 iniquitatibus
1002 2637 1280 2708 conceptio
1298 2636 1606 2710 perﬁcitur;
1632 2639 1747 2705 sive

156 2723 319 2793 pellis
340 2725 499 2780 labor
521 2727 574 2781 in
598 2727 792 2796 vigiliis
819 2737 873 2783 et
898 2729 1110 2784 caeteris
1134 2730 1386 2807 operibus
1412 2730 1613 2800 intellig
1636 2738 1741 2797 tur.

162 2831 182 2865 α
225 2813 424 2869 Mulier
449 2826 571 2871 cum
614 2832 720 2886 qua
764 2818 973 2883 coierit,
1010 2838 1028 2870 ι
1069 2827 1174 2874 etc.
1228 2819 1355 2875 Dure
1394 2829 1520 2875 sunt
1566 2831 1745 2893 partes

153 2904 441 2959 interioris
462 2906 695 2960 hominis
726 2924 739 2960 :
771 2908 1013 2976 spiritus,
1037 2911 1130 2978 qui
1174 2910 1240 2965 de
1269 2911 1640 2980 superioribus
1689 2921 1743 2976 et

152 2996 518 3052 interioribus
551 3006 770 3065 tractat,
796 3008 853 3053 et
877 2982 1076 3075 anima,
1119 3018 1237 3071 quae
1275 2996 1351 3059 de
1384 3005 1747 3077 exterioribus

146 3085 730 3159 desideriis'disponit.
754 3088 878 3144 llme
899 3107 1029 3163 pars
1062 3091 1303 3160 inferior,
1347 3095 1393 3149 si
1441 3096 1632 3167 spiritu
1665 3100 1744 3165 in:

1849 1928 1950 1982 bus
1973 1928 2201 1982 dicitur:
2226 1946 2244 1978 ι
2270 1926 2532 2001 Mandabo
2563 1928 2792 1982 nubibus
2817 1943 2886 1982 ne
2906 1926 3092 1997 pluant
3117 1943 3279 1999 super
3304 1943 3426 1997 eam

1850 2019 2100 2084 imbrem,
2130 2039 2147 2070 ι
2186 2018 2274 2073 vel
2298 2019 2349 2074 in
2373 2034 2539 2074 carne
2567 2021 2837 2087 humana;
2863 2020 3006 2075 unde
3030 2019 3227 2087 dicitur
3246 2038 3261 2089 ς
3282 2039 3301 2072 ι
3338 2021 3427 2089 ln-

1848 2112 2119 2180 gretlietur
2149 2110 2408 2165 Dominus
2436 2125 2597 2180 super
2629 2110 2825 2175 nubem
2843 2109 3025 2165 lenem
3051 2107 3363 2181 ﬁgyptum,
3401 2127 3422 2163 ι

1848 2200 1903 2257 id
1936 2210 2020 2256 est
2047 2200 2380 2255 immundum
2405 2200 2463 2255 in
2496 2214 2662 2254 carne
2688 2216 2717 2253 a
2744 2199 2984 2269 peccatis
3031 2199 3289 2271 immuni,
3333 2197 3421 2257 vel

1846 2290 2084 2344 etiamin
2115 2291 2339 2345 secretis
2376 2291 2775 2361 mysteriorum,
2829 2289 2882 2344 in
2922 2291 3118 2361 quibus
3160 2289 3307 2357 illum
3334 2306 3429 2361 pc:

1848 2381 1992 2436 nitus
2019 2381 2330 2451 investigari
2360 2396 2465 2435 non
2494 2379 2646 2435 facile
2670 2388 2773 2435 est.
2805 2398 2822 2433 ι
2862 2380 2973 2436 Nisi
3003 2381 3117 2435 haec
3136 2389 3263 2451 ante
3280 2379 3427 2449 feee~
3510 2390 3524 2399 ’

1848 2470 1947 2536 ris,
1975 2489 1993 2522 ν
2026 2468 2080 2539 id
2108 2479 2215 2533 est,
2243 2484 2348 2522 non
2380 2469 2710 2539 ingredietur
2738 2467 3196 2543 super‘oracuium
3223 2469 3277 2525 in
3305 2484 3427 2524 san-

1847 2572 1935 2616 cta
1963 2560 2267 2632 Scriptura,
2301 2580 2319 2611 ι
2349 2556 2542 2615 offeret
2565 2559 2786 2613 vitulum
2811 2575 2907 2629 pro
2936 2570 3190 2631 peccato;
3233 2578 3253 2610 ι
3285 2559 3426 2629 vitu-

1847 2652 1952 2719 lus,
1983 2653 2049 2707 de
2081 2652 2253 2706 tauris
2279 2660 2333 2706 et
2364 2650 2544 2705 vaccis
2590 2659 2759 2713 ortus,
2810 2647 3081 2705 Christum
3134 2647 3425 2720 signiﬁcat,

1847 2743 1912 2797 de
1939 2740 2265 2812 patriarchis
2290 2749 2345 2796 et
2367 2740 2668 2812 Synagoga,
2699 2755 2817 2810 qua:
2835 2738 3023 2810 jugum
3071 2748 3312 2795 traxerat
3357 2726 3457 2811 1οέ

1845 2837 1927 2907 gis
1955 2833 2249 2891 secundum
2279 2848 2497 2887 carnem
2524 2833 2896 2904 progenitum;
2926 2831 3067 2885 aries
3090 2846 3305 2902 quoque
3344 2832 3426 2901 ip-

1845 2933 2242 2993 sum,utsupra
2270 2922 2474 2978 dictum
2500 2931 2603 2978 est.
2642 2942 2659 2973 ι
2689 2920 2896 2977 Tunica
2920 2920 3060 2976 linea
3083 2922 3367 2987 vestietur,
3400 2942 3420 2973 ι

1843 3025 1899 3082 et
1928 2996 2151 3083 reliqua.
2193 3012 2394 3074 Tunica
2417 3011 2556 3066 linea
2585 3012 2916 3075 castitatem;
2950 3009 3244 3076 fetniualia,
3296 3025 3426 3065 con-

1845 3105 2156 3171 tinentiam;
2186 3119 2345 3173 zona,
2379 3103 2678 3158 custodiam
2707 3103 2947 3183 mentis;
2969 3101 3188 3166 citlaris,
3240 3110 3423 3171 custo-
3454 3164 3459 3169 ί

148 3175 405 3233 culmine
424 3192 484 3233 se
511 3180 578 3235 ad
602 3179 787 3259 νίιὶοηι
812 3180 1011 3267 Donum
1034 3182 1215 3255 τυρνὶι.
1246 3187 1609 3241 necessarium
1641 3188 1738 3243 lm-
1765 3175 1807 3210 h
1838 3196 1983 3251 diam
2025 3210 2277 3263 sensuum
2305 3195 2544 3264 corporis
2596 3192 2884 3264 signiﬁcat,
2931 3175 3125 3262 quibus
3152 3191 3425 3246 'indutum

146 3271 249 3351 bet
280 3270 569 3346 emundari
598 3288 614 3325 :
649 3290 667 3323 ι
700 3271 887 3331 Mulier
908 3288 1026 3342 qua:
1053 3274 1309 3333 redeunte
1333 3292 1516 3331 mense
1536 3278 1739 3352 patitur

1842 3286 2090 3343 convenit
2110 3300 2251 3347 esse,
2285 3285 2374 3353 qui
2405 3285 2471 3343 de
2499 3283 2772 3357 mysteriis
2805 3280 3009 3337 Domini
3044 3290 3128 3336 cst
3155 3290 3415 3336 tractatu—

146 3359 366 3415 ﬂuxum
386 3361 685 3445 sanguinis,
713 3382 733 3416 ι
765 3372 890 3428 εἰει,
914 3363 968 3419 id
995 3372 1080 3419 est
1106 3365 1281 3442 anima
1312 3381 1449 3437 quae,
1490 3368 1738 3422 veniente
1838 3390 1952 3439 rus.
1988 3375 2216 3447 Possunt
2240 3382 2295 3428 et
2320 3374 2403 3449 lue
2432 3382 2662 3442 quatuor
2690 3372 2916 3427 vestium
2953 3371 3161 3442 species
3190 3370 3423 3425 virtutes

147 3449 375 3525 Domini
400 3450 587 3536 gratiae
611 3454 943 3521 νίείιειιίοηθ,
990 3455 1043 3508 in
1066 3454 1363 3510 Ῐιιοιοιθιτὶεδ
1411 3456 1735 3526 maculatur.
1826 3464 2066 3536 'quatuor
2090 3464 2306 3535 signare
2324 3462 2648 3534 principales
2681 3481 2693 3517 :
2720 3460 2898 3529 tunica
2924 3459 3086 3527 linea,
3111 3459 3375 3533 justitiam
3403 3476 3420 3527 ;

146 3538 378 3629 Ρβηίίυδ
402 3525 673 3594 immunda
698 3550 820 3614 93!:
854 3560 874 3593 ί
905 3550 1111 3618 Septem
1138 3541 1323 3599 diebus
1344 3546 1733 3623 separabiIUI‘.t
1836 3525 2585 3629 feminalia,.‘te'mpe-rantia'm,
2619 3525 2738 3622 quat
2762 3551 3026 3607 castitatis
3066 3525 3151 3608 est
3198 3525 3411 3619 mater;

146 3628 205 3683 id
236 3637 351 3695 est,
379 3629 560 3685 divino
587 3629 790 3701 judicio
818 3646 989 3701 usque
1030 3632 1096 3687 ad
1124 3632 1419 3704 perfectam
1465 3636 1735 3705 poaniteu-
1834 3662 1990 3706 zona,
2036 3644 2435 3711 fortitudinem;
2474 3642 2694 3717 cidaris,
2739 3659 2859 3715 qua:
2887 3652 3050 3713 caput
3090 3642 3239 3714 tegit,
3294 3632 3420 3712 pm;

145 3720 284 3774 tiam
312 3718 451 3775 foris
473 3723 902 3778 communionem
923 3722 1257 3779 excludetur.
1319 3724 1394 3798 De
1438 3735 1584 3781 tactu
1617 3725 1737 3805 ejus
1834 3736 2071 3805 dentiam
2122 3752 2226 3807 qua
2275 3752 2429 3791 mens
2479 3745 2721 3803 ornatur,
2780 3754 2798 3788 ς
2833 3734 3057 3804 Quibus,
3101 3751 3221 3791 cum
3272 3734 3418 3789 lotus

142 3819 201 3866 et
221 3811 447 3873 caeteris
475 3814 821 3883 sequentibus
841 3815 977 3870 sicut
998 3831 1159 3899 supra
1187 3816 1499 3890 intelligitur
1522 3819 1587 3874 de
1619 3820 1734 3873 viro
1834 3827 1995 3883 fuerit
2016 3826 2288 3892 induetur,
2323 3847 2341 3880 ι
2378 3826 2432 3881 id
2459 3835 2543 3882 est
2564 3834 2683 3898 post
2711 3824 3057 3899 baptismum.
3092 3844 3110 3877 ι
3142 3824 3286 3880 Duos
3307 3826 3419 3879 hir-

141 3904 362 3959 lluxum
391 3904 614 3961 seminis
641 3906 897 3976 patiente.
944 3907 1053 3962 Vas
1078 3923 1206 3962 vero
1234 3909 1527 3965 secundum
1557 3911 1732 3965 histo-

140 3994 285 4068 riam
307 4004 505 4049 cuncta
532 3994 779 4050 utensilia
804 3996 908 4051 dici
933 4005 1161 4074 possunt
1185 3997 1326 4052 sicut
1366 4013 1491 4052 vasa
1535 3998 1731 4074 bellica

138 4084 410 4163 dicimus.
446 4103 466 4137 ι
496 4083 555 4140 Si
585 4087 776 4141 coierit
797 4076 919 4141 cum
941 4070 1003 4142 ea
1024 4087 1108 4141 vir
1133 4095 1368 4163 tempore
1390 4088 1684 4158 sanguinis,
1709 4070 1728 4141 ί

139 4160 318 4230 idest
344 4173 394 4230 si
424 4189 545 4229 cum
572 4175 867 4247 idololatris
912 4177 1033 4245 quis
1076 4160 1463 4239 sacriﬁcaverit
1512 4175 1594 4230 vel
1644 4192 1734 4230 re-

138 4266 363 4337 cumbit
409 4265 462 4320 in
512 4252 674 4321 idolio
716 4248 1045 4323 manducans
1092 4267 1158 4322 de
1201 4252 1527 4337 idolothytis,
1589 4286 1607 4317 α
1637 4267 1735 4320 im-

139 4340 393 4423 mundus
414 4356 519 4410 erit
542 4366 746 4434 septem
774 4358 981 4434 diebus,
1018 4376 1035 4409 t
1080 4357 1130 4412 id
1167 4367 1247 4413 est
1286 4356 1577 4429 perfectam
1615 4372 1733 4432 pcn-

135 4449 439 4515 nitentiam
486 4430 980 4519 sibbconlstitutam
1015 4449 1246 4518 expleat.
1300 4448 1430 4502 Nam
1486 4430 1734 4518 persecu-

136 4522 298 4595 tione
335 4541 405 4595 ad
433 4540 816 4596 immolandum
839 4549 1045 4611 coacto,
1068 4549 1122 4594 et
1144 4556 1240 4595 sua
1270 4550 1459 4609 sponte
1491 4556 1728 4605 reverso,

136 4615 341 4702 utique
365 4631 681 4702 paenitentia
705 4631 997 4687 constituta
1022 4639 1122 4685 est.
1160 4650 1178 4682 ι
1212 4630 1403 4689 Mulier
1423 4646 1543 4699 quae
1596 4630 1732 4699 pati-

136 4706 230 4776 tur
253 4721 447 4799 multis
472 4722 659 4776 diebus
681 4721 880 4777 ﬂuxum
909 4722 1185 4792 sanguinis
1233 4737 1339 4791 non
1396 4721 1449 4774 in
1492 4729 1734 4792 tempore

136 4798 490 4888 menstruali,
517 4832 535 4862 ι
564 4821 693 4883 etc.,
716 4811 767 4865 id
794 4821 877 4868 est
896 4812 1074 4865 anima
1095 4827 1211 4879 qtue
1228 4810 1279 4865 in
1300 4810 1592 4888 idololatria
1615 4819 1734 4881 post

135 4886 677 4977 cognitamgratiam
698 4898 1012 4985 occupatur.
1069 4902 1204 4959 Dum
1252 4918 1356 4957 non
1414 4901 1483 4955 sit
1526 4886 1733 4971 tempus

135 4994 505 5061 menstruale,
537 4993 589 5049 id
623 5004 727 5059 εει,
753 4978 873 5046 οἰιιίι
891 4991 1003 5061 jam
1034 4992 1245 5053 caecitas
1266 4992 1503 5061 gentium
1533 4990 1733 5045 intniue

134 5085 401 5140 veritatis
430 5100 567 5154 pene
587 5085 658 5139 sit
688 5083 965 5145 irradiata,
997 5083 1149 5154 prius
1168 5082 1312 5135 omni
1345 5096 1483 5152 pene
1529 5083 1730 5135 mundo

135 5180 193 5232 in
232 5176 441 5232 diaboli
471 5177 730 5233 servitute
754 5182 991 5230 errante.
1016 5172 1306 5251 Sequenda
1329 5180 1388 5227 ut
1413 5161 1594 5242 supra.
1624 5189 1642 5222 ι
1670 5172 1735 5249 δί,

130 5267 369 5324 steterit
401 5266 637 5338 sanguis.
676 5284 695 5318 ι
727 5264 841 5321 Hoc
864 5273 971 5332 est,
1006 5265 1053 5320 si
1075 5265 1369 5319 cessaverit
1388 5278 1543 5317 error
1560 5260 1732 5317 stulti-

134 5360 255 5427 tiae,
319 5356 677 5428 (numerabit
723 5363 927 5427 septem
973 5353 1111 5421 dies,
1142 5374 1163 5408 ι
1194 5362 1255 5409 ut
1293 5368 1473 5424 supra,
1528 5362 1727 5409 caetera

129 5465 369 5531 quoque
393 5456 451 5503 ut
476 5464 659 5531 supra.
697 5467 716 5501 ‹
737 5447 1011 5527 Docebitis
1037 5461 1167 5520 ergo
1194 5445 1333 5502 ﬁlios
1355 5444 1518 5500 lsrael
1543 5452 1600 5499 ut
1638 5462 1725 5501 ca-

130 5528 313 5597 vean't
340 5528 746 5613 immunditiam
780 5547 838 5595 et
880 5554 990 5594 non
1037 5538 1339 5595 moriantur
1384 5536 1439 5592 in
1478 5534 1728 5607 sordibus

126 5634 254 5688 suis
286 5647 415 5686 cum
440 5602 729 5703 pollucrint
756 5628 1161 5695 tabernaculum
1192 5643 1396 5695 meum,
1430 5646 1450 5680 ι
1497 5633 1555 5681 et
1600 5602 1734 5683 reii-u

126 5737 268 5792 qua.
309 5719 368 5776 ιιι
396 5716 497 5788 est,
525 5714 708 5788 ﬁdeles
730 5726 957 5782 caveant
978 5719 1045 5777 ab
1070 5718 1217 5777 omni
1239 5715 1578 5774 immunditia
1610 5715 1722 5773 ido-

1834 3934 1927 3972 cos
1955 3932 2051 3987 pro
2080 3925 2319 3987 peccato.
2353 3935 2371 3967 ι
2407 3915 2471 3969 iii
2500 3915 2637 3971 hirci
2669 3915 2945 3971 Christum
2970 3914 3298 3985 signiﬁcant,
3324 3917 3412 3984 qui

1832 4013 2052 4074 peccata
2080 4012 2263 4059 nostra
2291 4002 2411 4057 tulit
2433 4018 2531 4074 pro
2561 4003 2758 4074 quibus
2784 4003 2996 4058 oblatus
3024 4012 3126 4057 est.
3174 4003 3277 4069 Qui
3308 4005 3415 4057 duo

1833 4097 2085 4166 dicuntur
2097 4101 2315 4164 propter
2330 4093 2598 4164 geminam
2612 4093 2665 4159 in
2682 4090 2898 4159 Christo
2913 4099 3183 4146 naturam.
3224 4109 3243 4143 ι
3265 4090 3409 4145 Cun-

1833 4201 1938 4255 qne
1979 4184 2257 4251 obtulerit,
2291 4193 2380 4239 iet
2396 4184 2617 4255 reliqua.
2657 4179 3414 4253 Cbristussaeerdos,quiani-

1832 4291 1975 4349 mam
2003 4290 2152 4329 suam
2176 4290 2273 4345 pro
2296 4275 2451 4329 nobis
2472 4274 2678 4345 posuit;
2707 4282 2761 4328 et
2780 4275 3016 4335 oraverit
3033 4289 3134 4344 pro
3156 4290 3213 4329 se
3234 4283 3286 4329 et
3310 4292 3409 4346 pro

1834 4363 1992 4417 domo
2026 4377 2141 4427 sua,
2166 4363 2217 4417 id
2244 4370 2326 4417 est
2348 4351 2445 4433 pro
2474 4362 2810 4417 humanitate
2855 4361 3186 4441 fragilitatis,
3230 4372 3284 4418 et
3313 4379 3413 4433 pro

1835 4450 2109 4511 Ecclesim,
2132 4451 2182 4504 id
2206 4451 2549 4521 estcorporis
2570 4452 2651 4507 sui
2673 4460 2841 4517 statu,
2870 4470 2888 4504 ι
2920 4452 3055 4508 duos
3070 4452 3249 4507 hircos
3263 4464 3412 4507 stare

1835 4543 2186 4618 facieteoram
2204 4541 2449 4607 Domino,
2482 4561 2499 4592 ι
2522 4550 2575 4596 et
2593 4543 2817 4614 reliqua.
2856 4541 3275 4598 Placuitsanctte
3294 4543 3412 4597 Tri-

1834 4632 1990 4710 nitati
2029 4618 2300 4687 Christum
2319 4631 2664 4701 probumano
2676 4646 2871 4702 genere
2884 4631 3120 4702 pati,qui
3139 4632 3191 4685 in
3208 4630 3412 4686 duabus
3452 4626 3455 4629 ’

1834 4721 2041 4776 naturis
2061 4737 2199 4776 unus
2223 4731 2306 4776 est
2335 4721 2429 4776 Dei
2461 4720 2644 4785 Filius,
2675 4721 2815 4777 Deus
2836 4731 2890 4777 et
2918 4718 3095 4776 homo.
3121 4720 3255 4789 Sors
3281 4723 3404 4777 mit-

1832 4815 1967 4869 titur
1986 4829 2145 4886 super
2174 4814 2372 4882 hircos,
2396 4815 2537 4885 quod
2562 4815 2878 4887 dispositum
2907 4824 3045 4879 erat,
3083 4814 3237 4886 juxta
3267 4815 3407 4885 quod

1836 4904 1998 4982 homo
2029 4913 2169 4971 erat,
2201 4920 2323 4960 eum
2348 4919 2447 4983 pro
2479 4906 2704 4959 mortuis
2748 4905 2905 4969 mori.
2962 4903 3224 4960 Mactatur
3247 4921 3409 4977 caper

1833 5012 1971 5051 unus
1997 5012 2095 5066 pro
2120 5006 2361 5067 peccato,
2384 4998 2508 5067 quia
2538 5012 2634 5067 pro
2658 4998 2813 5052 nobis
2835 5000 3207 5067 peccatoribus
3230 5000 3285 5054 in
3312 5016 3407 5055 ara

1830 5086 2007 5141 crucis
2032 5101 2157 5142 caro
2178 5084 2293 5154 ejus
2325 5085 2597 5163 immolata
2628 5094 2728 5140 est.
2754 5084 2928 5156 Caper
2956 5087 3268 5143 emissarios
3295 5097 3406 5143 sta-

1832 5177 1998 5253 tuitur
2020 5176 2173 5231 vivus
2202 5191 2381 5231 coram
2410 5175 2664 5255 Domino,
2685 5176 2812 5251 quia
2840 5176 3094 5235 divinitas
3135 5176 3252 5248 ejus
3281 5179 3403 5232 nul-

1828 5265 1934 5327 lam
1965 5265 2391 5331 immutationem
2413 5266 2495 5321 sui
2520 5267 2775 5342 suscepit,
2799 5273 2860 5321 ut
2892 5282 3015 5323 cum
3043 5283 3206 5329 carne
3227 5269 3402 5324 homi-

1827 5356 1913 5411 nis
1938 5363 2230 5427 pateretur,
2258 5353 2353 5410 sed
2376 5364 2576 5410 aeterna
2598 5363 2654 5410 et
2673 5355 2850 5430 vivida
2895 5357 3093 5412 virtute
3142 5356 3403 5414 caelorum

1828 5445 2041 5505 deserta
2068 5443 2277 5514 petivit,
2305 5458 2412 5498 non
2438 5444 2695 5501 mutando
2725 5444 2922 5513 locum,
2950 5446 3074 5518 quia
3099 5444 3244 5501 Deus
3284 5445 3405 5499 ubi-

1827 5548 1933 5604 que
1951 5541 2054 5599 est,
2077 5533 2171 5590 sed
2197 5532 2454 5615 cohibens
2477 5533 2753 5600 virtutem,
2779 5546 2840 5589 ut
2852 5534 3008 5590 daret
3025 5534 3257 5605 spatium
3279 5546 3403 5603 pas-

1826 5625 1989 5703 sioni,
2022 5625 2126 5680 hoc
2152 5632 2239 5681 est
2256 5624 2529 5681 desertum
2551 5624 2641 5680 ubi
2688 5625 2861 5682 bonus
2908 5632 3113 5697 pastor,
3163 5622 3402 5680 dimissis

1829 5715 2116 5787 nonaginta
2138 5730 2327 5771 novem
2353 5716 2564 5779 ovibus,
2614 5715 2748 5772 abiit
2784 5704 2945 5771 unam
2995 5729 3235 5786 qurerere
3281 5727 3403 5785 qua
