3948 6328
494 357 599 419 8‘27

1003 352 1397 408 WALAFRIDI
1439 349 1686 407 STRABI
1724 351 1928 407 FULD.
1974 345 2136 404 MON.
2176 346 2327 403 OPP.
2369 345 2550 402 PARS
2589 346 2627 400 l.
2664 376 2734 386 --
2774 343 3230 402 THEOLOGICA.

3664 345 3772 403 828

498 477 734 545 perierat
758 471 909 542 (Luc.
938 466 1050 538 xv).
1084 466 1281 521 Fundit
1306 466 1559 521 sacerdos
1587 479 1777 537 preces
1798 476 1959 533 super
1978 477 2069 515 ca—
2101 461 2146 516 Α
2176 457 2562 522 sanctuarium,
2598 476 2615 508 ι
2636 465 2690 510 et
2711 456 2937 526 reliqua.
2976 455 3201 524 Quando
3226 456 3489 513 Dominus
3512 455 3771 513 Christus

497 577 676 636 prum.
707 560 830 630 quia
856 558 1104 615 Christus
1133 574 1229 627 per
1257 558 1591 612 divinitatem
1621 570 1774 611 suam
1822 552 2069 625 paciﬁcat

497 669 598 710 nos
621 651 808 707 Patri:
848 669 864 700 ι
902 647 1071 704 Nemo
1109 649 1253 703 enim
1303 657 1477 716 potest
1517 648 1787 702 dimittere
1828 652 2065 717 peccata,

497 742 599 799 nisi
630 741 776 798 solus
807 740 944 795 Deus
968 738 1118 811 (Luc.
1149 737 1224 809 v).
1261 757 1280 790 ι
1312 737 1451 793 Sunt
1485 739 1576 809 qui
1610 738 1793 794 dicant
1838 738 1891 791 in
1938 735 2070 791 duo-

495 831 798 905 bushircis
825 831 959 884 duas
986 837 1169 901 partes
1195 828 1374 900 p0puli
1399 829 1646 900 intelligi,
1680 838 1737 883 ut
1763 827 2071 882 immolatos

495 940 590 982 eos
616 924 856 996 designet
889 922 980 993 qni
1004 921 1058 985 in
1080 920 1328 990 passione
1357 919 1558 976 Christi
1591 920 1870 975 credentes
1895 917 2070 988 quoti-

494 1018 584 1073 die
604 1030 663 1071 se
683 1022 918 1078 mactant
941 1013 994 1067 in
1017 1028 1111 1067 ara
1133 1011 1290 1079 ﬁdei;
1313 1011 1544 1067 emissus
1570 1026 1699 1067 vero
1720 1009 1773 1064 in
1805 1025 2068 1077 eremum,

495 1105 612 1162 illos
639 1105 731 1177 qui
757 1105 810 1159 in
836 1102 1074 1175 peccatis
1098 1102 1476 1173 perdurantes,
1521 1100 1760 1157 converti
1807 1099 2068 1164 nolentes,

496 1195 721 1251 tendunt
740 1195 807 1250 ad
831 1194 1081 1257 tenebras
1109 1193 1318 1250 onerati
1341 1192 1597 1263 peccatis.
1664 1190 1817 1259 Quod
1845 1199 2071 1260 uterque

491 1301 592 1357 pro
612 1293 837 1358 peccato
865 1276 1110 1351 oﬁ‘ertur,
1139 1285 1444 1347 ostenditur
1483 1298 1673 1339 omnes
1719 1282 1772 1337 in
1821 1280 2069 1353 originali

491 1385 714 1448 peccato
735 1377 1118 1446 deprehensos,
1155 1375 1249 1432 sed
1280 1374 1405 1430 illos
1435 1390 1464 1429 a
1497 1373 1722 1429 Domino
1750 1382 1971 1443 propter
2012 1370 2073 1426 ﬁ-

491 1468 614 1526 dem
643 1475 947 1537 susceptos,
971 1466 1105 1521 istos
1148 1466 1538 1521 incredulitatis
1566 1464 1862 1537 pertinacia
1916 1463 2071 1519 dam-

491 1568 680 1615 natos:
704 1565 933 1630 uterque
960 1558 1214 1619 statuitur
1236 1572 1424 1613 eorum
1449 1559 1698 1623 Domino,
1725 1558 1850 1628 quia
1871 1576 1889 1613 ι
1919 1555 2072 1612 multi

490 1658 620 1706 sunt
642 1650 845 1715 vocati,
872 1650 1027 1720 pauci
1054 1663 1185 1720 vero
1210 1649 1367 1706 electi
1391 1648 1606 1723 (Matth.
1629 1647 1788 1721 χχιι).
1820 1667 1839 1700 ι
1863 1647 1943 1704 Ad
1965 1664 2077 1703 om-

490 1755 590 1796 nes
617 1741 761 1796 enim
790 1739 1038 1810 pervenit
1068 1738 1438 1810 Evangelium.
1491 1739 1685 1796 Dicant
1728 1748 1905 1795 autem
1951 1755 2073 1817 pre-

2170 564 2268 618 per
2296 556 2508 602 uterum
2537 548 2772 619 Virginis
2797 547 3051 604 Ecclesite
3078 562 3191 604 suae
3218 564 3277 604 se
3302 548 3599 619 copulavit,
3630 567 3771 605 non-

2172 636 2297 693 dum
2322 649 2438 694 erat
2465 637 2581 707 eius
2608 639 2788 694 unitas
2813 648 3160 711 congregata,
3181 639 3308 696 licet
3328 640 3591 711 antiquos
3635 657 3767 697 san-

2172 736 2289 785 ctos
2314 730 2379 785 ad
2410 729 2569 800 hujus
2608 738 2935 784 structuram
2961 732 3289 800 pertinuisse
3315 731 3635 787 credamus.
3662 733 3769 787 Ro-

2172 831 2261 891 gat
2287 829 2464 875 autem
2486 820 2733 876 Christus
2774 822 3029 878 sacerdos
3080 842 3099 875 ‹
3147 838 3248 894 pro
3277 838 3358 889 se,
3388 843 3407 875 ι
3456 825 3765 878 secundum

2173 914 2578 977 humanitatem,
2611 933 2628 971 ς
2670 922 2724 970 et
2746 930 2842 985 pro
2869 914 3028 970 domo
3054 931 3173 982 sua,
3212 936 3230 967 ι
3273 916 3326 970 id
3374 926 3462 972 est
3492 916 3763 971 Ecclesia.

2176 1022 2195 1055 ι
2226 1002 2466 1074 Cumque
2502 1004 2695 1059 exierit
2734 1005 2797 1059 ad
2839 1006 3031 1073 altare,
3093 1006 3235 1081 quod
3283 1022 3470 1063 coram
3533 1007 3766 1063 Domino

2171 1101 2273 1149 est.
2313 1112 2333 1145 ι
2365 1094 2547 1148 Altare
2574 1093 2702 1149 illud
2734 1094 2983 1150 cmlestes
3016 1096 3240 1152 virtutes
3269 1106 3419 1157 sunt.
3460 1095 3521 1151 in
3567 1098 3766 1170 quibus

2172 1185 2422 1254 praesidet
2445 1186 2605 1243 Deus.
2641 1184 2815 1256 Super
2842 1202 2979 1257 quas
3004 1188 3222 1259 ponitur
3260 1189 3484 1260 sanguis
3528 1190 3675 1246 hirci
3716 1201 3767 1248 et

2172 1275 2345 1340 vituli,
2381 1277 2506 1347 quia
2530 1276 2635 1332 illis
2659 1277 2887 1335 multum
2911 1278 3115 1348 profuit
3153 1280 3333 1349 passio
3370 1279 3610 1335 Christi.
3650 1280 3768 1338 Non

2173 1368 2315 1435 enim
2336 1367 2536 1424 frustra
2581 1369 2656 1423 ait
2694 1368 3018 1441 Apostolus:
3051 1389 3069 1427 ι
3121 1387 3383 1427 renovare
3417 1374 3611 1429 omnia
3650 1389 3767 1445 qua

2174 1457 2229 1513 in
2258 1457 2410 1523 ctelis
2435 1470 2581 1529 sunt,
2613 1469 2667 1514 et
2693 1477 2812 1531 qua:
2842 1460 2895 1517 in
2929 1461 3089 1521 terris
3116 1461 3336 1533 (Ephes.
3366 1461 3433 1535 ι).
3472 1483 3495 1516 ι

2244 1549 2356 1609 Hoc
2379 1551 2548 1607 altare
2569 1560 2801 1621 quatuor
2821 1567 3024 1608 cornua
3046 1553 3230 1625 habet,
3248 1554 3377 1625 quia
3403 1553 3516 1610 illm
3537 1555 3767 1613 virtuts

2174 1644 2430 1716 angelicae
2456 1652 2685 1716 quatuor
2724 1653 2953 1701 utuntur
2992 1645 3372 1717 principalium
3422 1649 3766 1704 ornamentis

2173 1735 2461 1804 virtutum,
2482 1751 2601 1806 qua:
2618 1738 2888 1807 quomodo
2908 1735 2977 1792 ab
3003 1737 3089 1794 bis
3114 1740 3481 1794 observentur
3502 1738 3567 1794 in
3586 1738 3766 1797 Exodo

488 1843 580 1887 ses
609 1827 757 1883 fundi
793 1845 955 1900 super
985 1843 1209 1899 caprum
1236 1829 1576 1885 emissarium
1612 1829 1738 1885 dum
1767 1812 2073 1891 infidelibus
2103 1812 2147 1871 Β
2176 1830 2508 1899 scripsimus,
2532 1829 2835 1889 sanctiﬁcat
2855 1829 2985 1886 illud
3005 1850 3023 1882 ‹
3043 1831 3112 1889 ab
3138 1830 3507 1887 immunditiis
3536 1832 3766 1888 ﬁliorum

488 1930 691 1987 geterna
716 1921 981 1993 ingeritur
1007 1921 1332 1989 maledictio,
1362 1920 1465 1988 Qui
1492 1921 1835 1977 dimittuntur
1858 1921 1924 1975 in.
1942 1921 2071 1976 soli-

490 2009 697 2077 tudine,
726 2010 884 2065 idest
922 2012 976 2065 in
1028 2011 1430 2077 damnationem
1480 2019 1819 2081 perpetuam,
1872 2008 2073 2067 Christi

485 2116 617 2156 vero
646 2101 900 2159 divinitas
929 2115 1144 2170 semper
1168 2111 1254 2157 est
1279 2109 1334 2156 et
1360 2101 1460 2155 fuit
1480 2101 1533 2155 in
1557 2101 1679 2155 sinu
1722 2099 1931 2171 Patris;
1983 2098 2074 2152 ubi

489 2184 611 2248 ideo
639 2190 876 2246 solitudo
903 2191 1055 2253 dicit,
1082 2191 1208 2260 quia
1229 2190 1358 2249 nulli
1392 2200 1589 2260 prater
1628 2191 1799 2267 ipsam
1844 2189 2075 2245 Trinita-

490 2287 598 2348 tem
641 2280 710 2335 ad
754 2280 1016 2351 liquidum
1062 2290 1211 2351 patet
1261 2279 1495 2351 qualiter
1535 2296 1593 2337 se
1634 2297 1820 2337 eorum
1868 2290 2068 2336 ειμι-τιτι

487 2370 1046 2437 contineatessentia,
1072 2387 1258 2427 eorum
1286 2373 1405 2428 dico
1456 2372 1509 2426 in
1551 2371 1815 2442 personis,
1857 2371 1974 2443 ejus
2016 2371 2068 2426 in

484 2462 812 2518 substantia.
861 2462 962 2531 Qui
993 2479 1183 2519 sensus
1229 2465 1296 2520 de
1353 2464 1559 2519 duabus
1607 2462 1807 2520 Christi
1860 2464 2071 2518 naturis

485 2550 661 2621 aptior
690 2552 921 2617 videtur,
953 2554 1046 2622 qui
1077 2552 1165 2606 ille
1190 2553 1336 2614 solus
1365 2553 1485 2616 tulit
1514 2562 1731 2623 peccata
1755 2553 1938 2607 mundi
1962 2569 2067 2607 non

483 2648 545 2696 ut
571 2641 673 2696 sibi
697 2643 936 2708 haberet,
966 2643 1059 2698 sed
1083 2651 1141 2697 ut
1164 2644 1380 2718 penitus
1405 2645 1713 2714 perimeret.
1767 2643 1941 2715 Eligat
1967 2644 2069 2698 sibi

482 2730 721 2801 prudens
741 2732 910 2788 lector
935 2732 1076 2803 quod
1098 2735 1426 2804 sequendum
1451 2737 1621 2807 magis
1648 2737 1914 2801 videatur,
1943 2737 2070 2792 dum

486 2822 545 2878 in
596 2824 849 2879 omnibus
876 2822 998 2877 ﬁdei
1028 2838 1134 2878 non
1177 2823 1390 2887 vacillet
1421 2825 1749 2880 auctoribus.
1804 2845 1822 2876 ι
1849 2825 2071 2880 Assum.

483 2922 685 2992 ptoque
707 2911 1001 2978 tburibulo,
1047 2930 1064 2963 ι
1099 2921 1155 2967 et
1187 2913 1412 2984 reliqua.
1439 2914 2069 2985 Hocvatillum,lingnam

484 3002 838 3073 intelligimus
873 3002 1232 3069 Dominicam,
1258 3019 1382 3058 cum
1413 3018 1516 3074 qua
1547 3003 1720 3069 nobis,
1770 3019 1972 3075 prunas
2005 3004 2070 3059 de

487 3093 670 3160 altari,
695 3093 750 3149 id
776 3102 861 3149 est
889 3095 955 3150 de
981 3103 1190 3152 secreto
1217 3094 1429 3150 ctelesti
1472 3095 1735 3150 doctrinae
1772 3096 2067 3167 spiritualis

2173 1919 2355 1985 Israel,
2395 1940 2414 1973 ι
2445 1921 2549 1976 hoc
2575 1927 2661 1977 est
2691 1934 2791 1991 per
2814 1920 3121 1992 passionem
3156 1937 3308 1983 suam
3336 1920 3651 1991 paciﬁcans
3676 1937 3765 1977 an-

2174 2009 2415 2082 gelorum
2446 2010 2664 2077 choros,
2691 2026 2760 2065 ne
2788 2010 3099 2066 inimicitias
3135 2010 3277 2065 ultra
3302 2018 3541 2081 propter
3578 2027 3764 2081 pecca-

2175 2109 2287 2154 tum
2318 2099 2580 2171 originale
2609 2100 2683 2155 illi
2726 2100 3065 2165 exhiberent.
3101 2120 3119 2159 ι
3150 2100 3454 2171 Postquam
3498 2102 3763 2158 emunda-

2174 2191 2313 2253 verit
2335 2191 2702 2251 sanctuarium
2729 2200 2785 2246 et
2812 2191 3214 2257 tabernaculum
3235 2231 3251 2258 ,
3278 2198 3337 2246 et
3365 2191 3573 2247 altare.
3608 2212 3628 2245 ι
3655 2192 3761 2249 Rex

2173 2284 2380 2355 paratis
2400 2284 2711 2347 caelestibus
2733 2293 2786 2339 et
2808 2285 3059 2345 humanis
3082 2300 3178 2355 per
3202 2284 3523 2356 passionem
3545 2284 3761 2341 Christi.

2173 2375 2410 2432 Oﬁ‘ertur
2446 2375 2629 2431 hircus
2653 2375 2872 2441 vivens,
2918 2376 3033 2446 ipse
3073 2376 3320 2432 Christus
3363 2375 3633 2433 videlicet
3657 2377 3764 2432 sine

2171 2477 2417 2541 peccato,
2444 2476 2664 2538 peccata
2696 2476 2886 2523 nostra
2916 2468 3208 2530 secundum
3238 2467 3555 2525 divinitatis
3583 2477 3764 2539 poten-

2174 2542 2302 2612 tiam
2342 2556 2614 2612 dimittere
2660 2556 3001 2627 proponitur.
3040 2574 3059 2607 t
3093 2555 3275 2623 Posita
3316 2564 3560 2627 utraque
3609 2573 3764 2612 manu

2173 2661 2337 2715 super
2359 2653 2521 2715 caput
2543 2643 2679 2714 ejus.
2710 2664 2728 2697 ι
2759 2645 3025 2701 Debemus
3051 2646 3194 2701 enim
3222 2644 3480 2702 manibus
3499 2648 3760 2713 extensis,

2172 2745 2232 2797 ut
2258 2751 2315 2793 se
2344 2737 2653 2794 meminerit
2689 2752 2787 2808 pro
2832 2738 2986 2794 nobis
3034 2754 3226 2794 manus
3265 2739 3321 2793 in
3356 2754 3530 2795 cruce
3578 2752 3761 2798 exten-

2174 2829 2316 2884 disse
2337 2869 2351 2892 ,
2381 2843 2505 2884 cum
2540 2826 2837 2887 humillima
2869 2826 3077 2905 scilicet
3113 2826 3513 2899 supplicatione
3543 2840 3763 2899 peccata

2173 2919 2508 2982 conﬁtentes,
2536 2915 2875 2987 majestateni
2905 2919 3021 2989 ejus
3046 2933 3303 2986 exorare,
3330 2919 3464 2990 quia
3490 2918 3667 2976 ﬁdelis
3684 2931 3765 2976 est

2173 3021 2228 3068 et
2272 3013 2532 3068 remittet.
2574 3010 2715 3069 Vere
2752 3011 2895 3068 enim
2927 3011 3214 3084 languores
3252 3020 3477 3067 nostros
3520 3013 3643 3083 ipse
3679 3024 3760 3067 tn-

2173 3103 2254 3168 lit,
2276 3112 2381 3159 etc.
2414 3123 2432 3155 (
2466 3103 2691 3158 Emittet
2720 3118 2843 3159 eum
2874 3114 2971 3176 per
3008 3103 3281 3158 hominem
3325 3112 3626 3174 paratum,
3664 3124 3682 3156 ι
3711 3112 3763 3160 et

483 3182 735 3249 ardorem
765 3183 1113 3253 ministravit,
1168 3202 1188 3235 ι
1216 3184 1285 3240 Et
1308 3183 1562 3242 hauriens
1603 3200 1766 3239 manu
1792 3186 2064 3256 composie
2093 3162 2138 3225 (δ
2176 3196 2403 3266 reliqua.
2434 3195 2612 3266 ipsum
2640 3210 2739 3266 per
2760 3162 2932 3267 ipsum
2957 3194 3221 3251 mittimus
3240 3237 3253 3261 ,
3284 3162 3416 3265 quia
3445 3211 3552 3250 sua
3581 3196 3763 3251 volun—

485 3284 601 3332 tum
627 3274 940 3348 thymiama,
976 3295 994 3327 ι
1034 3285 1101 3331 ets
1118 3276 1343 3346 reliqua,
1389 3277 2072 3336 idestomnemdoctrinam

485 3381 639 3424 suam
665 3368 920 3439 operibus
946 3367 1206 3424 virtutum
1231 3378 1313 3424 est
1342 3368 1598 3435 ﬁrmans;
1641 3384 1763 3443 quae
1807 3369 2069 3435 doctrina,

486 3459 541 3523 in
579 3460 861 3515 incensum
881 3467 966 3525 est
990 3460 1203 3515 Domini
1233 3469 1445 3530 parata,
1468 3460 1595 3532 quia
1626 3475 1747 3529 quae
1768 3460 1951 3515 omnia
1996 3460 2070 3523 fe-

485 3548 583 3615 cit,
629 3546 779 3604 Patri
816 3563 915 3619 pro
954 3547 1121 3604 odore
1157 3549 1479 3605 suavissimo
1531 3557 1751 3619 accepta
1790 3556 1967 3615 erant,
2008 3549 2074 3613 de

483 3656 592 3711 quo
614 3638 752 3696 dixit
772 3659 785 3695 :
809 3660 827 3692 ι
853 3641 952 3697 Hic
977 3649 1061 3696 est
1087 3640 1258 3698 Filius
1286 3657 1439 3698 meus
1461 3642 1704 3706 dilectus,
1736 3643 1789 3698 in
1814 3658 1920 3713 quo
1941 3644 2071 3710 mihi

484 3729 785 3802 complacui
831 3728 1057 3802 (Matth.
1084 3728 1229 3803 ζιιι).
1281 3751 1300 3785 ι
1339 3730 1419 3804 *ναι
1441 3731 1593 3787 Ultra
1629 3731 1805 3787 velum
1849 3732 2076 3798 intrabit

485 3821 540 3887 in
562 3828 768 3875 sancta.
798 3838 818 3874 ι
844 3820 1100 3880 Ascendit
1127 3823 1269 3876 enim
1295 3822 1346 3877 in
1370 3822 1559 3894 caelos,
1592 3842 1611 3875 r
1638 3831 1840 3878 aeterna
1864 3826 2076 3890 redem-

484 3910 673 3981 ptione
712 3910 928 3966 inventa
974 3910 1162 3983 (Hebr.
1212 3912 1310 3986 rx),
1353 3933 1371 3968 ι
1419 3934 1437 3965 ι
1464 3913 1655 3984 positis
1704 3929 1865 3984 super
1893 3914 2069 3985 ignem

485 4001 837 4058 aromatibus.
861 4021 881 4056 ι
918 4003 1111 4058 Totum
1126 4003 1268 4059 enim
1300 4005 1440 4075 quod
1471 4004 1618 4072 fecit,
1649 4014 1870 4078 propter
1894 4007 2070 4062 chari-

484 4100 655 4149 tatem
697 4094 942 4149 exhibuit
963 4093 1147 4151 dicens
1180 4113 1193 4149 :
1228 4114 1245 4148 ι
1274 4095 1530 4167 Maiorem
1558 4097 1878 4155 charitatem
1910 4111 2069 4161 nemo

483 4183 647 4253 habet
674 4198 836 4254 quam
884 4191 942 4241 ut
983 4184 1219 4249 animam
1263 4201 1415 4241 suam
1460 4195 1647 4260 ponat,
1696 4195 1843 4244 oetc.
1900 4207 1918 4240 ι
1966 4186 2069 4242 Ne-

483 4272 608 4341 bula
640 4289 828 4339 eorum
859 4280 913 4330 et
935 4290 1102 4345 vapor
1136 4276 1341 4346 aperiat
1372 4277 1672 4343 oraculum,
1701 4296 1719 4329 ι
1751 4278 1805 4332 id
1849 4286 1950 4343 est,
1975 4294 2071 4347 pa-

485 4366 718 4423 ciﬁcatio
741 4382 905 4438 quam
938 4383 1036 4439 pro
1066 4370 1221 4427 nobis
1250 4368 1378 4425 iecit
1411 4369 1478 4424 ad
1502 4368 1722 4435 Patrem
1748 4385 1920 4441 usque
1949 4385 2069 4440 per-

485 4456 636 4511 venit
669 4470 831 4527 super
854 4470 1044 4515 omnes
1078 4457 1308 4514 virtutes
1354 4459 1648 4531 angelicas.
1711 4478 1730 4510 ι
1774 4458 1952 4529 Tollet
2001 4462 2069 4517 de

484 4547 748 4618 sanguine
776 4547 1258 4618 vitulietasperget
1277 4549 1444 4619 digito
1469 4551 1685 4620 septies,
1720 4570 1738 4602 ι
1764 4559 1818 4605 et
1846 4550 2071 4622 reliqua.

486 4637 674 4695 Passio
700 4638 900 4700 Christi
919 4655 1025 4713 nep
1051 4639 1222 4694 solum
1251 4640 1550 4702 hominum,
1574 4642 1667 4697 sed
1687 4650 1741 4697 et
1762 4642 2072 4713 angelorum

484 4728 692 4789 ordinis
720 4704 1046 4785 restauratio
1069 4727 1188 4798 l‘uit,
1222 4730 1341 4786 ideo
1372 4731 1439 4787 de
1459 4733 1719 4803 sanguine
1747 4704 1899 4788 vituli
1922 4734 2072 4801 illato

486 4818 703 4885 dicitur,
731 4840 750 4871 ι
786 4820 953 4892 digito
976 4821 1233 4893 aspergit,
1268 4841 1285 4873 ι
1320 4823 1409 4893 qui
1437 4838 1581 4878 nunc
1611 4843 1629 4874 ι
1661 4834 1882 4904 apparet
1903 4824 2072 4882 vultui

440 4964 447 4971 ,
486 4909 584 4973 Dei
631 4925 730 4979 pro
750 4912 907 4967 nobis
934 4910 1120 4983 (Hebr.
1166 4912 1263 4984 ιι).
1293 4934 1312 4967 ι
1365 4935 1382 4965 ς
1410 4912 1490 4968 Ad
1529 4914 1815 4970 orientem.
1842 4913 2072 4971 iOriens

488 5000 605 5071 ipse
630 4999 881 5067 Christus
909 5013 1012 5066 est,
1063 5004 1156 5073 qui
1191 5004 1426 5088 seipsum
1469 5004 1639 5060 solem
1667 5003 1891 5073 justitite
1921 5005 2077 5060 nobis

486 5090 746 5158 ostendit,
783 5092 849 5147 de
884 5107 991 5162 quo
1034 5095 1230 5150 dicitur
1257 5113 1270 5149 :
1302 5114 1320 5148 ι
1358 5095 1499 5152 Ecce
1520 5096 1622 5165 vir,
1645 5096 1836 5152 Oriens
1879 5111 2072 5161 nomen

487 5184 605 5253 ejus
634 5180 821 5256 (Zach.
841 5180 937 5256 vt).
967 5204 984 5237 ι
1006 5184 1080 5241 De
1101 5187 1346 5257 sequenti
1366 5187 1520 5242 hirco
1545 5186 1812 5243 similiter.
1866 5187 2070 5243 Emun-

487 5274 579 5339 det
618 5274 1010 5330 sanctuarium.
1062 5276 1309 5346 Praesens
1331 5278 1476 5334 enim
1522 5277 1765 5343 Ecclesia
1815 5279 2070 5335 mundata

488 5374 575 5426 est
599 5365 861 5439 sanguine
889 5365 1090 5424 Christi
1118 5384 1146 5421 a
1171 5368 1420 5445 sordibus
1458 5368 1808 5426 inﬁdelitatis.
1856 5387 1877 5421 ι
1917 5368 2069 5448 Quod

488 5456 656 5522 ﬁxum
676 5465 761 5512 est
785 5457 842 5515 in
856 5458 1033 5514 medio
1050 5459 1289 5515 sordium
1310 5454 1639 5531 bteredita'tis
1661 5475 1869 5516 eorum.
1897 5479 1916 5510 ι
1933 5459 2070 5528 Quia

488 5547 728 5605 Ecclesia
756 5557 840 5606 est
871 5551 927 5606 in
966 5549 1144 5605 medio
1185 5550 1462 5607 nationum
1509 5566 1671 5624 quam
1701 5552 1770 5621 ab
1798 5548 2073 5623 originali-

487 5639 588 5703 lms
615 5640 862 5698 sordibus
886 5641 1111 5697 'Christi
1161 5642 1421 5698 adventus
1448 5644 1677 5716 eripuit.
1723 5660 1743 5701 ι
1768 5641 1955 5698 Nullus
1978 5642 2073 5700 hoe

490 5732 693 5798 Initium
724 5733 793 5801 sit
819 5735 870 5789 in
900 5732 1246 5801 tabernaculo
1265 5735 1480 5807 quando
1504 5732 1740 5809 pontifex
1770 5731 2071 5807 ingreditur

2177 3293 2285 3341 tate
2312 3286 2379 3341 ad
2418 3300 2516 3340 nos
2540 3286 2721 3351 venit,
2751 3295 2806 3341 et
2832 3293 2891 3340 ut
2929 3285 3031 3341 sibi
3077 3285 3279 3356 placuit
3309 3301 3434 3341 sese
3475 3287 3547 3341 ad
3588 3286 3761 3358 propi-

2177 3376 2418 3430 tiandum
2470 3376 2716 3442 reduxit,
2758 3384 2817 3431 ut
2860 3376 2971 3449 ipse
3012 3376 3125 3430 ait:
3157 3394 3175 3433 ς
3212 3374 3556 3440 Potestatem
3594 3378 3763 3433 habeo

2172 3466 2399 3535 ponendi
2446 3466 2681 3520 animam
2706 3480 2912 3531 meam,
2967 3485 2984 3516 ι
3012 3460 3117 3529 etc.
3148 3464 3327 3529 (Joan.
3372 3463 3461 3537 x).
3505 3482 3527 3516 ί
3564 3464 3762 3520 Rever-

2176 3563 2319 3609 tetur
2340 3540 2537 3613 ‘Aaron
2577 3555 2643 3609 ad
2676 3553 3079 3610 tabernaculum
3124 3553 3452 3618 testimonii;
3487 3574 3509 3607 ι
3539 3553 3647 3609 hoc
3680 3563 3761 3610 est

2173 3645 2317 3725 quod
2356 3644 2470 3717 ipse
2498 3644 2575 3699 alt
2603 3662 2615 3699 :
2648 3663 2666 3699 ι
2704 3643 2842 3699 Ecce
2876 3659 2975 3713 ego
3005 3659 3122 3699 sum
3159 3643 3437 3697 vobiscum
3480 3659 3660 3715 usque
3696 3645 3761 3700 ad

2173 3736 2691 3799 consummationem
2716 3735 2894 3791 saeculi
2928 3755 2945 3788 ι
2986 3733 3200 3806 (Matth.
3225 3732 3441 3803 xxvm).
3480 3754 3500 3784 ι
3538 3734 3762 3804 Deposi-

2174 3827 2242 3892 tis
2267 3826 2528 3895 vestibus,
2566 3846 2584 3877 ι
2614 3826 2667 3881 itl
2688 3833 2789 3888 est,
2818 3838 2981 3881 carne
3007 3823 3217 3882 mortali
3237 3823 3512 3894 deposita,
3544 3824 3762 3879 immor-

2173 3917 2396 3977 talitatis
2444 3914 2617 3972 induit
2661 3914 2919 3986 gloriam;
2960 3933 2980 3966 r
3022 3913 3223 3969 lavabit
3259 3928 3488 3969 carnem
3524 3929 3685 3970 suam
3712 3916 3758 3969 in

2171 4008 2288 4075 ioco
2328 4015 2547 4073 sancto;
2594 4028 2612 4059 ι
2646 3998 2901 4062 Christus
2939 4021 3158 4070 carnem
3189 4015 3503 4077 susceptam
3545 4006 3763 4061 intinxit

2170 4099 2430 4169 sanguine
2481 4096 2770 4168 passionis.
2826 4094 2996 4162 Oﬂert
3044 4095 3416 4151 holocaustum
3472 4110 3759 4166 egressus,

2170 4188 2296 4258 quia
2329 4187 2396 4242 ad
2426 4185 2643 4241 Patrem
2671 4185 2966 4243 ascendens
2989 4192 3156 4240 totam
3177 4185 3646 4254 diSpensationem
3669 4200 3759 4254 pro

2172 4288 2356 4334 nostra
2380 4278 2552 4343 salute
2575 4276 2832 4347 explevit.
2866 4275 3035 4332 Olfert
3062 4260 3275 4344 adipem
3294 4316 3308 4338 ,
3342 4274 3398 4351 id
3423 4284 3517 4329 est
3545 4273 3759 4329 deside-

2170 4371 2309 4425 rium
2338 4385 2514 4435 suum,
2539 4354 2915 4439 quoinostram
2944 4366 3174 4431 salutem
3197 4365 3440 4421 sitiebat.
3468 4384 3491 4416 ι
3517 4364 3617 4421 Ille
3637 4380 3759 4417 vero

2176 4462 2267 4532 qui
2313 4461 2579 4526 dimiserit
2628 4475 2850 4530 caprum
2893 4458 3277 4523 emissarium,
3337 4476 3358 4509 ι
3412 4465 3473 4513 et
3529 4456 3753 4527 reliqua.

2176 4553 2424 4613 Christus
2448 4592 2471 4621 ,ν
2490 4552 2582 4623 qui
2615 4560 2837 4623 peccata
2866 4549 3130 4615 remittit,
3156 4548 3461 4617 Ecclesiam
3483 4588 3500 4611 ,
3533 4563 3659 4618 qua:
3682 4557 3759 4602 est

2174 4661 2370 4716 corpus
2412 4644 2530 4715 ejus
2576 4631 2633 4708 et
2675 4642 3085 4710 vestimentum,
3122 4654 3166 4701 ,a
3210 4636 3480 4697 confessis
3520 4638 3755 4710 peccatis

2172 4739 2483 4795 emundavit
2504 4752 2642 4806 aqua
2670 4733 3028 4806 baptismatis,
3058 4741 3115 4795 et
3136 4733 3217 4789 sic
3239 4733 3583 4791 mansionem
3608 4747 3754 4787 suam

2175 4829 2229 4884 in
2251 4828 2453 4883 sanctis
2475 4826 2756 4882 collocavit
2781 4843 2795 4879 :
2822 4824 2911 4891 vel,
2935 4824 3108 4887 aliter,
3140 4823 3418 4896 ingressus
3441 4831 3535 4878 est
3556 4831 3753 4879 eastra.

2174 4917 2227 4974 id
2269 4928 2353 4981 est
2394 4925 2512 4987 post
2553 4924 2826 4993 peractam
2882 4914 3311 4988 redemptionem
3346 4911 3524 4967 celos
3564 4927 3753 4967 ascea-

2176 5008 2273 5071 dit.
2306 5026 2324 5059 ι
2360 5004 2594 5072 Yitnlum
2626 5015 2807 5061 autem
2832 5014 2888 5059 et
2918 5004 3127 5059 hircum
3158 5003 3249 5074 qui
3271 5016 3371 5082 pro
3398 5011 3630 5071 peccato
3656 4998 3758 5052 hie-

2178 5105 2324 5164 runt,
2356 5115 2374 5148 |
2408 5105 2462 5151 et
2492 5095 2719 5167 reliqua.
2746 5093 2990 5167 Utraque
3008 5094 3227 5160 victima
3250 5092 3536 5155 Christum
3555 5089 3755 5163 signiﬁ-

2173 5196 2279 5256 cat,
2311 5187 2464 5257 Quod
2493 5202 2616 5241 cum
2638 5185 2914 5251 carnibus,
2937 5195 2993 5240 et
3013 5183 3171 5255 pelle,
3192 5191 3246 5238 et
3268 5181 3398 5237 ﬁmo
3423 5182 3747 5237 comburun-

2172 5287 2262 5333 tur
2287 5288 2440 5334 extra
2466 5285 2670 5343 castra,
2693 5276 2868 5330 innuit
2886 5276 3027 5345 quod
3055 5273 3311 5329 Dominus
3330 5269 3496 5333 Iesus
3510 5271 3753 5328 Christus

2178 5368 2236 5437 in
2259 5383 2356 5424 sua
2386 5381 2619 5438 persona
2660 5364 3068 5436 inseparabilis,
3097 5365 3191 5435 qui
3238 5371 3324 5419 est
3371 5378 3537 5418 verus
3578 5361 3751 5425 Dens,

2179 5475 2279 5531 pro
2312 5459 2469 5516 nobis
2496 5466 2649 5525 extra
2681 5465 2892 5528 portam
2924 5471 3115 5527 passus
3150 5464 3254 5512 est.
3285 5454 3477 5511 Fimus
3507 5463 3752 5527 peceato-

2180 5566 2301 5606 rum
2329 5556 2638 5605 nostrorum
2682 5544 2871 5604 sordes
2898 5544 3153 5607 ostendit.
3187 5563 3205 5597 ι
3245 5543 3347 5613 Qui
3387 5552 3572 5600 autem
3609 5557 3753 5597 eont-

2165 5638 2413 5712 ,husserit
2441 5653 2523 5705 ea,
2561 5656 2579 5690 ι
2611 5643 2668 5692 et
2694 5635 2921 5711 reliqua.
2947 5631 3006 5691 Si
3032 5633 3154 5705 quis
3181 5632 3325 5689 enim
3346 5647 3414 5687 ex
3438 5631 3752 5692 interfecto-

2182 5732 2331 5803 ribus
2358 5731 2474 5813 eius
2517 5728 2850 5796 crediderat,
2880 5720 3192 5802 paenitentia
3235 5724 3555 5793 mundatus,
3579 5724 3631 5787 in
3657 5738 3741 5779 our
