3948 6328
217 341 317 398 829

1161 345 1458 401 ΕΡῙΤΟΜΕ
1497 345 1848 402 COMMENT.
1889 344 2141 399 BADANI
2180 346 2247 400 IN
2284 347 2507 402 LEV’IT.

3359 355 3464 408 830

217 474 421 515 merum
437 441 670 514 ﬁdelium
687 467 930 528 receptus
943 465 1044 514 est.
1070 477 1087 508 ι
1109 458 1289 514 Mense
1308 461 1553 529 septimo,
1573 461 1778 515 decima
1807 477 1858 534 Α
1883 460 2009 512 Iicat
2037 469 2213 514 autem
2238 462 2604 517 homicidium.
2633 462 2769 532 Quid
2806 465 2874 520 sit
2907 465 3257 522 homicidium
3309 467 3464 522 Joan~

219 551 321 618 die,
352 568 371 603 ι
400 561 455 607 ει
482 552 713 622 reliqua.
737 550 932 606 Mensis
952 552 1208 622 septimus
1231 551 1616 620 plenitudinem
1648 560 1784 605 tem-

217 645 364 718 poris
393 645 594 711 innuit,
627 646 680 700 in
709 661 814 716 quo
840 647 986 700 misit
1027 645 1171 701 Deus
1219 646 1410 701 Filium
1457 663 1643 712 suum,
1681 657 1785 702 etc.

218 737 416 810 (Colat.
447 739 544 807 ιν).
582 739 798 794 Decima
830 739 945 794 dies
968 738 1315 808 perfectionis
1352 739 1513 811 legis,
1559 741 1698 794 sicut
1735 749 1789 795 et

216 828 459 884 Andreas
479 829 686 885 decima
709 830 841 884 hora
867 829 973 884 diei
999 846 1120 884 cum
1146 830 1312 884 fratre
1341 845 1438 884 suo
1462 833 1514 884 in
1540 830 1785 901 Evange-

217 918 288 974 lio
333 919 400 974 ad
439 919 624 975 Iesum
653 921 866 976 venisse
895 921 1108 991 legitur.
1139 940 1158 972 ι
1193 921 1318 978 Sive
1365 923 1613 994 indigena
1634 963 1648 987 ,
1678 923 1790 977 sive

216 1007 442 1074 advena,
479 1027 497 1060 >
525 1008 578 1064 id
607 1017 690 1064 est
710 1009 824 1066 sive
848 1007 1095 1074 Iudaeus,
1132 1012 1244 1066 sive
1267 1012 1511 1082 gentilis,
1543 1031 1560 1063 ι
1593 1011 1790 1082 alllige-

217 1097 285 1152 tis
309 1098 519 1153 animas
545 1107 783 1164 vestras,
814 1119 832 1153 ι
866 1101 1156 1168 secundum
1178 1100 1414 1156 litteram
1441 1121 1454 1157 :
1485 1103 1656 1157 tribus
1679 1103 1790 1158 die-

215 1185 646 1258 bus-jejunantes
676 1205 846 1259 usque
872 1191 938 1245 ad
970 1205 1282 1260 vesperum;
1333 1193 1437 1250 hoc
1477 1202 1562 1248 est
1612 1201 1789 1258 autem

214 1280 536 1353 principium
579 1284 978 1354 praedicationis
1027 1269 1226 1339 Christi
1270 1301 1283 1338 :
1337 1303 1354 1332 ι
1407 1283 1790 1338 Pmnitentiam

213 1373 378 1442 agite,
399 1392 418 1424 ›
443 1380 548 1428 etc.
585 1391 603 1425 ι
627 1372 947 1445 Nullumque
967 1390 1100 1446 opus
1127 1374 1356 1439 facietis,
1389 1393 1408 1426 ι
1429 1390 1614 1430 eorum
1640 1375 1790 1430 vide-

217 1463 343 1519 licet
372 1479 492 1534 qua:
519 1464 586 1519 ad
616 1466 847 1520 carnalia
879 1467 1150 1535 pertinent
1176 1466 1462 1531 desideria,
1494 1467 1633 1521 sicut
1659 1467 1793 1522 dici-

213 1564 336 1610 tur:
360 1575 377 1607 ι
399 1555 704 1626 Operamini
720 1571 824 1610 non
840 1557 1038 1616 cibum.
1055 1557 1144 1626 qui
1161 1557 1318 1627 perit,
1345 1575 1364 1608 ι
1379 1566 1483 1610 etc.
1502 1556 1789 1629 (Joan.rt).

216 1665 234 1698 ι
276 1645 334 1700 In
386 1647 488 1701 hac
547 1647 633 1702 die
672 1647 908 1717 expiatio
948 1648 1084 1713 erit,
1110 1646 1192 1717 ιιι
1220 1656 1275 1702 ει
1319 1648 1543 1718 reliqua.
1581 1647 1635 1703 In
1688 1649 1791 1702 hoc

209 1739 359 1792 enim
403 1749 640 1808 tempore
687 1739 1077 1794 emendationis
1130 1748 1340 1808 tempus
1380 1739 1640 1793 indultum
1684 1745 1786 1791 est.

1889 565 1985 604 nes
2007 550 2277 620 apostolus
2298 552 2465 606 dicit:
2501 573 2518 604 ι
2556 554 2656 621 Qui
2685 556 2858 610 oderit
2881 556 3107 612 fratrem
3150 573 3340 624 suum,
3371 559 3466 612 bo-

1888 644 2087 697 micida
2135 652 2218 699 est
2267 643 2449 717 (Joan.
2504 650 2610 705 tul.
2663 667 2681 701 ι
2737 649 2888 705 Unde
2942 651 3030 706 hic
3069 651 3461 721 prohibemur:

1894 751 1912 784 ι
1949 733 2139 788 Anima
2171 749 2289 804 quae
2319 737 2615 791 comederit
2657 739 3001 795 morticinnm
3047 740 3132 796 vel
3181 749 3397 811 captum
3433 759 3464 798 a

1888 822 2086 887 bestia,
2123 842 2140 874 ι
2177 825 2229 878 id
2260 834 2342 879 est
2369 841 2488 895 qua:
2516 827 2745 884 hominis
2769 831 2820 884 in
2851 832 3085 898 peccatis
3107 831 3305 886 mortui
3332 831 3465 887 vela

1889 911 2099 966 diabolo
2130 913 2403 984 depravati
2437 930 2494 968 se
2535 918 2796 987 exemplis
2826 919 3213 986 immiscuerit,
3242 922 3467 978 mundet

1889 1016 1947 1055 se
1973 1009 2028 1055 et
2055 1002 2296 1057 actiones
2327 1019 2450 1058 suas
2478 1003 2694 1060 lavacro
2722 1007 3082 1076 poenitentiae,
3113 1018 3168 1065 et
3193 1024 3363 1080 usque
3396 1010 3466 1065 ad

1889 1092 2182 1162 perfectam
2218 1095 2590 1164 paenitentiam
2630 1113 2720 1152 rea
2760 1106 2873 1164 est,
2896 1109 2951 1154 et
2976 1101 3046 1154 ita
3075 1102 3289 1156 demum
3312 1118 3466 1157 mun-

1891 1184 2142 1239 dabitur:
2171 1185 2214 1240 si
2244 1202 2369 1241 vero
2401 1205 2507 1243 non
2549 1189 2910 1270 emendatiqni
2943 1193 3239 1260 studuerit,
3271 1192 3464 1250 damna

1889 1275 2349 1360 przevaricationis
2380 1279 2642 1338 incurret.

2457 1391 2682 1457 CAPUT
2726 1393 2905 1454 XVIII.

1967 1497 1986 1534 ι
2021 1477 2180 1534 quta
2225 1483 2668 1546 consuetudinem
2705 1494 2864 1540 terrae
2891 1483 3112 1557 Egypti
3157 1500 3263 1542 non
3302 1486 3468 1544 facie-

1891 1567 1979 1632 tis,
2013 1590 2030 1621 ι
2054 1579 2107 1625 ει
2130 1571 2356 1646 reliqua.
2380 1573 2435 1627 In
2466 1575 2698 1645 capitulo
2723 1577 2825 1630 hoc
2850 1577 3082 1631 maxime
3108 1576 3466 1632 idololatriam

1889 1659 2139 1726 prohibet
2175 1661 2408 1726 nominis
2436 1663 2518 1726 sui
2547 1664 2741 1733 sapius
2784 1663 2889 1718 illis
2926 1664 3221 1734 ingerendo
3260 1681 3466 1720 memo-

1891 1748 2049 1812 riam,
2075 1749 2428 1822 Spiritualiter
2455 1752 2620 1808 etiam
2651 1769 2878 1814 monens
2903 1753 2972 1808 de
2997 1755 3290 1824 praeteritis
3319 1756 3469 1810 vitiis
3523 1817 3528 1822 ,

214 1846 231 1876 ι
270 1826 560 1888 Sabbamm
597 1827 740 1884 enim
777 1828 1123 1896 requietionis
1153 1837 1255 1892 est.
1293 1848 1310 1880 ι
1346 1828 1485 1882 sicut
1513 1826 1793 1898 Psalmis“!
1824 1819 1868 1878 Β
1896 1849 1950 1900 ει
1999 1819 2324 1897 instantibus
2366 1844 2519 1914 valde
2560 1845 2880 1899 cavendum.
2929 1864 2947 1897 ι
2995 1819 3230 1901 Ii‘acietis
3265 1847 3469 1917 judicia

206 1916 378 1972 dicit:
412 1936 429 1967 ι
466 1915 666 1976 Vacate
694 1926 749 1972 et
773 1918 970 1983 videte,
1004 1919 1257 1988 quoniam
1293 1935 1391 1986 ego
1415 1934 1532 1972 sum
1576 1918 1735 1982 Deus,
1765 1937 1782 1968 ι

203 2017 311 2063 etc.
349 2005 519 2079 (Psal.
544 2009 686 2078 xcv).
728 2027 746 2060 ι
788 2008 856 2063 Ut
885 2009 1185 2069 sacerdotio
1212 2008 1468 2079 fungatur
1507 2024 1604 2078 pro
1637 2017 1789 2077 patre

203 2115 328 2154 suo.
378 2117 397 2152 ι
444 2099 594 2154 Sicut
641 2107 849 2169 patrem
899 2100 1039 2156 filius
1088 2100 1360 2169 sequitur,
1415 2099 1494 2153 sic
1543 2099 1788 2168 Christus

200 2192 410 2256 Aaron,
447 2209 467 2242 ι
503 2189 653 2259 cujus
681 2191 902 2246 initiattc
927 2200 1055 2267 sunt
1083 2205 1296 2254 manus,
1321 2209 1339 2244 ι
1371 2191 1494 2258 quia
1516 2189 1562 2243 ei
1586 2199 1785 2246 mtcrna

202 2283 334 2336 data
364 2289 446 2336 est
475 2289 744 2350 potestas,
778 2283 832 2336 in
864 2297 970 2352 quo
996 2291 1081 2337 est
1110 2289 1291 2336 nostra
1331 2279 1566 2351 expiatio
1596 2297 1607 2332 :
1652 2298 1664 2329 ι
1697 2277 1786 2338 1η-

200 2373 507 2441 dneturque
538 2373 672 2426 stola
699 2371 860 2438 linea,
892 2391 910 2424 ι
947 2373 997 2426 id
1028 2379 1111 2427 est
1139 2371 1435 2426 Eeclesiam
1466 2371 1520 2424 in
1547 2370 1787 2438 corporis

198 2464 286 2518 sui
316 2464 510 2534 accipit
532 2463 811 2527 unitatem,
844 2479 960 2533 qua:
982 2463 1248 2518 castitatis
1274 2463 1508 2517 candore
1531 2460 1781 2530 refulget.

203 2571 220 2603 ι
256 2551 577 2607 Sacerdotes
601 2567 813 2622 quoque
835 2560 888 2606 et
907 2567 1119 2607 omnem
1146 2551 1418 2622 populum.
1452 2570 1468 2603 ι
1499 2550 1785 2621 Majoribus

196 2645 347 2698 enim
379 2653 432 2699 et
463 2643 760 2699 minoribus
786 2643 995 2698 Domini
1028 2643 1296 2711 adiutorio
1325 2657 1460 2712 opus
1492 2650 1593 2698 est.
1629 2661 1647 2692 ι
1689 2639 1786 2695 Se-

196 2733 311 2788 mel
343 2733 396 2788 in
425 2749 584 2789 anno.
621 2755 638 2787 ι
667 2733 818 2803 Quod
849 2735 1216 2790 sacerdotibus
1254 2734 1308 2788 in
1337 2733 1524 2788 umbra
1553 2730 1783 2800 jubeba-

197 2837 310 2893 tur,
334 2828 437 2883 hoc
465 2828 593 2883 fecit
621 2828 878 2884 Dominus
915 2827 1072 2883 Jesus
1098 2827 1358 2882 introiens
1387 2824 1552 2881 semel
1583 2825 1634 2878 in
1661 2839 1786 2878 san-

193 2925 352 2972 ctum
401 2916 456 2971 in
495 2932 638 2972 anno
681 2917 953 2988 placabili,
993 2935 1111 2987 quin
1151 2917 1409 2989 praedicat
1437 2915 1784 2986 semetipsum

193 3005 481 3063 oﬂ’erendo
509 3015 710 3062 mterna
742 3009 1109 3079 redemptione
1135 3010 1352 3062 inventa
1385 3006 1568 3079 (Hebr.
1600 3005 1697 3077 ιιι).

780 3120 1004 3177 CAPUT
1040 3118 1200 3178 XVlI.

280 3249 300 3281 σ
326 3230 498 3290 Homo
523 3230 566 3286 si
594 3232 855 3286 occiderit
881 3232 1094 3295 bovem.
1126 3252 1142 3283 ι
1171 3231 1477 3289 Secundum
1497 3232 1778 3297 historiam

194 3321 565 3397 idololatriam
596 3323 845 3390 prohibet
871 3339 884 3378 :
915 3325 1139 3392 mystice
1167 3330 1346 3376 autem
1379 3324 1590 3386 bovem,
1624 3322 1674 3375 id
1699 3329 1784 3376 est

193 3413 344 3468 forte
372 3428 536 3481 opus,
567 3429 722 3468 ovem
753 3415 1102 3481 innocentize,
1132 3414 1215 3470 vel
1257 3428 1474 3483 capram
1517 3415 1784 3484 perniten-

193 3505 311 3568 tim,
339 3507 452 3559 sive
479 3504 622 3560 aliud
651 3506 927 3574 quodlibet
957 3521 1092 3575 opus
1132 3505 1345 3562 diabolo
1366 3545 1381 3571 ,
1411 3521 1516 3560 non
1557 3506 1782 3562 Domino

191 3593 380 3660 offert,
417 3613 437 3646 ι
473 3596 750 3665 sanguinis
775 3611 899 3651 reus
923 3597 1048 3659 erit,
1086 3616 1105 3652 ι
1143 3597 1194 3652 id
1225 3605 1309 3650 est
1335 3595 1642 3662 homicidii,
1675 3611 1782 3664 quo

189 3686 370 3740 vitam
399 3687 671 3756 propriam
702 3688 895 3757 perdit.
923 3705 943 3738 ‹
974 3686 1076 3754 Qui
1117 3688 1373 3752 obtulerit
1410 3686 1781 3746 holocaustum

190 3775 318 3829 sive
343 3774 640 3844 victimam,
671 3793 689 3827 ι
717 3783 774 3830 ει
799 3775 1026 3846 reliqua,
1049 3791 1145 3846 per
1163 3777 1344 3831 omnia
1366 3777 1433 3831 ad
1447 3776 1781 3846 superiorem
1836 3799 1842 3808 ι

189 3864 438 3935 pertinet
471 3879 708 3935 sensum.
742 3865 845 3934 Qui
884 3867 1182 3943 comederit
1229 3867 1578 3942 sanguinem,
1612 3866 1664 3920 id
1699 3873 1783 3920 est

190 3949 298 4024 qui
329 3954 737 4025 sanguinolenta
765 3956 1010 4031 sequitur
1037 3971 1199 4026 Opera
1230 3957 1342 4011 sive
1368 3957 1500 4020 odii,
1531 3957 1644 4011 sive
1674 3972 1783 4011 om-

192 4046 294 4098 nis
323 4043 564 4111 malitize,
595 4045 662 4123 de
695 4060 802 4118 quo
828 4047 1089 4121 sanguine
1112 4056 1368 4121 corrupto
1401 4047 1566 4110 multa
1598 4047 1786 4119 legun-

190 4147 311 4193 tur.
324 4156 351 4188 .‹
376 4137 510 4205 Quia
538 4138 714 4194 anima
737 4140 916 4196 carnis
946 4141 998 4194 in
1014 4142 1274 4213 sanguine
1299 4150 1404 4196 est.
1431 4162 1448 4194 ›
1467 4141 1781 4197 Carnalium

187 4227 349 4282 enim
370 4228 692 4284 confidentia
711 4229 762 4282 in
782 4231 1124 4300 corruptione
1141 4239 1225 4294 est
1239 4230 1594 4301 voluptatum,
1617 4245 1781 4304 quam

189 4317 551 4387 fragilitatem
583 4319 635 4372 in
663 4333 848 4398 amore
877 4319 1085 4388 Domini
1117 4309 1448 4385 mortificare
1487 4321 1776 4394 debemus,

190 4414 252 4462 et
289 4406 446 4461 nobis
481 4422 698 4462 sumere
742 4408 796 4468 in
839 4409 1164 4478 exemplum.
1202 4430 1219 4460 ι
1258 4409 1314 4472 Si
1362 4411 1647 4466 venatione
1684 4421 1779 4466 aut

1891 1945 2011 1985 mea
2039 1939 2094 1985 ct
2120 1943 2385 2006 przecepta
2414 1951 2532 1990 mea
2557 1937 2839 1992 servabitis
2867 1945 2922 1991 et
2951 1937 3220 1992 ambulate
3243 1934 3302 1992 in
3321 1937 3424 2005 eis,
3445 1957 3464 1990 ι

1890 2020 1944 2076 id
1968 2029 2050 2076 est
2077 2023 2352 2092 perficite;
2383 2043 2402 2075 ι
2432 2039 2552 2096 qua:
2588 2026 2792 2084 faciens
2830 2026 2989 2082 homo
3009 2066 3023 2092 ,
3053 2027 3198 2081 vivet
3227 2027 3282 2082 in
3307 2028 3419 2082 eis:
3443 2046 3462 2079 ι

1890 2124 2018 2166 vere
2076 2112 2221 2182 enim
2261 2113 2436 2189 vivit,
2486 2115 2575 2185 qui
2634 2115 2847 2178 Domini
2912 2116 3167 2172 mandata
3210 2117 3465 2172 custodit.

1894 2220 1911 2266 ι
1944 2200 2132 2268 Omnis
2165 2205 2326 2262 homo
2350 2207 2417 2261 ad
2446 2207 2748 2278 proximam
2775 2209 3052 2279 sanguinis
3080 2209 3161 2264 sui
3185 2224 3292 2264 non
3317 2224 3471 2264 acce-

1889 2290 1999 2355 dat,
2037 2311 2054 2351 ι
2087 2302 2141 2347 ει
2168 2294 2289 2360 reI.,
2321 2304 2380 2348 ut
2403 2311 2510 2351 non
2532 2297 2780 2352 videlicet
2802 2306 2954 2352 extra
2978 2297 3270 2368 legitimam
3300 2315 3467 2368 eopu-
3523 2337 3538 2342 —

1888 2381 2143 2437 lationem
2198 2386 2404 2444 nubant
2451 2387 2627 2452 docet.
2675 2386 2785 2450 Nec
2831 2387 3034 2442 revelet
3083 2388 3468 2458 turpitudinem

1887 2461 2026 2538 ejds,
2072 2472 2125 2526 id
2169 2483 2253 2528 est
2293 2476 2604 2532 confitentis
2636 2477 2736 2530 tibi
2779 2485 3004 2546 peccata
3042 2491 3149 2531 non
3193 2477 3465 2547 publicos.

1886 2561 2047 2635 etiam
2077 2577 2407 2636 paganorum
2434 2573 2489 2630 et
2515 2565 2905 2628 sceleratorum
2935 2566 3077 2620 facta
3105 2567 3184 2620 eis
3216 2566 3308 2635 qui
3343 2567 3468 2621 inde

1886 2651 2006 2707 lazdi
2049 2654 2287 2724 possint,
2338 2655 2612 2727 divulges;
2657 2665 2712 2711 ct
2758 2658 2812 2711 in
2862 2656 3211 2727 sequentibus
3251 2658 3466 2727 penitus

1887 2742 2210 2799 adulterium
2240 2746 2510 2814 prohibet.
2550 2747 2608 2816 In
2647 2747 2844 2817 quibus
2878 2747 3188 2818 allegoriam
3224 2763 3466 2817 quaerere

1886 2849 1994 2889 non
2023 2834 2286 2903 habemus
2305 2851 2552 2902 necesse,
2579 2838 2670 2893 sed
2695 2838 2748 2891 in
2779 2838 2893 2908 ipsa
2920 2838 3097 2892 littera
3123 2838 3463 2894 custodiatur

1884 2924 2018 2980 satis
2045 2941 2166 2982 esse
2204 2927 2439 2984 videtur.
2472 2947 2489 2979 ‹
2523 2928 2581 2998 In
2622 2928 2963 2998 pellicatum,
2995 2949 3014 2982 ι
3042 2928 3096 2984 id
3121 2936 3205 2984 est
3238 2930 3292 2984 in
3319 2929 3466 3000 abje-

1883 3017 2115 3072 etionem
2149 3018 2231 3073 vel
2272 3019 2684 3086 concubinatum
2736 3020 2916 3086 illius:
2951 3022 3268 3078 concubina:
3314 3024 3460 3077 enim

1861 3108 2104 3184 _pellices
2147 3109 2507 3180 appellantur.
2557 3111 2632 3166 De
2677 3119 2956 3166 menstruo
3007 3111 3254 3166 mulieris
3299 3126 3461 3181 supra

1884 3199 2085 3254 dictum
2117 3208 2219 3254 εει.
2257 3221 2274 3254 ι
2313 3199 2447 3254 Cum
2482 3217 2648 3271 uxore
2673 3202 2906 3273 proximi
2951 3202 3024 3256 tui
3068 3218 3173 3255 non
3206 3201 3394 3264 coibis,
3436 3221 3457 3253 ι

1885 3289 1938 3358 id
1964 3298 2049 3344 est
2074 3290 2126 3344 in
2157 3307 2488 3361 paganorum
2516 3293 2876 3364 philosophia,
2909 3293 3000 3362 qui
3030 3293 3125 3348 tibi
3154 3301 3279 3346 sunt
3306 3293 3464 3362 fragi-

1884 3379 2036 3440 litate
2062 3381 2329 3450 proximi,
2358 3397 2466 3452 non
2507 3382 2816 3451 decipiaris.
2847 3401 2864 3438 ι
2894 3383 2968 3439 De
2991 3382 3197 3437 semine
3232 3390 3324 3436 tuo
3355 3397 3463 3437 nou

1885 3473 2056 3539 dabis,
2090 3481 2149 3528 ut
2183 3482 2533 3546 consecretur
2564 3475 2708 3541 idolo
2740 3473 2945 3541 Moloch
2966 3513 2980 3539 ,
3012 3493 3031 3526 ι
3060 3474 3151 3543 qui
3189 3484 3306 3529 erat
3331 3474 3464 3528 deus

1881 3564 2311 3633 Ammouitarum
2339 3581 2352 3619 :
2381 3566 2760 3635 universaliter
2782 3574 2960 3634 autem
2991 3567 3043 3620 in
3075 3566 3179 3621 hoc
3210 3581 3317 3622 uno
3346 3581 3462 3618 om-
3485 3565 3504 3572 ’

1883 3657 1973 3712 nia
2019 3657 2161 3712 idola
2205 3657 2638 3730 comprehendit.
2677 3676 2694 3712 ι
2727 3655 2838 3717 Nec
2885 3656 3091 3726 pollues
3127 3670 3325 3716 nomen
3366 3654 3462 3708 Dei

1885 3749 1981 3803 tui.
2023 3769 2041 3799 ι
2071 3747 2270 3804 Polluit
2295 3764 2492 3803 nomen
2516 3749 2751 3814 Domini,
2781 3747 2894 3820 qui,
2925 3747 3026 3802 sub
3045 3746 3224 3817 specie
3246 3745 3464 3816 religio-

1883 3839 1969 3894 nis
1997 3839 2091 3893 Dei
2114 3839 2478 3906 constitutus,
2502 3840 2634 3910 vivit
2659 3840 3018 3910 impudenter,
3045 3837 3294 3909 qualibus
3324 3837 3464 3893 Pau-

1882 3930 1966 3984 lus
2005 3930 2122 3984 ait:
2167 3949 2184 3981 ι
2217 3931 2319 3986 Per
2355 3946 2453 3986 vos
2492 3946 2687 3986 nomen
2719 3913 2934 3985 Domini
2963 3929 3370 4000 blasphematur
3407 3931 3462 3984 in

1883 4020 2132 4094 gentibus
2153 4021 2330 4090 (Rom.
2358 4022 2442 4089 ιι).
2476 4039 2495 4073 ι
2531 4039 2550 4071 ι
2582 4021 2652 4075 Ut
2674 4021 3238 4076 evomatltabitatores
3261 4033 3411 4083 suos,
3437 4038 3455 4069 ι

1883 4111 1986 4166 Ιιοε
2012 4121 2115 4176 est,
2144 4111 2530 4166 contumeliose
2560 4110 2788 4179 t'cjiciat.

2465 4221 2692 4283 CAPUT
2740 4220 2879 4295 xix.

1957 4331 1976 4372 ι
2009 4311 2252 4382 Loquere
2280 4310 2348 4365 ad
2371 4326 2587 4369 onmem
2615 4321 2815 4366 emtum
2845 4311 3077 4366 filiorum
3100 4309 3268 4366 Israel
3291 4328 3305 4365 :
3331 4310 3462 4366 San-

1883 4401 1955 4456 cti
1979 4409 2171 4465 estote,
2190 4401 2444 4469 quoniam
2467 4416 2566 4471 ego
2583 4410 2804 4456 sanctus
2824 4417 2963 4466 sum,
2990 4420 3008 4453 ι
3027 4409 3082 4455 ει
3106 4401 3330 4470 reliQua.
3351 4400 3463 4454 Iloc

190 4494 435 4564 aucupio
460 4497 664 4566 ceperit
687 4512 840 4551 avem
870 4506 962 4551 aut
988 4497 1178 4562 feram,
1214 4519 1232 4550 ι
1260 4499 1313 4553 id
1335 4509 1441 4564 est,
1468 4501 1512 4553 si
1538 4501 1661 4570 quis
1681 4501 1780 4555 do-
1814 4510 1860 4569 ι)
1887 4509 1991 4546 non
2016 4491 2186 4547 solum
2217 4491 2342 4546 ﬁliis
2363 4489 2563 4555 Aaron,
2588 4506 2694 4560 non
2718 4490 2890 4545 solum
2918 4490 3137 4553 Levitis,
3162 4490 3214 4544 id
3235 4499 3324 4544 est
3345 4503 3462 4542 ma-

190 4585 383 4652 ctrina
415 4587 606 4642 salutis
637 4588 908 4647 carnalem
935 4589 1259 4658 quemlibet,
1286 4599 1380 4644 aut
1408 4591 1602 4661 majori
1635 4593 1785 4662 inge-

191 4677 297 4742 nio
324 4677 629 4746 praeditum,
662 4679 728 4732 ad
759 4679 1150 4734 confessionem
1174 4681 1409 4736 nominis
1433 4682 1630 4736 Christi
1657 4698 1779 4752 per—

191 4769 450 4833 duxerit,
481 4790 498 4820 (
530 4770 718 4825 fundat
761 4773 1073 4842 sanguinem
1119 4771 1254 4841 ejus,
1284 4783 1338 4845 et
1381 4774 1588 4842 aperiat
1632 4775 1782 4830 ilum

196 4873 376 4926 terra,
408 4881 426 4913 ι
456 4863 507 4916 id
536 4872 638 4926 cst,
672 4865 943 4918 carnalem
971 4863 1086 4934 ejus
1109 4865 1271 4919 vitam
1313 4865 1629 4934 pqanitentia
1657 4881 1784 4935 ope-

194 4951 332 5016 riat,
363 4966 468 5006 non
491 4967 709 5007 sumens
732 4954 1048 5024 sanguinem
1074 4954 1127 5024 in
1157 4954 1359 5019 cibum,
1380 4938 1443 5007 id
1468 4939 1572 5017 est,
1596 4954 1694 5007 sibi
1718 4953 1787 5018 de

195 5040 317 5094 vita
347 5041 464 5120 ejus
491 5057 654 5114 prava
687 5035 947 5098 maculam
986 5060 1090 5116 non
1121 5044 1467 5120 contrahens.
1511 5043 1787 5118 Possimus

197 5115 375 5200 etiam
404 5135 581 5190 dicere
607 5136 749 5204 quod
791 5137 910 5190 ideo
947 5137 1264 5206 sanguinem
1305 5121 1632 5192 manducare
1661 5153 1788 5210 pro-

198 5224 432 5292 hibeat,
464 5227 553 5296 qui
579 5227 745 5290 vitam
777 5227 1044 5298 significat
1069 5227 1282 5291 carnis,
1313 5229 1437 5298 quia
1478 5227 1655 5290 nullus
1682 5229 1784 5285 sibi

197 5316 395 5372 vivere
421 5317 598 5386 debet,
630 5318 723 5372 sed
747 5319 925 5372 omnia
967 5319 1020 5372 in
1066 5320 1283 5397 nomine
1324 5319 1535 5373 Domini
1582 5319 1781 5378 facere.

204 5426 226 5458 α
273 5404 598 5474 Sanguinem
626 5408 888 5464 universa:
915 5410 1095 5464 carnis
1125 5426 1230 5464 non
1270 5410 1585 5468 comedetis.
1621 5430 1639 5462 ι
1670 5410 1782 5480 Hoc

200 5493 445 5562 primum
473 5511 729 5552 concesso
751 5512 844 5552 csu
875 5501 1118 5553 carnium
1165 5508 1408 5570 tempore
1435 5499 1545 5556 Noe
1585 5483 1786 5572 prtece-

199 5594 364 5654 ptum
387 5592 490 5652 est,
513 5594 567 5641 et
595 5586 662 5640 ab
689 5589 946 5656 apostolis
975 5589 1226 5646 similiter
1251 5593 1350 5645 sub
1383 5591 1589 5661 gratia;
1623 5591 1788 5660 signi-

285 5728 312 5757 ι
349 5718 523 5774 Locus
549 5731 847 5790 co"r"p:us,
882 5729 938 5774 ut
965 5722 1050 5780 alii
1080 5723 1216 5777 bene
1245 5723 1418 5794 multi.

1881 4581 2090 4649 joribus
2119 4581 2172 4634 in
2203 4581 2462 4651 Ecclesia,
2495 4583 2590 4634 sed
2616 4589 2670 4636 et
2697 4580 2846 4634 omni
2884 4581 3046 4634 ειειυὶ
3075 4579 3262 4644 Israel,
3283 4579 3343 4633 id
3381 4589 3466 4633 est

1888 4671 2155 4741 universis
2177 4670 2442 4735 ﬁdelibus,
2469 4671 2780 4749 prtecipitur
2805 4678 2863 4724 ut
2883 4669 3224 4724 sanctitatem
3251 4678 3464 4724 secten-

1890 4774 1976 4818 tur
2001 4764 2056 4818 in
2085 4763 2338 4818 onmibus
2357 4803 2371 4832 ,
2401 4764 2526 4832 quia
2555 4763 2849 4818 secundum
2879 4770 3095 4817 sanctos
3125 4762 3324 4817 habere
3346 4779 3462 4817 ser-

1886 4871 1983 4910 vos
2007 4865 2221 4926 oportet
2261 4866 2286 4894 θ
2315 4895 2330 4914 .
2365 4855 2456 4924 qui
2489 4855 2554 4908 de
2581 4853 2696 4922 ejus
2728 4853 3020 4908 sanctitate
3051 4853 3461 4922 participentur.

1895 4965 1913 4999 ι
1949 4945 2332 5023 Unusquisque
2371 4955 2579 5033 patrem
2625 4960 2782 5009 suum
2825 4951 2881 4998 et
2927 4951 3156 4997 matrem
3201 4957 3358 4999 suam
3401 4943 3468 4996 ti-

1888 5046 2050 5099 meat.
2084 5057 2102 5088 ι
2130 5036 2242 5105 Hoc
2287 5038 2510 5090 omnino
2552 5043 2758 5098 rectum
2804 5041 2889 5089 est
2923 5041 2978 5089 et
3021 5035 3184 5089 etiam
3225 5033 3466 5089 maxime

1887 5127 2138 5182 convenit
2168 5129 2448 5196 Dominum
2473 5125 2686 5190 Patrem
2719 5126 2929 5194 timere,
2951 5135 3006 5180 et
3031 5126 3326 5181 Ecclesiam
3346 5142 3462 5179 ma-

1888 5227 2024 5275 trem
2059 5220 2328 5273 venerari.
2384 5235 2402 5276 ι
2459 5217 2697 5286 sabbata
2735 5233 2856 5276 mea
2901 5217 3189 5282 custodite,
3221 5237 3240 5270 ι
3278 5231 3468 5271 omnes

1888 5289 2258 5365 solemnitates
2293 5309 2445 5366 vobis
2475 5317 2742 5374 statutas,
2774 5324 2872 5364 nos
2897 5324 3028 5364 vero
3064 5323 3278 5379 semper
3299 5323 3334 5363 a
3353 5323 3466 5363 ser-

1886 5402 2100 5472 vilibus,
2133 5403 2184 5457 id
2213 5411 2295 5458 est
2314 5418 2344 5456 a
2373 5402 2581 5482 peccati
2603 5403 2858 5482 operibus
2879 5418 3075 5458 vacare
3090 5402 3364 5472 iubemur.
3392 5401 3465 5452 I30

1890 5496 2066 5550 hostia
2095 5497 2282 5550 eadem
2313 5479 2400 5550 die
2420 5504 2476 5550 et
2495 5479 2729 5552 secunda
2751 5495 3078 5574 comedenda
3097 5495 3211 5564 jam
3231 5491 3467 5547 diximus

1891 5591 1946 5662 in
1978 5589 2367 5662 superioribus.
2407 5608 2425 5642 ι
2464 5589 2520 5645 Si
2543 5591 2832 5657 messueris
2849 5598 3088 5662 segetem
3109 5596 3268 5643 terra:
3292 5593 3415 5642 tuac.
3441 5605 3459 5636 ›
