3948 6328
453 345 547 400 831

959 339 1347 394 ινΑιΑιπιιιηι
1388 338 1630 394 ΞΤΠΑΒΙ
1672 339 1871 396 FULD.
1915 340 2023 394 MOJ

2123 339 2272 396 orr.
2317 340 2496 395 rans
2533 339 2572 393 ι.
2613 370 2681 380 -
2723 306 3179 396 TllEOLOGlCA.

3608 339 3718 397 852

451 468 504 512 et
529 456 732 525 reliqua
756 453 1075 522 {‘rmcipitur
1099 452 1298 506 Iudaeis
1319 453 1443 505 dum
1468 452 1764 521 Scripturis
1786 451 2024 505 abunda-
2053 458 2099 514 Α
2127 453 2427 507 doctrinam
2455 451 2801 521 apostolicam
2823 493 2838 518 ,
2871 453 3029 506 ﬁdem
3073 450 3342 522 passionis
3378 449 3594 507 Christi
3613 494 3629 518 ,
3663 454 3716 507 id

453 554 591 610 rent,
615 559 682 599 ne
709 543 1034 614 peregrinis,
1063 543 1113 596 id
1133 550 1218 597 est
1245 541 1530 611 gentilibus
1566 556 1749 595 earum
1779 556 2023 596 comnm-

451 633 665 693 nionem
694 635 1059 698 detraherent,
1083 633 1175 688 sed
1199 633 1395 702 spicas,
1425 631 1479 688 id
1500 642 1581 688 est
1606 633 1899 693 sententias
1924 632 2024 701 sibi

450 725 810 782 exuberantes
834 765 849 790 ,
896 724 1002 779 illis
1039 713 1407 789 dimitterent;
1441 724 1692 779 similiter
1721 742 1738 775 ι
1778 724 1830 777 in
1869 723 2024 788 vinea

450 797 698 873 racemos
717 823 772 871 et
801 831 986 886 grana,
1023 834 1042 868 ι
1074 814 1128 870 id
1151 823 1254 880 est,
1278 824 1337 869 ut
1356 813 1518 871 lsrael
1549 816 1836 886 prophetas
1858 823 1910 868 et
1936 829 2024 868 eo-

451 923 572 962 rum
612 909 753 963 dicta
797 906 1046 977 gentibus
1102 907 1476 987 permitterent
1527 921 1646 961 esse
1697 904 2020 967 communia,

457 1015 478 1047 ι
521 996 633 1050 Νοη
665 995 874 1050 facietis
904 995 1102 1050 furtum
1125 1034 1141 1060 ,
1179 1014 1198 1047 ι
1226 994 1280 1050 id
1315 1004 1397 1050 est
1422 1010 1635 1052 omnem
1675 995 2024 1067 cupiditatem

450 1084 673 1154 alicujus
695 1083 768 1139 rei
799 1097 906 1137 non
949 1091 1095 1137 recte
1137 1084 1476 1154 acquirendre
1520 1099 1624 1142 non
1666 1083 1943 1153 habeatis,
1972 1090 2028 1136 et

449 1174 594 1228 velut
621 1172 770 1244 plebs
806 1171 1111 1227 Iudaeorum
1152 1171 1425 1227 Christum
1473 1183 1842 1245 resurgentem
1886 1171 2027 1228 furto

451 1279 555 1317 non
586 1264 758 1335 ﬁngas
788 1263 1045 1318 ablatum.
1076 1283 1093 1314 ι
1123 1263 1239 1318 Non
1263 1264 1614 1326 mentiemini.
1639 1247 1665 1316 ἰ
1689 1265 1851 1319 Docet
1878 1279 1942 1317 ne
1971 1264 2026 1317 in

450 1353 660 1423 aliquo,
687 1356 917 1410 veritate
943 1354 1150 1418 relicta,
1182 1354 1264 1409 vel
1292 1355 1346 1409 in
1372 1354 1556 1420 verbo,
1584 1354 1669 1409 vel
1698 1355 1749 1408 in
1781 1355 2026 1410 doctrina

451 1446 788 1502 mendacium
825 1446 1151 1516 proferatur.
1187 1466 1206 1498 ι
1245 1447 1354 1503 Nec
1388 1448 1622 1518 decipiat
1656 1450 2026 1520 unusquisque

450 1536 753 1604 proximum
788 1550 966 1590 suum.
1001 1536 1104 1591 iln
1151 1538 1474 1606 supradictis
1521 1538 1773 1592 videlicet
1819 1539 2026 1595 duabus

450 1627 632 1681 rebus.
661 1646 678 1677 ι
698 1624 812 1681 Νοη
839 1626 1140 1695 perjurabis
1163 1629 1216 1683 in
1244 1629 1460 1684 nomine
1480 1644 1618 1684 meo.
1647 1650 1665 1682 ι
1696 1631 1786 1685 Sic
1807 1640 2026 1700 propter

450 1715 796 1770 homicidium
824 1716 960 1770 iram
987 1716 1041 1771 in
1068 1717 1360 1788 Evangelia
1396 1718 1669 1788 prohibuit
1696 1718 1908 1789 (Matth.
1942 1720 2018 1792 v),

2123 551 2207 597 est
2243 542 2628 612 redemptionis
2660 557 2788 608 suae,
2817 551 3118 598 conservet.
3158 561 3175 593 ι
3210 541 3492 596 Auferetis
3519 544 3716 611 pneei-

2123 647 2225 701 pua
2267 630 2572 704 [praeputia]
2614 647 2800 687 eorum
2823 673 2837 698 ,
2876 651 2895 684 ι
2927 633 2978 686 id
3023 641 3105 688 est
3141 631 3458 687 insistentes
3516 632 3717 686 divina:

2125 721 2440 795 Scriptum,
2468 721 2740 777 carnalem
2771 721 2905 792 legis
2933 721 3203 776 culturam
3239 721 3521 791 projicite,
3552 720 3609 774 in
3633 722 3717 776 his

2123 812 2384 870 duntaxat
2408 827 2526 892 qum
2549 811 2682 878 nihil
2718 812 2820 867 nisi
2856 812 3102 896 umbram
3137 810 3527 882 praeferebant.
3554 829 3576 862 ι
3609 811 3714 864 Ροο

2125 917 2210 962 ma
2246 902 2520 957 immunda
2552 911 2708 967 sunt,
2745 921 2764 954 ι
2791 903 2917 973 quia
2954 901 3088 957 tales
3120 902 3401 956 sententiae
3432 900 3718 970 superﬂue

2123 991 2498 1046 observantur.
2539 1011 2558 1044 ι
2603 992 2808 1060 Quarto
2854 1008 2994 1047 anno
3037 992 3212 1047 omnis
3262 990 3476 1046 fructus
3521 1005 3714 1045 eorum

2125 1079 2566 1147 sanctificabitur,
2598 1099 2618 1134 ι
2654 1081 2758 1136 hoc
2795 1085 2882 1136 est
2920 1081 3226 1150 evangeliea
3257 1079 3432 1150 gratia
3476 1095 3576 1150 per
3612 1078 3716 1133 Do-

2126 1169 2332 1224 minum
2371 1181 2695 1240 apparente,
2743 1172 2932 1227 eadem
2978 1171 3146 1242 ﬁgura
3183 1171 3547 1242 Spiritualiter
3594 1185 3716 1225 εει--

2123 1261 2300 1316 vanda
2341 1262 2638 1317 docebitur.
2690 1281 2708 1315 ι
2755 1262 2953 1330 Quinto
2991 1271 3167 1316 autem
3216 1276 3358 1326 anno
3407 1259 3715 1316 comedetis

2125 1348 2354 1416 fructus,
2387 1371 2406 1404 ι
2443 1352 2494 1405 id
2525 1361 2609 1407 est
2637 1353 2966 1421 temporibus
2997 1351 3361 1426 apostolorum
3383 1391 3399 1416 ,
3421 1352 3556 1422 quia
3585 1359 3714 1420 post

2123 1442 2572 1496 resurrectionem
2599 1441 2806 1502 Domini
2837 1441 3282 1519 quinquagesimo
3311 1440 3400 1494 die
3422 1480 3439 1504 ,
3470 1441 3580 1495 hoc
3608 1449 3712 1504 est,

2123 1531 2370 1600 quinario
2398 1531 2576 1586 decies
2601 1532 2785 1596 ducto,
2813 1531 3048 1602 Spiritus
3078 1539 3297 1586 sanctus
3326 1531 3512 1603 gratia
3549 1532 3712 1586 adve—

2121 1624 2302 1678 niente
2321 1623 2618 1693 spiritualis
2643 1622 3007 1692 intelligentia:
3028 1623 3178 1693 vigor
3199 1623 3475 1693 apparuit.
3504 1621 3710 1689 Quibus

2121 1722 2245 1767 ante
2271 1713 2572 1781 passionem
2601 1728 2753 1766 suam
2780 1713 3038 1768 Dominus
3068 1714 3239 1767 dixit:
3276 1733 3294 1764 ι
3329 1712 3709 1768 Adhucmulta

450 1807 585 1861 sicut
595 1807 781 1877 jurare
798 1808 966 1863 vetuit
983 1824 1052 1864 ne
1070 1808 1374 1878 pejeremus
1395 1828 1408 1864 :
1433 1809 1736 1876 Quodenim
1755 1822 2022 1883 superest,
2058 1807 2100 1866 Β
2128 1803 2298 1858 habeo
2328 1803 2479 1858 vobis
2501 1802 2679 1858 dicere
2702 1845 2717 1868 ν
2743 1805 2838 1859 sed
2866 1820 2971 1859 non
2999 1806 3224 1874 Ροωειῖδ
3254 1813 3483 1875 portare
3514 1809 3676 1862 ωοιὶο
3694 1849 3706 1871 ν

447 1907 502 1951 ει
525 1899 882 1956 abundantius
911 1908 1013 1964 est,
1035 1917 1102 1956 ex
1127 1901 1270 1956 malo
1291 1912 1397 1968 est,
1418 1903 1542 1972 quia
1565 1903 1610 1958 si
1634 1919 1732 1959 nos
1755 1906 2027 1959 voluntate

449 2006 551 2043 non
579 1992 794 2060 propria
808 1993 1076 2062 juramus,
1090 1993 1145 2047 id
1168 1994 1309 2063 quod
1326 1993 1574 2062 juramus
1592 1994 1660 2049 ab
1678 1995 1795 2065 ejus
1823 1995 2036 2065 malitia.

448 2082 593 2135 venit
608 2083 696 2150 qui
715 2083 936 2138 credere
954 2100 1062 2138 non
1073 2084 1186 2139 vult
1200 2085 1435 2140 veritati.
1449 2104 1466 2136 ι
1488 2087 1597 2141 Νεε
1610 2086 1817 2156 pollues
1832 2101 2026 2141 nomen

450 2171 680 2237 Domini,
716 2191 734 2223 ι
761 2173 902 2228 male
924 2175 1152 2230 vivendo
1180 2183 1236 2229 ει
1263 2175 1460 2244 injuste
1495 2191 1690 2232 nomen
1723 2176 1842 2246 ejus
1869 2193 2028 2232 usur-

447 2261 642 2328 pando.
676 2281 693 2312 ι
726 2261 841 2316 Non
892 2263 1058 2320 facies
1109 2265 1436 2320 calumniam
1482 2267 1728 2339 proximo
1771 2276 1890 2333 tuo,
1927 2287 1945 2319 ι
1973 2277 2027 2324 ει

447 2351 570 2415 rel.,
598 2353 648 2405 id
668 2362 751 2407 est
779 2362 855 2418 tu,
876 2351 1077 2421 Iudaee,
1100 2357 1297 2426 p0pulo
1323 2357 1531 2427 gentili,
1576 2357 1627 2412 id
1657 2365 1742 2413 est
1766 2358 2024 2413 ecclesia-

446 2443 604 2506 stico,
631 2443 889 2498 molestus
918 2461 1024 2500 non
1054 2446 1150 2500 sis.
1185 2465 1204 2496 ι
1241 2445 1358 2503 Νοη
1397 2442 1698 2503 inorabitur
1727 2464 1861 2520 opus
1884 2463 2026 2504 mer-

445 2531 646 2585 c.narii
668 2533 742 2586 tui
766 2533 905 2601 apud
929 2542 1000 2598 te,
1031 2553 1048 2585 ι
1073 2543 1130 2589 ει
1151 2534 1270 2600 rel.,
1295 2535 1348 2590 id
1371 2545 1472 2602 est,
1501 2537 1664 2591 redde
1685 2537 1734 2592 ei
1761 2537 2021 2602 laborem,

445 2623 586 2677 unde
629 2622 854 2680 forsitan
895 2626 1075 2681 vivere
1114 2627 1305 2692 debet;
1350 2628 1726 2698 spiritualiter,
1768 2629 2024 2699 praedica-

444 2712 548 2766 tori
595 2722 687 2768 tuo
735 2717 1046 2770 necessaria
1098 2718 1395 2788 corporalis
1443 2720 1568 2773 vita:
1613 2734 1719 2774 non
1769 2719 2017 2790 deneges.

447 2819 466 2852 ι
504 2801 616 2855 Non
647 2804 938 2860 maledicos
952 2807 1141 2872 surdo,
1168 2793 1272 2862 nec
1287 2823 1472 2862 coram
1495 2823 1638 2862 εξεεο
1661 2823 1827 2878 ροηεε
1848 2807 2022 2864 offen-

443 2893 708 2959 diculum,
742 2913 760 2946 ι
797 2895 851 2950 id
883 2905 984 2961 est,
1023 2913 1203 2953 coram
1245 2899 1489 2969 simplice
1527 2907 1580 2954 ει
1607 2914 1908 2970 praecavere
1932 2915 2021 2954 ne-

444 2982 652 3037 sciente
682 2983 901 3054 laqueos
927 3002 1031 3041 nou
1056 2988 1242 3044 lendas
1264 2984 1611 3044 seductiouis.
1645 3009 1663 3042 ι
1698 2989 1814 3058 Non
1845 2990 2023 3058 oonsi-

445 3071 662 3129 derabis
690 3087 977 3143 personam
1004 3080 1274 3149 pauperis,
1309 3098 1330 3131 ι
1366 3089 1420 3135 ει
1452 3080 1679 3152 reliqua,
1699 3081 1750 3136 id
1770 3090 1873 3147 εει,
1894 3081 2019 3152 licet

446 3162 816 3220 misericordia
857 3166 1068 3222 miseris
1113 3170 1411 3238 praestanda
1437 3170 1539 3236 sit,
1584 3179 1761 3241 tamen
1790 3186 2023 3242 peccans
2048 3155 2093 3216 (ἶ

441 3251 586 3321 juste
614 3252 948 3327 objurgetur,
979 3275 1080 3314 nec
1104 3249 1262 3318 dives.
1283 3277 1382 3331 pro
1425 3277 1522 3318 sua
1565 3254 1818 3334 polentia.
1851 3264 2023 3320 levius

445 3355 810 3413 supponetur.
847 3366 866 3402 ι
906 3349 1021 3405 Non
1060 3352 1170 3408 eris
1197 3353 1518 3409 criminator
1549 3363 1604 3410 et
1633 3370 1875 3422 susurro,
1913 3375 1932 3408 ι
1967 3363 2023 3411 ει

445 3437 542 3491 rel.
584 3439 865 3495 Detractor
897 3450 952 3498 et
991 3455 1373 3500 murmurator.
1403 3464 1422 3499 ι
1462 3446 1577 3501 Non
1615 3462 1823 3517 quaeres
1863 3448 2024 3504 ultio-

427 3529 590 3582 ‘riem.
629 3548 648 3581 ι
684 3529 850 3585 Docet
893 3533 980 3588 hic
1028 3534 1364 3603 patientiam.
1411 3555 1430 3588 ι
1479 3536 1728 3593 Jumenta
1774 3548 1865 3592 tua
1914 3555 2021 3595 non

447 3620 616 3676 facias
644 3623 813 3688 coire,
854 3643 872 3674 ι
905 3633 959 3678 ει
988 3625 1064 3680 rel
1093 3665 1108 3691 ,
1129 3626 1185 3680 id
1209 3635 1293 3681 est
1320 3628 1590 3698 simplices
1611 3631 1876 3687 malorum
1902 3648 2027 3701 pra-

446 3713 600 3767 vitati
648 3730 754 3769 non
804 3715 970 3769 facias
1016 3717 1374 3773 commisceri.
1410 3737 1430 3770 ι
1473 3719 1674 3790 Agrum
1720 3737 1826 3776 non
1874 3737 2023 3778 seres

447 3803 661 3858 diverso
683 3806 915 3868 semine,
957 3827 972 3855 ι
1003 3807 1054 3860 id
1075 3816 1178 3872 est,
1210 3807 1502 3863 Ecclesiam
1529 3824 1654 3864 vera
1685 3819 1740 3866 et
1768 3811 1901 3867 falsa
1929 3813 2025 3868 doc

447 3894 625 3948 ctrina
667 3895 832 3949 simul
874 3913 978 3951 non
1027 3899 1253 3954 imbues.
1291 3919 1307 3950 ι
1339 3901 1500 3956 Veste
1546 3917 1664 3972 quae
1710 3919 1774 3958 ex
1816 3905 2023 3962 duobus

449 3993 593 4038 texta
614 3993 717 4050 est,
744 4005 761 4038 ι
793 3995 846 4042 et
875 3988 1100 4058 reliqua,
1125 3989 1176 4044 id
1203 3999 1306 4056 εει,
1325 3991 1444 4046 ﬁdei
1466 3994 1831 4049 diversitatem
1855 4005 1908 4050 et
1930 3997 2026 4049 do~

445 4077 636 4132 ctrina:
655 4078 1148 4137 dissimilitudinem
1173 4082 1228 4136 in
1260 4092 1311 4138 te
1336 4098 1440 4139 non
1469 4085 1754 4155 suscipias,
1778 4086 1858 4140 vel
1883 4088 2023 4142 veris

445 4167 735 4224 virtutibus
761 4169 1044 4224 simulatas
1074 4187 1180 4228 non
1211 4174 1532 4230 admisceas.
1571 4193 1590 4227 ι
1628 4175 1801 4232 llomo
1829 4177 1877 4231 si
1899 4179 2024 4232 dor-

446 4258 624 4312 mierit
648 4275 770 4314 cum
799 4261 1024 4316 muliere
1053 4263 1196 4319 coitu
1218 4266 1464 4333 seminis,
1497 4286 1516 4319 ι
1549 4276 1604 4322 ει
1630 4269 1724 4322 rel.
1748 4267 1804 4323 ld
1831 4279 1913 4323 est
1941 4269 2023 4325 vir

443 4349 848 4410 ecclesia‘sticus
878 4354 923 4408 si
958 4355 1025 4409 ad
1055 4354 1374 4427 Syuagogm,
1402 4373 1523 4427 qua:
1548 4361 1617 4415 ab
1644 4359 1902 4430 Apostolo
1926 4377 2022 4414 an-

443 4439 566 4491 cilla
596 4451 836 4506 vocatur,
861 4457 1099 4499 errorem
1129 4446 1500 4513 declinaverit,
1532 4465 1650 4519 quae
1682 4449 1845 4504 etiam
1866 4450 2020 4504 nobi-

443 4530 507 4584 lis
553 4539 670 4599 est,
717 4534 844 4603 quia
887 4535 954 4589 de
997 4536 1321 4606 patriarchis
1359 4547 1671 4608 propagata,
1712 4558 1728 4590 ι
1763 4548 1819 4592 ει
1847 4549 2023 4594 tamen

441 4623 616 4690 pretio
646 4638 754 4680 non
781 4625 1108 4696 redempta,»
1144 4626 1198 4680 id
1224 4635 1327 4692 est,
1363 4629 1448 4682 cui
1474 4630 1651 4698 passio
1676 4629 1880 4686 Christi
1908 4632 2028 4686 ideo

441 4728 549 4767 non
583 4715 822 4785 prodest,
847 4717 975 4786 quia
1007 4717 1059 4770 in
1086 4717 1282 4771 duritia
1307 4730 1647 4788 perseverat,
1679 4740 1698 4774 ι
1732 4737 1832 4777 ιιεε
1864 4721 2026 4777 liber-

443 4809 554 4858 tate
585 4803 805 4870 donata,
845 4825 864 4857 ι
898 4806 952 4861 id
983 4814 1087 4872 est,
1121 4806 1497 4865 liberationem
1525 4811 1627 4866 sibi
1662 4813 1760 4882 ipsi
1809 4823 2027 4884 propter

444 4893 878 4950 incredulitatem
901 4897 1266 4953 interdicens:
1305 4918 1324 4950 ι
1357 4901 1685 4969 vapulabuut
1709 4905 1890 4967 ambo,
1924 4924 1941 4954 ι
1973 4903 2027 4958 id

442 4991 548 5045 εει,
580 4983 855 5038 seductrix
875 4993 929 5039 et
959 4986 1214 5042 seductus
1235 5003 1396 5058 parua
1419 5005 1476 5044 se
1495 4991 1684 5062 dignos
1706 5001 2022 5062 agnoscant,

451 5091 469 5124 ε
500 5082 557 5128 ει
581 5089 690 5128 non
721 5076 1046 5143 moriantur,
1076 5098 1094 5129 ι
1123 5079 1175 5134 id
1205 5088 1310 5146 est,
1351 5083 1649 5152 pceniteant
1676 5099 1744 5139 ne
1781 5095 2021 5154 pereant.

444 5163 570 5218 lleo
617 5174 796 5219 autem
843 5167 910 5220 de
952 5167 1053 5223 hoc
1098 5168 1270 5224 levius
1309 5173 1520 5238 sanxit,
1550 5173 1674 5242 quia
1716 5190 1820 5228 non
1863 5183 2022 5230 tantm

444 5255 703 5325 perniciei
734 5268 819 5312 est
844 5255 1150 5314 Judzeorum
1179 5261 1341 5316 sectis
1381 5261 1579 5318 involvi
1611 5273 1826 5333 quantm
1853 5281 2021 5336 paga-

444 5367 638 5407 norum
665 5352 891 5410 insaniis
909 5354 1170 5424 copulari,
1193 5372 1316 5411 cum
1345 5357 1421 5412 illi
1443 5373 1608 5412 unum
1631 5357 1796 5414 Deum
1817 5358 2014 5424 colant,

445 5445 534 5500 isti
573 5445 798 5501 nullum.
827 5445 944 5502 Non
969 5456 1147 5502 tamen
1171 5449 1238 5504 de
1269 5450 1416 5504 omni
1450 5449 1733 5522 Synagoga
1768 5453 2010 5521 supradi-

445 5546 586 5592 ctam
612 5538 869 5593 malitiam
901 5540 1106 5594 sentire
1132 5526 1410 5609 debemus,
1435 5544 1530 5599 sed
1561 5545 1731 5600 dehis
1753 5544 1805 5599 in
1827 5545 2020 5614 quibus

443 5629 659 5684 accitas
685 5629 930 5700 contigit.
968 5647 986 5680 ‹
1021 5627 1128 5684 Pro
1156 5629 1351 5686 delicto
1377 5642 1557 5688 autem
1581 5649 1679 5691 suo
1699 5634 1888 5690 offeret
1911 5635 2020 5692 Doo

450 5723 513 5776 ad
557 5722 750 5778 ostium
798 5719 1126 5776 tabernaculi
1152 5721 1399 5788 arietem,
1433 5744 1450 5778 ι
1479 5725 1530 5781 id
1563 5735 1664 5794 est,
1703 5726 1916 5782 rediens
1953 5727 2017 5781 ad

2128 1911 2248 1953 cum
2269 1905 2448 1962 autem
2474 1897 2682 1964 venerit
2714 1895 2801 1951 ille
2821 1895 3054 1968 Spiritus
3073 1897 3342 1964 veritatis,
3360 1899 3711 1954 annuntiabit

2125 1987 2495 2054 vobisomuia,
2527 2006 2545 2037 ι
2571 1994 2625 2040 ει
2656 1986 2858 2063 reliqua
2889 1984 3070 2056 (Joan.
3093 1985 3226 2055 xvi).
3258 1986 3377 2040 Non
3410 1990 3710 2042 comedetis

2125 2083 2476 2151 sanguinem,
2506 2080 2557 2134 id
2587 2090 2665 2134 est
2692 2095 2807 2143 vos,
2834 2077 3025 2144 Judzei,
3051 2079 3105 2132 in
3134 2077 3399 2133 effusione
3431 2083 3709 2150 sanguian

2125 2172 2465 2240 victimarum
2511 2171 2818 2241 ﬁguralium
2848 2185 2955 2224 non
2986 2171 3289 2225 conﬁdatis.
3315 2171 3438 2225 Non
3473 2187 3708 2241 augura-

2124 2264 2334 2320 bimini.
2363 2262 2661 2333 Augurium
2699 2263 2898 2316 dicitur
2927 2262 3079 2331 quasi
3122 2261 3493 2340 avigarrium,
3540 2262 3595 2315 id
3632 2271 3709 2316 est

2124 2355 2385 2427 inspectio
2429 2365 2484 2411 et
2535 2355 2844 2411 observatio
2895 2364 3091 2422 cantus
3141 2355 3353 2417 avium;
3405 2354 3705 2424 auspicium

2121 2461 2270 2512 vero,
2290 2446 2444 2516 quasi
2467 2446 2646 2500 avium
2673 2445 2956 2514 inspectio,
2982 2445 3035 2498 id
3063 2452 3144 2499 est
3165 2444 3542 2499 consideratio
3568 2444 3706 2497 vola-

2125 2547 2207 2593 tus
2235 2553 2440 2592 earum.
2478 2556 2496 2588 ι
2529 2535 2638 2591 Νεε
2669 2537 3028 2599 observabitis
3061 2538 3291 2601 somnia,
3330 2556 3346 2588 ι
3385 2537 3441 2591 id
3468 2548 3556 2592 est
3579 2537 3702 2590 falsa

2122 2626 2350 2682 somnia.
2391 2625 2620 2694 Quidam
2659 2642 2722 2679 ex
2757 2626 2982 2687 somniis
3022 2626 3359 2696 prophetiam
3399 2628 3704 2681 vindicave-

2121 2727 2248 2774 runt
2273 2718 2394 2783 sibi,
2425 2718 2545 2771 ideo
2572 2717 2778 2787 saturnia
2809 2717 3096 2772 observare
3125 2717 3398 2786 prohibuit
3433 2735 3446 2771 :
3473 2733 3543 2772 eo
3565 2719 3703 2772 enim

2120 2809 2298 2862 minus
2327 2807 2442 2862 haac
2471 2805 2809 2874 observanda
2832 2815 2979 2872 sunt,
3016 2820 3122 2873 quo
3165 2805 3279 2860 hare
3307 2807 3453 2859 unde
3482 2807 3703 2861 veniunt

2119 2899 2426 2954 discernere
2451 2914 2556 2951 non
2581 2897 2840 2955 valemus.
2866 2915 2885 2947 ι
2905 2894 3089 2965 Neque
3109 2896 3165 2950 in
3188 2897 3489 2951 rotundum
3515 2898 3703 2951 tondes

2118 3006 2351 3059 comam,
2389 3009 2407 3041 ι
2438 2987 2489 3042 id
2516 2996 2622 3057 est,
2654 2987 3010 3058 cogitationes
3026 2995 3149 3042 tuas
3179 2987 3413 3043 terrenis
3449 2987 3698 3057 volupta-

2122 3081 2266 3136 tibus
2295 3095 2402 3136 non
2430 3079 2740 3143 conﬁnnes,
2775 3078 2926 3134 orbis
2953 3078 3097 3134 enim
3127 3079 3390 3133 rotundus
3417 3088 3521 3134 εει.
3544 3098 3565 3131 ‹
3600 3079 3700 3134 Nec

2125 3172 2325 3227 radetis
2346 3171 2588 3234 barbam,
2621 3189 2638 3222 ι
2670 3169 2723 3227 id
2747 3177 2852 3237 est,
2885 3169 3119 3225 animam
3139 3169 3432 3225 virtutibus
3457 3186 3566 3224 non
3588 3185 3703 3239 spo-

2125 3264 2286 3320 lietis.
2307 3281 2326 3316 ‹
2349 3263 2524 3334 Super
2539 3271 2752 3318 mortuo
2771 3278 2876 3319 non
2895 3263 3145 3318 incidetis
3157 3278 3376 3318 carnem
3392 3272 3656 3328 vestram,
3679 3286 3696 3316 ι

2126 3359 2179 3414 id
2205 3365 2310 3424 est,
2341 3357 2396 3412 in
2421 3357 2730 3413 carnalibus
2755 3356 3201 3412 delectatiOnibus
3224 3357 3466 3411 animam
3494 3374 3602 3412 non
3634 3359 3702 3410 la.

2123 3451 2348 3516 ceretis;
2383 3469 2402 3501 ι
2436 3463 2609 3520 neque
2638 3449 2837 3519 figuras
2856 3447 3066 3517 aliquas
3088 3457 3144 3502 et
3170 3449 3450 3519 stigmata,
3489 3468 3508 3502 ι
3549 3450 3601 3503 id
3623 3461 3700 3504 est

2123 3544 2384 3614 picturas,
2415 3549 2547 3606 elc.,
2579 3541 2632 3595 id
2659 3548 2762 3607 εει,
2800 3539 3004 3599 erroris
3032 3539 3293 3594 varietate
3321 3539 3408 3594 vel
3432 3541 3698 3610 hypocrisi

2124 3649 2193 3689 ne
2213 3631 2702 3689 commaculemini.
2738 3649 2758 3683 ι
2794 3629 2910 3686 Non
2935 3631 3232 3699 prostituas
3269 3631 3439 3685 ﬁliam
3476 3641 3646 3694 tuam,
3679 3653 3694 3682 ι

2126 3727 2178 3781 id
2207 3734 2289 3781 est
2316 3725 2382 3780 ad
2409 3723 2764 3796 prostibulum
2789 3739 2894 3778 non
2923 3723 3106 3777 tradas
3133 3741 3144 3775 :
3172 3723 3532 3792 spiritualiter
3556 3738 3694 3785 vero.

2124 3817 2360 3870 animam
2397 3821 2541 3870 tuam
2581 3814 2637 3868 in
2683 3814 2980 3870 diemonum
3015 3823 3069 3868 et
3100 3814 3476 3868 hmrcticorum
3521 3817 3700 3868 volun-

2125 3915 2294 3962 tatem
2312 3921 2418 3960 non
2444 3905 2642 3959 tradas.
2671 3922 2688 3954 ε
2717 3903 2786 3958 Ει
2807 3904 3184 3958 sauctuarium
3201 3919 3383 3958 meum
3411 3905 3657 3968 metuite,
3677 3925 3693 3954 ι

2126 3998 2178 4052 id
2199 4007 2283 4052 est
2309 3996 2604 4052 Ecclesiam
2632 4009 2805 4050 meam
2831 3996 3093 4049 honorate
3110 4033 3125 4059 ,
3156 3993 3246 4047 vel
3262 3995 3427 4049 etiam
3453 4003 3700 4048 sanctua-

2125 4089 2264 4143 rium
2312 4101 2508 4156 corpus
2552 4087 2755 4142 Christi
2787 4086 3108 4156 intelligitur
3140 4086 3544 4140 honorandum.
3574 4104 3594 4136 ι
3630 4085 3700 4139 Ne

2125 4179 2404 4236 declinetis
2435 4179 2502 4233 ad
2525 4193 2726 4248 magos,
2760 4192 2861 4234 nec
2880 4179 2953 4232 ab
2975 4176 3197 4232 hariolis
3218 4176 3425 4245 aliquid
3462 4176 3698 4230 sciscita-

2126 4271 2277 4325 mini.
2308 4289 2327 4323 i
2348 4268 2572 4325 Omnem
2610 4269 2772 4322 ritum
2795 4268 3040 4323 maleficii
3073 4277 3234 4322 vetat.
3272 4267 3483 4323 Harioli
3513 4268 3696 4323 dicun-

2128 4371 2216 4417 tur
2238 4377 2454 4416 ararum
2485 4362 2846 4431 inspectores,
2877 4359 2974 4414 vel-
2997 4359 3285 4425 horarum,
3329 4360 3422 4430 qui
3486 4361 3540 4414 in
3565 4362 3698 4416 extis

2053 4503 2102 4562 υ
2128 4453 2389 4522 pecudum
2407 4465 2516 4506 sua:
2537 4450 2882 4506 divinationis
2899 4449 3160 4504 maleﬁcia
3185 4459 3464 4504 exercent.
3483 4450 3697 4520 Mystiee

2131 4550 2303 4562 -_-n-_.
2346 4541 2623 4562 L___-n!-...-
2666 4539 2874 4562 ..ζμ--..ι
2946 4540 3032 4562 ..ηε
3089 4540 3366 4562 --ΞΑ-αξη...
3402 4555 3562 4562 πμ-..
3598 4556 3693 4562 ..--

2127 4550 2306 4597 autem
2345 4541 2626 4596 haereticos
2665 4539 2908 4608 signant,
2941 4540 3056 4608 qui,
3088 4540 3371 4594 scientiam
3399 4555 3567 4608 quam
3598 4556 3695 4594 non

2124 4639 2326 4695 habent
2346 4635 2738 4706 promittentes,
2767 4615 2962 4688 diaboli
2993 4633 3178 4687 fraude
3198 4633 3513 4701 capiuntur.
3546 4652 3566 4685 ι
3601 4634 3696 4688 Co-

2125 4744 2243 4785 ram
2265 4743 2401 4784 cano
2416 4727 2593 4796 capite
2607 4739 2789 4796 surge,
2811 4745 2828 4778 ι
2848 4725 2900 4779 id
2913 4733 2995 4778 est
3008 4715 3306 4794 sapientem
3322 4725 3562 4780 honora:
3582 4724 3693 4779 cani

2126 4817 2271 4874 enim
2310 4825 2434 4873 sunt
2464 4831 2654 4872 sensus
2683 4815 2935 4871 hominis.
2966 4815 3040 4870 De
3065 4815 3261 4885 quibus
3281 4815 3622 4876 senioribus,
3648 4815 3694 4868 id

2127 4917 2210 4963 est
2253 4909 2614 4979 sapientibus,
2646 4906 2844 4961 Paulus
2878 4907 3009 4960 dicit
3039 4925 3050 4959 :
3091 4925 3108 4956 ι
3145 4907 3456 4977 Presbyteri
3501 4907 3692 4978 duplici

2126 4999 2330 5054 honore
2375 4997 2520 5068 digui
2569 4998 2888 5063 habeantur,
2933 4997 3166 5051 maxime
3206 4997 3301 5066 qui
3343 4997 3599 5052 laborant
3645 5000 3692 5051 in

2124 5091 2290 5146 verbo
2311 5100 2367 5146 ει
2390 5090 2630 5146 doctrina
2658 5089 2706 5161 (I
2737 5089 2870 5143 Tim.
2903 5089 2976 5158 v).
3011 5109 3028 5138 ι
3059 5089 3125 5143 Ει
3162 5089 3420 5143 Dominus
3449 5089 3520 5143 ad
3557 5087 3694 5158 loy-

2123 5197 2218 5235 sen
2248 5200 2262 5236 :
2299 5201 2317 5233 ‹
2349 5180 2495 5251 Elige
2527 5180 2864 5251 septuaginta
2897 5181 3060 5243 viros,
3091 5195 3226 5249 quos
3255 5188 3312 5232 tu
3353 5180 3498 5234 nosti
3518 5219 3533 5240 .
3558 5182 3693 5248 quod

2121 5273 2365 5329 seniores
2384 5282 2504 5328 sunt
2535 5273 2713 5343 p0puli
2745 5272 2937 5340 (Exod.
2968 5279 3133 5341 xxiv}.
3175 5292 3192 5324 ι
3229 5291 3247 5322 ι
3287 5270 3344 5325 Si
3372 5270 3696 5326 habitaverit

2122 5365 2328 5420 advena
2351 5365 2404 5420 in
2426 5375 2566 5419 terra
2597 5373 2704 5428 tua,
2743 5384 2760 5415 ι
2793 5374 2847 5419 ει
2875 5365 2997 5427 rel.,
3022 5364 3073 5418 id
3095 5374 3178 5420 est
3202 5363 3421 5421 Iudaeus
3440 5366 3690 5436 gentilem

2122 5453 2190 5508 ad
2224 5453 2506 5510 Dominum
2548 5462 2949 5509 convertentem
2975 5494 2988 5517 ,
3027 5455 3178 5522 quasi
3215 5454 3437 5509 fratrem
3473 5465 3688 5516 tractet,

2123 5561 2331 5602 memor
2354 5547 2496 5615 quod
2539 5547 2651 5617 ipse
2695 5556 2882 5599 natura
2931 5545 3072 5600 ﬁlius
3115 5544 3301 5602 fuisset
3337 5547 3434 5602 ira:
3462 5549 3601 5602 sicut
3642 5557 3688 5599 et

2123 5636 2327 5692 caeteri.
2361 5654 2380 5688 ι
2413 5635 2589 5693 Nolite
2617 5634 2794 5691 facere
2823 5637 3063 5706 iniquum
3085 5637 3309 5706 aliquid,
3337 5657 3355 5688 ι
3382 5647 3440 5694 ει
3467 5638 3564 5693 rel.
3597 5655 3615 5688 ‹
3637 5637 3686 5689 In

2126 5726 2328 5797 regula,
2369 5745 2384 5778 ι
2415 5727 2467 5784 id
2495 5735 2577 5783 cst
2609 5728 2660 5782 in
2686 5727 2832 5802 virga
2874 5729 3206 5783 mensuraria
3227 5769 3240 5794 ,
3265 5737 3319 5784 ct
3353 5728 3406 5788 in
3433 5728 3586 5792 omni
3611 5741 3672 5781 re
