3948 6328
237 348 338 402 833

1183 342 1862 402 EPlTOilE'COMMENT.
1904 343 2152 399 RABANI
2194 347 2256 401 ΙΝ
2295 347 2508 403 LEVlT.

3364 353 3464 407 834

237 459 494 517 ctitudtne
517 459 810 524 divisionis,
840 469 896 514 et
915 468 1106 514 caetera
1128 474 1246 530 qua:
1271 469 1590 530 sequuntur,
1611 457 1664 512 in
1688 455 1806 525 qui-
1833 461 1877 517 Α
1906 473 2002 526 per
2027 457 2321 525 Christum,
2345 471 2528 515 sancta
2556 461 2964 515 conversatione
2985 460 3222 516 incolant
3260 470 3311 517 et
3345 478 3467 520 con-

235 553 334 607 bus
355 549 609 621 iubemur
627 551 872 606 fraudem
904 567 1116 618 cavere,
1148 569 1215 607 ne
1239 553 1436 607 minori
1465 553 1594 608 dare
1617 561 1670 608 et
1699 567 1804 605 ma-

229 639 336 709 jori
358 655 608 696 mensura
623 641 848 696 velimus
869 650 1108 710 repetere
1129 651 1184 694 et
1203 641 1466 712 accipere.
1492 661 1510 692 ς
1531 639 1806 696 Custodite

235 729 418 786 omnia
443 739 710 801 pmcepta
742 746 881 795 mea,
917 751 936 782 ι
971 739 1024 785 ει
1048 731 1144 784 rel.
1171 729 1300 784 Sine
1325 730 1485 784 dubio
1510 731 1653 783 enim
1682 730 1807 784 bea-

238 831 324 876 tus
353 828 436 876 est
477 820 569 890 qui
622 821 862 874 omnium
904 821 1278 876 mandatorum
1318 820 1530 876 Domini
1556 820 1804 875 volunta-

236 919 346 966 tem
365 910 527 966 habet
554 911 965 982 impleudorum.

834 1036 1060 1102 CAPUT
1097 1032 1217 1100 XX.

313 1198 333 1233 ι
365 1180 423 1236 Si
457 1179 578 1249 quis
623 1178 829 1233 dederit
862 1179 926 1232 de
965 1177 1170 1232 semine
1203 1191 1299 1232 suo
1331 1176 1472 1230 idolo
1503 1175 1730 1232 Moloch.
1780 1196 1797 1226 ι

233 1269 361 1325 Ideo
387 1270 528 1324 hunc
557 1267 725 1322 solum
756 1268 948 1336 posuit,
971 1267 1095 1335 quia
1118 1266 1366 1336 princeps
1391 1266 1471 1320 vel
1497 1265 1804 1336 principalis

223 1361 651 1429 interpretatur,
705 1359 974 1413 diabolum
1017 1359 1349 1429 signiﬁcans,
1395 1361 1483 1429 qui
1514 1369 1597 1414 est
1626 1359 1802 1428 hujus

229 1449 418 1505 mundi
448 1449 723 1519 princeps;
757 1450 842 1503 cui
873 1450 918 1504 si
949 1450 1068 1518 quis
1103 1465 1263 1520 Opera
1293 1467 1387 1504 sua
1427 1451 1762 1506 consenserit
1787 1490 1800 1513 ,

233 1555 362 1595 reus
398 1548 480 1594 est
510 1553 700 1609 patum.
734 1558 752 1590 ι
788 1539 1022 1608 Populus
1051 1548 1208 1593 terr-.2
1233 1539 1489 1608 lapidabit
1513 1555 1657 1601 eum,
1697 1559 1715 1592 ι
1750 1539 1803 1592 id

227 1641 318 1687 est
343 1631 494 1686 duris
525 1631 806 1686 sententiis
830 1632 1209 1696 convincetnr;
1247 1650 1264 1681 ι
1301 1641 1353 1685 et
1382 1647 1480 1701 ego
1504 1645 1694 1702 ponam
1725 1630 1803 1684 fa-

228 1722 374 1776 ciem
408 1736 580 1775 meam
630 1727 818 1774 contra
866 1720 1135 1774 hominem
1171 1721 1353 1784 illum,
1394 1742 1410 1772 ι
1443 1721 1494 1776 id
1542 1729 1624 1774 est
1667 1721 1800 1774 iram

1903 561 2136 604 servent.
2169 570 2186 602 ι
2227 550 2448 606 Terram
2489 551 2779 616 ﬂuentem,
2822 571 2838 603 ι
2871 552 2922 606 id
2963 561 3044 606 est
3084 554 3466 610 redundantem

1903 642 2046 696 omni
2084 641 2396 696 dulcedine:
2423 643 2662 698 omnium
2703 645 2843 698 enim
2884 645 3124 699 ciborum
3157 645 3245 714 qui
3276 661 3470 714 paran-

1903 739 2010 796 tur,
2039 730 2120 786 lac
2142 739 2196 785 et
2233 731 2336 786 mel
2368 731 2618 786 facillime
2653 742 2927 801 parantur.
2967 733 3022 788 In
3061 734 3255 803 quibus
3283 735 3361 788 eis
3390 735 3471 788 in-

1904 821 2022 875 nuit
2065 821 2204 891 quod
2237 821 2282 876 si
2320 832 2583 892 praecepta
2631 822 2746 890 ejus
2789 824 3152 889 custodirent,
3201 825 3316 878 sine
3361 824 3471 877 ullo

1903 907 2116 976 labore,
2166 927 2287 965 cum
2337 913 2482 965 omni
2523 909 2855 982 iucunditate
2905 923 3102 968 terram
3149 915 3469 984 promissam

1900 1007 2084 1052 essent
2119 999 2440 1068 possessuri.
2488 999 2593 1054 Sed
2638 1009 2693 1054 et
2739 1001 2892 1056 nobis
2948 1002 3260 1057 timentibus
3301 1005 3468 1057 Deum

1901 1090 2236 1158 promittitur
2271 1091 2324 1145 in
2359 1091 2608 1160 praesenti
2637 1091 2862 1147 dulcedo
2893 1093 3152 1147 doctrina:
3175 1093 3470 1163 spiritualis

1903 1190 1957 1234 et
1983 1180 2263 1247 donorum,
2294 1188 2347 1235 et
2378 1182 2430 1235 in
2465 1180 2646 1236 futuro
2689 1183 2901 1254 requies
2940 1185 3056 1239 sine
3088 1185 3290 1242 labore.
3325 1205 3343 1237 ι
3375 1184 3469 1241 Se-

1901 1269 2084 1339 paravi
2113 1285 2206 1324 vos
2228 1287 2258 1324 a
2281 1271 2490 1326 catteris
2513 1272 2740 1342 pupulis.
2771 1289 2788 1323 ο
2817 1273 2939 1343 quia
2968 1275 3074 1328 illis
3098 1275 3266 1346 legero
3295 1277 3469 1342 dedit;

1904 1376 2002 1414 nos
2031 1377 2243 1432 quoque
2263 1363 2552 1432 separavit,
2576 1363 2665 1434 qui
2693 1379 2788 1418 nos
2809 1363 2936 1419 fecit
2969 1380 3294 1436 cognoscere
3318 1383 3469 1421 suam

1901 1452 2218 1519 potentiam.
2249 1467 2266 1502 ι
2305 1451 2564 1521 Separate
2598 1451 2901 1520 jumentum
2949 1453 3320 1520 immundum,
3359 1475 3376 1506 ι
3414 1457 3470 1510 id

1902 1550 2006 1605 est,
2024 1541 2331 1611 pepnlarem
2356 1542 2626 1597 hominem
2643 1543 2696 1596 in
2718 1542 2942 1597 stultitia
2965 1545 3164 1599 erroris
3177 1542 3469 1611 jacentem,

1905 1632 2055 1685 abeo
2077 1634 2163 1700 qui
2181 1633 2518 1703 simplicitate
2540 1649 2634 1687 sua
2651 1649 2852 1703 pauper
2866 1643 2947 1688 est
2968 1634 3178 1704 spiritu.
3203 1654 3220 1685 ι
3259 1634 3334 1690 Νε
3357 1635 3470 1704 pol-

1907 1721 2066 1776 luatis
2093 1723 2298 1777 animas
2320 1733 2526 1778 vestras
2553 1725 2605 1778 in
2629 1739 2824 1794 pecore
2847 1734 2902 1779 et
2919 1727 3129 1790 avibus,
3166 1746 3184 1778 ι
3219 1727 3271 1782 id
3299 1738 3381 1782 est
3405 1743 3472 1782 ne

227 1810 486 1866 vindictae
519 1827 533 1862 :
582 1826 600 1860 ι
643 1823 708 1863 eo
759 1810 900 1878 quod
946 1810 1392 1863 contaminaret-it
1441 1811 1800 1864 sanctuarium
1836 1803 1879 1861 Β
1907 1807 2247 1881 decipiaiuiui
2282 1813 2334 1867 in
2363 1813 2587 1867 stultitia
2609 1815 2904 1868 errantium
2928 1814 3007 1868 vel
3028 1815 3469 1885 philosophorum

227 1914 435 1964 meum,
464 1918 481 1950 ι
502 1899 552 1953 id
576 1907 658 1952 est
674 1898 787 1953 sive
811 1899 1044 1952 animam
1063 1915 1237 1962 suam,
1253 1914 1370 1968 quae
1388 1909 1470 1954 est
1496 1900 1671 1968 imago
1687 1901 1800 1962 Dei,

226 1991 348 2046 sive
377 1989 843 2060 congregationem
869 2030 884 2054 ,
916 1991 1130 2044 domum
1163 1991 1409 2045 videlicet
1449 1993 1561 2045 Dei.
1600 2011 1617 2042 ι
1651 1991 1801 2058 Quod

226 2083 278 2136 si
309 2083 583 2152 negligens
609 2081 832 2152 populus
862 2089 1038 2145 terrm,
1070 2091 1124 2135 et
1152 2083 1304 2150 quasi
1337 2083 1748 2152 parvipendcns,
1780 2101 1798 2133 ι

224 2184 287 2229 ει
312 2173 432 2237 rel.,
463 2173 515 2227 id
545 2182 650 2236 est,
681 2173 723 2227 si
754 2173 995 2242 magistri
1027 2173 1366 2228 dissimulant
1386 2215 1398 2238 ,
1432 2183 1488 2228 et
1530 2175 1601 2228 ita
1631 2183 1688 2227 ut
1725 2174 1806 2227 di-

225 2279 395 2334 gnum
419 2271 503 2318 est
529 2279 635 2317 non
671 2264 946 2332 redarguo:
963 2263 1388 2332 intpcccautem,
1405 2264 1621 2332 ponitur
1644 2264 1806 2318 facies

193 2403 207 2425 ,
224 2354 443 2410 Domini
468 2370 629 2424 super
649 2371 792 2412 eum.
824 2374 841 2404 ‹
864 2363 917 2408 ει
944 2355 1316 2422 cognationem
1338 2355 1471 2419 ejus,
1505 2374 1520 2404 ι
1549 2355 1622 2407 ira
1647 2369 1806 2424 super

225 2460 356 2499 eum
384 2455 440 2499 et
467 2446 514 2499 ei
541 2445 955 2499 consentientes.
991 2462 1007 2494 ι
1045 2444 1240 2497 Anima
1268 2460 1388 2512 quae
1429 2444 1716 2498 declinabit
1739 2445 1805 2497 ad

227 2549 423 2606 magos
445 2543 498 2588 ει
520 2533 779 2597 hariolos,
813 2554 830 2585 ι
867 2535 1148 2588 haereticos
1192 2543 1248 2587 ct
1282 2533 1652 2597 simulaturos,
1685 2550 1808 2604 per-

229 2625 338 2679 ibit
374 2627 438 2681 de
473 2636 614 2680 cmtu
656 2635 985 2681 sanctorum.
1022 2645 1039 2676 ι
1069 2626 1168 2692 Qui
1212 2626 1544 2680 maledixerit
1574 2626 1710 2694 patri
1753 2635 1807 2680 et

225 2717 415 2780 matri,
446 2735 464 2767 ι
493 2716 543 2770 id
564 2715 1178 2770 estDominiEcclesiam
1201 2717 1672 2786 blasphemaverit.
1699 2736 1716 2767 ι
1751 2717 1806 2770 Si

224 2807 534 2861 mceehatus
564 2806 725 2860 fuerit
753 2808 874 2877 quis
906 2823 1027 2862 cum
1056 2823 1222 2861 uxore
1259 2808 1514 2872 alterius,
1547 2827 1565 2858 ι
1598 2816 1651 2860 et
1685 2809 1804 2872 rel.,

226 2896 289 2949 id
315 2906 420 2959 est,
444 2897 488 2950 si
511 2898 629 2965 quis
644 2897 938 2952 Ecclesiam
954 2901 1051 2951 sub
1073 2899 1293 2954 alterius
1314 2901 1543 2968 pastoris
1567 2901 1807 2952 custodia

227 2986 542 3053 deputatam
577 2988 785 3041 miserit
815 2989 864 3041 in
895 2989 975 3042 sui
1013 2990 1212 3044 erroris
1246 2991 1712 3051 communionem,
1755 2999 1810 3044 et

229 3088 528 3144 persuasor
554 3085 605 3128 et
629 3077 971 3131 consentiens
997 3086 1218 3147 uterque
1232 3081 1637 3133 condemnetur.
1663 3099 1680 3128 ι
1706 3081 1806 3146 Qui

1904 1903 2117 1955 astutia.
2160 1920 2177 1952 ‹
2220 1903 2382 1958 Eritis
2406 1905 2575 1958 sancti
2605 1905 2757 1968 mihi,
2801 1920 2820 1955 ι
2856 1913 3039 1958 sancte
3058 1905 3317 1970 viventes,
3345 1906 3471 1959 reli-

1905 2006 2008 2058 qua
2045 1999 2106 2044 ut
2140 2003 2322 2060 supra.
2355 2012 2372 2043 ι
2409 1992 2521 2056 Vir,
2548 1994 2660 2048 sive
2687 1993 2898 2057 mulier,
2925 1993 2978 2048 in
3004 1994 3195 2064 quibus
3223 1995 3474 2066 pythoni-

1904 2098 2020 2148 cus,
2055 2105 2074 2134 ι
2111 2092 2163 2138 et
2198 2085 2290 2138 rel.
2323 2085 2492 2154 Major
2513 2087 2625 2140 sive
2655 2086 2848 2150 minor,
2883 2087 2972 2156 qui
3001 2096 3298 2156 sequuntur
3326 2104 3476 2142 erro-

1905 2189 2016 2227 rem
2047 2183 2098 2226 et
2125 2174 2284 2227 falsos
2311 2175 2620 2244 prophetas,
2650 2175 2840 2229 mortis
2865 2183 2989 2230 sunt
3030 2177 3128 2240 rei,
3161 2177 3310 2232 duris
3348 2193 3474 2233 sen-

1908 2263 2411 2331 tentiarumjaculis
2438 2265 2847 2331 convincuntur,
2881 2265 2933 2318 in
2974 2265 3210 2335 peccatis
3243 2267 3386 2334 suis,
3427 2266 3472 2322 si

1907 2367 2010 2405 non
2041 2354 2414 2420 pmnituerint,
2438 2355 2708 2422 peribunt.

2481 2483 2706 2540 CAPUT
2746 2483 2885 2538 XXI.

1984 2634 2002 2667 ι
2035 2615 2150 2672 Non
2181 2617 2581 2671 contaminatur
2605 2618 2856 2671 sacerdos
2886 2617 2940 2672 in
2985 2618 3250 2674 mortibus
3277 2619 3476 2674 civium

1909 2724 2148 2763 suorum.
2183 2728 2200 2760 ι
2242 2709 2497 2763 Dominus
2530 2709 2672 2762 enim
2710 2709 2776 2764 ad
2815 2710 3064 2765 Ezechiel
3091 2710 3324 2780 loquitur
3353 2727 3473 2765 cum

1909 2798 1972 2870 {f.
2007 2798 2093 2869 de]
2138 2798 2388 2852 omnibus
2433 2799 2802 2854 sacerdotibus
2843 2799 3066 2855 dicens:
3098 2820 3117 2852 ι
3165 2800 3478 2870 Speculato-

1910 2903 2022 2942 rem
2065 2890 2184 2943 dedi
2222 2897 2274 2942 te
2303 2889 2481 2942 domui
2513 2888 2677 2942 Israel
2703 2908 2715 2943 :
2741 2890 2786 2944 si
2813 2907 2917 2944 non
2945 2893 3350 2946 annuntiaveris
3380 2891 3480 2945 im-

1909 2980 1997 3049 pio
2041 2980 2377 3049 iniquitatem
2422 2995 2598 3046 suam,
2647 2981 2701 3034 in
2737 2983 2976 3051 peccatis
3021 2983 3134 3037 suis
3185 2984 3478 3048 morietur;

1911 3074 2225 3138 sanguinem
2253 3088 2379 3126 vero
2406 3073 2520 3140 ejus
2547 3073 2612 3126 de
2639 3088 2799 3127 manu
2827 3083 2916 3127 tua
2940 3073 3204 3142 requiram
3227 3094 3246 3126 ι
3264 3075 3477 3146 (Ezech.

232 3143 572 3218 eoieritcutti
599 3165 846 3234 jumento
867 3207 881 3230 ,
917 3186 934 3218 ι
966 3175 1018 3220 ει
1045 3143 1164 3232 rel.,
1207 3169 1258 3220 id
1289 3177 1392 3231 cst,
1424 3169 1512 3236 qui
1553 3182 1609 3222 se
1636 3143 1808 3223 errori
1837 3143 1880 3204 (ἶ
1914 3163 2250 3233 XHIII),etc.
2287 3163 2378 3218 Sic
2417 3165 2734 3234 prmcipitur
2768 3161 3038 3235 magistris
3064 3182 3130 3220 ne
3167 3166 3217 3220 in
3249 3143 3485 3236 peccatis

231 3254 525 3308 stultorum
555 3255 924 3311 immiscuerit.
961 3275 980 3306 ‹
1011 3257 1110 3324 Qui
1143 3259 1330 3312 coierit
1355 3275 1477 3312 cum
1505 3260 1764 3323 masculo,
1787 3279 1804 3311 ι

229 3354 296 3399 ει
320 3344 442 3408 rel.,
474 3361 595 3399 cum
639 3347 1042 3416 depravaverit,
1090 3349 1181 3417 qui
1228 3357 1404 3418 potest
1443 3365 1603 3419 opera
1652 3349 1811 3406 fortia

238 3426 580 3506 perpetrare.
641 3456 658 3487 ι
696 3437 884 3492 Mulier
922 3453 1042 3508 quae
1082 3440 1424 3494 succubuerit
1472 3441 1693 3495 cuilibet
1725 3439 1814 3509 ju-

233 3534 444 3588 mento,
470 3544 488 3577 ι
521 3536 576 3579 ει
604 3527 728 3589 rel.,
758 3525 808 3580 id
839 3537 921 3581 est
943 3529 1120 3581 anima
1143 3529 1427 3598 cujuslibet
1453 3531 1656 3584 erroris
1683 3530 1812 3584 stuls

233 3616 372 3670 tilia:
400 3617 760 3671 consentiens.
799 3635 818 3666 ι
847 3617 948 3683 Qui
976 3619 1168 3673 coierit
1188 3634 1308 3672 cum
1339 3621 1561 3675 muliere
1594 3621 1644 3674 in
1668 3619 1812 3674 fluxu

236 3717 541 3770 menstruo,
581 3725 599 3758 ι
630 3717 683 3759 ει
714 3706 832 3764 rel.,
857 3707 909 3761 id
935 3717 1019 3761 est
1045 3707 1133 3776 qui
1157 3722 1252 3778 per
1275 3708 1666 3779 philosophiam
1687 3724 1814 3779 gen-

235 3797 416 3851 tilium
467 3798 520 3850 in
564 3811 805 3852 errorem
850 3799 1106 3854 ceciderit
1141 3818 1152 3852 :
1190 3810 1523 3854 menstruum
1559 3812 1739 3855 autem
1785 3817 1814 3856 a

231 3900 428 3943 mense
455 3887 673 3952 dicitur,
698 3896 749 3942 et
779 3889 977 3943 mensis
1003 3903 1033 3941 a
1061 3904 1309 3944 mensura
1327 3929 1341 3943 .
1375 3891 1668 3945 secundum
1695 3901 1815 3945 etv-

230 3980 528 4041 mologiam
543 3980 718 4034 Latini
742 3979 1021 4035 sermonis.
1043 3979 1283 4050 Denique
1301 3981 1578 4050 gentilium
1605 3997 1816 4037 samer-

232 4073 316 4125 tia
347 4073 466 4126 ideo
493 4081 770 4126 menstruo
798 4071 1100 4140 comparari
1128 4080 1322 4142 potest,
1359 4075 1485 4142 quia
1510 4073 1574 4126 de
1606 4088 1820 4128 mensu-

241 4177 329 4216 ris
375 4164 595 4233 physice
643 4163 1055 4232 philosophandi
1105 4163 1284 4218 adorsi
1341 4171 1465 4217 sunt
1520 4162 1814 4219 solertiam.

241 4271 263 4304 σ
310 4251 409 4317 Qui
438 4251 629 4306 coierit
655 4268 776 4306 cum
809 4267 975 4306 uxore
1012 4253 1224 4322 patrui,
1255 4270 1273 4303 ι
1301 4262 1354 4307 ει
1386 4252 1504 4308 ιἐΙ..
1536 4253 1586 4306 id
1612 4261 1693 4308 est
1725 4254 1819 4324 qui

237 4342 318 4396 ab
350 4343 780 4396 antecessoribus
805 4343 918 4397 suis
936 4343 1178 4397 eruditus
1203 4343 1438 4396 maculas
1463 4359 1706 4397 errorum
1732 4353 1818 4398 at-

237 4434 449 4504 tigerit,
477 4435 592 4488 sine
619 4434 863 4488 mercede
884 4434 1144 4487 bonorum
1167 4449 1386 4503 operum
1410 4435 1626 4504 peribit.
1660 4454 1680 4487 ί
1716 4436 1818 4502 Qui

240 4526 466 4581 duxerit
512 4540 736 4580 uxorem
783 4525 963 4580 fratris
989 4525 1093 4600 sui,
1125 4544 1142 4576 ι
1174 4534 1229 4579 ει
1260 4525 1380 4588 rel.,
1417 4526 1554 4580 sicut
1578 4524 1821 4582 Herodes

240 4615 402 4671 fecit.
431 4615 533 4682 Qui
563 4618 926 4670 necessarium
961 4631 1193 4670 amicum
1220 4616 1524 4684 corruperit
1553 4617 1664 4671 suis
1699 4632 1823 4686 pcr-

241 4707 592 4764 suasionibus
618 4721 778 4777 quem
817 4707 1075 4762 Dominus
1101 4707 1202 4760 sub
1229 4707 1408 4776 specie
1437 4708 1673 4762 dexterae
1709 4724 1824 4762 ma-

242 4815 352 4854 nus
381 4807 437 4854 et
457 4799 609 4868 pedis
636 4799 1059 4861 commendavit,
1093 4797 1343 4852 similiter
1371 4798 1613 4853 interibit
1645 4817 1657 4853 :
1693 4817 1711 4850 ‹
1745 4800 1824 4854 Νε

242 4897 306 4944 ει
329 4903 426 4942 vos
447 4896 660 4942 evomat
688 4895 828 4942 terra
850 4903 1010 4956 quam
1039 4887 1289 4942 intraturi
1314 4887 1465 4951 estis,
1499 4906 1517 4940 ι
1543 4896 1597 4942 ει
1623 4888 1742 4949 rel.,
1771 4889 1822 4942 id

241 4988 356 5041 est,
380 4993 446 5032 ne
468 4977 693 5048 turpiter
707 4979 773 5030 ab
789 4976 1024 5032 Ecclesia
1047 4976 1424 5046 projiciamini,
1442 4977 1485 5032 si
1509 4977 1561 5032 in
1583 4993 1645 5032 ea
1666 4993 1829 5046 prave

244 5069 533 5135 vixeritis,
576 5084 695 5138 qua:
735 5077 819 5123 est
846 5077 985 5122 terra
1019 5083 1282 5138 generatis
1311 5069 1533 5122 herbam
1567 5079 1826 5138 opportu-

246 5175 381 5214 nam
397 5173 522 5214 cum
537 5159 929 5214 benedictione.
947 5157 1112 5210 Terra
1135 5168 1314 5212 autem
1345 5158 1678 5212 habitatores
1702 5172 1828 5212 suos

246 5261 508 5304 evomere
550 5246 771 5311 dicitur,
815 5263 937 5303 cum
969 5249 1022 5302 in
1070 5263 1133 5302 ca
1170 5263 1388 5302 manere
1434 5265 1539 5304 non
1582 5235 1832 5304 sinuntur

247 5338 652 5400 exheredandi.
679 5337 873 5394 «Vobis
893 5350 1070 5396 autem
1096 5339 1304 5409 loquor.
1328 5338 1603 5395 Possidete
1631 5350 1830 5396 terram

248 5445 470 5496 eorum,
507 5449 526 5482 ι
557 5440 613 5485 ει
649 5431 768 5497 rel.,
801 5431 854 5486 id
896 5440 981 5487 est
1025 5432 1180 5487 bonis
1226 5431 1467 5486 moribus
1503 5447 1596 5486 vos
1638 5433 1827 5501 dignos

249 5537 364 5592 qua
391 5523 706 5579 hareditate
735 5524 917 5590 facile,
945 5541 1070 5580 nam
1094 5525 1191 5593 ipsi
1220 5525 1451 5579 libenter
1476 5525 1831 5594 possederunt

249 5611 641 5683 eam.Mystice
669 5623 846 5669 autem
875 5616 1069 5686 pepulo
1103 5614 1243 5669 ﬁdeli
1279 5614 1588 5684 przecipitur
1627 5624 1684 5668 ut
1721 5624 1830 5670 ter-

254 5717 377 5758 ram
397 5702 672 5772 Eeclesim,
694 5720 814 5776 qum
833 5705 1047 5763 diabolo
1083 5713 1140 5761 et
1173 5704 1451 5761 erroribus
1487 5704 1713 5761 liberata
1744 5716 1829 5764 est

1911 3256 2108 3310 civium
2137 3270 2355 3310 suorum
2384 3255 2703 3324 polluantur.
2729 3275 2746 3306 ‹
2789 3254 2900 3310 Nisi
2936 3265 3142 3309 tantum
3170 3257 3221 3310 in
3252 3272 3483 3310 consan-

1911 3346 2137 3416 guineis,
2162 3365 2179 3396 ι
2199 3357 2302 3401 etc.
2327 3346 2479 3416 Saepe
2492 3347 2670 3400 evenit
2693 3355 2751 3400 ut
2767 3346 2958 3416 aliquis
2977 3355 3098 3416 post
3122 3363 3297 3400 rerum
3316 3347 3487 3400 admi-

1914 3438 2284 3493 nistrationem
2309 3439 2724 3493 domesticarum
2757 3438 2824 3492 ad
2861 3439 3220 3493 sacerdotium
3265 3454 3482 3508 promo-

1913 3535 2122 3580 veatur.
2143 3527 2247 3582 Sed
2263 3528 2387 3598 quia
2406 3526 2532 3581 illud
2549 3527 2877 3582 consortium
2894 3527 3170 3599 conjugale
3185 3544 3288 3582 non
3311 3537 3488 3598 potest

1914 3616 2031 3672 sine
2061 3618 2263 3687 peccati
2285 3617 2613 3670 admixtione
2638 3617 2844 3681 haberi,
2871 3619 3204 3687 permittitur
3231 3620 3485 3673 sacerdos

1914 3707 2202 3776 fragilitate
2214 3707 2394 3777 pollui,
2411 3707 2463 3761 id
2477 3715 2563 3762 est
2583 3722 2765 3761 curam
2791 3710 3096 3763 necessario
3112 3710 3486 3779 adjunctarum

1915 3811 2075 3869 agere
2126 3798 2639 3868 personarumzubi
2682 3799 2796 3862 vix,
2843 3807 2902 3852 ut
2955 3800 3211 3864 diximus,
3264 3811 3489 3869 peccato

1916 3901 2211 3951 careretur,
2247 3906 2350 3945 non
2383 3890 2526 3959 quod
2566 3889 2784 3958 nuptias
2832 3889 3176 3952 detestcmur,
3205 3891 3299 3943 sed
3345 3889 3488 3958 quoi

1915 3977 2191 4046 originalis
2218 3977 2441 4032 macula:
2472 3978 2704 4030 sciamus
2728 3991 2826 4029 nos
2858 3977 3076 4030 f;ecibus
3105 3978 3363 4030 irretitos.
3398 3977 3489 4032 Ju-

1917 4071 2078 4125 betur
2104 4086 2268 4136 enim,
2289 4070 2578 4124 secundum
2608 4069 2946 4139 Apostolum,
2966 4068 3012 4121 is
3036 4067 3125 4136 qui
3153 4069 3487 4122 ordinandus

1919 4169 2022 4223 est,
2047 4161 2182 4214 bene
2226 4172 2458 4228 praeesse
2496 4158 2675 4213 domui
2721 4169 2830 4212 sua:
2851 4157 2990 4211 ﬁlios
3017 4157 3216 4211 habere
3245 4157 3488 4226 pudicos,

1921 4250 2282 4307 testimonium
2313 4250 2511 4304 habere
2561 4248 2628 4304 ab
2670 4250 2754 4304 his
2802 4249 2892 4318 qui
2943 4249 3074 4302 foris
3118 4257 3243 4303 sunt
3270 4247 3318 4320 (1
3355 4247 3488 4300 Tim.

1922 4349 2026 4407 tu).
2081 4361 2096 4393 ι
2136 4340 2240 4395 Sed
2284 4356 2380 4395 nec
2410 4341 2462 4394 in
2494 4341 2734 4411 principe
2759 4340 2936 4410 populi
2965 4339 3046 4393 sui
3093 4339 3494 4393 contaminabi-

1926 4443 2032 4497 tur,
2063 4451 2081 4484 ι
2110 4433 2160 4486 id
2185 4441 2289 4496 est,
2322 4447 2387 4486 nc
2410 4433 2488 4486 eis
2511 4431 2775 4485 adulando
2799 4432 3030 4500 peccatis
3055 4444 3239 4485 eorum
3269 4445 3494 4483 consen—

1926 4525 2040 4579 tiat.
2078 4541 2096 4575 ι
2128 4522 2243 4578 Non
2275 4524 2468 4578 radcnt
2491 4533 2651 4592 caput
2671 4532 2726 4576 et
2763 4522 3004 4585 barbam,-
3027 4541 3045 4573 ι
3079 4522 3130 4575 id
3157 4529 3260 4586 est,
3295 4535 3398 4574 non
3427 4523 3493 4574 ad

1924 4613 2365 4668 consentiendum
2413 4613 2647 4681 peccatis
2683 4612 3036 4682 cogitationes
3083 4609 3278 4664 mentis
3324 4610 3492 4664 decli-

1925 4713 2070 4758 nent.
2097 4703 2152 4757 ln
2181 4703 2346 4758 barba
2377 4703 2540 4757 animi
2586 4702 2823 4772 vigorem
2850 4701 2963 4755 sive
2994 4699 3322 4754 intellectum
3353 4699 3495 4752 acci-

1923 4795 2118 4865 pimus.
2170 4796 2247 4850 De
2289 4796 2372 4850 his
2417 4793 2664 4848 similiter
2702 4792 3111 4862 accipiendum,
3139 4792 3281 4846 sicut
3305 4791 3372 4845 de
3405 4807 3497 4845 co-

1925 4885 2276 4954 gitatiouibus
2303 4883 2737 4953 praenotavimus.
2771 4900 2788 4933 ι
2819 4881 3002 4951 Neque
3030 4881 3082 4934 in
3108 4881 3361 4935 carnibus
3385 4880 3498 4932 suis

1932 4975 2129 5029 facient
2159 4973 2442 5037 incisuras,
2474 4992 2492 5024 ι
2529 4972 2582 5026 id
2611 4980 2714 5036 est,
2742 4972 2794 5025 in
2821 4971 2931 5025 vita
2963 4985 3059 5025 sua
3087 4984 3189 5023 non
3222 4969 3500 5039 patiantur

1933 5063 2264 5117 scandalum.
2300 5082 2318 5114 σ
2345 5063 2623 5117 lncensum
2656 5062 2798 5115 enim
2847 5059 3080 5125 Domini,
3111 5079 3129 5110 ι
3166 5059 3217 5114 id
3259 5067 3497 5114 estora-

1933 5153 2128 5217 tiones,
2175 5171 2194 5203 ι
2229 5164 2284 5206 ει
2325 5168 2520 5222 panes,
2546 5171 2564 5204 ι
2595 5153 2647 5206 id
2670 5159 2754 5206 est
2799 5151 3003 5205 hostias
3048 5149 3241 5213 laudis,
3270 5147 3491 5202 oﬂ'erunt

1937 5244 2064 5298 Deo.
2107 5262 2124 5295 ι
2157 5243 2403 5299 Scortum
2439 5252 2496 5297 et
2519 5243 2621 5297 vile
2648 5241 3004 5312 prostibulum
3031 5256 3138 5294 non
3163 5239 3321 5293 ducet
3361 5252 3498 5290 uxo-

1938 5353 2072 5401 rem,
2110 5356 2128 5388 ›
2165 5337 2216 5391 id
2241 5344 2346 5400 est,
2377 5335 2642 5389 haereticis
2679 5344 2736 5388 et
2776 5333 3001 5404 paganis
3029 5347 3138 5386 non
3167 5328 3500 5389 miscebitur,

1937 5444 2038 5482 nec
2084 5427 2437 5497 repudiatam,
2471 5427 2521 5481 id
2549 5435 2654 5491 est,
2700 5425 3036 5496 Syuagogam
3067 5420 3443 5491 superstitione
3472 5433 3502 5471 a

1937 5520 2152 5574 Christo
2181 5518 2440 5587 dejectam
2463 5517 2780 5572 imitabitur.
2810 5537 2828 5568 ι
2858 5515 3166 5572 Sacerdotis
3195 5513 3318 5573 tilia,
3347 5511 3390 5565 si
3414 5512 3505 5564 dc-

1934 5613 2200 5684 prebensa
2224 5609 2454 5668 fueritjn
2482 5619 2685 5680 stupro,
2713 5629 2731 5661 ›
2757 5619 2811 5663 ει
2837 5611 3039 5678 reliqua
3060 5608 3251 5661 Anima
3281 5603 3507 5670 alicujus

1937 5705 2178 5774 subjecti,
2207 5706 2252 5761 si
2277 5706 2329 5760 in
2348 5720 2590 5762 errorem
2614 5704 2889 5769 ceciderit,
2918 5701 3243 5773 poenitentia:
3278 5697 3508 5753 ﬂammis
