3948 6328
465 376 570 429 853

466 499 744 562 purgatur,
775 490 860 544 vel
907 491 1163 560 gehennae
1203 489 1466 543 exuritur.
1497 506 1514 538 ι
1550 483 1819 548 Pontifex,
1849 484 1899 537 id
1949 492 2031 536 est
2061 484 2110 542 Λ

468 583 718 638 sacerdos
733 581 1000 635 maximus
1021 581 1162 635 inter
1175 578 1397 646 fratres,
1425 598 1442 631 ›
1461 585 1516 633 et
1538 577 1760 648 reliqua.
1787 576 2036 631 Christus

467 669 706 741 pontifex
733 678 985 733 azternus,
1021 669 1110 738 qui
1153 678 1344 723 unctus
1371 677 1453 723 est
1481 667 1686 736 Spiritu
1713 673 1899 721 sancto
1928 679 2038 736 prae

465 751 718 819 Omnibus
744 763 963 818 sanctis.
985 781 1002 814 ι
1023 761 1186 833 Cujus
1213 760 1750 815 manus’consecrataa
1775 765 1917 823 sunt,
1945 778 1962 810 ι
1986 756 2039 812 id

466 854 628 908 estin
664 868 828 908 cruce
857 869 956 922 pro
983 861 1165 907 nostra
1190 850 1574 920 justiﬁcatione
1600 860 1856 904 extensm.
1887 868 1904 900 ι
1935 848 2040 902 Ve-

467 945 734 1013 stitusque
767 928 865 998 est
906 943 1109 998 sanctis
1154 942 1432 1007 vestibus,
1479 961 1497 994 ι
1548 943 1601 996 in
1647 949 1788 996 conn
1831 950 2042 995 sancto-

470 1051 608 1090 rum.
639 1054 657 1085 ι
693 1035 866 1105 Caput
886 1050 1043 1090 suum
1067 1050 1174 1089 non
1201 1033 1580 1102 discooperiet,
1612 1054 1631 1086 ι
1654 1033 1706 1086 id
1728 1040 1812 1086 est
1839 1030 2036 1085 divini-

469 1133 633 1180 tatem
663 1141 812 1180 suam
841 1142 946 1181 non
989 1126 1235 1196 dcturpet
1262 1144 1273 1178 :
1301 1125 1623 1179 honorificat
1653 1124 1795 1177 enim
1826 1121 2038 1176 Patrem

468 1214 789 1268 humanitati
838 1215 1142 1284 subjectos,
1189 1214 1471 1268 divinitate
1515 1213 1756 1282 mqualis.
1793 1229 1810 1262 ι
1861 1211 2039 1265 Vesti-

471 1311 706 1358 mentum
737 1320 841 1359 non
872 1305 1101 1370 scindet,
1132 1316 1149 1357 ι
1188 1305 1240 1358 id
1265 1311 1349 1358 est
1372 1303 1667 1358 Ecclesiam
1702 1319 1807 1357 non
1839 1302 2042 1372 patitur

469 1394 659 1449 scindi.
682 1412 701 1445 ι
729 1394 809 1448 Ad
839 1410 1049 1449 omnem
1071 1403 1337 1448 mortuum
1368 1409 1472 1448 non
1499 1392 1850 1462 ingredietur,
1875 1412 1891 1443 ι
1919 1390 2038 1445 nui-

467 1483 572 1540 lius
598 1485 738 1539 enim
770 1485 976 1554 peccati
1001 1485 1272 1554 particeps
1310 1483 1428 1538 fuit.
1459 1503 1476 1534 ι
1512 1482 1686 1553 Super
1716 1491 1868 1554 patre
1901 1498 2037 1552 quo-

468 1589 575 1644 que
599 1583 656 1629 et
681 1585 877 1642 matre,
913 1587 930 1626 ι
963 1577 1013 1630 id
1035 1587 1118 1630 est
1142 1581 1301 1645 super
1329 1576 1527 1645 populo
1551 1573 1774 1630 Judaico
1799 1583 1852 1628 et
1894 1566 2038 1643 Syn-

469 1680 658 1737 agoga.
691 1684 708 1716 ‹
740 1665 850 1721 Nec
870 1668 1176 1737 egredietur
1199 1667 1263 1721 de
1290 1666 1515 1728 sanctis,
1540 1685 1556 1714 ι
1589 1665 1640 1719 id
1669 1674 1751 1719 est
1777 1665 1842 1718 de
1865 1662 2039 1716 Patris

467 1736 762 1820 voluntate,
793 1771 810 1806 ‹
841 1736 924 1809 ne,
950 1736 1151 1826 polluat
1195 1757 1580 1818 sanctuarium,
1608 1774 1624 1804 ›
1655 1755 1706 1809 id
1735 1761 1816 1808 est
1856 1753 2039 1808 Eccle-

962 372 1354 431 W.\i..\FlliDl
1389 371 1639 426 STRAB!
1679 370 1879 424 FULD.
1925 367 2089 422 NON.
2131 365 2281 420 OPP.
2322 365 2501 419 PARS
2540 365 2579 418 1.
2619 397 2686 405 -
2729 365 3182 422 TIIEOLOGICA.

3622 367 3736 423 856

2704 479 2932 535 CAPUT
2973 479 3136 534 XXII.

2214 589 2231 620 ι
2270 569 2337 626 Ut
2365 579 2588 624 caveant
2611 569 2680 624 ab
2711 569 2797 624 bis
2823 585 2941 639 quas
2967 571 3305 626 sanctificata
3327 583 3474 636 sunt,
3507 593 3527 626 ι
3559 574 3620 630 id
3647 586 3736 631 est

2138 668 2294 714 caute
2324 668 2571 714 tractent.
2603 659 2792 730 Aperit
2821 668 3000 713 autem
3030 670 3153 731 post
3177 662 3453 731 paululum
3485 665 3622 734 quid
3645 680 3732 719 ca-

2137 751 2368 805 vendum
2409 750 2794 819 praimonuerit
2820 767 2832 803 :
2862 769 2881 802 ‹
2916 749 3103 805 Omnis
3139 752 3332 818 homo,
3377 753 3609 818 dicens,
3641 756 3732 824 qui

2139 842 2426 897 accesserit
2451 843 2517 896 de
2545 842 2714 911 stirpe
2747 851 2925 896 vestra
2944 883 2958 907 ,
2991 862 3008 893 ι
3038 860 3199 913 usque
3229 864 3247 895 ι
3286 845 3337 898 in
3365 860 3478 913 quo
3505 852 3592 902 est
3635 846 3733 898 ini-

2140 936 2418 989 munditia.
2446 954 2463 985 ι
2496 934 2572 989 De
2597 934 2684 988 his
2711 934 2960 988 videlicet
2979 950 3099 1003 quae
3127 935 3377 1004 superius
3401 935 3578 990 relata
3607 945 3734 990 sunt

2139 1041 2281 1080 nunc
2307 1027 2435 1080 facit
2469 1026 2995 1082 rememorationem.
3045 1025 3210 1080 Nobis
3236 1041 3453 1096 quoque
3486 1042 3735 1080 summo-

2139 1126 2266 1186 pere
2291 1117 2674 1172 advertendum
2706 1126 2789 1172 est
2833 1131 2900 1171 ne
2944 1117 3163 1188 indigne
3209 1120 3468 1190 mysteria
3524 1119 3732 1175 Christi

2139 1209 2533 1278 co'ntingamus.
2589 1227 2607 1258 ‹
2657 1208 2726 1262 Et
2768 1221 2875 1262 non
2924 1209 3297 1262 contaminent
3346 1223 3555 1264 nomen
3609 1225 3734 1263 san-

2139 1297 2517 1361 ctiticatorum,
2551 1311 2568 1348 ι
2595 1306 2646 1352 et
2673 1296 2900 1370 reliqua.
2925 1296 3270 1352 Contaminat
3289 1298 3484 1352 hostiae
3509 1313 3734 1359 nomen,

2139 1390 2227 1460 qui
2258 1389 2402 1443 illam
2431 1389 2649 1458 indigne
2675 1387 2856 1453 offert,
2890 1404 2996 1442 non
3021 1390 3316 1444 secundum
3343 1387 3462 1456 ejus
3493 1389 3735 1458 dignita-

2140 1489 2269 1535 tem.
2306 1497 2324 1529 ‹
2353 1477 2453 1545 Qui
2484 1477 2645 1532 fuerit
2674 1478 2917 1549 leprosus
2957 1488 3049 1533 aut
3093 1481 3304 1548 patiens
3332 1479 3547 1536 ﬂuxum
3574 1482 3735 1534 semi-

2138 1570 2244 1633 nis,
2274 1589 2292 1619 ι
2325 1577 2379 1622 et
2401 1569 2500 1623 rel.
2531 1568 2828 1638 [hereticus
2850 1570 3103 1639 vitiiSque
3129 1571 3390 1635 variatus,
3414 1581 3472 1626 et
3500 1573 3602 1642 qui
3627 1573 3733 1626 for~

2138 1660 2393 1718 nicationi
2437 1668 2492 1715 et
2549 1660 2749 1715 carnali
2799 1660 3028 1716 inservit
3070 1662 3371 1732 voluptati,
3419 1681 3537 1720 non
3585 1667 3732 1734 prius

2138 1751 2498 1806 Communicet
2541 1766 2702 1829 quam
2747 1741 2855 1820 per'
2889 1753 3260 1822 paenitentiam
3291 1764 3548 1810 sanetur.
3578 1774 3600 1808 ι
3632 1756 3730 1824 Qui

467 1846 602 1900 siam
625 1847 706 1902 vel
729 1863 923 1918 corpus
946 1864 1125 1914 suum,
1149 1847 1291 1918 quod
1311 1848 1532 1902 omnino
1563 1863 1666 1900 non
1699 1845 1843 1899 facit.
1873 1862 1891 1894 ι
1922 1842 2038 1899 Vir—
2067 1826 2110 1884 Β
2141 1842 2378 1912 tetigerit
2419 1827 2750 1897 immundum
2796 1859 2959 1914 super
2991 1854 3221 1908 mortuo;
3267 1866 3287 1898 ι
3321 1856 3379 1901 et
3408 1847 3543 1912 rel.,
3571 1848 3626 1901 id
3653 1856 3731 1902 est

465 1939 643 2008 ginem
674 1940 830 1994 ducet
852 1956 1096 2013 uxorem,
1120 1959 1137 1991 ι
1170 1939 1252 1993 cui
1276 1938 1564 2006 Apostolus
1585 1939 1692 1991 ait:
1723 1955 1740 1986 ι
1770 1933 2036 2005 Despondi

465 2031 610 2087 enim
639 2040 735 2088 ves
764 2033 854 2087 uni
886 2033 999 2086 viro
1029 2032 1289 2101 virginem
1329 2040 1534 2085 castam
1576 2030 1834 2084 exhibere
1877 2027 2034 2082 Chri-

465 2129 566 2177 sto.
592 2142 611 2174 ι
646 2153 716 2162 -
747 2139 766 2173 ι
805 2113 1026 2177 Viduam
1070 2129 1125 2176 et
1153 2122 1489 2192 repudiatam
1529 2129 1584 2174 et
1618 2119 1982 2180 meretricem,-
2013 2135 2028 2170 ι

464 2218 518 2264 et
550 2211 672 2276 rel.,
697 2213 748 2266 id
781 2221 866 2266 est
893 2212 1228 2282 Synagogam
1259 2222 1315 2267 et
1337 2202 1653 2283 paganicam
1701 2210 2038 2281 superstitio-

465 2316 620 2365 nem;
661 2319 678 2351 ι
714 2302 806 2356 sed
839 2301 1069 2372 puellam
1099 2303 1164 2356 de
1191 2303 1386 2371 populo
1417 2311 1576 2366 suo,s
1607 2301 1656 2355 id
1681 2311 1782 2366 est,
1814 2314 2036 2370 regene-

466 2400 637 2443 ratam
664 2406 800 2460 aqua
835 2392 1170 2460 baptismatis
1202 2391 1494 2446 Ecclesiam
1523 2393 1588 2446 de
1633 2390 2034 2445 universalitate

462 2482 720 2549 gentium.
760 2481 1016 2552 Populum
1049 2497 1205 2538 suum
1249 2483 1399 2548 dicit,
1430 2465 1553 2551 quia
1585 2482 1725 2535 unde
1755 2481 1915 2534 homo
1953 2488 2033 2533 est

460 2588 620 2627 omne
647 2575 934 2628 humanum
964 2591 1130 2646 genus
1162 2577 1314 2643 quasi
1353 2567 1638 2645 cognatum
1669 2574 1847 2627 habet.
1877 2589 1894 2622 ι
1925 2571 2034 2627 Nec

460 2663 678 2718 omnino
697 2665 921 2718 misceat
944 2665 1162 2735 stirpem
1186 2665 1400 2735 generis
1421 2665 1526 2728 sui;
1555 2684 1571 2714 ι
1593 2672 1647 2717 et
1669 2664 1892 2733 reliqua.
1917 2661 2030 2715 Non

459 2755 603 2808 enim
652 2757 892 2811 membra
943 2769 1038 2812 Sua
1084 2763 1206 2811 etim
1254 2757 1435 2825 pravis
1483 2755 1699 2810 misceri
1749 2753 2028 2824 permittit.

459 2842 586 2899 Haec
603 2845 669 2901 de
694 2845 909 2901 Christo
934 2848 1112 2916 potius
1131 2847 1444 2918 prophetam
1469 2861 1630 2916 quam
1656 2846 1805 2915 jussa
1832 2844 2030 2898 intelli-

457 2949 668 3002 gamus,
687 2943 746 2988 ut
773 2936 887 2990 haec
910 2936 1087 2990 omnia
1111 2935 1375 2989 Veraciter
1410 2935 1721 3004 implentem
1748 2942 2030 3002 patronum

459 3023 789 3078 habeamus:
822 3044 840 3075 ι
869 3025 968 3092 Qui
998 3026 1247 3080 habuerit
1291 3025 1555 3078 maculam
1581 3040 1688 3079 non
1719 3023 1908 3080 offerat
1938 3040 2032 3093 pa-

457 3118 552 3167 nes
577 3113 706 3178 Deo,
733 3133 750 3165 ι
781 3115 831 3168 id
853 3122 952 3180 eet,
980 3115 1069 3184 qui
1096 3097 1418 3169 maculatam.
1437 3115 1598 3170 habet
1623 3116 2027 3180 conscientiam,

2140 1932 2193 1986 in
2244 1933 2424 2003 aliquo
2468 1933 2724 2004 polluitur
2767 1936 3083 2001 morticine;
3129 1937 3194 1992 de
3224 1938 3426 1996 uuibus
3478 1940 3732 2008 superius

2137 2023 2365 2094 pleniter
2408 2026 2610 2080 dictum
2639 2034 2740 2080 est.
2780 2027 3005 2098 Mystice
3049 2038 3252 2094 autem,
3285 2032 3729 2086 cdmmunionem

2136 2114 2342 2183 peceati
2374 2115 2554 2169 varius
2580 2115 2666 2170 hic
2695 2123 2868 2171 tactus
2890 2117 3289 2172 immundorum
3313 2119 3594 2189 designat,
3615 2121 3731 2190 qui-

2135 2205 2236 2257 bus
2263 2205 2352 2274 qui
2379 2205 2655 2274 polluitur,
2688 2222 2706 2257 t
2736 2207 3046 2264 immundus
3070 2217 3174 2275 est,-
3198 2229 3214 2259 ι
3240 2225 3417 2279 usque
3444 2210 3518 2264 ad
3549 2211 3729 2280 exple-

2137 2302 2244 2348 tam
2275 2296 2682 2365 paenitentiam;
2717 2316 2735 2348 ι
2771 2298 2864 2352 sed
2895 2314 3014 2353 cum
3048 2300 3240 2356 laverit
3262 2307 3488 2357 carnem
3515 2317 3723 2367 suam”

2135 2390 2188 2444 id
2223 2400 2304 2444 est
2345 2393 2685 2446 mundaverit
2733 2395 3139 2458 conscientiam,
3165 2403 3222 2450 et
3247 2407 3551 2466 postqva-
3585 2416 3606 2448 ι
3635 2414 3730 2453 oc-

2134 2482 2383 2536 cubuerit
2409 2482 2511 2547 sol,
2536 2499 2553 2534 »
2585 2483 2637 2536 id
2659 2492 2744 2538 est
2768 2493 3000 2553 peracta-
3041 2485 3378 2555 pmnitentim
3421 2488 3622 2544 fervor
3637 2505 3730 2543 el-

2133 2577 2372 2640 superat,
2406 2579 2531 2624 tunc
2565 2571 2698 2640 jam,
2727 2573 2772 2626 si
2805 2573 3009 2644 integre
3039 2575 3111 2628 sit
3151 2577 3468 2641 mundatus,
3498 2578 3727 2633 licenter

2133 2660 2482 2714 sanctificatis
2520 2669 2719 2715 utatur.
2758 2681 2775 2712 ι
2814 2661 3154 2718 Morticinum
3201 2675 3255 2720 ct
3305 2679 3533 2736 captum
3563 2686 3593 2723 a
3639 2673 3726 2725 be-

2133 2749 2254 2802 stia.
2289 2758 2306 2800 »
2343 2749 2420 2803 De
2449 2751 2643 2818 quibus
2685 2752 2918 2806 diximus
2949 2769 3131 2823 supra.-
3171 2771 3190 2806 ι
3227 2755 3562 2812 Custodiant
3589 2776 3724 2829 prae-

2133 2847 2288 2910 cepta
2313 2855 2452 2906 mea,
2480 2860 2496 2891 ι
2518 2851 2571 2896 et
2596 2841 2821 2912 reliqua.
2841 2845 3246 2915 Diligenterh‘oc
3259 2848 3643 2916 observemus,
3663 2870 3726 2908 ne

2132 2938 2306 2986 morte
2358 2933 2590 2986 secunda
2644 2943 3069 3002 prosternamur.
3105 2956 3121 2985 ι
3173 2936 3366 2992 Omnis
3415 2940 3724 3012 alienigena

2133 3037 2239 3074 non
2282 3024 2528 3077 comedet
2572 3024 2638 3078 de
2676 3025 3044 3090 sanctificatis,
3069 3047 3086 3078 ι
3123 3027 3178 3082 id
3210 3039 3294 3084 est
3323 3047 3577 3102 paganus
3623 3051 3723 3089 non

2133 3112 2448 3168 admittatur
2473 3115 2746 3186 mysteriis
2777 3117 2998 3171 Christi.
3042 3119 3192 3174 Unde
3239 3120 3506 3178 Dominus
3539 3129 3722 3194 probi-

455 3204 522 3258 de
550 3205 819 3276 mysteriis
851 3181 1059 3260 Domi—ni
1089 3221 1192 3260 non
1226 3215 1421 3261 tractet
1449 3206 1744 3261 audaciter.
1778 3224 1798 3257 ‹
1834 3205 1889 3261 Si
1926 3221 2030 3261 δειξ-
2057 3181 2103 3246 C
2133 3201 2248 3256 buit
2273 3181 2594 3273 margaritas
2625 3203 2811 3273 jacere
2851 3217 2974 3262 ante
2999 3224 3211 3279 porcos.
3251 3232 3267 3263 ‹
3306 3181 3621 3284 inquilinus
3648 3234 3724 3273 sa-

454 3313 550 3352 cns
587 3296 765 3364 fuerit,
801 3318 820 3351 ι
854 3297 1015 3361 idest
1041 3297 1282 3354 scientiae
1315 3297 1493 3353 lumen
1532 3301 1636 3353 no‘n
1669 3299 1903 3364 habens;
1938 3317 1956 3348 ι
1985 3298 2031 3353 si

452 3389 694 3456 claudus,
717 3410 735 3442 ι
772 3390 822 3444 id
853 3400 937 3446 est
964 3391 1018 3444 in
1055 3390 1324 3445 mandatis
1351 3390 1557 3446 Domini
1586 3405 1692 3446 non
1723 3391 1859 3445 bene
1885 3390 2030 3444 ince-

454 3471 616 3535 dens:
653 3501 669 3532 ι
707 3482 749 3536 si
782 3497 946 3550 parvo
976 3481 1061 3536 vel
1091 3481 1278 3549 grandi
1329 3481 1412 3536 vel
1457 3489 1599 3536 torto
1639 3497 1831 3546 naso,»
1869 3482 1920 3537 id
1950 3490 2033 3536 est

455 3574 662 3628 modica
695 3574 1016 3628 discretione
1045 3577 1128 3628 vel
1159 3573 1323 3627 nimia
1348 3583 1402 3627 et
1426 3585 1712 3642 perversa;
1747 3591 1764 3625 ι
1792 3575 1836 3628 si
1861 3572 2032 3627 fracto

454 3665 606 3733 pede,
642 3685 660 3717 ›
696 3667 750 3720 id
790 3675 871 3720 est
911 3679 1019 3720 non
1066 3673 1212 3720 recte
1262 3665 1516 3720 incedens
1558 3666 1610 3720 in
1641 3666 1727 3719 via
1769 3665 1895 3726 Dei;
1934 3671 1952 3715 ὁ
1986 3663 2031 3719 si

456 3769 636 3817 manu,
665 3773 682 3804 ι
720 3754 772 3807 id
801 3761 884 3808 est
924 3768 1085 3822 Opere
1126 3761 1410 3823 corrupto;
1447 3771 1466 3806 ‹
1515 3755 1557 3809 si
1589 3755 1800 3822 gibbus,
1821 3773 1840 3805 ι
1869 3754 1924 3808 id
1949 3762 2034 3808 est

455 3843 690 3911 pondere
715 3848 1057 3912 peccatorum
1089 3843 1411 3914 oppressus;
1447 3857 1466 3896 ι
1495 3845 1540 3900 si
1581 3845 1774 3915 lippus;
1805 3863 1823 3897 ι
1859 3845 1912 3900 id
1949 3853 2035 3900 est

459 3931 714 3985 mandata
743 3932 951 3987 Domini
997 3936 1205 3999 videns,
1234 3935 1328 3990 sed
1361 3951 1468 3990 non
1513 3937 1690 4007 dignis
1733 3951 2033 4005 exsequens

457 4022 696 4088 actibus;
718 4041 737 4074 ‹
766 4023 1126 4094 sialbuginem
1148 4026 1377 4080 ltabetin
1404 4026 1582 4092 oculo,
1613 4046 1631 4079 ι
1661 4026 1714 4080 id
1737 4034 1820 4082 est
1839 4028 2034 4083 Obscus

457 4115 630 4166 ratum
663 4112 839 4169 lumen
883 4117 1261 4182 scientiarum;
1299 4133 1318 4169 ι
1357 4117 1400 4173 si
1423 4117 1605 4189 jugem
1638 4119 1897 4183 scabiem,
1923 4138 1941 4171 ι
1981 4119 2033 4175 id

455 4209 539 4255 est
585 4203 766 4259 carnis
811 4205 1195 4274 petulantiam;
1238 4224 1256 4258 ‹
1306 4208 1351 4263 si
1398 4208 1827 4279 impetiginem,’
1865 4209 1915 4263 id
1951 4217 2033 4264 est

455 4295 768 4361 avaritiam;
792 4315 810 4346 (
844 4297 928 4352 vel
957 4298 1261 4364 herniosus;
1285 4319 1302 4351 ι
1336 4301 1388 4354 id
1408 4309 1493 4354 est
1521 4302 1719 4355 mentis
1747 4301 2030 4370 superfluis

455 4392 726 4452 gravatus.
759 4384 1269 4455 Comprehendenda
1306 4389 1467 4442 habet
1504 4389 1618 4444 hzec
1655 4390 1783 4444 vitia
1816 4390 1869 4444 in
1899 4391 2030 4445 duo-

456 4474 678 4529 denario
726 4491 965 4538 numero,
995 4485 1052 4530 ut
1099 4479 1349 4533 ostendat
1393 4479 1572 4534 omnia
1608 4481 1912 4550 apostolica:
1939 4481 2026 4536 illa

454 4563 576 4619 esse
605 4565 858 4620 doctrinae
887 4560 1176 4623 contraria.
1208 4568 1309 4636 Qui
1339 4585 1467 4641 ergo
1496 4587 1554 4626 se
1580 4571 1886 4641 hujusmodi
1913 4583 2028 4628 ma;

455 4655 592 4709 Cttlis
616 4663 897 4710 oneratum
919 4658 1244 4722 meminerit,
1269 4677 1372 4715 non
1397 4663 1614 4717 damnet
1643 4663 1878 4734 seipsum
1909 4679 2029 4718 cor-‘-

454 4762 555 4815 pns
583 4755 638 4801 et
666 4749 976 4818 sanguinem
1007 4749 1214 4805 Domini
1243 4755 1500 4808 sumendo
1527 4755 1760 4825 indigne.
1790 4768 1809 4806 ι
1834 4757 2029 4811 Vesce-

458 4845 542 4889 tur
575 4845 754 4891 tamen
782 4838 1026 4907 panibus,
1055 4860 1072 4892 ι
1100 4850 1154 4895 et
1202 4843 1318 4907 rel.,
1350 4845 1400 4897 id
1443 4855 1547 4908 est,-
1597 4847 1724 4900 licet
1766 4846 1890 4902 talis
1936 4847 2024 4912 sit,-

455 4919 759 4993 praabeatur
788 4934 966 4984 tamen
993 4931 1042 4984 ci
1075 4933 1331 4986 doctrina:
1364 4936 1658 5003 spiritualis
1689 4937 2021 5002 alimentum,

455 5023 516 5068 ut
544 5015 830 5084 aliquando
852 5020 1150 5089 resipiscat.
1195 5032 1212 5072 ι
1243 5024 1385 5077 intra
1421 5025 1592 5079 velum
1628 5041 1732 5080 non
1764 5027 2027 5098 ingredia-

457 5113 566 5170 tur,
597 5124 616 5157 ι
644 5106 728 5160 vel
752 5107 804 5160 in
833 5111 1264 5167 reconciliatione
1289 5131 1394 5169 non
1425 5114 1579 5170 facile
1608 5117 1909 5180 inducatur,
1942 5118 2026 5173 vel

457 5200 510 5251 in
541 5199 920 5268 mysteriorum
951 5204 1315 5272 apertionem,
1345 5206 1426 5260 vel
1457 5207 1756 5277 ingressum
1785 5208 1890 5262 sibi
1935 5223 2025 5263 re-

453 5291 546 5360 gni
594 5292 830 5350 caelestis
868 5312 974 5351 non
1015 5299 1314 5367 promittat,-
1341 5301 1467 5369 quia
1512 5301 1644 5355 nihil
1692 5301 2024 5355 immundum

454 5381 580 5436 illuc
607 5382 845 5440 intrabit.
876 5403 895 5437 ‹
923 5385 1300 5442 Contaminare
1335 5406 1438 5444 non
1473 5390 1629 5444 debet
1659 5391 2023 5445 sanctuarium

455 5487 654 5538 meum,-
679 5492 696 5526 ν
725 5474 942 5544 indigne
987 5475 1088 5528 sibi
1134 5486 1324 5530 sancta
1356 5488 1592 5545 usurpat.
1631 5499 1650 5529 ι
1690 5478 1921 5534 Locutus
1943 5489 2026 5535 est

454 5575 584 5632 ergo
605 5565 814 5636 Moyses
835 5567 900 5620 ad
916 5566 1118 5628 Aaron,
1149 5583 1166 5617 ι
1199 5575 1256 5621 et
1276 5567 1495 5636 reliqua.
1515 5571 1717 5625 indicat
1736 5571 1820 5624 lex
1844 5571 2022 5624 omnia

457 5656 706 5710 mandata
761 5657 968 5710 Domini
1017 5657 1416 5726 sacerdotibus,
1462 5676 1584 5716 cum
1627 5662 1773 5717 omni
1827 5662 2025 5732 populo

455 5743 779 5801 Christiano.

2135 3295 2369 3350 cerdotis
2387 3303 2440 3352 et
2467 3298 2852 3365 mercenarius,
2878 3319 2896 3350 ι
2921 3309 2975 3355 et
2999 3302 3221 3372 reliqua.
3243 3305 3554 3377 lnquilinus
3574 3314 3722 3381 quasi

2132 3387 2400 3444 ineulinus
2445 3390 2660 3454 dicitur,
2695 3405 2759 3445 eo
2805 3393 2946 3461 quod
2991 3393 3060 3446 sit
3111 3395 3255 3450 intus
3303 3398 3356 3452 in
3407 3401 3722 3457 domesticis

2134 3478 2377 3532 serviens
2425 3476 2642 3546 oliiciis;
2681 3483 3048 3538 mercenarius
3097 3487 3226 3541 vero
3263 3489 3355 3556 qui
3403 3488 3625 3545 laborat
3671 3494 3720 3547 in

2133 3568 2457 3638 agricultura
2511 3569 2592 3624 vel
2640 3573 2902 3642 pecudum
2955 3579 3195 3632 custodia
3224 3594 3238 3630 :
3267 3589 3499 3649 uterque
3544 3593 3719 3639 tamen

2132 3674 2240 3713 non
2266 3669 2324 3712 ut
2351 3661 2403 3714 in
2436 3662 2596 3716 domo
2619 3675 2936 3732 permaneat
2982 3671 3170 3734 servit,
3203 3672 3295 3726 sed
3322 3688 3548 3743 semper
3576 3679 3719 3732 exire

2131 3761 2374 3820 paratus,
2406 3755 2704 3808 mercedem
2753 3756 2804 3808 in
2836 3760 3086 3825 prmscnti
3139 3763 3396 3830 expetere
3431 3779 3542 3819 non
3578 3769 3720 3821 desi-

2133 3841 2247 3905 stit,
2277 3857 2371 3897 eos
2399 3844 2684 3912 designans
2717 3847 2806 3914 qui
2837 3847 2888 3900 in
2921 3848 3158 3904 Ecclesia
3187 3848 3310 3906 ﬂete
3342 3869 3451 3908 non
3500 3866 3720 3928 propter

2133 3942 2389 3992 tuter-nam
2421 3937 2719 3991 mercedem
2739 3951 3145 4008 conversantes,
3171 3944 3418 4015 indignos
3449 3964 3510 4002 se
3542 3950 3718 4004 Domi-

2135 4025 2256 4080 nico
2282 4041 2505 4095 corpore
2529 4027 2808 4083 exhibent.
2837 4049 2855 4080 ‹
2885 4030 3054 4098 Quem
3076 4043 3255 4090 autem
3288 4040 3551 4095 sacerdos
3575 4059 3715 4096 eme-

2135 4116 2224 4179 rit,
2261 4135 2280 4166 ι
2304 4126 2358 4170 et
2383 4118 2502 4181 rel.,
2525 4117 2579 4172 id
2598 4120 2682 4173 est
2706 4122 2797 4188 qui
2825 4124 3133 4193 evangelica
3157 4136 3445 4199 ademptus
3467 4133 3713 4189 doctrina

2134 4207 2340 4263 ﬁdelem
2369 4209 2424 4263 in
2451 4209 2688 4265 Ecclesia
2724 4213 2937 4269 Christo
2965 4213 3222 4273 exhibere
3270 4220 3591 4280 servitutem
3625 4228 3713 4281 dc-

2130 4296 2241 4362 bet,
2275 4309 2378 4352 non
2409 4297 2709 4354 alienatur:
2741 4320 2758 4351 ‹
2795 4301 2852 4356 Si
2883 4303 2990 4360 lilia
3039 4309 3340 4365 sacerdotis
3386 4313 3616 4370 cuilibet
3650 4331 3711 4370 ex

2129 4389 2322 4459 populo
2356 4398 2517 4457 nupta
2540 4391 2719 4456 fuerit,
2749 4411 2766 4442 ›
2792 4402 2848 4446 et
2870 4395 2993 4460 rel.,-
3021 4397 3072 4450 id
3097 4407 3182 4451 est
3205 4400 3388 4454 anima
3414 4417 3540 4471 quae
3565 4405 3712 4475 igno-

2131 4481 2328 4536 bilitati
2351 4482 2662 4536 vitioso‘rum
2696 4483 3057 4555 conjungitur,
3083 4490 3445 4558 suspendatur
3466 4509 3498 4546 a
3531 4509 3712 4549 susce;

2129 4574 2309 4643 ptione
2336 4589 2635 4628 sacrorum.
2666 4593 2684 4625 ς
2717 4573 2811 4627 Sin
2843 4585 3021 4630 autem
3050 4578 3206 4633 vidua
3237 4579 3320 4635 vel
3351 4585 3664 4653 repudiata,
3688 4605 3704 4636 ι

2129 4673 2183 4718 ct
2211 4664 2335 4729 rel.,-
2370 4664 2419 4718 id
2449 4673 2554 4728 est,
2581 4664 2626 4718 si
2654 4679 2712 4719 se
2741 4680 2772 4718 a
2798 4665 2942 4720 vitiis
2972 4671 3360 4740 scgregaverit,
3399 4688 3430 4726 a
3467 4674 3616 4728 maio
3644 4675 3709 4728 li—

2126 4761 2334 4825 berata,-
2359 4760 2561 4830 absque
2592 4762 2905 4819 inveteratis
2933 4764 3241 4819 hominibus
3264 4763 3422 4818 malis
3450 4766 3708 4820 restituas

2129 4858 2234 4904 tur.
2261 4849 2403 4916 «Qui
2451 4851 2747 4906 comederit
2797 4853 2863 4907 de
2911 4852 3260 4908 sanctificatis
3304 4867 3404 4923 per
3448 4854 3702 4924 ignoran-

2127 4939 2282 5002 tiam,
2305 4958 2322 4990 ι
2358 4948 2412 4993 et
2437 4939 2556 5003 rel.,
2587 4941 2677 5008 qui
2712 4943 2761 4995 in
2795 4942 2991 4997 divinis
3026 4944 3189 4998 rebus
3217 4943 3419 5012 aliquid
3448 4951 3709 5012 prrsum-

2126 5039 2314 5100 ptuose
2329 5034 2661 5095 tractaverit,
2675 5033 2825 5101 quasi
2843 5033 3097 5103 ignorans
3111 5031 3225 5102 ejus
3237 5034 3516 5096 virtutem,
3535 5035 3705 5102 ipsum

2127 5122 2440 5191 paenitentia
2489 5123 2774 5191 persolvet,
2803 5132 2853 5178 et
2890 5125 3132 5194 quintam
3180 5132 3389 5193 partem
3430 5125 3703 5185 restituet,

2129 5209 2183 5262 id
2211 5218 2314 5274 est,
2339 5219 2775 5281 unumquemque
2798 5214 3038 5283 quinque
3071 5227 3326 5268 sensuum
3355 5213 3424 5266 ad
3452 5227 3513 5266 se
3538 5213 3703 5266 corri-

2129 5300 2356 5368 gendUm
2389 5301 2650 5354 instituat.
2687 5323 2702 5353 ι
2735 5303 2833 5367 Qui
2870 5313 3048 5357 autem
3086 5301 3341 5357 obtulerit
3375 5301 3703 5355 oblationem

2129 5405 2304 5456 suam,
2328 5410 2345 5443 ι
2381 5404 2542 5462 usque
2570 5410 2585 5442 ι
2617 5393 2886 5447 masculus
2915 5393 3288 5446 immaculatus
3309 5393 3439 5456 erit,
3470 5411 3490 5442 ι
3519 5400 3575 5445 et
3602 5390 3699 5444 rei.

2128 5480 2393 5550 Quidquid
2441 5481 2740 5545 oderimus,
2773 5481 2825 5534 in
2874 5479 3189 5534 fortitudine
3235 5481 3404 5533 firmae
3448 5479 3702 5538 actionis,-

2126 5570 2244 5624 sine
2272 5570 2488 5624 malitia:
2511 5570 2718 5623 macula
2742 5570 3080 5624 exhibeatur.
3116 5588 3134 5620 ι
3175 5569 3252 5623 Ex
3277 5567 3470 5632 bobus,
3494 5586 3514 5619 ι
3543 5567 3594 5621 id
3618 5575 3703 5621 est

2127 5657 2252 5714 forti
2299 5643 2539 5721 actione;
2577 5677 2598 5709 ί
2627 5675 2689 5712 ex
2723 5658 2932 5722 ovibus,
2967 5677 2985 5708 ι
3021 5658 3073 5712 id
3119 5666 3203 5712 est
3244 5657 3567 5712 innocentia
3593 5658 3702 5709 vir-

2129 5761 2270 5818 tute;
2305 5772 2325 5802 ,ί
2355 5769 2418 5806 ex
2466 5753 2673 5822 capris,
2704 5770 2721 5803 ι
2761 5751 2812 5806 id
2846 5759 2930 5807 est
2980 5749 3157 5806 fructu
3203 5750 3569 5821 pauitantia‘:
3598 5765 3617 5799 ι
3649 5746 3698 5801 si
