3948 6328
215 334 314 391 857

1171 329 1473 388 EPITOME
1504 328 1855 387 COMMENT.
1895 330 2144 389 RABANI
2183 336 2250 390 ΙΝ
2291 337 2515 395 ιενιτ.

3355 352 3461 409 858

216 426 480 502 maculam
522 443 792 510 habuerit,
840 462 857 494 ι
888 451 944 498 et
983 443 1105 510 rel.,
1141 445 1185 500 si
1234 444 1379 499 enim
1420 444 1622 500 bonum
1657 458 1791 516 opus
1817 449 1867 510 Ἀ
1894 453 2073 531 autem
2123 447 2284 514 dicit,
2315 466 2335 501 ‹
2368 451 2422 505 in
2467 454 2676 509 cunctis
2719 454 3138 514 habitationibus
3182 463 3408 532 vestris,
3437 485 3460 520 ι

214 551 311 608 pro
349 533 454 590 alia
503 533 742 606 qualibet
772 546 829 586 re
855 547 1018 602 quam
1064 534 1223 590 debet
1253 541 1464 604 agatur,
1497 551 1516 585 ‹
1545 548 1652 588 non
1684 534 1790 589 erit

214 621 561 695 acceptabile.
614 640 633 674 ›
685 639 704 672 ι
743 620 913 678 Homo
957 622 1048 693 qui
1091 623 1350 678 obtulerit
1403 621 1714 689 victimam,
1763 641 1782 675 ι

214 727 266 772 et
292 715 391 771 rel.
414 712 610 769 Bovem
637 710 793 768 oll‘ert
815 713 905 783 qui
920 712 1153 783 aliquem
1175 712 1230 767 in
1256 713 1563 783 magisterio
1587 711 1790 768 consti-

158 811 166 870 ζ
212 807 345 873 tuit;
376 820 553 870 ovem,
595 804 856 860 humilem
901 803 1139 876 intellige
1178 800 1514 871 auditorem;
1546 816 1786 874 capram,

212 897 602 969 paenitentiam,
636 894 771 951 tales
805 910 900 952 eos
944 894 1140 951 oﬂerat
1165 894 1351 967 quales
1392 895 1481 951 hic
1524 896 1787 967 pracipit.

217 1009 236 1043 ι
272 987 330 1045 Si
358 1004 560 1046 caecum
605 985 791 1056 fuerit,
817 1008 835 1042 ι
876 990 928 1045 id
952 997 1038 1045 est
1060 989 1262 1045 lumine
1296 988 1535 1044 scientia:
1563 1000 1785 1052 carens:

215 1103 235 1137 ‹
267 1084 311 1140 si
343 1082 595 1149 fractum,
634 1101 652 1135 ι
683 1081 735 1137 id
764 1077 860 1138 est
886 1097 994 1137 non
1024 1082 1162 1157 bene
1205 1081 1495 1147 incedens;
1526 1097 1545 1133 ι
1572 1082 1619 1137 si
1647 1082 1790 1137 cica—

210 1176 400 1231 tricem
426 1175 649 1238 habens,
675 1190 694 1227 ι
723 1173 777 1229 id
797 1180 883 1229 est
902 1174 1163 1245 praeteriti
1191 1182 1372 1228 notant
1397 1173 1623 1244 peccati.
1650 1171 1789 1229 Sunt

208 1267 354 1323 enim
383 1266 627 1338 quaedam
650 1274 870 1336 peccata
900 1280 1018 1335 quae
1042 1265 1088 1321 si
1119 1264 1405 1320 manifeste
1427 1265 1480 1319 in
1505 1279 1570 1321 eo
1598 1264 1790 1336 depre-é

207 1357 517 1415 hendantur
544 1357 633 1427 qui
660 1356 992 1412 ordinandus
1017 1365 1127 1422 est,
1156 1356 1399 1426 rejicitur
1425 1356 1493 1411 ab
1520 1355 1783 1427 incoepto;

212 1467 234 1500 ι
264 1449 308 1503 si
331 1438 576 1518 papulas,
598 1466 616 1499 ι
636 1446 690 1502 id
710 1455 793 1502 est
819 1446 1172 1502 detra'ctitmis
1191 1447 1411 1512 vitium;
1443 1465 1462 1498 ι
1490 1447 1781 1512 scabiem,»

207 1537 632 1608 inquietudinem
654 1545 708 1591 et
733 1536 1037 1604 avaritiam;
1064 1555 1083 1590 ι
1107 1538 1190 1594 vel
1210 1539 1594 1610 impetiginem,
1624 1556 1642 1591 ι
1666 1554 1787 1610 quae

206 1629 329 1685 sine
355 1628 538 1685 dolore
570 1627 760 1699 fatigat
803 1640 1021 1698 corpus,
1051 1634 1105 1684 et
1145 1630 1395 1685 Convenit
1420 1629 1782 1697 fornicationi,

205 1733 330 1787 qua
356 1717 504 1773 carni
558 1717 748 1783 dulcis,
779 1718 975 1774 anima:
1017 1728 1102 1775 est
1146 1720 1433 1790 pernicies.
1466 1719 1785 1789 Huiusmodi

1890 537 2016 606 quia
2046 528 2099 593 in
2129 532 2308 593 futura
2338 539 2449 595 vita
2476 550 2562 597 est
2590 544 2821 609 mansio,
2855 545 2909 600 in
2942 550 3193 617 praesenti
3224 528 3466 625 peregri-

1890 628 2057 683 natio.
2080 647 2099 681 ι
2120 627 2300 685 Mense
2321 632 2495 700 primo
2515 644 2707 703 quarta
2730 636 2938 692 decima
2960 637 3045 694 die
3065 643 3288 710 mensis,
3317 658 3337 697 ι
3353 653 3460 703 etc.

1835 796 1838 800 Δ
1889 718 1947 774 In
1978 727 2218 791 tempore
2262 722 2531 793 passionis
2574 723 2810 795 Christi,
2839 728 3052 786 initium
3096 734 3241 788 enim
3287 738 3467 815 omnis

1890 812 2317 867 conversationis
2373 822 2573 870 nostrai“
2627 817 2947 889 redemptio.
3016 819 3168 888 Quod
3202 841 3223 876 ι
3269 812 3464 895 quarta

1890 897 2095 955 decima
2127 901 2212 956 die
2244 901 2408 972 phase
2436 916 2455 956 ι
2483 902 2617 959 dicit
2649 908 2913 976 agendum
2944 910 2998 965 in
3026 913 3214 981 quinta
3254 914 3462 973 decima

1887 998 2017 1047 vero
2062 992 2490 1062 solemnitatem,
2533 997 2920 1056 humanitatem
2966 1003 3180 1061 Domini
3226 1010 3466 1065 ostendit

1889 1083 1989 1139 sub
2016 1085 2304 1154 Evangeiio
2329 1088 2576 1143 umbram
2608 1091 2970 1161 subsequente
2999 1110 3181 1151 veram
3209 1094 3465 1154 solemni-

1891 1183 2054 1229 tatem
2084 1174 2309 1231 rationis
2337 1176 2597 1248 incipere.
2632 1180 2707 1235 De
2750 1196 2857 1250 quo
2895 1183 2982 1239 die
3011 1193 3215 1255 septem
3245 1202 3464 1260 azymo-

1890 1276 2008 1320 rum
2040 1265 2156 1320 dic‘s
2180 1265 2610 1334 dinumerantur,
2640 1268 2766 1339 quia
2801 1287 2899 1327 nos
2930 1273 3234 1344 redemptos
3254 1292 3286 1331 a
3310 1275 3467 1333 Chri-

1889 1364 1976 1410 sto
2007 1356 2058 1410 in
2091 1363 2201 1411 tota
2233 1353 2343 1412 vita
2372 1364 2558 1413 nostra
2593 1361 2661 1414 ab
2687 1363 3048 1419 amaritudine
3076 1360 3311 1423 Iudaica:
3338 1386 3464 1440 per-

1888 1446 2160 1502 ve’rsitatis
2188 1460 2308 1502 esse
2341 1446 2536 1505 debere
2568 1450 2834 1508 immunes
2858 1462 2912 1507 et
2937 1452 3163 1509 aliorum
3193 1473 3459 1515 errorum.

1894 1554 1912 1589 ι
1943 1536 2067 1591 Dies
2097 1539 2302 1607 primus
2326 1538 2430 1595 erit
2458 1540 2610 1595 vobis
2633 1539 3036 1607 celeberrimus.
3060 1562 3079 1596 ι
3104 1561 3266 1615 usque
3296 1563 3315 1597 ι
3348 1545 3464 1602 dies

1886 1638 2064 1683 autem
2087 1630 2345 1700 septimus
2366 1631 2471 1686 erit
2497 1632 2764 1688 celebrior
2785 1643 2839 1688 et
2864 1637 3126 1692 sanctior.
3152 1657 3174 1690 ›
3200 1637 3328 1701 Dies
3349 1639 3465 1710 pri-

1886 1724 2008 1772 tmls
2038 1718 2311 1788 ingressus
2338 1729 2423 1775 est
2443 1736 2593 1776 nova:
2621 1722 2764 1787 vine,
2794 1723 2910 1779 dies
2934 1727 3195 1796 septimus
3217 1743 3466 1783 consum-

205 1810 355 1865 vitiis
374 1809 561 1881 polluti
591 1824 929 1881 nequaquam
957 1813 1024 1868 ad
1047 1814 1245 1885 gradus
1267 1799 1616 1883 promovendi
1636 1824 1782 1881 sunt,
1815 1795 1859 1854 Β
1887 1806 2052 1861 ωαῑίο
2084 1806 2363 1873 laborum;
2393 1809 2448 1863 in
2480 1824 2708 1879 quorum
2738 1820 2967 1882 utroque
2997 1795 3231 1872 maxime
3267 1832 3467 1872 curan-

202 1903 333 1973 quia
355 1901 714 1973 acceptabiles
738 1904 966 1960 Domino
987 1921 1093 1961 non
1120 1914 1263 1979 sunt.
1276 1924 1293 1957 ι
1315 1906 1511 1961 Bovcm
1536 1917 1590 1962 et
1608 1919 1784 1973 ovem,

202 2006 341 2047 aure
374 1998 430 2047 et
469 1992 639 2047 cauda
676 1994 988 2064 amputatis;
1018 2014 1036 2047 ι
1071 2002 1128 2050 et
1154 1994 1250 2049 rel.
1294 1984 1493 2051 Adrem
1522 1995 1786 2052 abscisam

203 2085 398 2148 habet,
429 2084 519 2155 qui
548 2084 861 2141 inohediens
889 2094 996 2150 est,
1024 2086 1105 2141 vel
1131 2088 1374 2141 auditum
1405 2087 1552 2143 Verbi
1587 2088 1679 2143 Dei
1705 2087 1786 2143 fu-

199 2176 305 2247 git,
334 2176 421 2232 vel
455 2189 713 2230 vanarum
745 2184 928 2231 rerum
956 2176 1127 2239 libens
1170 2178 1386 2234 audito'r
1413 2180 1514 2234 est.
1547 2177 1785 2235 Caudam

199 2266 460 2339 perdidit,
496 2260 588 2340 qui
636 2269 930 2324 nevissima
979 2284 1074 2325 sua
1118 2271 1413 2341 “praevidere
1454 2280 1559 2326 non
1609 2280 1783 2327 curat.

199 2344 365 2413 Tales
388 2356 693 2413 Voluntarie
731 2356 912 2412 offerri
950 2368 1198 2428 p05sunt,
1226 2360 1319 2415 sed
1346 2367 1530 2416 vatum
1556 2369 1679 2415 etim
1705 2352 1785 2415 eis

197 2446 341 2503 solvi
363 2462 467 2503 non
490 2449 805 2518 potestyqui
827 2449 893 2503 ad
914 2450 1286 2519 paenitentiam
1313 2449 1613 2505 instruendi
1638 2458 1782 2517 aunt,

196 2546 264 2592 ut
317 2539 720 2603 convertantur,
772 2539 866 2594 sed
921 2540 1100 2594 tamen
1146 2538 1201 2594 in
1254 2541 1624 2613 magisterium
1676 2554 1783 2597 non

197 2627 552 2699 suscipiendi.
586 2649 603 2679 ι
633 2628 805 2685 Omne
834 2616 1032 2696 animal
1058 2632 1200 2700 quod
1220 2630 1467 2686 contritis
1494 2631 1577 2686 Vel
1610 2633 1783 2687 tunsis

196 2718 292 2774 vel
336 2720 498 2775 sectis
528 2716 826 2790 ablatisq‘ue
860 2721 1122 2776 testiculis
1153 2730 1256 2786 est,
1278 2741 1295 2771 υ
1330 2729 1383 2776 et
1423 2722 1649 2792 reliQua.
1681 2722 1785 2777 Te-

197 2810 389 2865 sticuli
426 2811 658 2881 speciem
699 2811 976 2881 gignendae
1010 2813 1177 2882 prolis
1218 2813 1541 2883 significant,
1579 2825 1633 2870 et
1663 2816 1782 2871 ideo

195 2903 385 2958 omnis
430 2903 522 2972 Qui
572 2903 931 2960 infructuosus
974 2913 1092 2966 est,
1126 2905 1180 2960 id
1221 2913 1303 2960 est
1344 2912 1567 2976 operum
1616 2908 1784 2963 bono-

196 3006 331 3046 rum
356 3004 454 3061 spe
481 2998 698 3056 vacuus,
728 3006 835 3047 non
886 2990 1063 3062 potest
1101 2993 1329 3051 Domino
1368 3011 1487 3051 esse
1535 3000 1783 3068 accepta-

194 3080 352 3136 bili8a
424 3112 434 3120 -

286 3186 307 3220 ι
343 3168 420 3224 De
459 3184 622 3225 manu
671 3170 983 3244 alienigeme
1031 3186 1137 3228 non
1184 3173 1419 3230 oﬂ'eretis
1464 3190 1631 3245 panes
1666 3177 1779 3233 Deo

192 3266 409 3325 vestro,
434 3277 452 3311 ι
480 3268 535 3314 et
562 3260 787 3330 reliqua.
819 3261 876 3318 Si
907 3264 1035 3334 quid
1063 3265 1260 3336 pagani
1283 3266 1531 3321 dederint
1559 3268 1623 3323 ad
1652 3269 1783 3324 oll‘e-

196 3350 458 3416 rendutn,
484 3365 601 3431 non
637 3361 719 3407 est
763 3354 1153 3423 accipiendum.
1188 3354 1419 3413 Oramus
1458 3366 1638 3413 tamen
1684 3365 1782 3431 pro

194 3428 611 3498 catechumeni's
654 3453 708 3499 et
757 3446 1112 3502 conversione
1161 3447 1456 3503 inﬁdelium
1484 3466 1498 3503 :
1526 3428 1781 3507 caeterum

192 3532 243 3587 si
289 3531 344 3586 in
373 3546 558 3587 errore
598 3534 887 3603 persistere
922 3534 1207 3601 voluerint,
1238 3544 1363 3593 vota
1402 3552 1591 3592 eorum
1632 3538 1781 3595 dete-

191 3623 417 3679 stabilia
441 3635 584 3680 sunt.
615 3640 632 3677 ‹
662 3625 784 3691 Bos,
811 3628 927 3683 ovis
949 3638 1004 3683 et
1027 3635 1189 3699 capra
1211 3634 1334 3683 cum
1355 3630 1534 3700 genita
1560 3629 1781 3697 fuerint,

190 3723 414 3786 septem
442 3716 630 3772 diebus
673 3725 833 3774 e‘runt
861 3719 961 3774 sub
1006 3720 1172 3775 ubere
1219 3720 1409 3776 matris
1449 3736 1579 3775 sum.
1607 3740 1624 3773 ι
1657 3720 1783 3777 Sive

190 3802 382 3868 fortis,
413 3803 526 3859 sive
555 3805 831 3871 innocens,
860 3806 973 3861 sive
1016 3806 1283 3877 paenitens
1314 3807 1367 3862 in
1397 3808 1503 3863 hoc
1543 3816 1784 3879 tempore

189 3897 516 3954 tnetninerit
543 3914 602 3954 se
638 3899 738 3955 sub
777 3895 1070 3971 fragilitate
1099 3910 1306 3956 natum
1343 3899 1640 3957 detentum.
1688 3903 1785 3957 Die

189 3996 388 4043 autem
420 3996 640 4053 octavo,
668 3997 796 4054 etc.,
827 3989 879 4044 id
903 3998 1007 4056 est,
1034 3990 1088 4044 in
1121 3991 1206 4046 die
1237 3991 1650 4046 resurrectionis
1668 3991 1785 4060 jam

188 4082 612 4137 immortalitate
653 4091 889 4152 recepta,
918 4082 1016 4137 soli
1048 4083 1157 4138 Deo
1187 4084 1303 4139 sine
1344 4078 1646 4140 defectione
1672 4100 1788 4140 ser-

184 4175 355 4227 vient
383 4172 559 4228 electi.
589 4193 607 4226 ι
639 4173 763 4229 Sive
791 4167 881 4229 ille
908 4173 1006 4230 bos
1025 4216 1040 4241 ,
1065 4175 1178 4232 sive
1204 4172 1292 4229 illa
1318 4175 1435 4231 ovis
1460 4185 1566 4230 nun
1596 4176 1787 4230 immo.

187 4266 462 4319 labuntur
488 4279 591 4318 una
622 4266 707 4320 die
731 4280 853 4320 cum
880 4264 1077 4321 fetibus
1106 4266 1237 4331 suis,
1270 4282 1289 4317 ι
1315 4266 1367 4321 id
1393 4274 1477 4321 est
1500 4281 1623 4321 cum
1654 4265 1787 4337 legis

187 4355 593 4426 superstitione
619 4364 674 4410 et
703 4364 966 4411 vetustate
1012 4355 1293 4427 Evangelii
1340 4355 1635 4412 novitatem
1679 4372 1785 4411 non

1889 1898 2014 1953 dum
2038 1907 2121 1955 est
2147 1908 2215 1954 ne'
2243 1920 2260 1951 ι
2288 1899 2481 1956 servile
2506 1908 2659 1972 Opus,
2687 1918 2706 1955 ι
2733 1902 2786 1957 id
2811 1911 2897 1960 est
2926 1916 3150 1975 peccato
3170 1907 3462 1963 obnoxium

1887 1987 2148 2044 facientes
2198 1991 2556 2048 inveniamur;
2590 1993 2649 2049 Si
2678 1995 2800 2065 quis
2839 2004 3019 2053 autem
3059 1999 3207 2054 circa
3252 1999 3463 2055 initium

1887 2078 2154 2136 desidiose
2180 2080 2464 2151 torpuerit,
2494 2083 2546 2137 in
2577 2082 2681 2138 line
2712 2084 2764 2138 in
2792 2085 2949 2142 bonis
2973 2087 3199 2142 inveniri
3230 2089 3459 2146 laboret.

1893 2182 1911 2218 ι
1939 2166 2073 2223 Cum
2121 2169 2350 2239 ingressi
2408 2167 2618 2226 fueritis
2670 2179 2891 2241 terram,
2925 2193 2943 2226 ›
2977 2183 3033 2231 et
3062 2176 3242 2247 reliq.,
3275 2175 3330 2232 id
3380 2178 3467 2233 est

1887 2260 2073 2314 fideles
2119 2274 2241 2315 cum
2286 2261 2341 2316 in
2377 2261 2619 2318 Ecclesia
2649 2267 2960 2333 moremini;
2994 2288 3014 2321 ‹
3046 2276 3102 2324 et
3128 2270 3466 2329 messuerills

1887 2360 2142 2421 segetem,
2175 2372 2193 2405 ι
2226 2354 2281 2407 id
2321 2363 2405 2408 est
2441 2355 2669 2425 populos
2695 2358 2763 2412 ad
2792 2359 3465 2432 credelitatem_perduxe-

1886 2443 2029 2509 ritis,
2058 2443 2122 2498 de
2152 2444 2346 2514 quibus
2391 2446 2649 2504 Dominus
2680 2450 2854 2504 dixit:
2904 2470 2922 2501 ι
2959 2451 3149 2507 Videte
3180 2454 3452 2524 regiones,

1885 2533 2011 2603 quia
2036 2533 2169 2588 alba:
2190 2543 2315 2589 sunt
2339 2536 2407 2591 ad
2434 2552 2687 2603 messem,
2725 2558 2744 2590 «
2766 2537 3005 2595 all'eretis
3029 2542 3329 2613 manipulos
3354 2545 3466 2614 spi-

1885 2636 2090 2689 carum,
2116 2642 2135 2675 ι
2166 2634 2365 2679 coetum
2406 2626 2610 2683 scilicet
2634 2636 2945 2684 sanctorum
2969 2631 3024 2685 in
3054 2632 3328 2702 primitiva
3358 2634 3465 2691 Ec-

1887 2711 2069 2778 clesia,
2091 2713 2233 2784 quod
2263 2722 2319 2769 et
2341 2714 2541 2770 factum
2564 2724 2648 2771 est
2679 2719 2942 2789 appositis
2964 2719 3017 2774 in
3040 2736 3145 2775 una
3175 2721 3263 2777 die
3291 2722 3464 2778 tribus

1885 2802 2122 2859 millibus
2147 2806 2449 2860 animarum
2477 2815 2531 2861 et
2558 2808 2727 2863 altera
2751 2809 2836 2863 die
2863 2810 3119 2881 quinque.
3150 2829 3168 2862 ι
3199 2810 3300 2879 Qui
3321 2811 3468 2869 leva-

1886 2895 1966 2951 bit
1991 2894 2303 2951 fasciculum
2349 2912 2530 2953 coram
2562 2899 2810 2965 Domino,
2835 2916 2855 2953 ι
2889 2910 2945 2956 et
2972 2902 3071 2957 rel.
3104 2902 3240 2971 Quia
3269 2918 3335 2959 co
3364 2904 3462 2960 ad-
3520 2953 3529 2961 ,

1881 2985 2120 3056 juvante,
2166 2987 2219 3042 id
2270 2996 2355 3043 est
2395 2988 2613 3045 Christo
2641 2993 2925 3048 sacerdote“
2971 3009 3186 3065 magno,
3226 2993 3465 3052 fidelium

1886 3077 2085 3134 oblatio
2111 3086 2195 3135 est
2225 3068 2336 3134 Deo
2378 3087 2476 3149 per
2522 3081 2716 3150 ipsum.
2762 3097 2781 3134 ι
2808 3082 2994 3137 Altero
3040 3084 3124 3138 die
3163 3083 3384 3140 Sabbati
3412 3094 3468 3142 et

1885 3171 2242 3228 sanctificabit
2286 3173 2498 3238 illum,t
2530 3181 2585 3228 et
2614 3174 2770 3244 reliq.
2815 3173 2875 3229 ln
2925 3176 3324 3232 resurrectione
3368 3193 3465 3232 sua

1885 3266 2194 3317 sanctorum
2221 3263 2480 3317 unitatem
2509 3263 2800 3333 capulavit.
2854 3262 2910 3318 Si
2958 3279 3088 3318 vero
3132 3264 3465 3333 manipulum

1883 3353 2083 3409 Christi
2111 3367 2327 3409 carnem
2349 3356 2432 3409 vis
2461 3355 2784 3425 intelligere,
2812 3356 2955 3411 unde
2984 3355 3141 3411 nobis
3164 3358 3320 3426 panis
3344 3359 3467 3413 vitae

1883 3448 2246 3511 ministratur,
2278 3432 2415 3503 alter
2439 3448 2555 3503 dies
2584 3448 2856 3518 passionis
2882 3442 3058 3518 potest
3087 3448 3307 3520 intelligi
3328 3464 3341 3503 :
3360 3466 3469 3504 uno

1883 3538 2026 3593 enim
2051 3538 2137 3593 die
2161 3538 2448 3608 mysticam
2484 3542 2694 3592 cm‘nam
2724 3535 3043 3601 eelcbravit,
3071 3535 3243 3591 altero
3270 3552 3466 3607 corpus

1885 3628 1939 3683 in
1976 3627 2155 3684 crucis
2183 3628 2578 3683 consummavit
2620 3627 2883 3698 supplicio
2911 3623 3126 3682 oblatus
3156 3643 3254 3697 pro
3286 3627 3464 3684 nobis.

1890 3729 1909 3768 ι
1940 3716 1996 3772 lu
2024 3719 2211 3773 eodem
2237 3717 2322 3773 die
2348 3731 2454 3788 quo
2480 3710 2784 3788 manipulus
2827 3723 3201 3782 consecratur,
3229 3715 3466 3773 czedetur

1885 3817 2054 3881 agnds
2082 3810 2475 3874 immaculatus,
2505 3820 2525 3860 ί
2556 3808 2610 3862 id
2633 3817 2741 3874 est,
2769 3808 2985 3879 quando
3006 3807 3256 3864 Christus
3283 3808 3336 3862 in
3366 3823 3462 3863 ara

1885 3902 2062 3957 crucis
2111 3900 2419 3954 immolatus
2460 3907 2566 3965 est,
2596 3899 2935 3953 sanctificata
2979 3906 3062 3953 est
3105 3898 3160 3952 in
3205 3897 3467 3968 sanguine

1885 3989 2081 4046 Christi
2111 3990 2288 4043 unitas
2328 3987 2584 4043 ﬁdelium.
2624 4007 2642 4039 ι
2673 3987 2989 4043 Libamc'nta
3019 3987 3317 4044 olTerentur
3342 4002 3465 4042 cum

1887 4088 1972 4144 eo,
1996 4092 2016 4131 ι
2046 4079 2099 4133 id
2122 4085 2225 4143 est,
2271 4091 2336 4132 eo
2379 4084 2540 4146 passo
2567 4074 2937 4145 proﬂuxerunt
2976 4082 3046 4130 ex
3086 4076 3254 4130 latere
3285 4091 3467 4131 sacra-

1886 4177 2068 4224 menta
2124 4167 2512 4238 redemptionis
2564 4175 2780 4221 nostrae.
2830 4178 2850 4219 ι
2903 4166 3035 4222 D‘uze‘
3074 4167 3297 4222 decimae
3348 4166 3466 4221 oleo

1887 4273 2211 4330 conspersae,
2244 4270 2263 4310 ι
2299 4265 2353 4313 et
2376 4257 2603 4328 reliqua.
2631 4257 2865 4314 Decimae
2889 4256 3197 4327 significant
3224 4255 3463 4326 comple-

1888 4351 2090 4406 tionem
2130 4350 2285 4421 legis.-
2315 4350 2442 4404 Dua:
2478 4352 2626 4413 vero,
2656 4348 2762 4403 duo
2785 4343 3153 4412 Testamenta,-
3178 4346 3261 4402 vel
3293 4345 3463 4417 legem

187 4448 623 4504 observandum.
681 4445 754 4503 De
801 4447 975 4502 hostia
1020 4446 1206 4502 eadem
1251 4447 1579 4503 comedenda
1621 4454 1784 4518 supra
1813 4483 1863 4543 Ι)
1888 4450 1943 4496 et
1970 4441 2279 4511 prophetas,
2317 4441 2370 4495 in
2398 4440 2592 4511 quibus
2640 4438 3078 4494 manifestissime
3110 4438 3174 4494 de
3213 4437 3464 4509 passione

188 4539 412 4593 dictum
460 4544 563 4593 est.
602 4554 622 4590 ι
654 4537 825 4592 Edu‘xi
881 4538 948 4592 de
998 4536 1143 4591 terra
1199 4535 1442 4608 .Egypti,
1482 4557 1501 4590 ι
1538 4536 1785 4593 Christus

188 4631 377 4685 etiam
424 4628 670 4683 liberavit
710 4643 807 4682 nos
846 4627 915 4683 de
956 4627 1150 4683 diaboli
1185 4636 1471 4697 potestate.
1500 4641 1519 4680 t
1549 4628 1660 4698 Ego
1688 4628 1786 4683 Do-

188 4720 411 4782 minus,
435 4737 453 4771 ι
490 4718 609 4773 ideo
638 4718 705 4771 ad
739 4717 946 4788 singula
995 4717 1269 4788 subiungit
1312 4719 1784 4773 commemoratio-

190 4823 338 4864 nem
369 4808 451 4862 sui
482 4808 739 4871 nominis,
766 4816 827 4862 ut
851 4817 1112 4862 terrorem
1143 4807 1225 4862 eis
1250 4808 1517 4865 incuteret
1542 4823 1643 4863 nec
1666 4824 1793 4879 pec:

191 4912 421 4966 carent,
455 4909 509 4956 et
536 4901 877 4957 dilectitmem
902 4902 1183 4969 insereret,
1210 4909 1269 4955 tn
1290 4915 1384 4958 eos
1408 4916 1501 4957 sua
1532 4902 1789 4957 mandata

192 4994 529 5065 diligentius
560 4993 755 5049 intueri
779 4994 1019 5049 doceret.
1124 5054 1169 5088 ‘

788 5110 1013 5183 CAPUT
1053 5123 1236 5180 XXIII.

287 5277 311 5309 ι
346 5254 442 5312 lite
464 5260 593 5313 sunt
627 5256 773 5312 ferite
803 5257 1033 5320 Domini,
1053 5268 1187 5327 quas
1217 5256 1478 5312 vocabitis
1502 5258 1737 5321 sanctas,
1769 5275 1789 5310 ι

196 5349 263 5405 id
311 5357 395 5402 est
421 5349 731 5405 vacatihnes
755 5349 823 5404 ab
853 5349 1107 5419 operibus
1141 5348 1301 5403 malis
1323 5363 1444 5418 qua:
1472 5367 1493 5400 ι
1528 5349 1738 5405 Domini
1765 5369 1790 5402 ι’

192 5440 500 5504 dicuntur,
546 5439 673 5509 quia
726 5439 935 5495 Domini
985 5440 1208 5511 implent
1247 5439 1597 5494 voluntatem.
1631 5457 1651 5491 ς
1685 5438 1793 5495 Set

195 5530 409 5584 diebus
433 5529 651 5586 facietis
675 5547 831 5602 opus,
863 5552 881 5585 ι
914 5542 1022 5589 etc.
1065 5532 1310 5589 Ostendit
1338 5533 1392 5586 in
1421 5532 1522 5586 hac
1550 5533 1660 5586 vita
1689 5532 1793 5603 piis

194 5619 495 5685 laboribus
544 5621 898 5677 insistendum
921 5663 937 5689 ,
967 5623 1090 5692 quia
1139 5631 1421 5693 postquam
1452 5623 1520 5676 ad
1550 5623 1789 5691 requiem

195 5714 445 5766 ventum
483 5709 675 5779 fuerit,
696 5710 811 5784 iam
836 5714 1095 5784 operandi
1125 5725 1335 5783 tempus
1364 5728 1470 5769 non
1493 5714 1617 5770 erit.
1650 5712 1792 5770 Bene

1892 4532 2103 4588 Domini
2129 4534 2503 4589 annuntiatur.
2537 4553 2555 4586 ι
2593 4532 2647 4587 In
2675 4533 2897 4588 odorem
2944 4531 3323 4586 suavissimum
3362 4530 3470 4584 Ι)οά

1893 4626 2057 4680 mino.
2091 4644 2108 4676 ι
2134 4623 2280 4694 Opus
2327 4625 2470 4680 enim
2520 4624 2883 4695 gratissimum
2930 4620 3075 4676 Patri
3113 4621 3254 4691 quod
3296 4620 3468 4677 Filius

1894 4719 2103 4789 agebat.
2141 4737 2159 4769 ι
2190 4717 2322 4771 Liba
2370 4730 2581 4785 quoque
2615 4706 2760 4777 vini,
2791 4722 2982 4782 quarta
3026 4727 3151 4781 pars
3192 4711 3304 4767 bin.
3330 4730 3350 4764 ι
3379 4713 3459 4768 Vi-

1897 4817 2023 4865 num
2069 4809 2313 4864 doctrina
2351 4794 2769 4875 est'Spirituaiis
2794 4806 2809 4856 ἑ
2834 4802 3024 4873 quarta
3059 4818 3184 4871 pars
3211 4802 3305 4856 hin
3338 4802 3470 4856 dici—

1900 4906 2004 4964 tur,
2034 4897 2157 4967 quia
2194 4896 2247 4950 in
2277 4893 2501 4963 singulis
2544 4891 2952 4960 Evangeliorum
2997 4890 3149 4945 libris
3193 4890 3467 4961 plenitudo

1897 4987 2468 5061 Sapientiminvcnitur.
2491 4994 2511 5036 ι
2531 4983 2728 5038 Panem
2757 4995 2813 5038 et
2843 4983 3115 5053 polentam
3137 4992 3189 5038 et
3222 4983 3417 5053 pultes,
3443 4992 3465 5033 ν

1897 5089 1951 5136 et
1980 5079 2098 5144 rel.,
2125 5079 2178 5133 id
2217 5085 2300 5133 est
2341 5076 2394 5131 in
2433 5073 2577 5129 illam
2618 5074 2812 5127 animm
2855 5079 2960 5128 tute
2990 5075 3230 5144 requiem
3262 5087 3470 5144 praepa-

1896 5176 2017 5227 rare
2046 5170 2256 5226 coneris
2298 5175 2587 5236 antequam
2620 5166 2762 5221 scias
2806 5164 2910 5220 fide
2940 5166 3057 5236 ejus
3087 5166 3467 5236 redemptionis

1896 5262 2186 5317 initiatum;
2217 5277 2236 5310 ι
2265 5255 2631 5311 Numerabitis
2654 5270 2785 5325 ergo
2807 5256 2874 5311 ab
2896 5255 3065 5311 altera
3088 5256 3172 5311 die
3194 5254 3464 5319 sabbati,s

1894 5359 1951 5407 et
1978 5347 2465 5421 reliinanipulus
2487 5354 2620 5418 ergo
2645 5336 2861 5402 ablatus
2883 5357 2967 5403 est
2990 5356 3046 5402 et
3077 5344 3469 5406 sanctificatus,

1893 5452 1955 5499 ut
1978 5442 2241 5515 Iosephus
2272 5450 2523 5507 testatur,
2556 5447 2708 5495 sexta
2737 5440 2943 5495 decima
2981 5433 3136 5504 luna;
3170 5449 3313 5491 nunc
3338 5438 3472 5487 vero

1895 5536 2106 5591 videtur
2132 5534 2422 5604 praecipere
2446 5543 2506 5589 ut
2534 5541 2783 5589 numeret
2816 5541 2848 5588 ε
2875 5533 3061 5603 quinta
3089 5529 3291 5585 decima
3316 5525 3469 5589 luna,

1895 5625 2113 5696 Quando‘
2140 5626 2267 5696 ipsa!
2291 5625 2541 5694 primitize
2583 5625 2786 5687 aliaue,
2819 5631 2917 5678 nec
2950 5633 3126 5676 tamen
3154 5626 3278 5671 sunt
3302 5630 3470 5669 sacri-

1895 5718 2018 5773 ficio
2043 5714 2415 5772 sanctificata}.
2434 5714 2542 5771 Nos
2566 5725 2745 5771 autem
2765 5725 2781 5765 ε
2812 5713 2881 5768 ab
2902 5712 3070 5767 altero
3092 5710 3176 5765 die
3190 5707 3467 5773 Sabbati,.r
