3948 6328
513 368 617 426 839

1005 356 1395 418 WALAFRIDI
1435 354 1683 414 STRABI
1718 353 1922 411 FULD.
1964 350 2129 409 MON.
2171 349 2322 407 OPP.
2362 348 2545 404 PARS
2581 346 2622 402 1.
2662 374 2731 385 -—
2770 340 3227 399 THEOLOGICA.

3690 340 3795 399 840

514 486 570 541 id
590 490 676 541 est
697 497 728 538 a
747 477 1159 537 resurrectionis
1179 486 1525 530 numeramus
1549 470 1910 543 pluralitatem
1936 468 2091 539 quin—
2118 470 2163 528 Α
2195 465 2321 535 quia
2357 466 2413 518 in
2439 462 2682 518 Ecclesia
2713 460 3063 517 suadentibus
3084 458 3227 525 aliis,
3252 456 3397 514 idem
3422 456 3608 514 cultus
3626 455 3791 526 jusu-

513 571 857 645 quagenarias
891 566 1282 624 solemnitatis:
1309 564 1449 618 sicut
1475 562 1621 617 enim
1668 562 1722 616 in
1754 568 1937 616 monte
1964 558 2092 613 Sina

516 684 542 722 ο
576 666 842 731 prtesente
865 654 1094 711 Domino
1115 653 1251 724 legis
1286 651 1484 708 indicia
1509 649 1572 724 [f.
1596 648 1826 721 judicia]
1857 648 2092 702 nondum

510 748 816 818 conscripta
861 744 1056 817 populo
1102 743 1488 807 Hebraeorum,
1521 740 1608 795 die
1650 736 2093 808 quinquagesima

509 851 793 912 postquam
820 835 1021 908 egressi
1048 842 1266 889 suntex
1302 819 1558 903 Egypto,
1590 837 1887 904 monstrata
1927 834 2088 881 sunt:

509 928 590 983 sic
620 926 864 981 ﬁdelibus
902 931 1026 995 post
1062 921 1490 991 redemptionem
1534 915 1975 991 quinquagesima
2005 915 2091 970 die

509 1019 743 1091 Spiritus
786 1016 957 1073 sancti
1001 1010 1172 1086 gratia
1201 1014 1265 1068 de
1294 1008 1445 1068 etelis
1489 1009 1691 1064 directa
1722 1019 1823 1063 est.
1857 1025 1876 1058 ι
1910 997 2091 1077 Usque

506 1113 575 1168 ad
600 1112 824 1168 alteram
860 1111 1001 1165 diem
1031 1104 1350 1177 expletionis
1394 1100 1744 1159 hebdomadis
1771 1100 2036 1175 septimae,
2064 1116 2085 1150 ι

506 1203 560 1260 id
586 1210 669 1259 est
693 1190 1119 1257 hebdomadibus
1159 1203 1361 1265 septem
1398 1193 1652 1263 peractis,
1677 1205 1801 1245 eum
1828 1204 1929 1242 una
1975 1188 2089 1242 dies

485 1289 850 1365 adiiceretur,
868 1290 1088 1345 flebant.
1118 1306 1136 1340 ‹
1166 1286 1502 1343 Sacrificium
1530 1297 1727 1337 novum
1752 1296 1816 1336 ex
1839 1279 2088 1365 omnibus

503 1381 828 1441 habitaculis
871 1379 1089 1443 vestris,
1133 1396 1151 1430 ι
1185 1377 1325 1432 no'vo
1368 1389 1567 1442 genere
1610 1385 1908 1442 prmconcs,
1950 1383 2086 1422 nova

502 1474 761 1529 virtutum
787 1486 1009 1526 munera
1037 1484 1135 1540 per
1161 1466 1339 1522 omnia
1370 1458 1745 1520 conventicula
1770 1450 1968 1516 offerre
1995 1475 2085 1515 sa-

493 1564 762 1637 tagebant
790 1580 808 1612 ι
837 1575 1004 1631 panes
1050 1558 1410 1630 primitiarum
1458 1555 1612 1637 duos,
1646 1573 1665 1607 ι
1696 1544 1783 1608 vel
1809 1551 1916 1606 duo
1946 1566 2084 1622 pne-

501 1661 659 1724 cepta
706 1650 1016 1716 eharitalis,
1054 1646 1137 1703 vel
1184 1648 1412 1703 duorum
1453 1644 1773 1716 pepulerum
1817 1641 2086 1698 collectio-

501 1758 646 1799 nem.
699 1741 963 1796 Dicuntur
1009 1738 1188 1793 autem
1237 1738 1354 1792 dum
1397 1736 1619 1791 decima:
1674 1732 1906 1797 similae,
1956 1732 2082 1804 quia

2198 557 2285 611 tiae
2328 553 2531 611 servari
2575 552 2809 608 debebit.
2839 570 2859 602 ι
2887 548 3146 620 Aﬂligetis
3190 549 3403 603 animas
3446 556 3669 603 vestras
3704 550 3792 604 die

2196 662 2340 701 nono
2365 645 2600 710 mensis;
2627 658 2656 697 a
2687 656 2912 712 vespera
2942 656 3113 709 usque
3138 639 3207 695 ad
3233 653 3522 708 vesperam
3545 638 3791 693 celebra-

2192 739 2322 794 bitis
2355 739 2580 793 sabbata
2604 744 2802 790 vestra.
2836 754 2855 786 ι
2884 733 2929 789 Α
2953 748 3180 803 vespera
3209 746 3382 801 usque
3402 731 3472 785 ad
3493 746 3789 801 vesperam

2192 820 2552 895 sabbatizare,
2580 836 2663 884 est
2699 827 2752 881 in
2801 824 3086 879 afﬂictione
3129 823 3465 894 pmnitentia:
3512 837 3694 891 usque
3721 821 3785 875 ad

2191 920 2352 974 finem
2399 932 2740 988 permanere,
2767 916 2938 971 donec
2980 915 3254 970 illucescat
3300 929 3462 970 mane
3512 912 3781 967 futurum.

2197 1029 2215 1061 ι
2247 1010 2291 1063 Α
2327 1010 2516 1079 quinto
2548 1008 2759 1083 decimo
2790 1007 2877 1062 die
2921 1006 3127 1061 mensis
3153 1006 3317 1076 hujus
3356 1005 3581 1075 septimi
3624 1013 3786 1059 erunt

2189 1103 2338 1158 feriae
2369 1101 2831 1157 tabernaculorum
2857 1100 3105 1165 Domino,
3128 1120 3145 1152 ι
3170 1107 3227 1154 et
3246 1100 3344 1154 rel.
3374 1099 3785 1167 Quindenarius

2187 1209 2444 1249 numerus
2490 1192 2973 1248 excellentissimos
3019 1191 3070 1245 in
3100 1206 3157 1246 se
3186 1192 3469 1254 continet,
3502 1190 3561 1244 id
3586 1200 3675 1245 est
3702 1206 3783 1244 se-

2187 1296 2331 1358 ptem
2359 1294 2414 1340 ct
2438 1295 2583 1352 octo,
2617 1301 2846 1354 quorum
2874 1285 3024 1355 prior
3048 1285 3116 1338 ad
3142 1284 3315 1353 legem
3337 1291 3570 1352 propter
3589 1282 3782 1337 sabba-

2189 1376 2427 1440 tismum,
2452 1390 2684 1445 sequens
2712 1375 2780 1430 ad
2806 1373 3150 1445 Evangelium
3177 1381 3401 1442 propter
3421 1371 3782 1427 resurrectio-

2185 1481 2331 1531 nem,
2359 1482 2465 1521 non
2500 1467 2732 1521 absurde
2758 1473 3108 1535 comparatur
3132 1484 3146 1517 :
3172 1464 3224 1519 in
3252 1478 3493 1534 quorum
3522 1463 3781 1518 observa-

2185 1557 2333 1611 tione
2370 1566 2482 1612 toto
2536 1566 2777 1627 tempore
2814 1553 2975 1624 hujus
3021 1554 3145 1609 vita:
3194 1568 3470 1609 memores
3513 1568 3621 1609 nos
3664 1568 3779 1607 esse

2183 1656 2428 1718 oportet,
2465 1648 2589 1718 quia
2619 1666 2637 1699 ι
2668 1663 2775 1702 non
2816 1647 3078 1702 habemus
3107 1646 3196 1700 hic
3223 1653 3544 1700 manentem
3584 1645 3775 1699 civita-

2186 1747 2316 1803 tem,
2347 1738 2439 1792 sed
2467 1737 2702 1792 futuram
2732 1737 3058 1807 inquirimus
3083 1735 3261 1809 (Rom.
3293 1736 3444 1804 xm),
3470 1754 3490 1787 ι
3512 1744 3581 1790 ut
3602 1735 3775 1790 taliter

500 1844 791 1908 utrumque
832 1832 1237 1888 Testamentum
1261 1830 1449 1886 intima
1479 1839 1563 1883 est
1584 1827 1847 1898 sapientia
1876 1825 2081 1880 forma-
2114 1813 2156 1870 Β
2188 1831 2431 1884 vivamus
2459 1830 2599 1885 sicut
2618 1828 2855 1900 hospites
2878 1828 2943 1882 ad
2964 1828 3194 1898 patriam
3225 1827 3563 1883 festinantes
3589 1843 3604 1879 :
3629 1828 3773 1896 cujus

500 1934 635 1979 tum.
686 1924 1031 1979 Fermentata
1083 1912 1281 1976 dicitur
1327 1920 1537 1984 simila,
1604 1920 1655 1973 id
1697 1926 1782 1973 est
1824 1916 2079 1971 firmitate

498 1998 757 2071 doctrinm
782 2014 1004 2084 repleta.
1055 2007 1219 2068 Cocta
1247 2012 1300 2067 in
1330 2012 1597 2081 primitias
1628 2001 1865 2074 Domini,
1897 2009 1949 2063 id
1978 2015 2077 2073 est,

498 2102 704 2174 Spiritu
734 2112 923 2158 sancto
951 2102 1189 2157 stabilita
1219 2102 1286 2155 ad
1312 2101 1791 2156 sanetifieationem
1822 2099 2083 2168 incipien-

470 2202 473 2205 '
499 2191 671 2247 tium:
694 2200 899 2261 septem
927 2193 1048 2261 agni
1078 2180 1410 2246 immaculati
1438 2190 1710 2245 Christum
1756 2178 2078 2265 significant,

499 2272 591 2353 qui
616 2298 712 2355 per
733 2282 991 2354 Spiritum
1012 2284 1262 2339 sanctam
1282 2282 1449 2337 voluit
1469 2272 1650 2337 offerri
1680 2298 1693 2334 :
1718 2280 1802 2335 vel
1826 2281 2081 2336 innocen-

500 2376 631 2430 tiam
668 2375 812 2440 vitxe,
850 2392 1011 2445 quam
1043 2376 1200 2429 nobis
1227 2375 1401 2446 gratia
1430 2362 1659 2429 contulit
1697 2373 1929 2443 Spiritus
1957 2388 2081 2428 san-

497 2462 591 2522 cti.
647 2454 860 2522 Vitulus
901 2464 1178 2521 Christum
1223 2465 1522 2533 significat;
1569 2467 1767 2519 arietes
1810 2465 1948 2530 duo,
1997 2462 2080 2519 vel

496 2552 770 2612 Christum
815 2547 869 2611 in
913 2556 1121 2612 duabus
1167 2559 1397 2621 naturis,
1443 2557 1529 2614 vel
1573 2558 1825 2612 doctores
1873 2557 2082 2612 duobus

498 2649 858 2705 Testamentis
899 2650 1528 2716 imbutos;-libamenta,
1558 2649 1639 2702 vel
1691 2648 1947 2719 mysteria
1992 2664 2079 2702 re-

497 2741 824 2809 demptionis
866 2748 1084 2806 nostrae,
1128 2741 1212 2795 vel
1255 2740 1533 2810 sapientiae
1580 2739 1876 2808 spiritualis
1909 2739 2083 2793 admi-

494 2833 770 2899 xtionem;
808 2833 990 2888 hircus
1017 2833 1390 2903 pmnitentiam
1424 2840 1601 2896 sonat,
1631 2847 1795 2901 quam
1823 2831 2080 2887 Dominus

495 2924 673 2995 primo
699 2924 1045 2994 praedicavit;
1071 2924 1176 2979 duo
1202 2923 1325 2995 agni
1352 2937 1540 2994 pacem
1568 2929 1621 2976 et
1644 2921 2075 2984 sanctimoniam,

496 3019 612 3074 sive
640 3018 997 3074 humilitatem
1039 3027 1093 3072 et
1131 3017 1595 3073 mansuetudinem
1629 3015 1955 3085 significant.
2005 3014 2080 3068 De

497 3107 694 3177 quibus
732 3107 991 3162 Dominus
1031 3108 1109 3162 ait
1135 3125 1147 3159 :
1176 3126 1194 3156 ι
1224 3106 1426 3162 Discite
1454 3122 1483 3160 a
1513 3121 1601 3160 me
1632 3105 1760 3179 quia
1788 3092 1935 3160 mitis
1955 3119 2077 3160 sum

2182 1922 2339 1977 nobis
2368 1922 2615 1992 spiritum
2658 1921 2907 1986 donavit,
2942 1920 3033 1993 qui
3071 1935 3174 1976 nos
3202 1937 3234 1974 a
3263 1920 3470 1975 diaboli
3514 1921 3773 1975 servitute

2181 2015 2401 2084 eripuit,
2431 2016 2572 2071 sicut
2599 2015 2697 2070 illi‘
2723 2015 2862 2070 hanc
2902 2014 3297 2071 solemnitatem
3326 2015 3401 2069 ob
3433 2014 3767 2069 recordatio-

2182 2123 2308 2163 nem
2337 2108 2672 2165 liberationis
2699 2122 2809 2163 sua:
2838 2115 2893 2163 et
2912 2107 3213 2164 eductionis
3241 2123 3307 2162 ex
3337 2105 3591 2177 Egypto
3615 2106 3772 2162 conti-

2183 2199 2439 2277 nuabant.
2475 2196 2627 2265 Quod
2656 2212 2787 2253 vero
2812 2199 2953 2255 diem
2983 2197 3215 2268 primum
3241 2208 3297 2252 et
3321 2206 3595 2252 octavum
3617 2198 3772 2252 noni

2178 2296 2277 2342 nat
2302 2287 2562 2354 celebres,
2586 2288 2824 2344 ostendit
2845 2287 3051 2343 medios
3079 2287 3243 2342 simili
3269 2287 3574 2343 devotione
3599 2287 3772 2342 obser-

2182 2378 2415 2442 vandos,
2458 2392 2675 2433 onmem
2722 2394 2937 2450 quoque
2982 2387 3226 2433 nostram
3270 2379 3449 2433 vitam
3495 2380 3573 2435 ab
3628 2380 3770 2434 initio

2182 2486 2352 2541 usque
2396 2470 2465 2526 ad
2505 2456 2667 2524 finem
2708 2469 2864 2538 jubet
2907 2483 3028 2526 esse
3074 2469 3428 2526 custoditum.
3489 2469 3597 2524 Est
3638 2469 3769 2524 enim

2181 2571 2355 2617 coetus
2379 2570 2542 2631 atque
2573 2561 2838 2627 collectae,
2855 2561 2908 2616 id
2930 2568 3015 2616 est
3036 2560 3156 2616 dies
3178 2568 3354 2615 cretus
3380 2575 3493 2630 pro
3517 2561 3766 2631 genitivo,

2181 2651 2333 2721 quasi
2380 2651 2840 2723 congregationis;
2870 2651 2985 2706 dies
3019 2658 3195 2706 cmtus
3229 2649 3489 2715 collecta,
3515 2666 3591 2705 eo
3638 2651 3767 2720 quod

2181 2750 2386 2812 septem
2415 2742 2531 2797 dies
2556 2743 2609 2798 in
2637 2743 2754 2813 ipso
2775 2741 2982 2798 collecti
3011 2751 3157 2806 sunt,
3181 2741 3234 2796 id
3261 2750 3350 2797 est
3364 2743 3765 2803 consummati,

2181 2833 2307 2901 quia
2334 2841 2450 2887 erat
2472 2818 2594 2886 finis
2618 2830 2946 2887 festivitatis.
2982 2831 3164 2886 Potest
3194 2840 3376 2887 autem
3405 2832 3532 2889 dies
3554 2841 3768 2887 octavus

2182 2921 2406 2992 intelligi
2436 2922 2784 2987 resurrectio,
2813 2936 2932 2990 qua:
2958 2930 3040 2975 est
3071 2922 3187 2975 dies
3216 2930 3392 2975 cmtus
3423 2930 3483 2977 et
3512 2922 3764 2983 collecta,

2180 3014 2306 3084 quia
2334 3022 2460 3067 tunc
2485 3027 2675 3068 omnes
2718 3012 3191 3084 congregabantur
3236 3011 3289 3065 in
3320 3028 3565 3083 regnum
3602 3015 3693 3069 Dei
3718 3024 3768 3068 et

2181 3114 2484 3175 temporum
2530 3104 2654 3160 finis
2697 3104 2998 3173 colligetur.
3028 3123 3046 3155 ι
3074 3102 3324 3160 Ofl‘eretis
3350 3105 3404 3159 in
3433 3107 3523 3161 eis
3546 3106 3763 3162 oblatio-

495 3196 712 3267 (Matth.
745 3198 844 3268 χι),
868 3217 889 3251 ι
914 3206 1021 3254 etc.
1053 3218 1071 3249 ι
1101 3197 1307 3253 Cedent
1351 3198 1403 3253 in
1454 3206 1621 3253 nsum'
1660 3197 1793 3266 ejus.
1830 3217 1848 3250 ι
1881 3197 2073 3254 Omnia
2102 3179 2148 3241 (ἶ
2179 3210 2277 3250 nes
2332 3195 2559 3250 Domino
2595 3195 2909 3251 holocausta
2956 3202 3013 3250 et
3064 3194 3356 3250 libamenta
3403 3193 3576 3264 juxta
3616 3197 3765 3250 ritum

494 3305 616 3358 quae
655 3284 943 3361 egerimus,
987 3291 1054 3345 ad
1101 3292 1436 3347 sacerdotem
1468 3279 1626 3345 Chris
1653 3305 1741 3343 um
1781 3290 2072 3359 pertinent,

494 3380 620 3451 quia
646 3373 714 3436 ab
743 3379 858 3451 ipso
897 3374 1284 3452 suscipiuntur.
1316 3401 1333 3432 ι
1364 3382 1431 3435 Ει
1452 3382 1711 3436 voeabitis
1745 3382 1889 3437 hunc
1931 3382 2075 3436 diem

493 3461 928 3535 celeberrimum,
949 3492 966 3524 ι
987 3482 1042 3526 et
1072 3472 1168 3527 rel.
1199 3469 1340 3525 Vere
1366 3471 1739 3527 sanctissimus
1760 3481 1860 3536 est,
1891 3472 1943 3525 in
1968 3487 2075 3541 quo

496 3558 836 3614 sanctificata
863 3560 947 3614 est
969 3559 1147 3613 omnis
1173 3552 1433 3614 Ecclesia.
1470 3550 1547 3613 De
1566 3560 1779 3615 caeteris
1806 3569 1867 3614 ut
1889 3576 2071 3631 supra.

501 3669 523 3702 ι
558 3650 851 3729 Postquam
897 3652 1232 3708 messueritis
1268 3660 1504 3723 segetem
1543 3660 1701 3707 terra:
1731 3662 1942 3715 vestrae,
1976 3674 1994 3706 ι
2024 3663 2077 3708 et

495 3740 597 3795 rel.
624 3740 668 3795 Ο
692 3729 883 3806 Judaei,
913 3739 1046 3811 legis
1093 3741 1499 3811 intelligentiam
1545 3743 1713 3796 nolite
1756 3743 1808 3796 in
1841 3743 2073 3799 litteram

496 3822 565 3885 de
594 3828 859 3899 spirituali
891 3845 1052 3887 sensu
1083 3832 1422 3901 detorquere,
1448 3832 1540 3889 sed
1585 3848 1705 3902 quae
1732 3848 1925 3903 capere
1969 3849 2075 3887 mm

496 3918 725 3990 potestis
758 3918 953 3989 populo
978 3919 1253 3987 Ecclesim,
1280 3922 1503 3992 pauperi
1532 3922 1746 3992 spiritu,
1790 3912 2075 3993 allegorica

496 4002 795 4067 subtilitate
837 4011 1211 4083 investiganda
1242 4013 1550 4084 relinquite.
1598 4012 1805 4069 Caetera
1843 4028 1962 4082 quae
1988 4029 2077 4068 su-

496 4121 594 4176 pra
633 4105 777 4161 dicta
825 4114 973 4171 sunt,
1003 4115 1059 4162 et
1101 4107 1202 4162 sub
1243 4108 1414 4178 gratia
1459 4108 1813 4177 spiritualiter
1854 4106 2075 4177 impleta

495 4203 645 4260 sunt,
672 4204 775 4250 cta
805 4196 963 4251 nobis
989 4196 1249 4266 quotidie,
1272 4206 1332 4252 ut
1367 4198 1593 4253 Domino
1620 4198 1929 4269 placeamus
1956 4212 2079 4253 cre-

495 4285 690 4340 denda.
725 4303 745 4337 ‹
775 4276 956 4339 Mense
991 4285 1237 4354 septimo,
1262 4285 1438 4356 prima
1471 4286 1560 4341 die
1596 4287 1820 4351 mensis,
1840 4305 1859 4338 ι
1884 4294 1939 4340 et
1975 4283 2074 4340 rel.

496 4372 613 4428 Hoc
640 4366 802 4428 estin
834 4372 1168 4444 plenitudine
1208 4382 1530 4442 temporum,
1560 4376 1776 4444 quando
1815 4375 2077 4430 Dominus

494 4455 652 4518 Jesus
695 4455 1008 4533 praedicavit
1057 4478 1259 4518 annum
1297 4465 1525 4519 Domino
1570 4456 1990 4535 acceptabilem,
2021 4468 2075 4522 in

494 4568 604 4622 quo
632 4553 970 4622 requiescere
991 4570 1021 4608 a
1050 4543 1205 4608 malis
1228 4554 1482 4623 operibus
1505 4557 1655 4624 quasi
1685 4572 1783 4627 per
1821 4568 2073 4629 septena-

498 4636 640 4699 rium
680 4634 955 4710 iubemur.
1005 4662 1024 4697 ι
1052 4636 1232 4698 Prima
1269 4644 1356 4699 die
1388 4647 1610 4711 mensis,
1639 4665 1657 4696 ι
1689 4646 1744 4702 id
1782 4657 1869 4704 est
1899 4649 1952 4702 in
1977 4649 2080 4704 ini-

498 4733 577 4788 tio
615 4732 1043 4803 prmdicationis;
1081 4752 1099 4784 ι
1126 4733 1497 4805 clangentibus
1528 4736 1691 4802 tubis,
1714 4757 1731 4789 ι
1762 4737 1816 4793 id
1842 4747 1928 4794 est
1954 4754 2078 4808 per—

497 4822 813 4877 sonantibus
836 4821 1097 4877 doctrinm
1118 4823 1463 4891 clamoribus,
1486 4846 1505 4877 ι
1533 4828 1638 4880 erit
1660 4826 1941 4882 sabbatum
1964 4842 2076 4884 mc-

503 4910 748 4979 moriale,
773 4932 792 4965 ι
824 4914 879 4969 id
918 4922 1002 4969 est
1032 4916 1363 4970 consuetudo
1390 4930 1742 4986 perseverans
1768 4918 2071 4972 abstinendi

497 5017 530 5055 a
560 4998 721 5058 vitiis.
750 5020 768 5053 ι
801 4992 1017 5057 Decimo
1050 5004 1135 5059 die
1173 5006 1373 5059 mensis
1397 5005 1554 5075 hujus
1597 5008 1834 5076 septimi,
1865 5026 1885 5060 ι
1913 5008 1962 5061 id
1989 5016 2073 5064 est

498 5092 552 5146 in
578 5087 906 5162 plenitudine
920 5095 1160 5163 ejusdem
1182 5096 1458 5167 temporis,
1481 5117 1498 5150 ι
1522 5098 1638 5154 dies
1658 5100 2024 5170 expiationum
2043 5121 2065 5156 ι

495 5194 580 5241 est
605 5178 841 5258 afﬂigere
871 5182 1080 5246 animas
1111 5199 1353 5257 uestras;
1382 5192 1507 5263 quia
1546 5194 1648 5248 hoc
1680 5204 1887 5265 tempus
1912 5212 2070 5254 acce-

495 5278 717 5351 ptabile,
740 5295 839 5351 per
867 5283 1239 5351 pmnitentiam
1262 5285 1622 5355 nosmetipsos
1642 5288 1984 5358 castigemus,
2009 5299 2069 5346 ut

494 5370 856 5441 expiationem
883 5388 1002 5444 quae
1030 5376 1083 5430 in
1115 5376 1317 5432 Christi
1345 5379 1595 5448 passione
1626 5379 1781 5437 nobis
1811 5397 2067 5439 concessa

494 5468 597 5527 est,
627 5459 987 5520 inveniamus.
1016 5483 1034 5517 ι
1056 5466 1243 5520 Omnis
1266 5467 1444 5522 anima
1465 5484 1585 5538 qua:
1605 5468 1797 5525 afﬂicta
1823 5489 1931 5529 non
1954 5472 2072 5530 fue-

495 5542 570 5604 rit
594 5549 681 5608 die
707 5552 811 5609 hac
834 5594 848 5619 ,
869 5573 889 5607 ι
919 5561 976 5609 et
1004 5554 1098 5609 rel.
1120 5554 1178 5609 ld
1198 5563 1299 5621 est,
1326 5573 1447 5628 qua:
1474 5558 1600 5613 dum
1627 5560 1769 5615 valet
1790 5576 1889 5631 pro
1914 5564 2072 5620 malis

494 5639 748 5709 operibus
774 5642 1147 5712 pmnitentiam
1174 5660 1354 5716 agere,
1382 5647 1706 5716 dissimulat,
1733 5655 2068 5709 extermina-

493 5730 642 5788 bitur
679 5734 746 5791 de
778 5744 922 5793 cwtu
950 5746 1258 5795 sanctorum
1283 5739 1336 5796 in
1365 5742 1573 5800 cunctis
1597 5746 2062 5816 generationibus;

2178 3287 2598 3358 uniuscujusque
2645 3288 2774 3355 diei,
2799 3308 2817 3341 ι
2843 3297 2899 3343 et
2924 3287 3026 3344 rel.
3068 3286 3355 3343 Profectus
3381 3288 3657 3345 virtutum
3678 3305 3763 3343 va-

2176 3378 2287 3434 rios
2315 3365 2510 3434 olferre
2538 3378 2813 3445 debemus,
2847 3378 3002 3449 juxta
3027 3378 3169 3449 quod
3201 3385 3418 3448 tempus
3464 3380 3763 3439 dictava'it.

2175 3471 2348 3542 quiat
2382 3478 2590 3541 tempus
2643 3469 2932 3541 loquendi,
2984 3477 3194 3540 tempus
3245 3470 3468 3526 tacendi
3497 3512 3513 3536 ,
3567 3480 3769 3541 tempus

2175 3559 2335 3617 ﬂendi
2360 3568 2415 3614 et
2444 3568 2656 3629 tempus
2682 3561 2890 3615 ridendi
2919 3558 3091 3627 (Eccl.
3114 3560 3222 3632 ιιι),
3251 3578 3269 3611 ι
3293 3568 3353 3614 et
3380 3574 3513 3629 qua
3538 3576 3769 3631 sequun-

2178 3659 2283 3706 tur.
2337 3670 2355 3703 ι
2387 3652 2639 3722 Exceptis
2686 3652 2896 3706 Domini
2943 3652 3213 3716 sabbatis,
3242 3671 3261 3702 ι
3307 3660 3365 3706 et
3410 3652 3631 3721 reliqua
3659 3667 3767 3721 qu

2175 3756 2443 3814 praecepta
2467 3753 2592 3799 sunt
2620 3744 2905 3809 faciamus,
2927 3753 3181 3799 caeterum
3210 3743 3480 3814 quidquid
3504 3745 3768 3813 possimus

2177 3832 2509 3903 adjiciamus.
2549 3853 2567 3885 ‹
2596 3834 2641 3887 Α
2669 3835 2860 3905 quinto
2886 3835 3096 3890 decimo
3131 3835 3218 3889 die
3249 3835 3459 3889 mensis
3487 3836 3727 3905 septimi,
3745 3855 3761 3885 ι

2176 3934 2231 3980 et
2264 3925 2358 3979 rel.
2408 3925 2746 3996 Recapitulat
2790 3942 2910 3996 quae
2950 3942 3113 3996 supra
3164 3926 3309 3980 dicta
3360 3935 3514 3992 sunt,
3543 3942 3769 3996 quorum

2175 4031 2366 4072 sensus
2412 4015 2466 4070 in
2514 4017 2797 4087 propatulo
2835 4025 2939 4073 est.
2972 4036 2991 4068 ι
3021 4017 3261 4072 Sumetis
3290 4018 3450 4073 vobis
3480 4019 3572 4073 die
3602 4021 3769 4089 prim

2175 4104 2381 4161 fructus
2424 4106 2637 4161 arboris
2688 4107 3088 4177 pulcherrimae,
3116 4125 3135 4158 ι
3172 4107 3223 4161 id
3256 4114 3342 4161 est
3385 4108 3548 4162 initio
3587 4111 3769 4179 grati:

2176 4198 2386 4254 fructus
2431 4198 2716 4262 virtutum,
2740 4214 2861 4268 quae
2883 4213 2915 4252 ι
2945 4197 3163 4253 Christo
3189 4195 3575 4268 proferuntur,
3599 4209 3662 4253 et
3687 4201 3770 4253 do-

2174 4290 2362 4345 ctrina:
2409 4276 2526 4359 eius
2565 4289 2809 4345 custodia
2836 4308 2850 4344 :
2878 4289 2992 4360 ipse
3036 4299 3122 4344 est
3161 4289 3326 4344 arbor
3371 4289 3763 4359 pulcherrima.

2176 4381 2267 4451 qui
2295 4381 2361 4434 de
2385 4396 2447 4435 se
2474 4380 2586 4434 ait:
2614 4379 2670 4435 Si
2701 4380 2753 4433 in
2784 4380 2939 4435 viridi
2975 4380 3120 4452 ligno
3158 4381 3275 4443 iure
3312 4379 3562 4443 faciunt,
3584 4388 3647 4435 et
3670 4381 3761 4434 rel.

2186 4491 2203 4523 ι
2237 4470 2631 4542 Spatbulasque
2672 4469 2970 4538 palmarum
2990 4511 3006 4538 ,
3036 4491 3053 4523 ι
3091 4472 3142 4526 id
3184 4480 3270 4527 est
3293 4470 3498 4527 virtute
3520 4470 3761 4541 iustitia.

2180 4566 2312 4623 Nam
2343 4564 2519 4635 palma
2560 4565 2817 4629 victores,
2847 4564 3033 4620 laurus
3080 4566 3297 4632 milites,
3326 4568 3531 4622 hedera
3578 4578 3763 4637 poetas

2179 4664 2418 4712 coronat.
2452 4673 2471 4706 ‹
2502 4654 2833 4725 Spathulast
2867 4654 3015 4719 dicit,
3044 4656 3200 4723 quasi
3243 4656 3312 4710 ad
3353 4657 3759 4713 similan

2177 4749 2383 4818 spatha:
2407 4747 2666 4818 longioris
2692 4762 2791 4817 per
2816 4746 3260 4811 diminutionem;
3290 4766 3310 4799 ι
3340 4756 3400 4803 et
3426 4763 3619 4803 ramos
3640 4750 3760 4819 ligni

2176 4841 2463 4895 densarum
2505 4836 2812 4903 frondium,
2855 4857 2874 4891 ι
2904 4837 2961 4893 id
2996 4845 3081 4892 est
3125 4838 3335 4906 species
3382 4837 3761 4907 multiplicium

2175 4930 2459 4993 virtutum,
2489 4935 2549 4983 ut
2573 4936 2659 4983 est
2697 4928 2956 4994 charitas,
2989 4936 3047 4982 et
3070 4928 3469 4993 misericordia,
3498 4939 3557 4985 et
3584 4932 3757 4985 huu—

2174 5020 2297 5075 litas
2321 5035 2338 5076 :
2362 5019 2444 5075 vel
2477 5019 2774 5075 sententias
2801 5027 3112 5075 sanctarum
3141 5017 3553 5089 Seripturarum
3580 5035 3761 5074 ramos

2173 5112 2447 5176 nominat;
2483 5130 2502 5162 ι
2530 5120 2585 5165 et
2610 5110 2808 5165 salices
2848 5111 2917 5167 de
2955 5120 3215 5177 torrente,
3238 5130 3258 5163 ι
3292 5112 3347 5165 id
3389 5121 3475 5166 est
3512 5114 3759 5168 castitate

2174 5201 2228 5256 in
2257 5200 2523 5257 brevitate
2557 5199 2714 5269 hujus
2739 5201 2884 5257 vitae.
2918 5201 3195 5273 Siquidem
3220 5201 3358 5257 salix
3385 5200 3628 5257 fructum
3652 5218 3757 5257 mn

2171 5293 2366 5365 gignit,
2393 5302 2604 5348 torrens
2631 5294 2742 5348 cito
2769 5294 3061 5362 pertransit
3086 5314 3105 5345 ι
3133 5304 3190 5349 et
3228 5292 3550 5350 laetabimini
3574 5310 3755 5350 coram

2174 5385 2403 5440 Domino
2444 5385 2557 5439 Deo
2605 5397 2809 5440 vestro.
2832 5405 2849 5437 ι
2886 5386 3249 5456 Spiritualiter
3288 5394 3473 5455 potest
3499 5387 3756 5458 gaudere.

2170 5477 2265 5548 qui
2306 5492 2364 5532 se
2411 5477 2497 5532 his
2541 5477 2831 5533 virtutibus
2856 5479 2961 5533 scit
2989 5487 3329 5533 exornatum.
3376 5478 3675 5550 Sequenti:
3700 5488 3759 5532 ut

2170 5581 2354 5638 supra.
2384 5586 2403 5620 ι
2436 5567 2625 5625 Omnis
2655 5569 2746 5638 qui
2773 5571 2841 5625 de
2864 5585 3062 5639 genere
3104 5579 3189 5626 est
3230 5570 3415 5636 Israel,
3439 5590 3459 5623 ι
3500 5570 3559 5627 id
3579 5580 3667 5628 est
3700 5572 3753 5625 in

2171 5660 2445 5716 consortio
2491 5670 2578 5716 est
2617 5660 3071 5725 Christianorum,
3117 5680 3136 5713 ι
3187 5670 3246 5718 ut
3286 5662 3509 5718 discant
3552 5662 3755 5733 pastui

2173 5752 2335 5807 vestri
2365 5752 2510 5822 quod
2550 5752 2604 5807 in
2654 5752 3017 5809 tabernaculis
3065 5754 3308 5810 habitare
3341 5751 3569 5812 fecerim
3613 5753 3755 5809 ilio-
