3948 6328
142 392 242 454 BH

1093 379 1390 437 EPITOME
1427 373 1783 434 COMMENT.
1826 371 2079 426 RABANI
2118 371 2183 424 IN
2226 369 2448 427 LEVIT.

3296 362 3402 418 842

149 499 333 566 Israel,
363 518 384 551 ι
417 505 526 554 etc.
551 496 676 553 Ideo
701 496 1035 552 celebramus
1055 491 1599 550 commemorationes
1622 507 1708 544 re-
1740 495 1784 553 Α
1818 485 1961 540 tione
1980 494 2187 557 purget.
2212 506 2230 537 ‹
2260 485 2765 555 Είιιιιιιιιίιιιίἰρίιιιη
2794 483 2863 540 sit
2891 483 3033 537 inter
3053 497 3167 548 vos,
3183 483 3295 538 sive
3307 498 3400 552 pe-

119 592 462 663 ‘detnptionis
487 599 703 654 nostrae,
731 600 789 643 ut
817 599 872 644 et
903 603 999 643 nos
1025 588 1261 643 sciamus
1285 595 1539 655 quantam
1571 582 1719 636 beni-

1824 579 2101 647 regrinus,
2147 579 2261 633 sive
2286 579 2421 632 civis
2463 578 2786 648 peccaverit,
2822 598 2841 629 ι
2874 576 2986 631 sive
3011 573 3248 638 Judmus,
3285 575 3399 629 sive

146 689 398 759 gnitatem
431 685 484 739 in
510 684 669 739 nobis
699 681 998 736 ostenderit
1026 682 1188 744 Deus,
1217 688 1273 732 et
1297 677 1542 732 catndem
1571 673 1722 727 novi-
1820 669 2035 740 gentilis
2068 669 2134 723 ad
2176 668 2472 723 Ecclesiam
2503 668 2778 724 conﬁuens
2807 683 2909 721 una
2937 665 3312 730 exuendatione
3341 679 3399 720 se

149 789 226 832 ter
250 775 658 831 advenientibus
687 772 1112 832 manil’estemus,
1141 776 1199 822 ut
1228 767 1483 822 reddatur
1505 764 1722 820 Christo
1821 774 1852 813 a
1873 761 2318 829 prtevaricatione
2344 760 2584 815 inundet.

147 870 257 924 laus
284 877 339 922 et
364 867 658 938 gratiarum
693 865 833 917 actio
862 863 914 916 in
953 860 1281 930 sempiterna
1317 856 1531 912 szecula.
1567 873 1584 905 ι
1617 854 1723 910 Lo-

145 967 296 1015 cutus
335 966 424 1012 est
465 955 676 1028 Moyses
721 968 884 1022 super
925 950 1376 1010 solemnitatibus,
1415 967 1433 997 ι
1459 956 1564 1001 etc.
1609 945 1719 1000 Lex

147 1049 378 1120 loquitur
425 1047 673 1100 ﬁdelibus
720 1045 787 1099 de
829 1043 1077 1097 omnibus
1123 1038 1589 1095 observationibus
1626 1037 1721 1092 Dei

145 1139 539 1196 mandatorum.

725 1205 951 1262 CAPUT
992 1203 1178 1258 XXIV.

218 1342 237 1375 ι
281 1321 354 1378 Ut
381 1320 611 1376 aﬁ‘erant
636 1319 732 1372 tibi
776 1318 953 1373 oleum
978 1317 1044 1372 de
1084 1316 1241 1371 olivis
1278 1314 1626 1385 purissimum
1654 1312 1724 1366 ad

141 1412 546 1470 concinnandas
596 1409 845 1464 lucernas
870 1416 1024 1462 extra
1050 1407 1228 1463 velum
1259 1406 1582 1471 testimonii,
1620 1424 1638 1456 ι
1671 1411 1727 1459 et

143 1505 237 1561 rel.
272 1503 395 1558 Filii
423 1503 616 1568 Israel,
661 1501 753 1570 qui
780 1508 909 1555 sunt
950 1499 1378 1564 ﬁdeles,veram
1418 1497 1726 1552 misericor-

143 1595 283 1649 diam
313 1595 604 1648 exhibeant
629 1593 698 1646 ad
731 1591 1034 1646 ornandum
1064 1606 1161 1648 sua
1182 1604 1346 1659 opera
1371 1590 1510 1643 intra
1541 1587 1724 1642 Eccle-

141 1691 273 1744 siam
303 1708 316 1743 :
347 1690 541 1758 quibus
565 1687 824 1742 Dominus
843 1685 974 1739 dicit
1001 1702 1014 1737 :
1047 1702 1066 1734 ι
1105 1682 1197 1738 Sic
1222 1683 1399 1738 luceat
1423 1683 1515 1736 lux
1545 1689 1724 1735 vestra

139 1798 324 1838 coram
364 1782 674 1838 hominibus
702 1780 914 1849 (Matth.
961 1778 1033 1849 v),
1074 1797 1092 1831 ι
1125 1785 1231 1832 etc.
1275 1777 1446 1830 Aliter
1490 1775 1726 1830 lucernas

2392 913 2617 970 CAPUT
2665 911 2825 968 XXV.

1898 1073 1916 1104 ι
1953 1055 2180 1122 Quando
2219 1052 2447 1121 ingressi
2477 1050 2689 1104 fueritis
2719 1051 2769 1102 in
2805 1059 3023 1111 terram,
3057 1049 3404 1104 sabbatizetis

1823 1147 2035 1201 Domini
2073 1146 2378 1206 sabbatum,
2415 1164 2433 1194 δ
2467 1144 2520 1197 id
2549 1151 2646 1196 est.
2671 1143 2931 1196 intrantes
2963 1141 3254 1196 Ecclesiam
3278 1182 3290 1204 ,
3321 1157 3407 1194 rc-

1822 1239 2002 1308 quiem
2032 1238 2258 1307 quzerite
2309 1236 2562 1290 futuram.
2600 1255 2617 1285 ι
2658 1235 2762 1288 Sex
2811 1235 2968 1288 anuis
3013 1249 3166 1288 seres
3215 1249 3401 1304 agrum

1823 1336 2000 1393 tuum,
2033 1347 2050 1378 ι
2081 1327 2135 1382 id
2174 1335 2259 1381 est
2300 1327 2353 1379 in
2381 1326 2482 1379 hac
2507 1325 2615 1378 vita
2648 1324 2700 1377 in
2727 1323 3012 1393 praeceptis
3035 1322 3167 1391 legis
3198 1321 3403 1386 labora,

1823 1426 1878 1472 et
1907 1419 1958 1471 in
1986 1416 2259 1488 Evangelii
2283 1417 2479 1488 gratia,
2503 1415 2646 1484 quod
2667 1423 2750 1468 est
2771 1414 2983 1468 vineam
3012 1427 3102 1467 sex
3137 1414 3294 1468 annis
3307 1428 3407 1484 pu-

1825 1517 1969 1572 tare;
2011 1527 2030 1560 ‹
2064 1518 2120 1563 et
2162 1506 2382 1577 colliges
2426 1505 2634 1561 fructus
2673 1503 2808 1572 ejus,
2841 1525 2861 1558 ι
2897 1505 2950 1559 id
2991 1513 3076 1560 est
3123 1503 3305 1559 labora
3349 1512 3410 1558 ut

1825 1597 1890 1651 ad
1911 1596 2146 1652 fructum
2163 1599 2287 1652 vitae
2303 1597 2589 1666 pervenias
2606 1615 2649 1649 ,ι
2681 1593 2926 1667 Septimo
2955 1609 3098 1650 anno
3119 1595 3407 1651 sabbatum

1823 1691 1932 1745 erit
1969 1701 2156 1756 terrte,
2203 1708 2222 1742 ι
2253 1697 2309 1744 et
2335 1688 2456 1754 rel.,
2491 1689 2542 1744 id
2575 1697 2658 1744 est
2684 1690 2738 1743 in
2771 1688 2952 1742 futura
2983 1687 3167 1758 requie
3197 1694 3410 1758 tempus

1826 1790 1936 1836 non
1976 1781 2382 1836 eritlaborandi
2406 1797 2506 1836 nec
2537 1779 2746 1836 fructus
2787 1796 2912 1836 cum
2958 1780 3143 1836 labore
3164 1795 3411 1851 quaeren-

140 1883 264 1928 sunt
288 1873 555 1928 luminum
584 1873 677 1928 Dei
723 1872 817 1935 ibi,
847 1872 898 1925 in
935 1885 1042 1939 quo
1087 1869 1458 1924 misericordia
1489 1869 1726 1921 maxime
1754 1880 1799 1939 Β
1829 1873 1949 1934 dus,
1975 1871 2095 1926 ideo
2119 1872 2364 1942 praecipit
2389 1887 2497 1926 non
2533 1879 2760 1927 metere.
2791 1888 2810 1920 ι
2851 1870 2957 1926 Sed
2982 1879 3146 1925 erunt
3178 1869 3331 1942 vobis
3354 1871 3410 1925 in

138 1965 570 2018 commendatur.
599 1982 617 2014 ι
645 1961 919 2030 Ponetque
934 1975 1026 2014 eas
1049 1960 1231 2014 Aaron
1255 1975 1284 2012 a
1308 1974 1531 2028 vespere
1555 1973 1725 2027 usque

140 2055 204 2107 ad
225 2070 407 2118 mane,
440 2073 458 2105 ι
489 2064 542 2108 et
565 2054 660 2108 rel.
690 2053 745 2108 ld
764 2061 847 2106 est
875 2051 1141 2115 Christus,
1171 2050 1263 2104 ubi
1291 2050 1374 2104 sui
1422 2048 1725 2103 claritatem

138 2154 192 2199 et
221 2161 452 2216 operum
495 2145 748 2200 decorem
802 2145 855 2198 in
907 2143 1148 2198 Ecclesia
1190 2158 1302 2196 sua.
1335 2141 1624 2196 conﬁrmat
1669 2140 1724 2194 in

137 2245 297 2291 nocte
360 2235 519 2303 hujus
573 2237 706 2290 vitae.
749 2249 920 2304 usque
970 2234 1022 2287 in
1074 2249 1234 2288 mane
1290 2230 1723 2287 resurrectionis.

138 2346 160 2380 ‹
197 2325 379 2399 Super
406 2327 788 2384 candelabrum
815 2326 1223 2381 mundissimum
1243 2366 1258 2390 ,
1297 2346 1316 2378 ι
1366 2325 1420 2379 id
1443 2333 1527 2378 est
1562 2339 1728 2392 super

134 2421 440 2484 Christum,
463 2422 553 2491 qui
579 2437 795 2475 omnem
826 2419 1078 2474 Ecclesia:
1107 2433 1218 2472 suae
1243 2419 1480 2473 continet
1501 2425 1722 2470 statum.

137 2528 159 2563 ,ι
193 2511 452 2580 Accipies
473 2525 687 2580 quoque
715 2509 946 2564 similam
970 2518 1024 2563 et
1049 2523 1249 2576 coques
1268 2522 1334 2561 ex
1359 2521 1424 2561 ea
1445 2504 1730 2560 duodecim

134 2615 329 2668 panes,
367 2620 384 2652 ι
419 2610 474 2655 et
515 2601 611 2655 rel.
662 2600 720 2653 In
755 2600 1018 2669 sapientia
1053 2599 1232 2653 divina
1268 2599 1608 2652 instruantur
1635 2597 1728 2650 do.

131 2701 320 2748 ctores
352 2693 643 2747 secundum
671 2691 1024 2760 apostolicam
1047 2691 1376 2754 doctrinam;
1408 2709 1426 2740 ι
1456 2677 1731 2743 habebunt

132 2783 277 2838 duas
328 2783 590 2845 decimas,
624 2803 644 2835 ι
681 2783 734 2836 id
775 2791 858 2836 est
897 2784 1172 2850 utriusque
1227 2780 1557 2836 Testamenti
1594 2795 1727 2833 con-

130 2882 362 2927 servent
402 2873 819 2942 perfectionem;
859 2893 876 2923 ι
920 2887 1152 2942 quorum
1187 2885 1355 2926 senos
1402 2870 1728 2924 altrinsecus

130 2977 306 3032 super
354 2979 616 3016 mznsam.
652 2982 669 3014 ι
707 2963 764 3016 In
811 2971 997 3017 sancta
1040 2962 1321 3031 Scriptura
1372 2961 1724 3016 concordant.

124 3054 314 3106 Aliter
351 3069 517 3122 panes
559 3053 632 3106 illi
677 3054 1070 3108 Eucharistiam
1115 3054 1360 3123 signant;
1394 3067 1598 3115 mensa,
1645 3051 1724 3105 al-

124 3156 257 3199 tare
281 3159 296 3198 :
324 3145 464 3214 quod
489 3145 942 3200 erai.tduodecim
967 3144 1260 3214 perfectam
1278 3144 1726 3214 signiﬁcationem

1831 1963 2036 2028 cibum,
2085 1982 2106 2015 ι
2137 1979 2256 2032 qua:
2303 1978 2333 2015 a
2379 1963 2606 2018 Domino
2653 1961 3022 2017 concedentur
3069 1962 3185 2017 sine
3227 1961 3412 2016 labore

1827 2060 2214 2130 percipientur.
2245 2057 2356 2114 Nec
2383 2059 2529 2112 enim
2559 2059 2633 2113 ibi
2685 2073 2894 2113 merces
2918 2057 3008 2112 illa
3040 2057 3204 2112 ullius
3227 2057 3412 2112 labore

1827 2147 2133 2217 augebitur,
2161 2148 2254 2203 sed
2280 2147 2653 2204 misericordia
2688 2148 2804 2214 Dei,
2837 2156 3097 2216 quantum
3128 2161 3412 2202 concesso-

1829 2239 1900 2293 rit
1943 2239 1994 2293 in
2025 2239 2224 2304 cibum,
2269 2238 2322 2292 id
2353 2247 2439 2293 est
2476 2237 2826 2294 refectionem
2875 2238 3038 2306 vitae;
3086 2239 3315 2294 Domino
3357 2248 3415 2294 et

1830 2344 2009 2394 servo,
2047 2330 2100 2384 id
2127 2338 2211 2384 est
2257 2330 2516 2402 magistro
2561 2337 2617 2384 et
2667 2328 2953 2399 subjectis;
2987 2338 3044 2384 et
3074 2331 3412 2385 mercenaria

1829 2438 1929 2493 pro
1957 2431 2158 2478 aeterna
2186 2424 2434 2477 mercede
2465 2424 2519 2476 in
2548 2422 2789 2477 Ecclesia
2819 2421 3108 2486 servienti;
3139 2441 3158 2474 ι
3191 2423 3413 2478 advenae

1831 2523 1887 2570 et
1919 2513 2180 2582 jumentis
2215 2533 2232 2564 ι
2265 2514 2331 2568 de
2365 2513 2660 2584 gentilitate
2695 2529 2958 2569 converso
2983 2523 3036 2568 et
3055 2513 3413 2584 simplicibus:

1835 2623 1856 2656 ι
1886 2605 2066 2661 Multa:
2095 2606 2241 2660 enim
2267 2614 2392 2660 sunt
2437 2606 2748 2660 mansiones
2774 2607 2827 2659 in
2851 2606 3012 2660 domo
3032 2608 3202 2676 patris
3226 2605 3409 2678 (Joan.

1829 2695 1963 2767 xiv),
1989 2697 2118 2766 quia
2145 2699 2441 2751 secundum
2487 2712 2642 2751 suum
2675 2697 2891 2751 modum
2930 2697 3217 2766 unicuique
3247 2699 3412 2753 retri-

1829 2787 2043 2842 buetur.
2081 2806 2101 2840 ι
2140 2806 2160 2839 ι
2195 2786 2516 2840 Numerabis
2554 2802 2771 2857 quoque
2801 2795 3007 2857 septem
3047 2787 3412 2842 hebdomadas

1830 2893 2118 2944 annorum,
2163 2876 2218 2931 id
2258 2885 2344 2931 est
2379 2877 2579 2947 septies
2619 2885 2849 2947 septem,
2903 2897 2922 2930 ι
2956 2878 3100 2947 quod
3141 2877 3416 2951 signiﬁcat

1834 2969 2223 3038 perfectionem
2255 2969 2483 3038 requiei,
2517 2987 2537 3020 ι
2572 2977 2628 3024 et
2669 2969 2886 3040 clanges
2915 2969 3161 3025 buccina.
3195 2990 3216 3022 ι
3240 2969 3413 3026 Canet

1829 3061 1974 3116 enim
2020 3061 2145 3115 tuba
2177 3069 2232 3116 et
2257 3062 2456 3115 mortui
2498 3061 2591 3130 qui
2635 3062 2688 3116 in
2721 3061 2938 3116 Christo
2979 3071 3104 3116 sunt
3133 3072 3416 3134 resurgent

1828 3150 1987 3220 primi
2016 3149 2065 3222 (I
2089 3149 2212 3205 Cor.
2234 3150 2347 3221 xv).
2383 3168 2402 3200 ι
2435 3151 2616 3205 Mense
2642 3151 2872 3220 septimo
2891 3152 3098 3206 decima
3120 3153 3225 3217 die,
3247 3153 3305 3208 id
3331 3163 3419 3210 est

125 3238 256 3307 eius
292 3236 600 3306 designant
640 3255 658 3286 ⁴
697 3237 763 3290 El-
790 3252 956 3305 P0"es
981 3251 1142 3304 super
1171 3250 1266 3291 805
1311 3237 1435 3290 Ibus
1465 3235 1730 3290 ιιιϐίάίεεί-
1758 3237 1802 3298 C
1835 3244 1887 3299 in
1910 3243 2236 3315 perfectione
2265 3244 2543 3314 promissae
2569 3243 2796 3313 quietis;
2832 3263 2852 3296 ι
2891 3244 3297 3300 sanctiﬁcabitis
3317 3260 3414 3300 an-

128 3344 326 3395 mum,
374 3348 393 3381 ι
447 3329 501 3382 id
543 3336 625 3383 est
666 3330 966 3383 orationem
1012 3327 1096 3382 vel
1145 3326 1586 3382 illuminationem
1634 3324 1729 3379 Dei

127 3423 314 3487 verbi,
346 3421 473 3490 quia
523 3421 647 3474 tlms
675 3419 846 3475 oculis
875 3417 1116 3489 prodest.
1169 3435 1186 3468 ι
1228 3416 1332 3470 Per
1372 3415 1579 3486 singula
1609 3414 1731 3469 sab-

126 3515 261 3568 bata
312 3511 682 3577 mutabuntur,
720 3531 738 3563 »
771 3511 823 3565 id
849 3519 931 3565 est
971 3510 1220 3564 doctores
1251 3507 1377 3563 boni
1401 3508 1528 3561 hinc
1559 3515 1731 3560 trans-

127 3605 229 3659 lati
275 3605 348 3658 ad
383 3603 622 3672 requiem
669 3603 952 3667 dicuntur,
989 3600 1172 3655 et'alii
1201 3603 1254 3655 in
1301 3599 1527 3654 sabbato
1573 3597 1730 3652 resti-

129 3707 369 3752 tuuntur
389 3705 610 3766 propter
635 3695 878 3749 eamdem
907 3694 1148 3763 requiem
1170 3733 1184 3759 ,
1215 3691 1304 3747 alii
1339 3692 1724 3761 subrogantur.

133 3814 152 3845 ι
191 3793 455 3862 Suscepti
498 3809 527 3846 a
559 3792 684 3845 ﬁliis
729 3790 910 3856 Israel,
951 3810 972 3843 ι
1007 3806 1038 3845 a
1086 3790 1331 3845 ﬁdelibus
1373 3790 1518 3845 enim
1556 3788 1728 3844 sancti

125 3885 398 3939 doctores
444 3892 762 3945 sumuntur;
809 3900 827 3931 ι
863 3892 1128 3950 eruntque
1165 3881 1346 3935 Aaron
1389 3889 1447 3935 et
1491 3881 1725 3934 ﬁliorum

125 3977 272 4047 ejus,
311 3996 330 4028 ›
369 3975 495 4046 quia
541 3974 788 4029 Christus
813 3973 1008 4042 accipit
1046 3974 1101 4026 in
1129 3972 1496 4039 semetipsum.
1535 3989 1553 4020 ι
1590 3970 1729 4026 Ecce

125 4078 318 4124 autem
357 4079 619 4142 egressus.
639 4064 778 4118 ﬁlius
809 4063 1050 4117 mulieris
1074 4061 1351 4126 Israelitis,
1379 4075 1539 4130 quem
1569 4075 1729 4130 pepe-

125 4170 280 4217 rerat
311 4162 385 4215 de
417 4160 535 4214 viro
563 4157 820 4227 Egyptio
853 4157 994 4212 inter
1016 4156 1154 4212 ﬁlios
1174 4155 1358 4220 Israel,
1371 4154 1624 4226 jurgatus
1643 4161 1729 4210 est

124 4259 182 4312 in
220 4255 468 4317 castris,
491 4272 510 4306 ι
541 4262 596 4309 et
637 4253 735 4307 rel.
761 4251 858 4306 llic
887 4251 970 4305 vir
996 4265 1119 4305 eum
1143 4250 1388 4320 designat
1411 4248 1526 4313 oui,
1552 4247 1608 4302 in
1636 4264 1725 4304 re-

125 4348 334 4418 ligione
371 4343 733 4399 ecclesiastica
764 4351 938 4403 natus,
961 4341 1122 4396 habet
1149 4349 1357 4411 patrem
1388 4338 1722 4409 Egyptium,

124 4442 181 4495 id
208 4450 298 4495 est
328 4438 382 4494 si
409 4436 684 4507 gentilium
715 4434 1052 4505 philosophia
1090 4433 1144 4487 in
1176 4447 1420 4486 errorem
1453 4431 1723 4496 inciderit,

124 4535 234 4588 hoc
271 4539 369 4586 est
417 4529 561 4584 enim
598 4527 840 4596 jurgari;
877 4534 932 4580 et
974 4540 1071 4594 per
1118 4526 1220 4579 hoc
1267 4538 1459 4578 nomen
1509 4522 1722 4577 Domini

122 4621 630 4696 blasphemaverit,
669 4627 728 4673 ut
767 4633 992 4682 errans,
1041 4617 1274 4672 mittitur
1322 4617 1375 4670 in
1424 4630 1720 4680 carcerem,

123 4717 258 4786 quia
289 4712 647 4783 castigandus
674 4719 760 4764 est
797 4707 1027 4762 fortiter.
1067 4707 1167 4774 Qui
1197 4707 1534 4776 postmodum
1569 4705 1726 4774 ωδε-

126 4821 220 4863 tur
248 4815 418 4864 extra
447 4812 626 4859 castra
655 4801 902 4871 Iapidari,
929 4800 1056 4869 quia
1086 4799 1139 4853 in
1161 4812 1349 4854 errore
1371 4812 1727 4867 perseverans

126 4899 288 4954 duris
316 4894 609 4952 sententiis
634 4890 1208 4948 excomnmnieationis
1244 4898 1399 4944 extra
1428 4889 1724 4945 Ecclesiam

127 4986 560 5061 prepulsandus.
597 5002 615 5036 ι
654 4983 856 5046 Homo,
889 4982 979 5051 qui
1026 4980 1365 5035 maledixerit
1394 4981 1505 5036 Deo
1543 4995 1661 5047 suo,
1702 5002 1728 5032 ι

123 5091 182 5137 et
212 5081 351 5146 rel.,
385 5079 437 5134 id
460 5085 544 5133 est
567 5076 656 5147 qui
685 5090 781 5147 per
809 5087 1050 5129 errorem
1071 5073 1276 5128 cultum
1295 5074 1388 5129 Dei
1416 5073 1618 5129 violare
1643 5075 1727 5128 nio

126 5176 288 5238 titur,
327 5170 417 5226 vel
454 5184 613 5239 paena
637 5165 992 5240 pmnitentite,
1014 5164 1098 5218 vel
1134 5172 1338 5219 aeterna
1379 5164 1726 5221 damnatione

123 5265 343 5338 afﬂiget
375 5281 386 5317 :
423 5281 441 5314 ‹
465 5262 579 5318 sive
605 5261 737 5315 civis
763 5259 876 5316 sive
903 5256 1240 5328 peregrinus,
1274 5276 1292 5308 ι
1322 5257 1374 5311 id
1396 5265 1481 5311 est
1504 5255 1724 5313 Judazus

121 5356 448 5427 gentilisve,
485 5371 504 5403 ε
542 5351 631 5420 qui
656 5349 916 5405 occiderit
936 5348 1230 5421 hominem,
1269 5368 1287 5399 ι
1315 5347 1368 5402 id
1394 5356 1477 5402 est
1501 5349 1724 5403 sedare

120 5453 198 5504 rit
226 5446 425 5504 multis
444 5445 654 5508 utilem,
681 5444 951 5513 punietur,
974 5451 1034 5496 ut
1055 5457 1237 5512 supra.
1267 5442 1366 5508 Qui
1389 5446 1720 5512 percusserit

119 5538 362 5603 animal,
404 5539 591 5593 reddat
613 5537 904 5601 vicarium,
955 5536 1006 5590 id
1037 5545 1122 5590 est
1157 5536 1248 5604 qui
1284 5537 1559 5592 seduxerit
1591 5539 1720 5593 sim-

115 5632 330 5704 plicem
351 5637 408 5684 et
421 5628 667 5692 stultum,
683 5627 852 5696 ipsius
868 5626 1194 5682 seductionis
1215 5627 1427 5697 culpam
1454 5629 1720 5699 peniten-

117 5725 196 5780 tia
225 5720 407 5788 digna
431 5717 692 5773 absolvat.
729 5735 745 5766 ι
793 5716 894 5782 Qui
923 5716 1248 5788 irrogaverit
1292 5719 1522 5784 macula,
1559 5737 1578 5772 ι
1610 5729 1715 5775 etc.

115 5810 174 5867 In
209 5821 550 5883 quocunque
575 5805 772 5860 laeserit
801 5805 1029 5874 proximi
1057 5805 1221 5858 vitam
1265 5806 1422 5876 digna
1459 5811 1716 5864 emcnda-

466 5901 738 5963 Pnnon.
801 5898 1018 5960 CXIV.

1755 4587 1803 4645 D

1835 3353 1963 3392 num
2013 3337 2541 3408 quinquagesimum.
2589 3337 3095 3407 Quinquagenarius
3140 3340 3414 3396 remissio-

1833 3443 1956 3484 nem
2004 3429 2314 3500 signiﬁcare
2357 3429 2411 3482 in
2461 3429 2643 3484 multis
2687 3431 3020 3485 ostendimus
3075 3449 3088 3484 :
3135 3432 3189 3486 in
3232 3431 3414 3487 futura

1831 3525 1975 3580 enim
2001 3524 2187 3594 requie
2214 3523 2455 3594 perfecta
2479 3525 2584 3578 erit
2614 3525 2894 3590 remissio,
2924 3525 3049 3580 dum
3091 3528 3159 3581 ad
3185 3542 3415 3597 regnum

1831 3614 2167 3668 vocabuntur
2193 3629 2383 3668 omnes
2409 3613 2586 3668 electi.
2621 3603 2945 3670 Revertetur
2973 3617 3134 3670 homo
3181 3617 3247 3671 ad
3287 3633 3413 3688 pos-

1832 3705 2149 3774 sessionem,
2181 3704 2236 3758 id
2257 3713 2339 3760 est
2361 3705 2693 3774 paradisum,
2717 3707 2858 3760 unde
2882 3708 3080 3762 dudum
3109 3710 3409 3776 exciderat,

1836 3813 1855 3848 ‹
1893 3796 2066 3849 rediet
2100 3796 2168 3850 ad
2210 3794 2492 3860 familiam,
2528 3813 2548 3847 ι
2583 3811 2738 3851 suam
2774 3797 2826 3851 id
2870 3803 2956 3851 est
2992 3798 3059 3851 ad
3096 3799 3409 3869 angelorum

1830 3885 2196 3949 consortium,
2238 3895 2400 3955 prout
2445 3885 2706 3955 cujusque
2751 3889 2944 3942 merita
2995 3899 3277 3958 expetunt.
3336 3891 3410 3946 De

1830 3993 1937 4033 non
1969 3979 2199 4032 serendo
2224 3987 2282 4032 et
2329 3994 2434 4034 non
2464 3979 2712 4033 metendo
2731 3977 2845 4046 jam
2874 3981 3072 4034 dictum
3111 3992 3212 4036 est.
3253 4001 3273 4032 ι
3303 3982 3411 4038 Sed

1829 4070 2010 4123 statim
2038 4068 2217 4124 oblata
2239 4068 2555 4133 comedetis,
2589 4086 2608 4119 ι
2634 4069 2689 4122 id
2711 4078 2794 4123 est
2812 4085 2932 4139 quae
2952 4070 3216 4127 Dominus
3229 4073 3410 4144 justus

1823 4159 1988 4229 judex
2017 4159 2351 4224 retribuerit,
2383 4158 2562 4212 statim
2595 4159 2680 4214 his
2708 4168 2945 4227 utamur,
2972 4177 3077 4217 non
3101 4173 3410 4234 qurerentes

1829 4268 2004 4308 seram
2048 4251 2291 4306 laborum
2334 4251 2802 4308 exercitationem.
2839 4272 2858 4304 ι
2911 4253 3182 4310 Primitias
3211 4256 3410 4311 ‘vinde.

1828 4345 1950 4399 mite
1974 4359 2081 4398 non
2115 4343 2400 4414 colligetis,
2430 4363 2450 4396 ι
2483 4343 2535 4398 id
2565 4353 2648 4399 est
2667 4346 2963 4401 secundum
2993 4347 3227 4402 litteram
3248 4347 3403 4418 jubet

1828 4451 1897 4490 ne
1945 4435 2197 4505 colligant
2244 4435 2428 4490 vinum
2472 4436 2904 4504 exprimendum.
2943 4458 2960 4488 ι
2995 4439 3153 4493 Anno
3196 4440 3400 4511 jubilmi

1829 4528 2035 4582 redient
2062 4542 2248 4582 omnes
2269 4527 2333 4580 ad
2363 4529 2728 4597 possessiones
2756 4545 2903 4592 suas,
2938 4549 2956 4580 ι
2989 4531 3040 4585 id
3069 4540 3152 4586 est
3172 4533 3225 4586 in
3247 4543 3404 4601 Sepa-

1831 4619 2037 4672 ratione
2080 4618 2323 4687 corporis
2359 4627 2414 4671 et
2450 4619 2676 4682 animat,
2703 4619 2786 4673 vel
2819 4621 2869 4675 in
2901 4622 3191 4676 universali
3223 4639 3403 4679 resur-

1828 4708 2066 4763 rectione
2105 4708 2314 4762 redient
2354 4707 2510 4762 electi
2537 4709 2604 4763 ad
2641 4709 2984 4780 paradisum,
3034 4727 3142 4781 quo
3169 4713 3306 4768 latro
3335 4714 3401 4769 de

1825 4812 1990 4853 cruce
2027 4797 2289 4868 perrexit.
2319 4816 2338 4849 ι
2367 4796 2594 4865 Quando
2617 4800 2818 4855 vendes
2845 4801 3119 4872 quippiam
3147 4804 3251 4858 civi
3289 4814 3399 4867 tuo,

1827 4891 1910 4946 vel
1957 4906 2106 4946 emes
2148 4891 2217 4946 ab
2241 4906 2328 4956 eo,
2375 4911 2394 4943 ι
2432 4900 2484 4947 et
2513 4892 2637 4956 rel.,
2667 4892 2717 4947 id
2741 4902 2822 4947 est
2868 4897 3084 4964 quando
3118 4895 3270 4968 fratri
3316 4907 3406 4952 tuo

1829 4983 2130 5037 doctrinam
2176 4982 2620 5048 commendabis,,
2646 4982 2726 5037 vel
2772 4999 2923 5039 emes
2959 4984 3028 5039 ab
3056 5000 3120 5040 eo
3147 4987 3404 5042 obedien-

1830 5077 1978 5139 tiam,
2026 5093 2044 5127 ι
2086 5089 2155 5130 ne
2191 5075 2482 5129 contristes
2524 5089 2668 5140 eum,
2715 5095 2732 5128 υ
2770 5075 2820 5129 id
2867 5085 2946 5132 est
2995 5093 3100 5132 non
3144 5079 3403 5149 majorem

1827 5167 2108 5222 scientiam
2143 5174 2196 5221 et
2244 5167 2512 5221 actionem
2556 5181 2768 5238 qumras
2816 5169 2884 5222 ah
2908 5184 2974 5224 eo
3019 5185 3177 5240 quam
3224 5180 3400 5227 tecum

1825 5257 2065 5328 percepit
2108 5275 2119 5309 :
2167 5257 2268 5310 hoc
2316 5264 2399 5311 est
2436 5257 2588 5327 juxta
2641 5273 2924 5313 numerum
2950 5257 3153 5326 jubilzei
3197 5275 3400 5317 emere.

1830 5369 1847 5398 ‹
1883 5348 2096 5415 Quanto
2131 5347 2313 5416 plures
2357 5348 2482 5401 anni
2529 5350 2886 5403 remanserint
2927 5359 3049 5418 post
3086 5350 3362 5420 jubilaaum
3386 5394 3401 5418 ,

1830 5448 1978 5493 tanto
2016 5448 2228 5494 crescet
2254 5439 2506 5508 pretium,
2558 5458 2575 5489 ι
2621 5448 2725 5494 etc.
2756 5440 2967 5507 Quanto
3016 5442 3237 5513 longiori
3267 5450 3403 5497 teni-

1828 5547 1958 5602 pore
1997 5532 2120 5602 quis
2155 5531 2363 5588 doctori
2395 5531 2701 5598 inhaeserit,
2730 5541 2881 5589 tanto
2904 5534 3144 5606 potiores
3191 5533 3403 5590 fructus

1828 5639 2240 5695 recompensare
2267 5625 2502 5680 debebit.
2540 5645 2559 5677 ι
2597 5625 2668 5682 Ut
2690 5627 2936 5682 habitare
2964 5626 3182 5695 possitis
3210 5625 3264 5681 in
3289 5635 3402 5681 ter-

1811 5733 1910 5784 ra,
1947 5737 1963 5768 ι
1990 5725 2043 5771 et
2065 5717 2162 5772 rel.
2188 5717 2399 5773 Domini
2428 5717 2680 5772 mandata
2708 5717 3093 5782 custodiamus,
3116 5725 3177 5771 ut
3197 5716 3420 5787 absque

1804 5799 2042 5880 'pavorc,
2076 5809 2351 5864 diabolica:
2377 5809 2624 5864 versutia:
2649 5809 2702 5863 in
2732 5809 2966 5863 Ecclesia
2992 5820 3397 5878 conversantes,

2843 5901 2920 5960 27
