3948 6328
515 430 624 484 διδ

1017 421 1408 476 WALAFRIDI
1449 419 1694 474 STRABI
1735 417 1941 474 FULD.
1985 414 2149 470 MON.
2191 413 2562 470 OPP.'PARS
2601 414 2643 468 1.
2683 443 2755 455 -—
2784 411 3247 470 THEOLOCICA.

3695 412 3800 470 αι

503 546 756 599 fructum
778 537 902 594 vitae
916 538 975 591 in
1001 536 1115 606 ipsa
1139 533 1504 605 acquiramus.
1539 530 1835 587 (Perfecta
1860 528 2098 584 charitas
2127 529 2176 589 Α
2203 526 2348 580 tione
2393 540 2648 595 agrorum
2680 525 2965 590 venditur,
2997 526 3122 593 quia
3165 524 3513 580 conversatio
3553 525 3799 596 gentium

514 635 668 689 foras
715 629 881 686 mittit
931 627 1175 681 timorem
1201 625 1251 697 (1
1271 624 1433 679 Joan.
1464 624 1561 695 tv).
1601 642 1619 674 ι
1653 640 1674 675 ι
1705 622 1854 677 Dabo
1877 620 2100 677 benedi-

498 725 759 781 ctionem
782 721 938 776 vobis
958 734 1104 772 anno
1147 724 1320 772 sexto.
1355 735 1373 768 ι
1416 714 1473 769 Id
1522 721 1606 769 est
1649 714 1702 768 in
1751 720 1905 768 sexta
1942 718 2102 765 aetate

499 814 752 870 VDomino
784 811 1104 872 r-incarnato,
1157 806 1298 861 sicut
1334 804 1632 859 'I’salmista
1681 803 1848 858 dicit:
1888 819 1908 852 ι
1940 801 2102 855 Bene.

519 905 686 960 dictio
711 900 922 956 Domini
963 913 1124 968 super
1151 912 1266 961 vos,
1297 895 1665 951 benedicimus
1707 893 1863 950 vobis
1901 893 1958 947 in
2008 907 2102 946 no-

520 999 666 1054 mine
714 993 928 1049 Domini
980 990 1154 1062 (Paul.
1187 989 1431 1058 cxxvtn).
1477 1007 1497 1041 ι
1552 986 1863 1042 Benedictio
1887 984 2101 1040 Domini

518 1097 598 1142 est
640 1101 804 1156 super
847 1099 979 1148 nos,
1034 1082 1127 1152 qui
1177 1080 1440 1150 redempti
1483 1079 1535 1133 in
1561 1077 1827 1150 sanguine
1873 1075 2100 1139 Christi,

519 1176 754 1231 fructum
787 1174 1043 1228 virtutum
1093 1170 1398 1240 germinare
1438 1169 1698 1223 valemus.
1725 1166 2104 1222 Benedicimur

518 1274 701 1320 autem
727 1265 780 1319 in
810 1262 1030 1318 nomine
1055 1260 1266 1315 Domini
1289 1260 1418 1329 ,,qui
1455 1273 1554 1330 per
1578 1257 1780 1314 Christi
1812 1257 2099 1311 adventum

517 1357 736 1414 Patrem
759 1354 1165 1425 cognoscimus;
1198 1351 1339 1406 unde
1365 1351 1478 1422 ipse
1507 1351 1582 1405 ait
1606 1368 1619 1404 :
1642 1369 1660 1403 ι
1695 1349 1798 1417 Qui
1819 1348 1968 1404 videt
1994 1361 2100 1412 me,

519 1449 668 1509 videt
681 1455 735 1504 et
749 1446 967 1502 Patrem
990 1459 1180 1499 meutn-
1196 1443 1378 1514 (Joan.
1403 1442 1538 1514 xtv).
1578 1461 1596 1495 ι
1621 1442 1691 1496 Et
1711 1441 1876 1496 faciet
1896 1439 2103 1495 fructus

517 1540 686 1594 trium
729 1553 1014 1594 annorum.
1048 1535 1219 1590 Tanta
1253 1535 1397 1589 enim
1424 1534 1730 1590 benedictio
1756 1535 1882 1588 data
1907 1540 2020 1597 est,
2047 1540 2106 1586 ut

519 1633 574 1687 in
603 1631 707 1686 ﬁde
739 1639 936 1686 sanctae
964 1628 1246 1684 Trinitatis
1274 1628 1529 1684 omnibus
1559 1627 1916 1684 abundemus.
1947 1646 1966 1679 ι
2005 1626 2103 1682 Se-

517 1723 758 1792 retisque
780 1735 923 1775 anno
951 1729 1164 1776 octavo.
1196 1739 1214 1771 ι
1244 1719 1358 1774 Hoc
1395 1727 1479 1774 est
1509 1726 1864 1790 resurgentes
1891 1715 2104 1773 stabitis

519 1821 645 1869 ante
696 1811 929 1868 tribunal
966 1811 1168 1867 Christi
1214 1811 1480 1866 rationem
1519 1810 1710 1866 dantes
1754 1824 1978 1880 operum
2007 1809 2103 1863 bo-

2201 617 2445 672 custodia
2490 616 2624 686 legis
2658 631 2768 671 non
2795 615 2957 686 ligata
2978 657 2994 679 ,
3047 615 3095 670 si
3123 631 3155 670 a
3185 630 3318 671 vero
3343 615 3654 670 deviaverit
3679 627 3800 685 post

2201 709 2560 778 agnitionem,
2613 708 2934 778 poenitentia
2987 707 3290 762 redimitur.
3336 707 3419 764 De
3466 705 3700 775 iubila»
3744 719 3799 762 ut

2201 815 2384 869 supra.
2423 817 2442 850 ι
2476 798 2647 854 Edes
2668 799 2978 854 Levitarum
3014 815 3134 870 quae
3164 798 3221 854 in
3240 798 3480 854 urbibus
3505 806 3640 852 sunt
3661 813 3798 854 aem-

2201 907 2299 962 per
2319 900 2542 962 possunt
2567 892 2782 957 redimi,
2812 910 2830 944 ι
2851 891 2905 945 id
2923 900 3009 946 est
3030 891 3408 946 conventicula
3425 891 3796 962 apostolorum

2203 999 2323 1054 Quae
2373 983 2471 1053 ipsi
2522 983 2854 1052 collegerunt
2902 981 3242 1052 ptenitentia,
3278 982 3425 1052 quod
3472 983 3636 1052 prius
3677 982 3798 1036 deti.

2202 1084 2449 1146 querant,
2476 1077 2856 1131 emundarunt.
2885 1093 2906 1125 ι
2939 1073 3074 1142 Quia
3094 1089 3194 1144 pro
3210 1074 3659 1143 possessionibus
3679 1085 3802 1129 sunt

2203 1170 2350 1222 inter
2379 1167 2517 1223 ﬁlios
2547 1167 2730 1232 Israel,
2767 1186 2785 1219 ι
2825 1165 2950 1236 quia
2991 1165 3069 1221 illi
3094 1180 3232 1236 quos
3267 1165 3520 1221 converti
3557 1164 3800 1222 fecerunt

2203 1259 2318 1315 suis
2346 1259 2619 1329 precibus,
2659 1273 2766 1313 non
2802 1272 2989 1313 eorum
3021 1256 3256 1320 meritis.
3287 1272 3411 1313 cum
3440 1256 3670 1311 Domini
3698 1257 3799 1327 pie-

2203 1357 2314 1405 tate
2342 1349 2644 1404 salvabant.
2690 1366 2710 1400 ι
2749 1347 3070 1404 Suburbana
3100 1362 3291 1404 eorum
3337 1362 3450 1402 non
3482 1357 3746 1413 veneant,
3779 1370 3795 1398 1

2202 1449 2257 1498 et
2278 1441 2400 1508 rel.,
2420 1442 2473 1496 id
2499 1451 2584 1497 est
2607 1439 2840 1496 virtutes
2863 1454 3140 1510 nunquam
3166 1439 3521 1505 deserantur,
3537 1441 3674 1510 quia
3694 1439 3802 1495 sine

2204 1532 2311 1588 illis
2346 1533 2531 1588 vivere
2559 1546 2672 1588 non
2693 1545 3002 1603 possumus.
3021 1529 3378 1586 Suntautem
3408 1533 3674 1601 quaedam
3701 1532 3802 1586 vir-

2206 1633 2346 1681 tutes
2372 1640 2493 1696 qua:
2539 1639 2882 1696 nequaquam
2917 1623 3274 1678 continuatim
3321 1623 3518 1679 haberi
3557 1633 3801 1694 possint,

2193 1727 2265 1773 ut
2309 1717 2515 1788 jejunia
2555 1725 2612 1772 et
2651 1716 2848 1788 vigilia:
2876 1724 2931 1771 et
2973 1724 3170 1771 extera
3211 1715 3340 1770 talia
3377 1734 3391 1770 :
3423 1716 3556 1772 alite
3608 1727 3800 1777 autem.

2204 1810 2400 1879 quibus
2421 1823 2694 1878 nunquam
2717 1809 2878 1863 homo
2894 1807 3055 1863 debet
3079 1807 3314 1876 spoliari,
3346 1817 3413 1863 ut
3430 1817 3523 1864 est
3539 1809 3795 1867 Charitas,

517 1919 743 1969 norum,
776 1918 877 1973 pro
923 1904 1119 1972 quibus
1161 1901 1517 1958 coronemini.
1549 1920 1567 1953 ι
1607 1901 1675 1956 Et
1695 1900 1989 1957 comedetis
2008 1915 2102 1955 ve-
2122 1908 2182 1969 ’Β
2211 1899 2510 1963 humilitas,
2537 1908 2642 1954 etc.
2687 1897 3009 1970 Superiores
3033 1913 3247 1970 quoque
3273 1899 3348 1953 ita
3377 1900 3799 1987 assiduepossi-

485 2005 662 2051 -tcres
707 1994 890 2070 fruges
917 2008 1089 2064 usque
1137 1994 1205 2048 ad
1252 2009 1457 2048 nonum
1497 2007 1718 2047 annum.
1771 2011 1790 2046 ι
1817 1991 1892 2047 -ld
1928 1999 2014 2047 est
2048 1991 2103 2045 in

517 2085 776 2156 operibus
807 2084 961 2139 bonis
1006 2099 1126 2154 quae
1156 2083 1208 2137 in
1241 2098 1466 2152 corpore
1512 2083 1818 2152 acquisistis
1852 2097 2023 2153 usque
2050 2081 2104 2136 in

481 2215 486 2220 ι
515 2187 778 2233 aeternum
795 2175 1109 2230 laetabimini
1123 2183 1180 2232 et
1194 2175 1357 2241 ultra,
1377 2195 1396 2227 ι
1435 2175 1614 2230 Donec
1635 2191 1771 2232 nova
1791 2185 2101 2242 nascantur,

518 2267 696 2324 edetis
723 2276 926 2323 vetera.
952 2267 1044 2322 »Ιιι
1060 2275 1144 2322 est
1164 2281 1228 2322 eo
1255 2282 1351 2322 vos
1378 2267 1782 2322 deducantcum
1811 2267 1904 2322 Dei
1931 2267 2104 2338 gratia

476 2382 498 2396 --
515 2371 743 2427 operum
780 2357 1047 2412 bonorum
1098 2357 1322 2419 merita,
1379 2356 1470 2410 ubi
1527 2357 1678 2412 vobis
1728 2355 2106 2412 ministrentur

514 2458 740 2504 aeterna.
775 2467 792 2498 ι
834 2447 1002 2503 Terra
1021 2464 1235 2518 quoque
1264 2464 1371 2504 non
1401 2449 1741 2505 vendeturjn
1762 2459 2101 2522 perpetuum,

517 2537 646 2608 quia
677 2552 798 2593 mea
823 2545 924 2592 est.
959 2557 976 2589 ι
1003 2537 1158 2594 Licet
1185 2539 1340 2593 multi
1369 2539 1586 2594 devient
1615 2539 1857 2596 Ecclesia
1875 2581 1890 2608 ,
1925 2549 2104 2598 tamen

514 2642 623 2682 non
652 2627 995 2683 subvertetur
1035 2627 1091 2682 in
1136 2637 1432 2692 aeternum,
1465 2627 1603 2698 quia
1654 2627 1904 2684 Christus
1949 2630 2007 2684 in
2040 2645 2105 2686 ea

514 2729 619 2775 est.
654 2739 673 2771 ‹
711 2719 776 2774 Et
805 2734 900 2775 vos
925 2718 1147 2773 advena:
1167 2727 1223 2774 et
1243 2718 1416 2774 coloni
1443 2719 1572 2774 mei.
1611 2738 1630 2771 ›
1659 2717 2106 2786 Quanivis'homo

492 2818 776 2865 .nascatur
803 2809 858 2863 in
889 2808 1151 2874 Ecclesia,
1184 2809 1383 2863 iterum
1411 2807 1620 2864 renasci
1641 2807 1801 2864 debet
1830 2817 1890 2864 ut
1918 2809 2104 2864 intret.

523 2921 543 2951 ι
588 2899 740 2956 Unde
769 2909 963 2954 cuncta
1003 2900 1151 2970 regio
1195 2899 1558 2969 possessionis
1595 2911 1810 2966 vestrae,
1851 2922 1870 2954 ι
1911 2911 1968 2958 et
2007 2901 2104 2957 rel.

517 2992 575 3046 Si
602 2991 726 3062 quis
747 3006 951 3060 corpus
974 2989 1060 3045 vel
1092 2991 1327 3046 animam
1358 3007 1513 3046 suam
1540 2992 1593 3045 in
1627 2993 1942 3048 servitutem
1983 3009 2106 3062 pec-

499 3083 628 3139 ~eati
676 3083 1036 3149 converterit,
1084 3099 1184 3153 per
1232 3084 1608 3154 ptenitentiam
1638 3093 1828 3156 potest
1878 3087 2104 3143 absolvi.

523 3197 541 3229 ι
574 3175 633 3232 Si
663 3184 975 3232 attenuatus
1005 3175 1174 3231 frater
1216 3185 1359 3242 tuus,
1403 3195 1424 3228 ι
1459 3185 1516 3231 et
1542 3177 1638 3233 rel.
1673 3177 1732 3232 Si
1761 3176 1931 3233 frater
1954 3177 2105 3233 infir-

2207 1994 2424 2060 dentnr,
2447 1992 2498 2048 si
2529 1992 2656 2048 dum
2686 2006 2795 2048 non
2821 1990 3094 2046 habentur
3126 1991 3184 2046 in
3212 1990 3378 2057 facto,
3415 1991 3799 2048 ellicianturia

2205 2093 2354 2142 voto.
2391 2102 2411 2137 ι
2450 2083 2508 2139 Si
2543 2091 2854 2139 attenuatus
2884 2082 3055 2138 frater
3083 2089 3215 2138 tuus
3261 2081 3463 2148 fuerit,
3501 2103 3522 2136 ι
3561 2092 3624 2139 et
3654 2084 3797 2154 reliq.
3828 2122 3836 2132 .

2207 2172 2266 2229 Si
2313 2172 2632 2242 conjunctus
2693 2172 2792 2228 tibi
2848 2173 2905 2226 in
2971 2170 3388 2228 Christianitate
3460 2173 3799 2236 inﬁrmetnr,

2207 2267 2464 2322 actione:
2493 2274 2551 2322 et
2581 2274 2636 2321 tu
2668 2284 2688 2317 ι
2722 2263 3028 2336 susceperis
3051 2279 3174 2319 eum
3213 2283 3233 2316 ›
3259 2265 3609 2333 docendum,
3649 2281 3801 2336 quan-

2206 2367 2320 2414 tum
2346 2359 2408 2414 ei
2453 2357 2692 2423 dederis,
2721 2357 2900 2428 exige,
2938 2355 2993 2411 id
3017 2363 3100 2410 est
3122 2353 3278 2423 juxta
3311 2357 3638 2412 doctrinam
3670 2368 3797 2412 tuan

2207 2463 2390 2520 quaere
2416 2446 2534 2518 ejus
2556 2446 2944 2504 obedientiam.
2979 2465 2997 2499 ι
3021 2445 3509 2503 Pecuniamtuam
3532 2465 3647 2503 non
3665 2449 3800 2504 dabis

2203 2541 2254 2596 ei
2277 2542 2343 2596 ad
2384 2555 2639 2604 usuram,
2674 2557 2694 2591 ι
2731 2547 2785 2594 et
2823 2537 2946 2604 rel.,
2978 2538 3032 2593 id
3071 2547 3155 2594 est
3187 2539 3462 2595 doctrinae
3492 2541 3797 2595 thesaurum

2205 2647 2329 2688 cum
2361 2631 2578 2687 infirmo
2607 2631 3093 2696 commendaveris,
3119 2646 3228 2686 non
3256 2632 3459 2704 exigas
3484 2648 3658 2703 super
3687 2647 3796 2702 pos-

2207 2722 2520 2778 sibilitatem
2552 2720 2668 2790 ejus
2702 2721 3097 2792 operationem.
3127 2720 3284 2774 Aliud
3318 2729 3516 2776 autem
3551 2724 3684 2778 dare
3720 2737 3800 2790 pe-

2206 2813 2422 2868 cuniam
2467 2813 2874 2878 nummulariis,
2918 2822 2978 2867 ut
3005 2828 3130 2867 eum
3158 2829 3325 2868 usura
3364 2815 3682 2871 referatur.
3713 2816 3800 2870 SI-

2205 2903 2636 2973 perabundantia
2685 2901 2900 2973 frugum
2954 2903 3319 2959 obedientiam
3369 2905 3798 2962 immoderatam

2206 2996 2492 3067 significat.
2533 3013 2554 3048 ι
2614 2996 2671 3051 Si
2725 3005 3046 3067 paupertate
3105 2999 3425 3068 compulsus
3482 3002 3796 3058 vendiderit.

2207 3101 2266 3142 se
2297 3088 2390 3142 tibi
2423 3086 2592 3142 frater
2623 3097 2768 3152 tuus,
2797 3106 2822 3139 -ι
2857 3097 2986 3154 etc.,
3019 3089 3072 3144 id
3094 3098 3178 3144 est
3203 3091 3248 3145 si
3271 3090 3604 3147 infirmatus
3632 3101 3682 3146 te
3709 3094 3797 3148 sibi

2206 3179 2429 3250 elegerit
2463 3181 2518 3234 in
2549 3180 2900 3251 magistrum;
2940 3196 3046 3235 non
3089 3181 3167 3236 ita
3216 3197 3343 3236 eum
3394 3193 3726 3238 contemnas
3751 3192 3798 3236 ut

519 3278 700 3325 matus
733 3269 839 3324 ﬁde
881 3268 965 3323 vel
991 3269 1206 3325 actione
1238 3269 1538 3325 subdiderit
1562 3285 1622 3325 se
1652 3270 1958 3340 iniquitati;
1993 3289 2012 3322 ι
2049 3277 2104 3326 et
2130 3279 2174 3341 (ζ
2207 3269 2499 3337 famulum,
2533 3271 2600 3327 id
2628 3280 2712 3326 est
2747 3287 3015 3342 paganum
3036 3313 3050 3338 ,
3080 3273 3173 3328 sed
3203 3288 3304 3344 pro
3336 3277 3608 3331 mercede
3637 3276 3797 3330 futura

513 3359 747 3417 voluerit
789 3359 1123 3430 propinquus
1151 3357 1289 3427 ejus,
1326 3378 1344 3411 ι
1367 3368 1497 3425 etc.,
1527 3360 1580 3414 id
1609 3370 1693 3416 est
1719 3361 1908 3417 doctor
1934 3360 2099 3432 quili-

514 3453 626 3517 bet,
657 3452 701 3507 si
737 3451 988 3514 voluerit,
1016 3464 1114 3520 per
1135 3450 1363 3504 verbum
1387 3459 1444 3504 et
1469 3451 1732 3504 rationem
1761 3459 1939 3522 potest
1977 3464 2102 3526 eum

517 3552 796 3605 revocare.
821 3546 920 3602 Cui
955 3545 1190 3602 Iacobus
1233 3546 1406 3602 dicit:
1449 3567 1467 3598 ί
1499 3547 1602 3615 Qui
1649 3551 1889 3604 converti
1915 3548 2106 3605 fecerit

516 3646 864 3709 peccatorem
890 3635 960 3690 ab
988 3650 1174 3690 errore
1194 3636 1295 3692 viae
1319 3651 1452 3703 suae,
1481 3656 1500 3689 ι
1534 3647 1640 3693 etc.
1674 3669 1741 3679 —
1773 3657 1794 3692 ι
1826 3640 1962 3695 Etsi
1992 3641 2105 3710 ipse

492 3727 751 3798 ..pretium
782 3725 849 3779 ad
887 3725 1262 3780 redimendum
1292 3727 1493 3797 poterit
1539 3728 1802 3794 invenire,
1851 3749 1871 3784 ›
1901 3740 1959 3786 et
2002 3731 2100 3786 rel.

513 3819 572 3873 Id
601 3827 684 3873 est
714 3818 758 3872 si
789 3817 1012 3872 alterius
1032 3825 1185 3873 caret
1210 3817 1410 3873 auxilio
1443 3825 1498 3871 et
1528 3819 1643 3888 ipse
1687 3819 1868 3890 aliquo
1897 3835 1957 3876 se
1987 3821 2104 3877 zelo

481 3907 946 3978 «compunctionis
980 3909 1245 3974 correxit,
1281 3928 1300 3961 ι
1335 3910 1790 3979 computabantur
1815 3911 2037 3978 fruetus,
2079 3933 2099 3968 ι

443 4043 448 4049 .
483 4006 570 4055 .et
595 3998 720 4064 rel.,
749 3997 803 4054 id
831 4005 916 4053 est
949 3998 1151 4069 cogitet
1185 4007 1448 4070 quantum
1490 3999 1742 4056 servierit
1770 4002 2013 4069 diabolo,
2051 4011 2107 4059 et

513 4091 772 4161 deinceps
809 4089 972 4162 digne
996 4083 1328 4160 ptenitentiae
1367 4089 1545 4147 fructu
1574 4093 1741 4148 vitam
1767 4109 1919 4149 suam
1959 4097 2104 4152 redi-

425 4193 433 4201 '
513 4191 644 4237 mat.
673 4201 691 4233 ι
735 4180 890 4249 Quod
913 4180 959 4236 si
1002 4195 1110 4236 non
1143 4181 1412 4236 invenerit
1460 4197 1650 4238 manus
1692 4184 1810 4254 ejus
1838 4194 1896 4240 ut
1918 4187 2108 4243 reddat

481 4273 768 4340 ,pretium,
802 4271 1023 4326 habebit
1053 4280 1284 4340 emptor,
1311 4273 1454 4342 quod
1483 4283 1690 4328 emerat
1713 4290 1882 4346 usque
1904 4277 1972 4333 ad
2003 4293 2106 4333 an-

488 4379 642 4417 nuum
665 4361 961 4432 jubilazum.
985 4381 1012 4414 ι.
1031 4361 1086 4417 Id
1113 4372 1198 4417 est
1222 4363 1270 4418 si
1296 4363 1538 4418 nondum
1575 4365 1689 4419 zelo
1713 4368 2108 4425 emendationis

510 4455 819 4524 eriget-se,
871 4455 926 4509 in
975 4454 1221 4525 magistri
1273 4463 1538 4524 potestate
1585 4465 1702 4523 est,
1751 4474 1923 4529 usque
1977 4461 2104 4516 dum

515 4545 801 4614 perveniat
846 4545 915 4599 ad
950 4544 1232 4614 jubilaeum
1255 4585 1270 4610 ,
1306 4545 1361 4600 id
1388 4553 1472 4601 est
1501 4562 1597 4617 per
1622 4549 1996 4619 penitentiam
2037 4551 2105 4606 ad

2205 3361 2612 3418 tecum-laboret
2634 3376 2808 3432 usque
2829 3365 2898 3418 ad
2912 3363 3212 3434 jubilaaum,
3242 3365 3292 3419 id
3311 3375 3397 3420 est
3421 3368 3796 3422 remissionem

2193 3464 2583 3525 .peccatorum;
2620 3456 2753 3511 dicit
2781 3457 2924 3511 enim
2970 3457 3210 3513 Paulus:
3247 3476 3264 3508 ι
3290 3456 3362 3512 Si
3391 3470 3798 3530 prmoccupatus

2206 3547 2369 3602 fuerit
2399 3547 2570 3604 homo
2617 3547 2671 3602 in
2717 3547 2899 3618 aliquo
2941 3548 3141 3606 delicto
3186 3564 3312 3615 vos,
3353 3551 3452 3619 qui
3501 3551 3800 3621 spirituales

2167 3641 2170 3644 ’
2207 3639 2336 3693 estis
2363 3637 2564 3709 (Galat.
2592 3639 2690 3710 vi),
2723 3657 2742 3691 ι
2762 3647 2902 3706 etc.;
2928 3657 2957 3690 τι
2978 3641 3292 3710 operabitur
3313 3641 3463 3710 apud
3494 3650 3573 3707 te,
3610 3661 3631 3694 ι
3656 3644 3707 3698 id
3726 3653 3799 3697 est

2203 3731 2437 3785 virtutes
2468 3741 2761 3802 cougreget
2788 3749 2800 3785 :
2841 3751 2858 3784 ι
2887 3740 3154 3802 etpostea
3182 3733 3504 3804 egredietur
3524 3750 3660 3790 cum
3685 3735 3800 3790 libe-

2208 3823 2285 3876 ris
2311 3823 2443 3887 suis,
2486 3844 2504 3874 ι
2539 3823 2590 3877 id
2637 3833 2721 3878 est
2749 3825 3004 3894 operibus
3031 3820 3179 3889 suis,
3212 3843 3231 3876 ι
3268 3837 3328 3880 ιιι
3377 3837 3705 3883 revertatur
3742 3829 3798 3880 ad

2207 3911 2581 3980 cognationem
2601 3927 2836 3978 .suam,-i
2867 3913 2924 3967 id
2951 3922 3036 3968 est
3069 3914 3136 3968 ad
3169 3915 3547 3985 evangelicam
3584 3931 3800 3972 conver-

2208 4003 2472 4058 sationem
2505 4021 2524 4055 ι
2557 4012 2612 4058 et
2635 4004 3033 4074 possessionem
3058 4016 3277 4076 patrum
3300 4021 3555 4074 suorum,
3600 4027 3622 4060 ι
3653 4009 3704 4062 id
3729 4017 3800 4062 est

2207 4093 2544 4162 paradisum.
2583 4112 2601 4145 ι
2640 4093 2716 4150 Ne
2741 4094 2946 4166 allligas
2992 4111 3116 4151 eum
3149 4111 3255 4166 per
3279 4100 3612 4168 potentiam,
3659 4119 3678 4151 ι
3711 4103 3799 4155 hoc

2209 4197 2292 4242 est
2341 4188 2483 4256 quod
2512 4187 2800 4258 Apostolus
2841 4190 3124 4262 praecipit:
3159 4211 3177 4242 ι
3213 4189 3329 4246 Non
3369 4192 3728 4248 dominantes
3751 4195 3798 4245 in

2208 4277 2372 4343 clero,
2399 4280 2494 4335 sed
2531 4279 2702 4335 forma
2736 4281 2862 4337 facti
2891 4283 3070 4354 gregis
3098 4283 3151 4354 (I
3175 4281 3325 4339 Patr.
3354 4286 3431 4355 v).
3464 4304 3488 4337 ι
3516 4317 3593 4327 -
3629 4306 3653 4338 ι
3684 4287 3798 4339 Ser-

2207 4387 2307 4426 vus
2333 4383 2390 4427 et
2408 4373 2603 4429 ancilla
2623 4373 2733 4428 sint
2753 4373 2906 4430 vobis
2928 4375 3330 4440 donationibus,
3354 4394 3372 4428 t
3403 4386 3464 4430 et
3494 4377 3631 4443 rel.,
3653 4379 3704 4433 id
3723 4387 3799 4434 est

2208 4479 2449 4534 paganos
2479 4465 2763 4521 inferiores
2789 4467 2947 4522 vobis
2973 4467 3184 4534 ducite;
3215 4487 3234 4521 ι
3271 4479 3327 4524 et
3353 4469 3418 4525 de
3442 4472 3679 4528 advenis
3715 4472 3793 4541 qni

2209 4556 2624 4630 peregrinantur
2647 4558 2789 4628 apud
2808 4573 2924 4624 vos,
2951 4558 3036 4614 vel
3059 4559 3151 4628 qui
3172 4576 3236 4615 ex
3266 4561 3351 4616 his
3379 4563 3496 4616 nati
3519 4563 3746 4627 fuerint,
3771 4584 3788 4612 ν

512 4650 697 4690 veram
723 4634 1123 4690 remissionem.
1159 4653 1179 4685 ι
1223 4635 1280 4690 In
1327 4635 1446 4706 ipso
1473 4638 1616 4692 enim
1646 4639 1824 4694 omnis
1863 4641 2103 4697 venditio
2129 4647 2181 4708 D
2207 4648 2262 4702 id
2308 4656 2392 4703 est
2447 4649 2846 4715 catechumeni,
2875 4649 2962 4705 vel
3009 4650 3086 4706 illi
3129 4652 3221 4722 qui
3270 4667 3463 4707 eorum
3511 4655 3686 4709 vitam
3715 4671 3792 4710 ςεο

514 4728 683 4792 redit,
722 4747 740 4778 ι
787 4735 844 4780 et
882 4725 980 4780 rel.
1033 4725 1092 4780 In
1130 4726 1460 4797 perfectione
1493 4730 1826 4798 poenitentiae
1855 4731 2103 4801 pristinae

514 4815 752 4870 libertati
784 4823 1128 4886 peccatorum
1176 4817 1504 4873 restituitur.
1543 4817 1773 4876 Vendita
1819 4821 2012 4878 domus
2046 4823 2099 4878 in

513 4907 650 4962 urbe
684 4905 736 4960 in
770 4921 877 4961 uno
906 4922 1049 4962 anno
1080 4907 1270 4962 redimi
1298 4917 1493 4978 potest.
1535 4909 1652 4966 Non
1679 4912 1932 4982 deinceps
1957 4929 2100 4969 anno

516 4997 758 5052 revoluto
783 5037 798 5064 ,
843 4997 968 5068 quia
1012 4997 1190 5053 cultus
1233 4999 1287 5053 in
1329 4999 1445 5070 lege
1491 5001 1874 5057 traditionibus
1914 5005 2103 5060 Phari-

515 5103 748 5143 smorum
780 5085 1055 5158 pejoratus
1082 5089 1136 5142 in
1167 5104 1341 5155 anno,
1371 5090 1424 5145 id
1451 5098 1537 5145 est
1575 5091 1627 5144 in
1657 5102 1896 5161 tempore
1924 5093 2102 5150 incar-

513 5177 750 5234 nationis
781 5177 1013 5244 Christi,
1038 5179 1229 5234 redimi
1258 5181 1518 5251 potuitde
1549 5185 2022 5252 praevaricatione,
2054 5189 2100 5243 si

513 5271 739 5326 credere
778 5269 1090 5326 voluissent.
1137 5270 1240 5338 Qui
1281 5273 1428 5329 enim
1466 5277 1772 5344 pertinaces
1816 5277 1872 5333 in
1915 5295 2102 5335 errore

513 5364 732 5418 fuerunt
755 5361 995 5433 possedit
1022 5365 1395 5422 eos-Satanas.
1430 5385 1450 5418 ι
1486 5366 1596 5424 Nec
1625 5369 1816 5424 redimi
1849 5381 2102 5442 poterunt

514 5453 568 5508 in
589 5453 812 5524 jubileo.
853 5472 871 5506 ι
904 5453 961 5508 1η
995 5455 1248 5523 passione
1278 5456 1502 5524 Christi,
1530 5459 1621 5515 ubi
1647 5460 1783 5516 dixit
1802 5460 2095 5519 Dominus:

521 5565 539 5596 ι
573 5545 757 5611 Pater,
803 5545 1021 5614 ignosce
1061 5545 1188 5610 illis,
1224 5566 1242 5597 ι
1271 5557 1376 5603 etc.
1403 5547 1552 5618 (Luc.
1579 5550 1758 5623 χχιιι).
1789 5552 1889 5620 Qui
1917 5565 2097 5610 autem

515 5636 864 5690 crediderunt
909 5633 1338 5691 incarnationem
1375 5637 1510 5707 ejus,
1556 5639 1610 5694 in
1643 5657 1752 5698 uno
1777 5659 1921 5700 anno
1947 5647 2100 5701 rede-

517 5734 733 5781 merunt
759 5727 1224 5781 conversationem
1270 5744 1459 5794 suam,
1506 5740 1561 5787 et
1603 5733 1708 5788 illis
1751 5735 1864 5792 haec
1900 5738 2100 5807 profuit

517 5819 696 5877 oratio
721 5818 942 5873 :domus
970 5819 1020 5872 in
1043 5820 1164 5874 villa
1197 5837 1380 5878 muros
1397 5839 1500 5880 non
1534 5827 1766 5884 habente
1789 5832 1887 5885 sub
1913 5837 2066 5890 condi

2209 4747 2479 4809 quuntur;
2533 4758 2554 4790 ‹
2610 4739 2711 4796 hos
2757 4741 3029 4798 habebitis
3085 4742 3339 4808 famulus,
3391 4763 3411 4796 ι
3461 4754 3525 4801 et
3569 4747 3702 4809 rel.,
3744 4748 3792 4799 ia

2205 4840 2469 4887 teternum
2510 4834 2801 4890 virtutibus
2849 4849 3013 4906 super
3060 4835 3167 4892 illis
3191 4837 3450 4893 eminete.
3488 4859 3508 4890 ι
3553 4838 3617 4895 Si
3663 4842 3796 4894 inva-

2205 4921 2370 4978 luerit
2409 4924 2550 4994 apud
2578 4940 2676 4981 vos
2721 4941 2914 4981 manus
2951 4927 3170 4983 adventu
3201 4936 3296 4982 aut
3335 4931 3647 5000 peregrini,
3685 4952 3704 4983 ι
3746 4939 3796 4984 et

2206 5009 2308 5066 rel.
2359 5011 2417 5066 Si
2468 5013 2640 5068 frater
2684 5015 2934 5071 inﬁrmus
2974 5015 3132 5072 alicui
3166 5028 3391 5089 peccato
3417 5021 3792 5080 consenserit;

2213 5121 2236 5157 ς
2266 5105 2410 5175 quod
2453 5105 2500 5160 si
2541 5105 2769 5161 voluerit
2812 5107 2881 5162 de
2925 5107 3183 5165 fratribus
3217 5110 3358 5180 ejus,
3389 5131 3408 5162 ι
3445 5111 3501 5166 id
3526 5123 3616 5166 est
3645 5112 3796 5167 Chri-

2203 5195 2397 5252 stianis
2415 5197 2822 5266 perorationem
2853 5199 2938 5254 vel
2961 5200 3260 5256 doctrinam
3288 5211 3472 5272 potest
3508 5220 3636 5260 eum
3667 5207 3790 5260 libr-

2207 5304 2358 5356 rare;
2391 5290 2478 5345 vel
2521 5291 2566 5346 si
2600 5291 2713 5362 ipse
2741 5291 2920 5347 zelum
2950 5293 3199 5349 habuerit
3230 5297 3555 5366 paenitendi,
3583 5306 3795 5368 napum

2205 5389 2420 5452 tempus
2459 5384 2788 5440 venditionis
2832 5401 2976 5452 suae,
3027 5401 3135 5457 quo
3185 5389 3412 5443 servivit
3455 5400 3711 5460 peccato,
3741 5400 3794 5443 et

2203 5472 2421 5546 dignam
2449 5475 2822 5545 pumilentiam
2868 5479 2925 5533 in
2970 5480 3217 5550 sequenti
3247 5480 3356 5536 vita
3385 5484 3604 5539 studeat
3643 5498 3796 5538 exer-

2203 5579 2347 5620 cere.
2388 5565 2504 5620 Non
2539 5566 2745 5638 alliich
2783 5585 2906 5624 eum
2955 5570 3221 5627 violenter
3251 5571 3305 5627 in
3353 5586 3654 5646 conspectu
3679 5585 3790 5640 tuo,

2202 5658 2357 5726 quasi
2388 5658 2572 5714 dicat:
2617 5659 2841 5717 Debitor
2886 5662 2965 5717 illi
3017 5679 3096 5730 es,
3149 5673 3208 5719 ut
3248 5681 3354 5720 non
3401 5669 3628 5737 patiaris
3670 5684 3790 5722 eum

2203 5747 2393 5820 allligi,
2427 5751 2522 5806 sed
2552 5750 2771 5809 liberes.
2813 5773 2832 5807 ι
2863 5753 3018 5822 Quod
3048 5756 3092 5811 si
3123 5768 3246 5828 post
3289 5759 3404 5814 haec
3448 5761 3642 5815 redimi
3681 5777 3788 5814 non

2205 5849 2399 5909 potest,
2440 5862 2456 5894 ι
2493 5851 2546 5898 et
2577 5843 2674 5900 rel.
2705 5846 2760 5900 Id
2788 5857 2870 5903 cst
2895 5848 2938 5902 si
2973 5863 3068 5918 per
3101 5865 3159 5904 sc
3192 5851 3274 5906 vcl
3307 5851 3466 5906 alium
3495 5855 3657 5906 cilius
3685 5871 3786 5906 non
