3948 6328
155 385 249 446 8ιῦ

1094 382 1394 439 EPITOME
1430 379 1780 439 COMMENT.
1825 380 2051 435 RABINI
2089 380 2157 436 ΙΝ
2197 381 2420 437 LEVIT.

3281 345 3412 444 διὰ

153 495 454 561 redimitur,
497 494 784 566 aliquando
825 503 1034 559 tamen,
1073 495 1120 550 si
1165 495 1480 564 pmnituerit
1523 492 1713 549 remis-
1740 493 1786 553 Α
1817 492 2162 557 saturemini;
2208 510 2226 543 ι
2263 493 2354 561 qui
2398 491 2646 548 conficiat
2671 492 2855 550 oculos
2903 503 3130 559 vestros,
3170 516 3188 548 ι
3224 497 3276 554 id
3303 509 3388 554 est

155 591 297 647 sione
318 594 560 657 accepta,
575 601 699 641 cum
723 586 880 641 bonis
904 585 1159 655 operibus
1181 586 1434 640 reddibus
1453 584 1708 639 libertati.

161 703 178 734 ι
205 679 373 738 Eduxi
392 678 460 735 de
483 688 626 736 terra
649 678 884 750 Egypti,
921 697 938 732 ι
966 679 1025 733 id
1041 687 1126 734 est
1145 678 1213 733 de
1231 677 1430 734 diaboli
1453 683 1716 748 potestate

156 769 370 827 redemi.

705 837 934 895 CAPUT
963 838 1148 895 XXVI.

223 974 243 1008 t
283 953 401 1010 Non
427 952 637 1008 facietis
658 952 810 1008 vobis
831 952 1051 1018 idolum,
1094 971 1112 1003 ι
1138 960 1196 1008 ει
1215 951 1335 1016 rel.,
1359 951 1414 1006 id
1435 960 1521 1008 est
1542 951 1718 1006 avari-

156 1048 280 1102 tiam
328 1060 436 1101 non
483 1043 758 1108 habeatis,
791 1061 810 1095 ‹
870 1058 992 1112 quae
1038 1053 1122 1098 est
1172 1043 1437 1098 idolorum
1487 1043 1717 1098 servitus

154 1138 365 1209 (Ephu.
396 1137 451 1207 v)
481 1153 494 1191 :
534 1156 553 1187 ι
586 1166 654 1176 --
686 1155 706 1187 t
744 1133 854 1190 Nec
886 1133 1072 1190 titulos
1097 1132 1337 1205 erigetis,
1371 1151 1391 1185 ι
1423 1133 1716 1188 secundum

153 1231 380 1285 litteram
428 1228 619 1283 altaria
648 1227 882 1298 plurima
936 1225 1102 1292 dicit,
1133 1225 1361 1296 mystice
1402 1223 1718 1294 principalia

156 1321 280 1375 vitia
313 1327 370 1374 et
403 1319 630 1374 crimina
671 1316 942 1387 capitalia.
975 1335 995 1369 t
1033 1315 1142 1371 Nec
1177 1315 1441 1387 insignem
1488 1314 1719 1384 lapidem

150 1410 379 1480 ponetis,
418 1429 437 1462 ι
467 1416 526 1464 ει
549 1408 650 1464 rel.
675 1406 788 1464 Hoc
812 1405 966 1476 juxta
1008 1407 1290 1462 historiam
1323 1413 1494 1475 patet,
1521 1405 1720 1476 allego-

154 1504 260 1558 rice
303 1510 485 1558 autem
510 1501 762 1572 prohibet
799 1515 898 1572 per
935 1499 1178 1555 avaritiae
1215 1499 1480 1554 culturam
1522 1498 1722 1568 pretio-

149 1611 331 1651 sarum
351 1609 551 1659 rerum,
568 1593 952 1665 sivelapidutn,
971 1593 1084 1648 sive
1106 1593 1334 1647 aliorum
1357 1591 1718 1656 metallorum,

149 1700 241 1741 seu
298 1698 743 1755 quarumcunque
801 1696 985 1738 rerum
1045 1682 1354 1754 congeriem
1424 1681 1719 1737 cumulare.

154 1795 173 1830 t
207 1777 358 1832 Dabo
383 1775 535 1830 vobis
562 1775 772 1845 pluvias
815 1774 1152 1844 temporibus
1179 1775 1292 1829 suis
1314 1814 1330 1838 ,
1364 1793 1383 1826 ι
1417 1773 1469 1828 id
1511 1781 1598 1828 est
1628 1774 1724 1828 do-

1813 583 1973 638 ardor
1995 584 2184 640 oculos
2212 593 2422 640 vestros
2463 586 2696 642 deficere
2721 587 2902 654 faciat,
2929 597 2983 645 et
3008 589 3223 646 videant
3243 593 3388 661 quod

1814 674 2031 739 nolunt;
2067 693 2088 727 ι
2117 684 2172 730 ει
2199 687 2485 730 consumat
2512 677 2743 744 animas,
2793 698 2810 731 ι
2845 691 3065 750 propter
3088 683 3382 751 angustias.

1813 766 2023 823 Ardere
2045 777 2099 822 et
2137 776 2377 838 egestate
2404 768 2649 838 designat
2677 771 3137 840 contemptoribus
3167 774 3387 828 manda-

1815 866 1991 913 torum
2036 843 2134 914 Dei
2179 858 2323 912 sitim
2371 859 2667 929 spiritualis
2704 861 3068 932 intelligentiae
3113 864 3386 921 insistere.

1821 967 1841 1000 ι
1877 948 2099 1006 Frustra
2127 951 2316 1006 seretis
2350 960 2670 1018 sementem,
2706 971 2723 1004 ι
2757 961 2813 1008 ει
2851 955 3031 1026 reliq.,
3065 957 3118 1011 id
3158 966 3243 1012 cst
3267 974 3388 1024 vos,

1817 1040 1908 1109 qui
1935 1041 2052 1095 sine
2089 1039 2306 1096 Christo
2346 1041 2510 1097 vultis
2538 1057 2680 1107 esse,
2709 1043 2910 1100 frustra
2932 1047 3160 1104 virtutes
3182 1049 3389 1120 aliquas

1817 1130 2134 1196 imitamini,
2160 1133 2286 1202 quia
2326 1147 2417 1189 eas
2454 1134 2695 1189 diabolus
2735 1151 2831 1190 sua
2866 1139 3220 1207 perversitate
3271 1131 3394 1195 cor-

1819 1222 2036 1292 rumpit.
2069 1222 2200 1289 Quaa
2229 1232 2526 1292 sequuntur
2561 1225 2628 1279 ad
2676 1227 2924 1281 eumdem
2963 1229 3231 1298 pertinent
3270 1247 3393 1285 seu—

1817 1331 1958 1371 sum.
1992 1333 2010 1368 t
2041 1315 2282 1387 Fugietis
2308 1319 2521 1372 nemine
2545 1329 2923 1388 persequente,
2959 1339 2978 1372 ι
3011 1321 3065 1376 id
3089 1330 3171 1376 est
3192 1322 3392 1378 nullam

1819 1405 2200 1462 confidentiam
2246 1407 2538 1474 habentes,
2591 1409 2918 1464 conscientia
2971 1421 3289 1477 accusante,
3337 1414 3390 1466 in

1818 1496 2056 1564 peccatis
2093 1496 2288 1551 vestris
2345 1495 2650 1552 tabescetis.
2705 1515 2723 1548 t
2774 1499 2980 1554 Addam
3026 1501 3395 1570 correptiones

1821 1594 2031 1640 vestras
2058 1584 2381 1656 septuplum,
2413 1605 2432 1638 ι
2463 1586 2516 1640 id
2536 1596 2618 1642 est
2647 1586 2938 1656 perfectam
2965 1590 3277 1645 vindictam.
3303 1590 3394 1646 Sic

1822 1685 1878 1730 et
1907 1677 1958 1730 in
1982 1676 2350 1746 sequentibus.
2384 1696 2403 1730 t
2437 1678 2586 1733 Dabo
2612 1679 2764 1735 vobis
2788 1681 2982 1736 caelum
3007 1682 3236 1754 desuper
3257 1683 3396 1740 sicut

1824 1767 2025 1823 ferrum
2052 1776 2106 1824 et
2131 1777 2332 1825 terram
2362 1784 2590 1826 aeneam.
2627 1790 2648 1822 ι
2684 1771 3014 1844 Simpliciter
3040 1785 3260 1845 prepter
3287 1786 3398 1831 ste—

143 1867 382 1922 ctrinam
398 1864 893 1936 Scripturarumvel
909 1866 1170 1920 bonorum
1185 1866 1720 1936 magistrorum.tEt
1747 1851 1795 1912 Β
1825 1859 2081 1915 rililalem
2132 1860 2289 1923 dicit.
2341 1862 2468 1931 quia
2521 1861 2692 1918 imbre
2731 1865 2962 1934 desnper
3005 1881 3108 1921 non
3149 1867 3397 1921 veniente

148 1966 290 2012 terra
307 1957 492 2028 gignet
505 1971 724 2026 germen
744 1972 922 2023 suum,
951 1977 970 2010 ι
997 1958 1049 2012 id
1063 1966 1146 2012 est
1161 1967 1341 2012 vestra
1367 1959 1477 2012 vita
1495 1958 1724 2015 virtutes

88 2097 100 2113 ,
145 2047 410 2104 bonorum
435 2059 678 2119 operum.
700 2066 717 2097 t
748 2047 814 2101 Et
839 2048 1015 2117 pomis
1040 2047 1262 2103 arbores
1294 2047 1664 2118 replebontur,
1700 2067 1718 2100 ι

145 2138 199 2192 id
243 2147 334 2195 est
354 2130 572 2194 'sanctis
610 2137 921 2194 virtutibus.
975 2159 994 2190 t
1051 2139 1432 2210 Apprehendet
1468 2142 1724 2196 messium

143 2228 340 2283 tritura
363 2228 719 2294 vendemiam,
748 2247 766 2280 ›
793 2237 851 2284 ει
875 2227 970 2282 rel.
999 2227 1535 2284 Consummationem
1564 2229 1727 2284 unius

143 2318 362 2374 virtutis
402 2318 509 2372 alia
563 2332 662 2388 pro
709 2318 957 2373 mercede
997 2319 1373 2388 subsequitur,
1417 2327 1480 2372 ut
1530 2318 1726 2374 Paulus

142 2411 273 2466 dicit
299 2429 314 2464 :
348 2431 366 2463 ι
393 2410 554 2476 Deus,
587 2411 679 2481 qui
707 2418 961 2480 operatur
991 2412 1045 2466 in
1072 2411 1225 2466 vobis
1244 2420 1300 2466 et
1321 2411 1454 2466 velle
1481 2421 1536 2467 et
1564 2411 1727 2481 proli-

140 2516 268 2557 cere
290 2516 392 2572 pro
419 2502 560 2557 bona
605 2501 880 2556 voluntate
922 2499 1089 2574 (Phil.
1118 2501 1199 2573 ιι).
1241 2521 1260 2556 ι
1286 2501 1392 2558 Pro
1417 2502 1556 2558 bona
1581 2502 1728 2558 enim

142 2596 420 2652 voluntate
440 2595 824 2668 perfectionem
855 2598 986 2653 dicit
1007 2598 1162 2654 bonis
1183 2599 1437 2668 operibus
1463 2599 1726 2654 submini-

139 2689 328 2743 strari.
355 2707 373 2739 t
402 2688 469 2744 Et
493 2689 785 2744 comedetis
809 2704 1001 2758 panem
1029 2698 1268 2745 vestrum
1291 2691 1346 2745 in
1369 2691 1670 2757 saturitate,
1701 2709 1719 2743 ι

140 2780 193 2833 id
236 2788 327 2835 est
365 2781 664 2836 doctrinam
710 2781 1072 2852 spiritualem;
1113 2800 1132 2834 t
1178 2791 1234 2836 et
1275 2782 1477 2852 absque
1529 2796 1729 2852 pavore

137 2869 480 2926 habitabitis.
525 2891 542 2924 ι
591 2871 692 2938 Qui
728 2873 874 2927 enim
913 2873 1166 2928 mandata
1211 2873 1422 2929 Domini
1473 2875 1726 2939 custodit,

136 2959 360 3016 insidiis
391 2959 586 3015 diaboli
613 2977 718 3016 non
749 2963 977 3031 capitur.
1017 2982 1037 3015 ι
1073 2965 1266 3018 Pacem
1293 2965 1432 3019 dabo
1457 2965 1510 3019 in
1533 2965 1728 3021 finibus

134 3051 368 3116 vestris,
397 3070 416 3102 ι
447 3052 502 3106 id
526 3061 611 3107 est
659 3053 714 3107 in
742 3053 1000 3120 Ecclesia,
1029 3055 1141 3110 sive
1187 3056 1240 3110 in
1278 3071 1600 3126 unoquoque
1627 3057 1726 3113 ho-

131 3144 332 3199 mine:
357 3147 484 3199 runc
507 3151 686 3198 autem
711 3159 838 3198 vera
860 3159 988 3214 pax,
1019 3146 1145 3201 dum
1170 3147 1332 3202 homo
1360 3148 1414 3202 iu
1439 3149 1725 3218 semetipso

132 3232 576 3295 conflictationes
611 3234 863 3291 vitiorum
891 3251 998 3292 non
1045 3239 1229 3292 sentit.
1275 3256 1294 3289 ι
1332 3239 1651 3304 Dormietis,
1675 3249 1730 3296 et

133 3341 254 3382 non
291 3327 402 3382 erit
447 3327 540 3396 qui
588 3336 876 3395 exterreat,
917 3349 936 3381 ι
969 3328 1020 3384 id
1062 3337 1146 3385 est
1197 3332 1544 3402 requiescetis
1586 3333 1731 3390 nullo

135 3420 524 3491 perun-hante.
559 3438 578 3472 ι
613 3421 868 3478 Auferam
908 3423 1079 3478 malas
1109 3423 1331 3490 bestias,
1365 3446 1382 3478 ι
1420 3426 1472 3480 id
1506 3434 1588 3481 est
1624 3427 1733 3496 spi-

136 3512 376 3567 rituales
422 3513 689 3569 inimicos.
724 3535 742 3566 t
770 3514 990 3571 Gladius
1038 3533 1142 3571 non
1181 3519 1432 3575 transibit
1473 3521 1730 3576 terminos

136 3612 384 3668 vestros,
436 3624 455 3658 ι
513 3605 566 3660 id
609 3613 696 3660 est
735 3605 943 3677 gladius
997 3606 1282 3663 discordia:
1330 3609 1412 3663 vel
1461 3610 1725 3665 vindictae.

139 3715 158 3746 ι
201 3694 617 3766 Persequemini
644 3696 890 3752 inimicos
910 3707 1142 3765 vestros,
1175 3717 1194 3752 ι
1229 3707 1359 3765 etc.,
1389 3699 1442 3756 id
1469 3710 1554 3756 est
1593 3702 1730 3757 bene

132 3787 428 3858 operando
487 3787 756 3843 diabolum
800 3789 1049 3845 vincetis.
1074 3808 1107 3865 ,ι
1147 3790 1542 3861 Persequentur
1575 3794 1731 3863 quin-

133 3892 246 3949 que
269 3879 345 3934 de
383 3877 536 3934 vobis
565 3887 778 3935 centum
809 3879 1032 3944 alienos,
1069 3899 1086 3932 ι
1118 3881 1169 3935 id
1198 3892 1282 3937 est
1309 3885 1463 3952 pauci
1496 3877 1758 3938 ﬁdelium'

130 3967 236 4038 qui
262 3975 404 4023 tunc
425 3980 616 4022 sensus
645 3982 770 4022 suos
795 3968 931 4023 bene
962 3977 1174 4039 regunt,
1212 3979 1267 4025 et
1293 3971 1530 4025 divinam
1561 3972 1730 4042 legem

131 4063 494 4129 sequuntur,
528 4057 914 4128 plenitudinem
965 4059 1205 4115 adversa:
1231 4061 1513 4130 potestatis
1548 4061 1731 4131 depel-

132 4150 260 4207 lunt
288 4165 304 4206 :
333 4148 564 4222 perfecti
601 4149 814 4207 numeri
841 4150 982 4207 sicut
1009 4150 1065 4206 in
1085 4149 1227 4207 bono
1254 4152 1622 4222 accipiuntur,
1657 4153 1732 4207 ita

131 4243 462 4300 contrarias
488 4241 688 4297 habent
717 4241 980 4298 malorum
1005 4244 1440 4298 numerositates.
1470 4263 1488 4294 ι
1528 4243 1734 4298 Cadent

133 4333 364 4394 inimici
397 4336 563 4391 vestri
612 4335 807 4406 gladio,
840 4355 859 4388 ι
913 4336 964 4390 id
995 4343 1082 4392 est
1107 4335 1329 4408 maligni
1379 4336 1599 4406 Spiritus
1638 4335 1731 4390 Dei

125 4426 415 4497 ,viudicta.
461 4442 480 4476 ι
539 4423 843 4494 Respiciam
889 4439 1007 4490 vos,
1060 4445 1081 4478 ι
1137 4441 1238 4496 per
1282 4425 1728 4482 misericordiam.

137 4538 158 4570 t
193 4517 522 4576 Comedetis
566 4517 929 4571 vetustissima
981 4526 1223 4573 veterum
1254 4526 1311 4572 et
1360 4527 1540 4574 vetera
1579 4519 1734 4574 novis

132 4607 663 4680 supervenientibus
701 4606 1011 4677 projisietis.
1065 4626 1084 4660 ι
1127 4607 1355 4678 Propter
1402 4608 1733 4665 fertilitatem

130 4711 312 4756 terrae
361 4697 514 4753 dicit.
557 4696 783 4769 Mystice
825 4699 929 4757 hoc
965 4696 1224 4767 facimus,
1265 4700 1392 4757 dum
1439 4701 1732 4757 secundum

129 4786 494 4860 Apostolum,
530 4806 549 4839 t
601 4803 724 4859 qua:
752 4796 898 4844 retro
930 4797 1057 4844 sunt
1103 4790 1255 4846 obliti
1299 4787 1520 4863 (Philip.
1564 4791 1670 4864 ιιι),
1709 4811 1726 4843 ι

130 4878 188 4934 id
227 4885 325 4941 est
375 4875 635 4932 interiora
684 4876 1023 4932 extendimur
1060 4895 1073 4932 :
1111 4893 1326 4949 semper
1369 4873 1515 4935 enim
1562 4881 1734 4935 sancti

130 4969 308 5037 quasi
343 4968 402 5023 in
447 4967 601 5023 initio
629 4968 889 5023 virtutum
935 4979 1080 5036 sunt,
1111 4971 1237 5026 dum
1281 4973 1554 5043 praeterita
1595 4973 1732 5028 bona

129 5059 245 5115 sibi
285 5057 542 5115 sufﬁcere
571 5073 678 5114 nou
702 5067 910 5130 putant.
949 5078 968 5112 ι
1003 5060 1205 5117 Ponam
1247 5065 1653 5120 tabernaculum
1678 5064 1732 5120 in

130 5151 336 5207 medio
374 5150 564 5216 vestri,
595 5169 615 5204 ι
650 5151 704 5207 id
732 5159 818 5207 est
845 5152 901 5207 in
929 5168 1252 5226 unoquoque
1269 5153 1419 5223 justo
1449 5156 1736 5213 habitatio-

129 5256 268 5296 nem
302 5253 509 5295 meam.
545 5257 564 5292 ι
597 5241 895 5298 Ambulabo
929 5242 1072 5298 inter
1112 5259 1230 5310 vos,
1277 5263 1296 5296 ι
1331 5245 1385 5300 id
1414 5255 1499 5302 est
1533 5256 1592 5302 ut
1636 5263 1735 5303 vos

127 5328 442 5386 ambulare
485 5329 683 5388 faciam
713 5331 770 5387 in
811 5334 1095 5404 praeceptis
1124 5334 1280 5390 meis.
1318 5353 1338 5386 t
1373 5335 1441 5390 Et
1489 5335 1731 5409 confregi

125 5428 386 5477 catenas
411 5420 684 5477 cervicum
726 5431 1026 5479 vestrarum
1051 5433 1112 5479 ut
1137 5425 1456 5481 incederetis
1487 5428 1673 5493 erecti,
1706 5448 1726 5480 ι

125 5511 188 5565 id
239 5517 340 5565 est
368 5510 605 5578 pondera
633 5521 975 5580 peccatorum
1001 5513 1216 5579 abstuli,
1249 5522 1309 5568 ut
1337 5515 1509 5570 Deum
1533 5530 1733 5588 cogno-

122 5604 342 5667 scatis,
371 5612 426 5657 et
452 5603 568 5672 ejus
595 5605 910 5662 memoriam
957 5608 1219 5676 habeatis,
1245 5625 1347 5677 nec
1382 5616 1614 5671 terrenis
1641 5616 1733 5672 de-

123 5693 378 5749 sideriis
415 5693 753 5751 ineumbatis.
794 5715 813 5750 t
852 5697 1094 5754 Visitabo
1121 5715 1216 5756 vos
1256 5701 1510 5759 velociter
1529 5703 1583 5759 in
1602 5719 1731 5778 ege-

122 5793 283 5840 state
338 5791 402 5838 οι
452 5786 665 5852 ardore,
717 5807 736 5841 ι
772 5795 830 5844 ιιι
872 5803 1083 5858 semper
1128 5791 1325 5848 sitiatis
1371 5803 1424 5849 et
1453 5810 1728 5872 nunquam

1825 1958 1971 2005 terra
2018 1965 2123 2005 non
2149 1949 2339 2021 gignit.
2371 1949 2596 2021 Mystice
2624 1961 2803 2007 autem
2833 1969 2931 2008 nec
2969 1954 3210 2010 divinum
3244 1956 3398 2010 auxi-

1823 2042 1954 2096 lium
1985 2041 2207 2104 habent,
2247 2056 2348 2096 nec
2376 2039 2609 2096 fructum
2640 2043 2694 2096 in
2725 2041 3042 2112 Scripturis,
3069 2044 3152 2099 vel
3197 2045 3250 2098 in
3278 2058 3399 2099 cor-

1824 2131 1980 2187 dibus
2005 2131 2118 2186 suis
2144 2131 2418 2186 invenient
2460 2129 2734 2186 Christum
2775 2141 3200 2188 contemnentes.
3235 2151 3254 2184 t
3289 2132 3400 2188 Nec

1822 2223 2048 2277 arbores
2078 2237 2238 2291 poma
2282 2223 2615 2292 prazbebunt,
2652 2243 2671 2275 ι
2702 2225 2753 2279 id
2774 2226 2976 2295 estqui
3015 2227 3268 2281 videntur
3289 2225 3401 2281 frti-

1824 2321 1968 2370 ctum
2014 2313 2194 2369 facere
2245 2315 2471 2381 debere,
2502 2315 2666 2372 nullis
2694 2317 2980 2372 virtutibus
3018 2319 3396 2389 insigniuntur.

1830 2423 1848 2455 t
1881 2404 2139 2460 Emittam
2181 2405 2382 2461 bestias
2414 2408 2549 2476 agri,
2588 2425 2606 2460 ι
2639 2408 2690 2462 id
2736 2418 2819 2463 est
2862 2409 3120 2480 malignos
3157 2411 3398 2480 spiritus,

1831 2513 1849 2546 t
1885 2496 1978 2565 qui
2003 2507 2328 2551 consumant
2351 2506 2405 2552 et
2435 2513 2530 2553 vos
2549 2507 2606 2553 et
2625 2513 2822 2568 pecora
2843 2510 3040 2567 vestra,
3072 2521 3091 2552 ι
3120 2502 3174 2556 id
3203 2511 3286 2558 est
3314 2519 3400 2558 sa-

1825 2571 2112 2651 pienteset
2136 2584 2357 2640 hebetes
2383 2603 2395 2639 :
2427 2603 2446 2637 t
2474 2585 2808 2657 desertaeque
2839 2588 2970 2644 fient
3001 2590 3100 2644 viae
3122 2600 3334 2658 vestrae,
3375 2613 3393 2644 ι

1827 2672 1882 2729 id
1919 2681 2003 2728 εει
2028 2674 2290 2742 actiones,
2335 2675 2484 2730 nullo
2530 2691 2625 2732 eas
2655 2686 2963 2733 exercente.
2997 2697 3016 2731 ι
3052 2680 3163 2751 Ego
3186 2697 3400 2752 quoque

1827 2771 2014 2818 contra
2055 2777 2151 2820 vos
2175 2765 2432 2821 adversus
2469 2765 2734 2823 incedam.
2778 2788 2796 2820 ι
2830 2769 2932 2837 Qui
2967 2771 3176 2826 Domini
3213 2772 3400 2826 volun-

1830 2854 1925 2909 tati
1951 2855 2209 2910 contrarii
2237 2863 2393 2922 sunt,
2427 2857 2600 2912 sciant
2637 2858 2741 2914 sibi
2782 2859 3069 2916 Dominum
3117 2878 3224 2918 non
3263 2865 3401 2918 satis

1827 2961 1948 3002 esse
1995 2957 2316 3016 pricsentem
2357 2949 2424 3002 ad
2476 2949 2754 3006 auxilium.
2791 2971 2809 3004 t
2849 2953 3208 3024 lnducamque
3242 2971 3403 3028 super

1829 3052 1926 3091 vos
1946 3037 2198 3108 gladium,
2235 3058 2253 3092 ι
2283 3049 2338 3094 ει
2361 3040 2484 3107 rel.,
2502 3041 2554 3096 id
2575 3051 2660 3097 est
2680 3045 2904 3099 verbum
2931 3045 3049 3112 Dei,
3072 3049 3164 3118 qui
3190 3063 3286 3103 vos
3304 3049 3401 3103 Ju-

1831 3129 1930 3184 diei
1955 3130 2243 3186 convincat
2263 3132 2380 3186 sine
2407 3133 2582 3203 gratia
2615 3134 2886 3204 Evangelii
2913 3137 3087 3208 legem
3115 3156 3220 3195 non
3244 3156 3404 3212 posse

1832 3221 2062 3276 salvare.
2092 3221 2296 3278 Cuncta
2339 3225 2483 3278 enim
2525 3225 2638 3280 haec
2665 3241 2784 3295 qum
2823 3228 3174 3286 circumstant
3204 3233 3271 3286 ad
3312 3233 3404 3288 Ju-

1834 3311 1978 3367 daaos
1990 3313 2282 3381 pertinent,
2297 3311 2572 3368 Christum
2587 3317 2889 3372 venientem
2906 3334 3009 3374 non
3027 3322 3398 3392 suscipientes.

1838 3417 1858 3451 t
1881 3399 2120 3470 Cumque
2139 3400 2491 3472 confugeritis
2511 3402 2566 3458 in
2581 3404 2757 3470 urbes,
2781 3425 2799 3458 ι
2817 3415 2871 3462 ει
2887 3408 3010 3474 rel.,
3027 3409 3079 3464 id
3103 3413 3263 3466 estad
3281 3428 3404 3480 pro-

1831 3490 2023 3560 phetas
2045 3500 2252 3546 vestros
2284 3492 2566 3549 convincet
2593 3503 2646 3551 te
2672 3510 2860 3552 eorum
2882 3513 3074 3556 sensus
3101 3503 3402 3558 mortalitcr

1832 3594 2043 3650 sapere.
2076 3600 2095 3633 t
2130 3580 2420 3652 Postquam
2463 3584 2782 3656 confregero
2829 3589 3076 3645 baculum
3123 3594 3277 3662 panis
3311 3609 3401 3650 ve-

1833 3673 1953 3739 stri,
1993 3693 2012 3726 ι
2048 3682 2102 3728 ει
2127 3674 2250 3738 rel.,
2283 3676 2337 3731 id
2365 3686 2448 3732 est
2476 3676 2844 3736 fortitudinem
2875 3681 3174 3754 Scriptum
3193 3726 3208 3750 ,
3238 3701 3400 3756 quam

1832 3761 2123 3819 carnaliter
2163 3763 2484 3820 observatis.
2515 3765 2627 3822 Lex
2657 3769 2801 3824 enim
2849 3771 2965 3827 sine
3013 3771 3226 3830 Christo
3267 3777 3402 3832 nihil

1832 3852 1989 3908 valet.
2019 3873 2038 3906 t
2071 3854 2149 3908 lta
2171 3863 2232 3908 ut
2248 3855 2432 3912 decem
2455 3858 2708 3915 mulieres
2728 3860 2782 3914 in
2805 3877 2911 3916 uno
2934 3863 3147 3921 clibano
3168 3878 3402 3937 coquant

1831 3958 2022 4013 panes,
2049 3963 2070 3996 ι
2102 3952 2157 4000 ει
2177 3945 2299 4011 rel.,
2324 3947 2378 4000 id
2403 3955 2488 4003 est
2515 3949 2700 4005 decem
2720 3953 2972 4007 mandata
2993 3955 3046 4008 in
3069 3956 3204 4027 legis
3227 3971 3401 4029 angu-

1833 4032 1936 4088 stia
1955 4045 2258 4106 praeparent
2285 4050 2533 4103 sensum;
2573 4057 2591 4089 t
2628 4041 2723 4096 sed
2750 4042 2970 4098 minime
3011 4045 3138 4100 dent
3159 4048 3226 4102 ad
3251 4057 3401 4104 satu-

1833 4125 2084 4194 ritatem,
2131 4147 2150 4179 ι
2186 4129 2310 4198 quia
2340 4129 2675 4186 latitudinem
2705 4135 2999 4204 spiritualis
3035 4137 3402 4212 intelligentiae

1831 4233 1938 4272 non
1964 4219 2180 4275 habent.
2218 4240 2236 4272 t
2268 4217 2348 4276 Ita
2392 4230 2452 4277 ut
2487 4225 2785 4283 comedatis
2818 4243 3036 4285 carnem
3081 4231 3310 4289 filiorum
3349 4246 3403 4290 et
3485 4224 3502 4240 ’

1835 4308 2068 4366 filiarum
2095 4321 2418 4368 vestrarum.
2451 4334 2470 4366 ι
2499 4314 2651 4381 Quod
2681 4325 2969 4390 utrumque
2997 4331 3052 4377 et
3098 4323 3152 4378 in
3181 4327 3405 4396 captivi.-

1834 4409 1946 4457 tate
1967 4400 2290 4473 Babylonica
2328 4413 2385 4460 et
2428 4420 2651 4462 romana
2679 4419 2857 4465 actum
2896 4420 2998 4466 est.
3029 4413 3296 4471 Caeterum
3339 4420 3402 4472 li-

1833 4493 2028 4549 liorum
2075 4509 2140 4550 ac
2175 4494 2403 4550 filiarum
2430 4513 2623 4554 carnes
2665 4504 3038 4572 comedebant,
3072 4507 3199 4562 dum
3241 4509 3404 4564 disci-

1759 4573 1810 4633 D
1835 4583 1988 4654 pulos
2010 4599 2137 4641 suos
2157 4601 2407 4656 perversa
2429 4588 2670 4645 doctrina
2687 4591 3042 4662 decipiebant.
3077 4615 3094 4647 t
3118 4597 3403 4655 Destruam

1835 4675 2048 4733 excelsa
2101 4688 2279 4736 vestra
2323 4687 2379 4733 et
2424 4680 2712 4738 simulacra
2761 4684 3129 4757 confringam,
3180 4706 3198 4740 ι
3241 4689 3294 4745 id
3324 4701 3406 4748 est

1837 4765 2145 4823 sacerdotes
2170 4776 2225 4824 et
2257 4768 2563 4839 magistros.
2593 4789 2611 4822 t
2648 4770 2864 4828 Cadetis
2891 4775 3030 4830 inter
3059 4777 3244 4834 ruinas
3282 4778 3401 4836 ido-

1835 4855 2011 4914 lorum
2055 4867 2376 4926 vestrorum,
2410 4880 2428 4912 ι
2480 4860 2696 4916 Scribas
2737 4871 2792 4917 et
2835 4863 3158 4934 Pharisaaos,
3203 4869 3406 4926 idcirco

1838 4949 2012 5016 idola,
2038 4951 2164 5021 quia
2207 4966 2392 5008 eorum
2435 4954 2842 5023 superstitiones
2883 4955 3092 5014 Domini
3139 4962 3406 5020 mandatis

1839 5038 2217 5109 praeferebant,
2252 5059 2271 5092 t
2316 5042 2478 5097 urbes
2524 5052 2730 5098 vestras
2763 5046 3002 5118 redigam
3051 5049 3105 5104 in
3157 5051 3406 5109 solitudi-

1839 5146 1986 5198 nem,
2022 5152 2040 5186 ι
2077 5133 2131 5188 in
2171 5134 2452 5204 prophetis
2491 5136 2761 5192 carnalem
2799 5153 3016 5195 sensum
3064 5158 3172 5198 non
3212 5160 3406 5215 sequa-

1839 5223 2004 5289 mini;
2041 5243 2059 5275 t
2089 5232 2144 5279 et
2171 5225 2381 5282 deserta
2412 5224 2604 5280 faciam
2635 5230 2944 5284 sanctuaria
2968 5241 3168 5300 vestra,
3199 5254 3219 5288 ι
3244 5235 3408 5290 idest

1840 5313 2211 5384 derelinquere
2249 5314 2449 5370 cultum
2494 5324 2550 5369 et
2590 5317 2902 5388 religionem
2943 5330 3199 5378 vestram.
3232 5311 3258 5375 ι
3289 5323 3406 5379 Νοιι

1841 5404 2096 5475 recipiam
2128 5405 2348 5462 odorem
2373 5404 2513 5460 ultra
2557 5409 2954 5478 suavissimum,
2992 5431 3010 5464 ι
3041 5413 3092 5467 id
3130 5422 3212 5469 est
3251 5415 3407 5469 victi-

1840 5513 2205 5567 marum,quai
2226 5499 2280 5553 in
2303 5498 2491 5554 umbra
2506 5499 2999 5569 mihiplacuerunt.
3023 5523 3040 5555 t
3067 5505 3406 5575 Dlsperdarn-

1839 5606 1945 5662 que
1975 5600 2175 5648 terram
2204 5601 2473 5660 vestram,
2509 5613 2533 5648 ι
2569 5593 2622 5651 id
2647 5605 2732 5651 est
2753 5594 3088 5668 Scripturam
3119 5600 3407 5658 carnaliter

1841 5684 2164 5740 intellectam
2197 5685 2271 5740 ita
2300 5701 2620 5756 permanere
2642 5703 2749 5745 non
2763 5690 2958 5759 patiar.
2978 5710 2994 5742 t
3027 5691 3093 5745 Et
3117 5695 3406 5762 stupebant

1840 5790 2002 5846 super
2046 5791 2164 5831 eam
2204 5791 2393 5833 omnes
2438 5777 2640 5834 inimici
2685 5779 2870 5844 vestri,
2922 5795 3042 5834 cum
3077 5781 3407 5840 habitatores
