3948 6328
534 411 636 464 Si?

1024 405 1408 458 WAIAFI‘tiDl
1449 405 1691 460 STRABI
1731 406 1934 461 rum).
1977 404 2140 460 non.
2183 406 2332 460 orr.
2377 407 2556 464 rans
2593 410 2633 464 l.
2671 439 2743 450 -
2778 399 3238 470 TIIEOLOCICA.

3703 450 3796 478 bdo

533 529 674 582 illius
700 525 919 580 luerint.
959 542 975 574 ι
1009 523 1063 577 ld
1092 532 1176 578 cst
1195 523 1442 578 conversi
1469 523 1535 576 de
1555 523 1822 592 gentibus,
1859 522 1950 590 qui
1984 519 2104 573 ﬁdei
2137 522 2182 580 Α
2211 518 2382 587 ipsam
2407 521 2712 591 diligenter,
2745 524 2791 578 si
2820 523 3028 578 ﬁrmior
3067 535 3172 590 est,
3221 523 3666 585 observationem
3703 547 3796 583 ex-

530 617 898 673 haercditatcm
922 629 1019 683 pro
1044 615 1197 669 vobis
1220 622 1565 683 acceperunt.
1597 614 1851 668 duritiam
1871 621 2107 667 vestram

528 709 868 762 mirabuntur
897 725 910 760 :
939 706 1188 761 inimicos
1209 713 1389 760 autem
1410 720 1504 760 eos
1531 705 1684 767 dicit,
1712 705 1864 774 quasi
1893 713 2109 760 eontra-

525 797 657 851 rios.
710 816 728 848 ι
775 798 884 852 Vos
929 805 1107 852 autem
1138 797 1444 867 dispergam
1477 797 1530 850 in
1568 796 1846 866 gentibus,
1899 815 1917 847 ι
1967 795 2108 850 sicut

524 890 780 958 deinceps
826 898 949 958 post
993 890 1301 958 passionem
1348 888 1550 942 Christi
1605 895 1783 942 actum
1838 887 2102 942 videmus.

529 999 549 1030 ε
586 980 654 1034 Ει
701 980 998 1049 evaginabo
1043 988 1164 1048 post
1206 995 1303 1034 vos
1343 979 1596 1049 gladium.
1655 997 1673 1029 ι
1719 978 1930 1047 Ubique
1960 979 2104 1033 enim

522 1073 750 1126 verbum
796 1073 890 1126 Dei
920 1072 1038 1126 illos
1069 1073 1368 1143 impugnat.
1402 1091 1419 1122 ι
1457 1070 1606 1125 Tunc
1629 1071 1918 1141 placebunt
1948 1078 2105 1125 terra:

523 1161 747 1218 sabbata
774 1178 892 1224 sua,
925 1182 942 1214 ι
973 1162 1024 1215 id
1053 1170 1138 1217 est
1163 1161 1480 1231 Scriptum,
1509 1161 1651 1230 quod
1679 1161 1910 1230 quiescit
1937 1177 1965 1214 a
1987 1175 2104 1214 car-

521 1253 630 1309 nali
659 1253 1058 1315 observatione,
1078 1253 1162 1306 cui
1185 1268 1280 1307 vos
1305 1253 1546 1322 requiem
1564 1253 1722 1321 justa:
1743 1252 2103 1307 observantite

520 1357 626 1398 non
651 1343 1000 1412 praestitistis.
1022 1361 1039 1390 ι
1075 1343 1141 1396 Ει
1164 1342 1254 1411 qui
1284 1342 1661 1404 remanserint,
1686 1342 1822 1396 dabo
1848 1355 2100 1410 pavorem

524 1433 580 1487 in
611 1433 864 1488 cordibus
889 1449 1096 1487 eorum.
1125 1452 1142 1481 ι
1179 1433 1232 1487 Id
1261 1441 1343 1488 est
1371 1432 1460 1502 qui
1495 1432 1643 1502 prius
1665 1433 2026 1492 crediderunt,
2055 1430 2099 1486 si

521 1524 726 1579 reversi
771 1523 1001 1588 fuerint,
1041 1523 1181 1578 dabo
1220 1524 1300 1580 eis
1339 1521 1764 1592 inquietudinem
1806 1522 1906 1575 sub
1945 1519 2101 1575 Chri-

521 1617 697 1671 stiano
724 1616 920 1686 populo
947 1616 1276 1678 constitutis,
1319 1616 1385 1670 de
1412 1614 1644 1684 propriis
1670 1614 1883 1669 sedibus
1907 1613 2096 1682 pulsis.

526 1727 546 1759 ‹
584 1709 829 1764 Terrebit
855 1724 948 1763 eos
975 1708 1184 1763 sonitus
1214 1707 1325 1764 folii
1355 1707 1604 1770 volantis,
1635 1726 1653 1758 ι
1688 1706 1740 1760 id
1768 1713 1851 1760 est
1878 1713 2095 1759 senten-

520 1803 592 1856 tia
618 1802 1003 1872 prophetarum
1037 1816 1051 1854 :
1093 1801 1354 1870 quidquid
1381 1800 1521 1854 enim
1550 1808 1736 1870 gentes
1766 1798 2000 1853 viderint
2034 1798 2099 1852 de

2210 611 2413 676 hibeat,
2452 631 2470 664 ‹
2509 612 2565 668 Si
2589 624 2770 669 autem
2797 616 3011 682 mulier,
3066 620 3273 683 decem,
3319 639 3337 672 ι
3394 620 3448 676 id
3503 631 3610 680 est.
3652 622 3796 676 infir-

2206 701 2346 755 mior
2375 711 2551 756 tamen
2575 703 2928 760 historialiter
2943 707 3257 777 decalogum
3285 720 3489 764 servet.
3527 729 3548 761 ‹
3576 712 3664 764 Ab
3696 727 3792 763 una

2205 805 2390 848 mense
2435 809 2605 864 usque
2633 795 2701 849 ad
2748 812 2946 850 annum
2982 797 3251 866 quintum,
3289 818 3308 850 ι
3353 800 3407 854 id
3447 808 3557 864 est,
3587 801 3665 854 ab
3704 801 3794 854 ini-

2206 882 2281 936 tio
2307 886 2729 940 conversationis
2774 902 2945 956 usque
2970 889 3038 943 ad
3065 891 3502 946 observationem
3536 907 3792 946 sensuum

2204 971 2414 1038 fortior,
2429 975 2668 1046 quinque
2681 977 2862 1044 siclos,
2891 979 2941 1032 id
2956 989 3039 1034 est
3062 981 3300 1049 quinque
3329 996 3596 1037 sensuum
3619 985 3793 1038 domi-

2204 1062 2472 1118 nationem
2501 1081 2514 1128 ;
2540 1065 2826 1130 inﬁrmior,
2861 1077 2990 1131 tres,
3034 1068 3136 1121 hoc
3179 1079 3264 1123 est
3293 1069 3584 1124 Trinitatis
3636 1071 3792 1126 fidem

2203 1153 2396 1210 offerat
2449 1157 2578 1212 Deo.
2639 1157 2842 1224 Quibus
2917 1160 3296 1230 incipientibus
3358 1162 3564 1217 Petrus
3608 1164 3785 1218 dicit:

2203 1245 2356 1313 quasi
2421 1247 2582 1302 modo
2648 1248 2816 1318 geniti
2883 1248 3116 1303 infantes
3170 1249 3242 1318 (I
3281 1249 3427 1304 Petr.
3484 1251 3609 1322 ιι),
3688 1262 3786 1306 etc.

2207 1356 2226 1388 ι
2266 1336 2662 1407 Sexagenarius
2700 1348 2755 1394 et
2800 1339 2939 1394 ultra
2967 1341 3241 1395 masculus
3283 1341 3436 1396 dabit
3465 1343 3786 1412 quindecim

2203 1426 2382 1482 siclos.
2437 1445 2457 1480 ι
2517 1427 2916 1498 Sexagenarius
2965 1429 3072 1500 iam
3124 1430 3263 1486 bello
3317 1441 3375 1486 et
3421 1433 3635 1504 nuptiis
3689 1447 3788 1487 non

2202 1520 2333 1574 satis
2358 1527 2537 1589 aptus,
2558 1528 2615 1575 et
2639 1535 2766 1575 eum
2783 1522 2964 1592 signat
2991 1522 3082 1590 qui
3110 1523 3179 1576 ad
3201 1523 3421 1578 culmen
3443 1539 3784 1579 summarum

2201 1611 2462 1669 virtutum
2506 1615 2798 1669 ascendere
2847 1615 3025 1669 minus
3079 1615 3304 1670 idoneus
3352 1627 3464 1679 est,
3523 1619 3674 1672 sicut
3715 1629 3790 1672 est

2199 1702 2484 1773 virginitas
2517 1712 2573 1759 et
2601 1706 3003 1777 martyrium-et
3034 1708 3424 1762 monachorum
3471 1718 3630 1764 recta
3661 1726 3785 1764 con-

2199 1793 2456 1849 versatio.
2483 1792 2584 1860 Qui
2611 1796 2727 1850 haec
2749 1797 2862 1866 jam
2894 1797 3073 1853 minus
3094 1799 3319 1868 implere
3345 1809 3558 1870 potest,
3608 1803 3788 1856 reddat

518 1871 750 1962 hisquae
787 1893 871 1947 lex
909 1891 1162 1963 prohibet
1193 1906 1550 1962 praesumere,
1594 1899 1759 1945 terret
1806 1905 1900 1945 eos
1940 1899 2098 1960 atque
2129 1871 2174 1929 Β
2202 1883 2508 1950 quindecim
2536 1885 2716 1952 siclos,
2750 1887 2804 1942 id
2841 1896 2927 1942 est
2973 1888 3184 1944 fortiter
3227 1892 3471 1962 quinque
3529 1908 3784 1949 sensuum

517 1986 701 2041 videre
719 1985 1018 2056 refugiunt;
1049 2005 1066 2035 ‹
1095 1993 1149 2038 et
1175 1984 1246 2038 ita
1273 1983 1484 2053 fugiunt
1505 1981 1928 2052 quasigladium,
1954 2002 1971 2032 ι
1989 1991 2094 2037 etc.

516 2077 654 2132 Dum
684 2079 762 2132 eis
784 2079 1068 2147 quisquam
1115 2075 1522 2145 Scripturarum
1555 2073 1810 2136 ostendit,
1851 2091 1869 2122 «
1905 2072 2098 2128 cadent
2133 2065 2144 2072 ’

517 2169 663 2223 nullo
689 2177 1067 2237 persequente,
1103 2186 1120 2218 ι
1154 2166 1205 2220 id
1243 2174 1329 2220 est
1371 2162 1564 2235 putant
1595 2167 1646 2218 in
1689 2165 1888 2218 malum
1939 2177 2094 2216 suum

517 2262 618 2316 hoc
669 2262 788 2331 agi,
839 2276 959 2315 cum
997 2275 1102 2314 non
1140 2269 1362 2329 propter
1397 2259 1542 2312 aliud
1579 2273 1739 2327 quam
1775 2257 2096 2313 benevolen-

517 2354 646 2408 tiam
678 2353 799 2408 talis
827 2353 906 2406 eis
928 2351 1165 2406 Charitas
1198 2351 1531 2406 ostendatur.
1570 2370 1588 2401 ‹
1616 2350 1880 2406 Corrucnt
1901 2351 2094 2422 singuli

514 2460 677 2513 super
718 2443 913 2498 fratres
951 2458 1098 2508 suos,
1148 2463 1167 2495 ι
1222 2443 1273 2497 id
1325 2451 1411 2497 est
1444 2442 1710 2498 deducent
1754 2443 1806 2496 in
1861 2443 2089 2496 ruinam.

519 2556 538 2584 ‹
573 2534 798 2591 Ilostilis
828 2552 927 2592 vos
963 2544 1105 2591 terra
1133 2543 1432 2592 consumet.
1467 2554 1486 2586 ι
1521 2533 1798 2603 Scriptura
1845 2534 2094 2590 videlicet

513 2628 821 2699 evangelica
875 2642 971 2683 vos
1013 2642 1200 2682 errare
1251 2625 1558 2681 convincet.
1599 2642 1617 2675 ι
1657 2624 1809 2691 Quod
1847 2624 1892 2679 si
1935 2625 1999 2679 de
2029 2625 2094 2679 iis

512 2717 678 2787 aliqui
757 2718 1156 2780 remanserint,
1230 2718 1509 2771 tabescent
1586 2715 1640 2769 in
1722 2715 2092 2784 iniquitatibus

514 2810 659 2874 suis,
709 2829 728 2862 ι
774 2819 878 2864 etc.
911 2809 1012 2876 Qui
1060 2808 1352 2879 persistere
1389 2807 1578 2862 volunt
1605 2809 1658 2861 in
1701 2816 1878 2878 erepto
1904 2821 2092 2862 errore

513 2901 688 2969 patria
716 2900 951 2969 perdita,
974 2900 1073 2968 ipsi
1101 2913 1315 2968 quoque
1341 2898 1519 2968 poenis
1555 2897 1830 2961 deﬁciunt,
1866 2915 1886 2948 ι
1923 2897 2092 2951 donec

512 2989 874 3044 conﬁteantur
901 2988 1212 3057 iniquitates
1241 3003 1386 3051 suas,
1417 3007 1435 3038 ι
1471 2987 1553 3042 vel
1583 2987 1670 3042 hic
1697 3002 1795 3056 per
1822 2987 2090 3057 paeniten-

513 3077 665 3144 tiam,
690 3081 770 3134 vel
795 3080 846 3133 in
875 3079 1055 3136 futuro
1078 3081 1144 3134 ad
1174 3081 1438 3134 rationem
1475 3081 1823 3135 reddendam.
1857 3098 1874 3131 ι
1911 3079 1979 3135 Ει
2010 3081 2090 3134 in-

512 3173 704 3226 ducam
754 3172 828 3226 in.
861 3181 1058 3226 terram
1103 3173 1376 3237 hostilem,
1427 3193 1445 3223 ι
1487 3173 1538 3228 id
1567 3182 1650 3226 est
1703 3173 1755 3226 in
1786 3173 2085 3228 doctrinam

2199 1976 2496 2030 custodiam
2525 1992 2646 2032 cum
2669 1978 2802 2050 legis
2824 1981 3185 2048 observantia,
3216 2003 3238 2036 ‹
3263 1984 3491 2048 femina,
3525 1988 3736 2050 decem,
3761 2009 3779 2038 ι

2199 2064 2251 2118 id
2291 2076 2374 2121 est
2419 2067 2705 2133 inﬁrmior,
2735 2071 2976 2142 decalogi
3005 2073 3090 2128 vel
3126 2075 3465 2132 historialem
3492 2077 3782 2133 observan-

2199 2157 2348 2212 tiam.
2377 2157 2431 2213 Si
2459 2175 2662 2229 pauper
2693 2160 2876 2228 fuerit,
2911 2182 2930 2215 ι
2965 2174 3098 2230 etc.,
3148 2166 3200 2221 id
3234 2176 3339 2232 est,
3377 2169 3428 2222 si
3466 2169 3638 2240 inaps
3683 2171 3781 2223 vir-

2197 2260 2392 2315 tutum,
2432 2253 2696 2321 promissa
2723 2269 3134 2325 recompensare
3160 2273 3268 2312 non
3296 2262 3574 2330 potuerit,
3615 2277 3781 2332 quan-

2194 2350 2308 2396 tum
2347 2341 2395 2396 ei
2425 2343 2733 2412 imponatur
2759 2361 2789 2398 a
2817 2347 3112 2416 majoribus
3145 2351 3492 2407 considerata
3521 2353 3648 2422 ejus
3679 2356 3781 2409 viro

2194 2440 2308 2485 tute
2335 2432 2601 2501 perﬁciat.
2637 2453 2656 2485 ι
2687 2435 2901 2490 Animal
2923 2439 3066 2507 quod
3111 2440 3375 2496 immolari
3420 2425 3664 2499 Domino
3693 2461 3778 2515 po-

2197 2531 2320 2587 test,
2367 2541 2385 2572 ›
2440 2531 2549 2577 etc.
2585 2524 2888 2594 Discipulus
2925 2542 3085 2595 quem
3139 2531 3206 2584 ad
3253 2532 3473 2587 Domini
3501 2537 3776 2590 servitium

2195 2614 2529 2683 disposueris
2559 2630 2666 2669 non
2717 2617 3021 2687 abjiciatur,
3047 2628 3106 2674 ut
3139 2637 3351 2690 quaeras
3399 2625 3604 2690 alium,
3639 2647 3659 2677 ι
3689 2643 3777 2682 nec

2191 2705 2384 2760 melius
2408 2706 2693 2770 malo,ncc
2739 2708 2891 2778 pejus
2933 2711 3092 2766 bono.
3134 2731 3151 2763 ι
3209 2712 3420 2769 Bonum
3479 2717 3632 2771 malo
3682 2733 3774 2772 non

2189 2809 2510 2855 commutes.
2562 2800 2619 2856 Si
2649 2816 2778 2858 vero
2817 2803 2990 2858 malus
3023 2813 3129 2869 est,
3157 2806 3222 2860 de
3269 2811 3623 2864 correctione
3671 2813 3777 2880 ejus

2190 2906 2260 2946 ne
2291 2891 2512 2947 deﬁcias
2545 2909 2644 2948 nec
2673 2895 2885 2962 penitus
2913 2895 3157 2966 ahjicias,
3185 2897 3280 2954 sed
3323 2901 3391 2953 ad
3451 2904 3773 2971 promissam

2189 2989 2517 3049 praesentare
2558 2991 2763 3052 satage.
2820 3001 2840 3032 ‹
2877 2982 2979 3050 Qui
3004 2985 3296 3040 mutaverit
3323 3026 3341 3051 ,
3381 3005 3401 3038 ο
3449 2997 3592 3053 etc.,
3624 2991 3676 3044 id
3701 2999 3774 3043 est

2192 3073 2237 3128 si
2265 3073 2426 3128 alium
2449 3089 2547 3144 pro
2574 3074 2664 3130 illo
2712 3075 3013 3139 meliorem,
3040 3079 3382 3147 acquisieris,
3413 3083 3619 3137 ambos
3675 3082 3773 3137 sal-

2187 3182 2317 3223 vare
2368 3179 2660 3224 memento.
2699 3188 2716 3220 c
2743 3169 2952 3224 Animal
2983 3172 3341 3238 immundum,
3384 3175 3536 3243 quod
3593 3176 3772 3230 immo-

512 3261 896 3330 evangelicam,
931 3281 949 3312 ‹
988 3264 1159 3317 donec
1203 3263 1488 3318 erubescat
1532 3263 1906 3319 incircumcisa
1935 3279 2088 3319 mens
2113 3233 2159 3294 Ο
2191 3259 2289 3314 lari
2319 3260 2546 3314 Domino
2566 3276 2672 3315 non
2722 3269 2918 3330 ροιθει,
2958 3281 2977 3313 »
3005 3272 3113 3318 etc.
3143 3263 3200 3319 ld
3233 3274 3342 3329 est.
3379 3267 3442 3320 Si
3493 3268 3626 3336 ﬁnis
3659 3283 3768 3322 eam

511 3368 721 3414 eorum,
755 3373 772 3405 ι
809 3368 838 3407 a
870 3354 1096 3408 veritate
1121 3362 1394 3424 superata.
1429 3375 1447 3405 ‹
1476 3355 1545 3409 Et
1571 3357 1896 3411 recordabor
1918 3355 2088 3410 foede-

513 3444 590 3497 ris
625 3443 758 3508 mei,
819 3464 836 3494 ι
877 3451 1009 3508 etc.,
1042 3444 1338 3514 spiritualis
1385 3445 1778 3513 promissionis.
1833 3463 1852 3496 ι
1905 3445 2088 3499 Terra:

511 3550 726 3604 quoque
771 3549 978 3588 memor
1014 3549 1141 3599 ero,
1175 3553 1194 3585 ι
1237 3535 1290 3588 id
1334 3543 1418 3589 est
1461 3549 1745 3606 synagoga
1770 3550 1977 3590 eorum.
2014 3535 2089 3590 De

512 3624 842 3680 sabbatismo
877 3633 1032 3679 terrae
1067 3639 1228 3694 supra
1258 3625 1460 3679 dictum
1492 3635 1595 3679 est.
1633 3643 1651 3674 α
1683 3625 1933 3679 Attamen
1960 3639 2085 3679 cum

510 3725 690 3770 essent
716 3715 768 3768 in
793 3724 937 3769 terra
968 3715 1170 3777 hostili,
1197 3731 1300 3769 non
1325 3715 1540 3784 penitus
1569 3716 1736 3785 abjeci
1772 3730 1888 3778 eos,
1924 3735 1942 3768 ι
1977 3723 2084 3770 etc.

513 3805 628 3861 Hoc
675 3815 758 3860 est
795 3807 936 3875 quod
982 3805 1113 3861 dicit
1153 3806 1444 3883 Apostolus
1475 3826 1487 3838 ο
1518 3825 1537 3857 ‹
1577 3806 1802 3863 Caecitas
1829 3821 1895 3862 ex
1934 3815 2087 3877 parte

513 3895 739 3965 contigit
770 3895 821 3948 in
851 3894 1018 3948 Israel
1057 3896 1228 3950 donec
1259 3895 1532 3965 plenitudo
1561 3897 1798 3967 gentium
1835 3897 2084 3962 intraret,

511 3996 565 4042 et
595 3987 671 4044 sic
699 3987 874 4042 omnis
910 3988 1071 4043 Israel
1103 3988 1284 4044 salvus
1312 3987 1462 4044 ﬁeret
1489 3988 1662 4056 (Rom.
1685 3989 1782 4059 xl).
1821 4008 1839 4040 ι
1866 4021 1935 4029 -
1965 4010 1982 4042 ‹
2021 3990 2087 4044 Et

512 4077 838 4134 recordabar
865 4075 1084 4134 foederis
1112 4080 1215 4134 mei
1247 4080 1481 4150 pristini,
1511 4099 1531 4132 ι
1558 4088 1688 4146 etc.,
1717 4081 1839 4150 quia
1867 4082 1946 4136 eis
1967 4096 2088 4150 pro-

514 4170 800 4226 missiones
819 4169 1074 4227 exhibita;
1101 4181 1242 4226 sunt.

1059 4305 1294 4364 CAPUT
1335 4306 1540 4365 XXVII.

590 4459 608 4491 ‹
645 4440 744 4509 Qui
775 4443 1125 4512 spoponderit
1148 4444 1384 4498 animam
1412 4459 1586 4508 suam,
1614 4446 1714 4501 sub
1734 4447 2088 4504 aestimatione

512 4532 662 4594 dabit
689 4533 942 4603 pretium.
975 4551 993 4584 ›
1030 4532 1132 4600 Qui
1197 4533 1362 4587 vitam
1415 4549 1564 4589 suam
1616 4536 1841 4593 Domino
1879 4541 2086 4594 voverit

509 4637 608 4690 pro
631 4622 986 4677 aestimatione
1032 4622 1225 4676 virium
1258 4623 1334 4677 illi
1384 4625 1602 4679 serviat.
1640 4645 1657 4677 ι
1696 4626 1752 4682 Si
1810 4630 2081 4685 masculus

509 4713 675 4768 fuerit
718 4729 749 4767 a
795 4714 1052 4769 vicesimo
1101 4729 1242 4769 anno
1270 4730 1442 4786 usque
1487 4716 1553 4771 ad
1604 4721 2016 4790 sexagesimum,
2053 4742 2072 4774 ι

510 4801 564 4854 id
596 4809 698 4865 est,
731 4801 886 4856 fortis
917 4803 985 4857 ad
1022 4804 1160 4858 bene
1183 4806 1539 4874 operandum,
1567 4822 1597 4860 a
1627 4808 1984 4877 completione
2008 4812 2082 4866 Ie-

507 4895 611 4964 gis,
644 4909 762 4961 quae
794 4895 846 4949 in
877 4895 1128 4968 decalogo
1151 4906 1381 4960 constat,
1410 4899 1500 4968 qui
1528 4907 1582 4953 et
1608 4903 1902 4958 secundum
1939 4904 2081 4960 litte-

511 4999 626 5038 ram
657 4994 712 5039 et
738 4985 1050 5053 allegoriam
1090 4987 1247 5042 debet
1295 4988 1572 5043 observari
1603 5006 1773 5058 usque
1815 4993 1881 5047 ad
1925 5009 2082 5050 sexa-

511 5077 807 5144 genarium,
861 5077 914 5130 id
963 5087 1050 5132 est
1097 5079 1479 5148 perfectionem
1525 5097 1768 5151 operum.
1824 5085 2085 5144 Seuarius

510 5167 784 5238 perfectus
804 5183 900 5238 per
932 5170 1234 5235 denarium,
1256 5187 1408 5240 aeque
1458 5173 1776 5242 perfectum,
1819 5180 2081 5250 multipli-

510 5271 684 5322 catur,
712 5266 771 5312 ut
799 5259 887 5313 hic
909 5263 1245 5330 proponitur.
1280 5264 1438 5318 Dabit
1463 5267 1859 5339 quinquaginta
1899 5273 2080 5336 siclos,

512 5350 566 5402 id
619 5357 722 5413 est,
747 5357 913 5406 totam
946 5351 1108 5405 vitam
1145 5369 1299 5408 suam
1351 5356 1718 5424 Spiritualitcr
1755 5365 1919 5419 vivat.
1959 5386 1976 5416 ι
2022 5367 2080 5422 Si

510 5438 704 5500 mulier
730 5479 745 5502 ,
775 5439 994 5510 triginta
1015 5481 1028 5500 ,
1065 5461 1082 5491 ι
1119 5442 1169 5495 id
1199 5453 1306 5506 est,
1344 5446 1608 5504 inﬁrmior
1632 5459 1755 5506 actu
1798 5453 2080 5510 Trinitatis

511 5531 672 5588 ﬁdem
725 5544 846 5584 cum
897 5532 1274 5590 observatione
1319 5538 1719 5596 mandatorum.
1759 5561 1778 5594 α
1806 5545 1852 5599 Α
1894 5547 2084 5615 quinto

509 5639 652 5678 anno
696 5638 867 5693 usque
897 5624 964 5678 ad
1015 5624 1327 5682 vicesimum
1379 5633 1654 5690 masculus
1702 5636 1852 5692 dabit
1892 5641 2083 5709 viginti

509 5712 692 5774 siclos,
731 5731 749 5764 ι
789 5713 840 5768 id
865 5721 968 5774 est,
997 5723 1282 5785 postquam
1311 5719 1530 5775 sciverit
1550 5724 1790 5794 quinque
1835 5731 2084 5784 sensibus

511 5803 877 5871 corportsuti,
930 5819 1101 5874 usque
1152 5808 1218 5862 ad
1249 5812 1612 5877 supradictam
1667 5815 2078 5885 completionem

2188 3349 2414 3404 Domino
2461 3351 2771 3420 promiserit
2817 3352 2968 3420 cujus
2989 3354 3116 3408 vitia
3149 3371 3216 3410 ne
3269 3355 3541 3412 offeratur
3570 3369 3772 3413 contra.

2201 3441 2408 3506 dicunt,
2440 3442 2671 3511 pretium
2704 3443 2820 3513 ejus
2853 3454 3104 3513 ponatur,
3133 3447 3184 3500 id
3233 3455 3318 3502 est
3383 3450 3634 3503 studium
3682 3451 3773 3504 im-

2185 3533 2469 3603 pendatur,
2501 3542 2560 3587 ut
2581 3534 2647 3588 de
2671 3534 2757 3588 illa
2785 3535 3122 3591 immunditia
3175 3537 3465 3594 liberetur.
3500 3541 3658 3607 Quod
3689 3555 3767 3594 sa-

2187 3624 2380 3679 cerdos
2429 3622 2689 3692 dijudicat
2739 3627 2940 3681 bonum
2987 3644 3054 3682 an
3103 3629 3302 3684 malum
3354 3632 3448 3695 sit,
3509 3633 3774 3702 signiﬁcat

2189 3712 2336 3766 illum
2363 3713 2678 3783 magistrum
2705 3717 3048 3773 considerare
3067 3719 3262 3774 debere
3289 3729 3475 3776 utrum
3517 3726 3590 3777 sit
3613 3725 3772 3778 corri-

2187 3806 2365 3876 gibilis
2385 3823 2453 3860 an
2477 3822 2603 3871 non,
2635 3810 2737 3862 etsi
2766 3810 2854 3871 sit,
2884 3812 3146 3865 studium'
3163 3815 3526 3870 correctionis
3555 3818 3611 3871 ei
3633 3817 3772 3871 adbi-

2186 3899 2330 3953 beat.
2363 3900 2514 3966 Quod
2535 3903 2578 3956 si
2604 3900 2780 3957 facere
2813 3903 3059 3969 voluerit,
3081 3907 3242 3961 addet
3266 3909 3518 3976 quintam
3544 3923 3766 3980 partem.

2187 3989 2242 4044 id
2264 3997 2348 4044 est
2374 4004 2472 4060 per
2498 3990 2827 4046 intellectum
2865 4007 3018 4049 suum
3055 3995 3156 4050 hoc
3187 3994 3404 4052 eﬁiciat.
3436 3999 3571 4054 Ideo
3621 4002 3769 4071 quin-

2188 4093 2298 4139 tam
2320 4093 2530 4157 partem
2572 4085 2901 4141 intellectum
2927 4088 3155 4143 dicimus
3180 4091 3305 4160 quia
3354 4091 3597 4164 singulis
3623 4095 3770 4164 quin-

2188 4191 2296 4247 que
2326 4191 2579 4242 sensuum
2621 4177 2760 4234 idem
2814 4187 3028 4249 praeest.
3073 4197 3092 4230 ι
3131 4179 3304 4235 Homo
3356 4183 3401 4236 si
3435 4185 3657 4239 voverit
3685 4186 3772 4240 do-

2191 4285 2338 4324 mum
2370 4284 2544 4332 suam,
2605 4287 2626 4322 »
2659 4280 2788 4334 etc.,
2816 4271 2868 4326 id
2908 4280 2990 4326 est
3017 4269 3376 4328 domesticam
3417 4274 3761 4337 Ecclesiam;

2189 4361 2364 4431 qualis
2425 4363 2498 4416 sit
2552 4362 2746 4432 probet
2803 4372 2858 4417 et
2903 4373 3163 4432 quantum
3214 4365 3380 4432 valet,
3449 4375 3668 4424 tantum
3716 4370 3768 4423 in

2190 4451 2406 4505 Domini
2435 4452 2718 4506 servitium
2752 4453 3044 4523 redigatur.
3078 4475 3094 4505 ‹
3126 4453 3184 4508 Si
3207 4465 3391 4510 autem
3437 4457 3537 4514 ille
3564 4459 3659 4530 qui
3681 4475 3764 4514 vo-

2192 4553 2343 4599 verat
2367 4543 2596 4598 voluerit
2624 4545 2890 4599 redimere
2915 4560 3055 4608 eam,
3093 4565 3110 4597 ι
3151 4545 3202 4599 id
3229 4555 3315 4601 est
3352 4548 3399 4601 si
3423 4549 3628 4605 iterum
3652 4566 3762 4606 eum

2189 4647 2379 4704 gerere
2403 4632 2634 4688 voluerit
2656 4633 2809 4704 juxta
2846 4634 3172 4690 intellectum
3200 4627 3382 4701 suum,
3410 4636 3630 4696 fructus
3655 4642 3763 4709 ejus

2190 4733 2580 4793 recompenset.
2617 4741 2636 4774 ‹
2679 4723 2831 4790 Quod
2859 4723 2902 4778 si
2933 4741 3118 4794 agrum
3146 4726 3510 4795 possessionis
3548 4744 3662 4783 sua:
3682 4744 3762 4780 vo-

2186 4817 2348 4882 verit,
2391 4835 2410 4868 ι
2445 4823 2577 4881 etc.,
2605 4816 2658 4871 id
2705 4824 2789 4872 est
2831 4816 3260 4881 meditationem,
3300 4834 3464 4889 quam
3506 4821 3563 4876 in
3590 4822 3760 4876 divina

2189 4909 2468 4980 Scriptura
2489 4909 2648 4964 debet
2676 4909 2914 4972 habere;
2956 4908 3109 4977 juxta
3139 4925 3451 4966 mensuram
3509 4915 3762 4969 sementis

2189 5002 2564 5065 aestimabitur,
2595 5001 2648 5056 id
2689 5010 2775 5056 est
2807 5003 3099 5056 secundum
3159 5005 3525 5073 capacitatem
3573 5019 3760 5061 sensus

2187 5093 2269 5147 sic
2300 5092 2661 5162 promittatur.
2687 5109 2705 5142 ι
2739 5090 2797 5148 Si
2821 5092 3040 5163 triginta
3062 5093 3256 5148 modiis
3279 5095 3469 5150 hordei
3495 5097 3716 5161 seritur,
3739 5115 3752 5144 ι

2185 5193 2292 5238 etc.
2335 5181 2392 5238 Si
2424 5197 2525 5251 per
2567 5182 2846 5237 Trinitatis
2887 5184 3045 5238 ﬁdem
3083 5199 3278 5239 sensus
3305 5184 3442 5254 legis
3478 5185 3536 5240 in
3583 5185 3756 5241 littera

2186 5275 2404 5330 latentis
2440 5275 2605 5344 capit,
2641 5274 2706 5329 ad
2737 5275 2973 5344 Spiritus
3001 5276 3172 5331 sancti
3192 5277 3423 5346 gratiam
3452 5277 3757 5347 percipien-

2189 5370 2312 5424 dam
2350 5369 2660 5425 meditetur.
2699 5387 2718 5419 ι
2755 5369 2810 5424 Si
2839 5371 3018 5424 statim
3050 5372 3119 5424 ab
3144 5364 3288 5423 anno
3335 5370 3656 5438 incipientis
3677 5367 3757 5436 jn-

2189 5460 2327 5514 bilaai
2359 5460 2582 5525 voverit,
2615 5478 2634 5511 ι
2668 5468 2776 5515 etc.
2809 5459 2865 5513 Si
2913 5461 2964 5514 in
2999 5461 3153 5516 initio
3196 5461 3630 5516 conversationis
3654 5475 3757 5513 mr-

2184 5551 2498 5606 ditationem
2564 5565 2716 5605 suam
2762 5551 2829 5604 ad
2893 5551 3126 5606 divinam
3170 5551 3345 5622 legem
3411 5550 3754 5607 scrutanda:

2185 5641 2658 5704 commendaverit,
2685 5651 2944 5710 quantum
2979 5643 3226 5698 laborare
3261 5643 3519 5712 potuerit,
3554 5651 3756 5696 tantum

2187 5733 2639 5787 remtmerabitur.
2676 5751 2694 5783 ‹
2734 5731 2828 5786 Sin
2883 5741 3060 5787 autem
3092 5741 3214 5801 post
3255 5733 3594 5803 aliquantum
3626 5741 3757 5786 tem-

2186 5824 2352 5893 poris,
2389 5843 2406 5875 ι
2433 5833 2565 5886 etc.,
2597 5824 2647 5876 id
2692 5833 2774 5878 est
2809 5826 2850 5878 si
2884 5826 2935 5878 in
2984 5826 3307 5894 provectiori
3349 5833 3510 5879 aetate
3563 5825 3631 5879 ad
3657 5825 3754 5877 hoc
