  <div class='ocr_page' id='page_1' title='image "/cluster/home/n/w/nwhite01/storage/ocr_20150623/114/hvd.32044018909580/432.png"; bbox 0 0 3948 6328; ppageno 0'>
   <div class='ocr_carea' id='block_1_1' title="bbox 171 418 279 478">
    <p class='ocr_par' dir='ltr' id='par_1_1' title="bbox 171 418 279 478">
     <span class='ocr_line' id='line_1_1' title="bbox 171 418 279 478; baseline 0.009 -1"><span class='ocrx_word' id='word_1_1' title='bbox 171 418 279 478; x_wconf 63' lang='grc' dir='ltr'><strong>δια</strong></span> 
     </span>
    </p>
   </div>
   <div class='ocr_carea' id='block_1_2' title="bbox 1198 405 2373 472">
    <p class='ocr_par' dir='ltr' id='par_1_2' title="bbox 1198 405 2373 472">
     <span class='ocr_line' id='line_1_2' title="bbox 1198 405 2373 472; baseline -0.006 -2"><span class='ocrx_word' id='word_1_2' title='bbox 1198 409 1478 472; x_wconf 68' lang='grc' dir='ltr'><strong>ΒΟΜΙΙᾸΑ</strong></span> <span class='ocrx_word' id='word_1_3' title='bbox 1516 409 1582 467; x_wconf 80' lang='grc' dir='ltr'><strong>ΙΝ</strong></span> <span class='ocrx_word' id='word_1_4' title='bbox 1618 407 1775 467; x_wconf 80' lang='lat' dir='ltr'><strong>INI&#39;I‘.</strong></span> <span class='ocrx_word' id='word_1_5' title='bbox 1813 406 2083 465; x_wconf 69' lang='lat' dir='ltr'><strong>EVANC.</strong></span> <span class='ocrx_word' id='word_1_6' title='bbox 2109 405 2373 464; x_wconf 69' lang='grc' dir='ltr'><strong>ΜΑἸἼἩ.</strong></span> 
     </span>
    </p>
   </div>
   <div class='ocr_carea' id='block_1_3' title="bbox 3317 397 3422 455">
    <p class='ocr_par' dir='ltr' id='par_1_3' title="bbox 3317 397 3422 455">
     <span class='ocr_line' id='line_1_3' title="bbox 3317 397 3422 455; baseline -0.029 0"><span class='ocrx_word' id='word_1_7' title='bbox 3317 397 3422 455; x_wconf 74' lang='lat'><strong>850</strong></span> 
     </span>
    </p>
   </div>
   <div class='ocr_carea' id='block_1_4' title="bbox 170 490 3419 605">
    <p class='ocr_par' dir='ltr' id='par_1_4' title="bbox 170 490 3419 605">
     <span class='ocr_line' id='line_1_4' title="bbox 170 490 3419 605; baseline -0.007 -16"><span class='ocrx_word' id='word_1_8' title='bbox 170 530 430 605; x_wconf 86' lang='lat' dir='ltr'><strong>agendum</strong></span> <span class='ocrx_word' id='word_1_9' title='bbox 467 525 851 593; x_wconf 87' lang='lat' dir='ltr'><strong>convolaverit,</strong></span> <span class='ocrx_word' id='word_1_10' title='bbox 881 527 1025 582; x_wconf 81' lang='lat' dir='ltr'><strong>sicut</strong></span> <span class='ocrx_word' id='word_1_11' title='bbox 1064 527 1243 589; x_wconf 86' lang='lat' dir='ltr'><strong>minus</strong></span> <span class='ocrx_word' id='word_1_12' title='bbox 1272 524 1385 593; x_wconf 87' lang='lat' dir='ltr'><strong>jam</strong></span> <span class='ocrx_word' id='word_1_13' title='bbox 1430 538 1625 593; x_wconf 81' lang='lat' dir='ltr'><strong>capere</strong></span> <span class='ocrx_word' id='word_1_14' title='bbox 1651 536 1743 592; x_wconf 91' lang='lat' dir='ltr'><strong>po-</strong></span> <span class='ocrx_word' id='word_1_15' title='bbox 1766 524 1817 585; x_wconf 74' lang='grc' dir='ltr'>Α</span> <span class='ocrx_word' id='word_1_16' title='bbox 1845 520 1984 586; x_wconf 86' lang='lat' dir='ltr'><strong>mal,</strong></span> <span class='ocrx_word' id='word_1_17' title='bbox 2020 541 2041 573; x_wconf 71' lang='grc' dir='ltr'>ι</span> <span class='ocrx_word' id='word_1_18' title='bbox 2074 528 2179 576; x_wconf 91' lang='lat' dir='ltr'><strong>etc.</strong></span> <span class='ocrx_word' id='word_1_19' title='bbox 2203 517 2505 574; x_wconf 73' lang='lat' dir='ltr'><strong>Debilitatis</strong></span> <span class='ocrx_word' id='word_1_20' title='bbox 2558 515 2971 573; x_wconf 58' lang='lat' dir='ltr'><strong>itnmnnditiam&#39;</strong></span> <span class='ocrx_word' id='word_1_21' title='bbox 3008 490 3158 568; x_wconf 79' lang='lat' dir='ltr'><strong>dicit.</strong></span> <span class='ocrx_word' id='word_1_22' title='bbox 3189 506 3248 605; x_wconf 73' lang='lat' dir='ltr'><strong>Si</strong></span> <span class='ocrx_word' id='word_1_23' title='bbox 3294 511 3419 581; x_wconf 84' lang='lat' dir='ltr'><strong>quis</strong></span> 
     </span>
    </p>
   </div>
   <div class='ocr_carea' id='block_1_5' title="bbox 174 611 1743 695">
    <p class='ocr_par' dir='ltr' id='par_1_5' title="bbox 174 611 1743 695">
     <span class='ocr_line' id='line_1_5' title="bbox 174 611 1743 695; baseline -0.009 -16"><span class='ocrx_word' id='word_1_24' title='bbox 174 623 313 687; x_wconf 87' lang='lat' dir='ltr'><strong>terit,</strong></span> <span class='ocrx_word' id='word_1_25' title='bbox 342 621 423 695; x_wconf 84' lang='lat' dir='ltr'><strong>sic</strong></span> <span class='ocrx_word' id='word_1_26' title='bbox 461 618 741 681; x_wconf 80' lang='lat' dir='ltr'><strong>minorem</strong></span> <span class='ocrx_word' id='word_1_27' title='bbox 780 617 972 686; x_wconf 89' lang='lat' dir='ltr'><strong>recipit</strong></span> <span class='ocrx_word' id='word_1_28' title='bbox 1014 615 1340 671; x_wconf 83' lang='lat' dir='ltr'><strong>mercedem.</strong></span> <span class='ocrx_word' id='word_1_29' title='bbox 1369 633 1389 667; x_wconf 85' lang='grc'><em>‹</em></span> <span class='ocrx_word' id='word_1_30' title='bbox 1426 612 1483 668; x_wconf 87' lang='lat' dir='ltr'><strong>Si</strong></span> <span class='ocrx_word' id='word_1_31' title='bbox 1512 611 1743 668; x_wconf 83' lang='lat' dir='ltr'><strong>voluerit</strong></span> 
     </span>
    </p>
   </div>
   <div class='ocr_carea' id='block_1_6' title="bbox 174 704 1743 781">
    <p class='ocr_par' dir='ltr' id='par_1_6' title="bbox 174 704 1743 781">
     <span class='ocr_line' id='line_1_6' title="bbox 174 704 1743 781; baseline -0.008 -11"><span class='ocrx_word' id='word_1_32' title='bbox 174 712 433 771; x_wconf 86' lang='lat' dir='ltr'><strong>redimere</strong></span> <span class='ocrx_word' id='word_1_33' title='bbox 469 725 659 781; x_wconf 88' lang='lat' dir='ltr'><strong>agrum</strong></span> <span class='ocrx_word' id='word_1_34' title='bbox 685 709 778 779; x_wconf 86' lang='lat' dir='ltr'><strong>qui</strong></span> <span class='ocrx_word' id='word_1_35' title='bbox 814 717 1058 776; x_wconf 64' lang='lat' dir='ltr'><strong>Voverat,</strong></span> <span class='ocrx_word' id='word_1_36' title='bbox 1096 729 1114 760; x_wconf 76' lang='grc' dir='ltr'><strong><em>ι</em></strong></span> <span class='ocrx_word' id='word_1_37' title='bbox 1151 716 1260 764; x_wconf 91' lang='lat' dir='ltr'><strong>etc.</strong></span> <span class='ocrx_word' id='word_1_38' title='bbox 1286 707 1344 762; x_wconf 90' lang='lat' dir='ltr'><strong>Id</strong></span> <span class='ocrx_word' id='word_1_39' title='bbox 1382 713 1468 763; x_wconf 85' lang='lat' dir='ltr'><strong>est</strong></span> <span class='ocrx_word' id='word_1_40' title='bbox 1502 707 1548 761; x_wconf 89' lang='lat' dir='ltr'><strong>si</strong></span> <span class='ocrx_word' id='word_1_41' title='bbox 1578 704 1743 759; x_wconf 87' lang='lat' dir='ltr'><strong>medi-</strong></span> 
     </span>
    </p>
   </div>
   <div class='ocr_carea' id='block_1_7' title="bbox 172 799 1745 871">
    <p class='ocr_par' dir='ltr' id='par_1_7' title="bbox 172 799 1745 871">
     <span class='ocr_line' id='line_1_7' title="bbox 172 799 1745 871; baseline -0.006 -10"><span class='ocrx_word' id='word_1_42' title='bbox 172 806 426 862; x_wconf 86' lang='lat' dir='ltr'><strong>tationem</strong></span> <span class='ocrx_word' id='word_1_43' title='bbox 452 818 606 858; x_wconf 90' lang='lat' dir='ltr'><strong>suam</strong></span> <span class='ocrx_word' id='word_1_44' title='bbox 633 810 695 857; x_wconf 88' lang='lat' dir='ltr'><strong>ut</strong></span> <span class='ocrx_word' id='word_1_45' title='bbox 719 803 1068 871; x_wconf 84' lang='lat' dir='ltr'><strong>semetipsum</strong></span> <span class='ocrx_word' id='word_1_46' title='bbox 1113 802 1169 856; x_wconf 89' lang='lat' dir='ltr'><strong>in</strong></span> <span class='ocrx_word' id='word_1_47' title='bbox 1196 799 1493 871; x_wconf 89' lang='lat' dir='ltr'><strong>Scripturis</strong></span> <span class='ocrx_word' id='word_1_48' title='bbox 1512 799 1745 854; x_wconf 82' lang='lat' dir='ltr'><strong>instruat</strong></span> 
     </span>
    </p>
   </div>
   <div class='ocr_carea' id='block_1_8' title="bbox 172 889 1739 962">
    <p class='ocr_par' dir='ltr' id='par_1_8' title="bbox 172 889 1739 962">
     <span class='ocr_line' id='line_1_8' title="bbox 172 889 1739 962; baseline -0.006 -11"><span class='ocrx_word' id='word_1_49' title='bbox 172 908 422 951; x_wconf 87' lang='lat' dir='ltr'><strong>revocare</strong></span> <span class='ocrx_word' id='word_1_50' title='bbox 463 893 722 960; x_wconf 74' lang='lat' dir='ltr'><strong>voluerit,</strong></span> <span class='ocrx_word' id='word_1_51' title='bbox 737 907 847 948; x_wconf 90' lang='lat' dir='ltr'><strong>non</strong></span> <span class='ocrx_word' id='word_1_52' title='bbox 882 900 945 946; x_wconf 84' lang='lat' dir='ltr'><strong>ut</strong></span> <span class='ocrx_word' id='word_1_53' title='bbox 971 906 1205 962; x_wconf 86' lang='lat' dir='ltr'><strong>.semper</strong></span> <span class='ocrx_word' id='word_1_54' title='bbox 1233 890 1462 946; x_wconf 85' lang='lat' dir='ltr'><strong>alterum</strong></span> <span class='ocrx_word' id='word_1_55' title='bbox 1491 889 1739 954; x_wconf 85' lang='lat' dir='ltr'><strong>audiens,</strong></span> 
     </span>
    </p>
   </div>
   <div class='ocr_carea' id='block_1_9' title="bbox 173 981 1743 1055">
    <p class='ocr_par' dir='ltr' id='par_1_9' title="bbox 173 981 1743 1055">
     <span class='ocr_line' id='line_1_9' title="bbox 173 981 1743 1055; baseline -0.006 -12"><span class='ocrx_word' id='word_1_56' title='bbox 173 1000 443 1055; x_wconf 77' lang='lat' dir='ltr'><strong>nunquam</strong></span> <span class='ocrx_word' id='word_1_57' title='bbox 473 985 574 1040; x_wconf 89' lang='lat' dir='ltr'><strong>sibi</strong></span> <span class='ocrx_word' id='word_1_58' title='bbox 598 984 698 1054; x_wconf 84' lang='lat' dir='ltr'><strong>ipsi</strong></span> <span class='ocrx_word' id='word_1_59' title='bbox 727 985 964 1055; x_wconf 80' lang='lat' dir='ltr'><strong>praebeat</strong></span> <span class='ocrx_word' id='word_1_60' title='bbox 991 983 1358 1045; x_wconf 84' lang='lat' dir='ltr'><strong>refectionem,</strong></span> <span class='ocrx_word' id='word_1_61' title='bbox 1400 982 1554 1051; x_wconf 79' lang='lat' dir='ltr'><strong>juxta</strong></span> <span class='ocrx_word' id='word_1_62' title='bbox 1586 981 1743 1037; x_wconf 88' lang='lat' dir='ltr'><strong>intel-</strong></span> 
     </span>
    </p>
   </div>
   <div class='ocr_carea' id='block_1_10' title="bbox 172 1070 1742 1145">
    <p class='ocr_par' dir='ltr' id='par_1_10' title="bbox 172 1070 1742 1145">
     <span class='ocr_line' id='line_1_10' title="bbox 172 1070 1742 1145; baseline -0.004 -13"><span class='ocrx_word' id='word_1_63' title='bbox 172 1076 365 1132; x_wconf 80' lang='lat' dir='ltr'><strong>lectum</strong></span> <span class='ocrx_word' id='word_1_64' title='bbox 390 1074 636 1129; x_wconf 78' lang='lat' dir='ltr'><strong>veritatis</strong></span> <span class='ocrx_word' id='word_1_65' title='bbox 661 1089 781 1130; x_wconf 84' lang='lat' dir='ltr'><strong>eam</strong></span> <span class='ocrx_word' id='word_1_66' title='bbox 819 1074 1105 1145; x_wconf 85' lang='lat' dir='ltr'><strong>percipiat,</strong></span> <span class='ocrx_word' id='word_1_67' title='bbox 1137 1082 1194 1128; x_wconf 92' lang='lat' dir='ltr'><strong>ut</strong></span> <span class='ocrx_word' id='word_1_68' title='bbox 1226 1070 1342 1141; x_wconf 83' lang='lat' dir='ltr'><strong>ejus</strong></span> <span class='ocrx_word' id='word_1_69' title='bbox 1393 1070 1628 1127; x_wconf 88' lang='lat' dir='ltr'><strong>fructum</strong></span> <span class='ocrx_word' id='word_1_70' title='bbox 1659 1086 1742 1126; x_wconf 87' lang='lat' dir='ltr'><strong>re-</strong></span> 
     </span>
    </p>
   </div>
   <div class='ocr_carea' id='block_1_11' title="bbox 169 1161 1743 1235">
    <p class='ocr_par' dir='ltr' id='par_1_11' title="bbox 169 1161 1743 1235">
     <span class='ocr_line' id='line_1_11' title="bbox 169 1161 1743 1235; baseline -0.006 -11"><span class='ocrx_word' id='word_1_71' title='bbox 169 1172 479 1235; x_wconf 87' lang='lat' dir='ltr'><strong>compenset</strong></span> <span class='ocrx_word' id='word_1_72' title='bbox 517 1165 744 1220; x_wconf 88' lang='lat' dir='ltr'><strong>Domino</strong></span> <span class='ocrx_word' id='word_1_73' title='bbox 786 1164 874 1220; x_wconf 90' lang='lat' dir='ltr'><strong>cui</strong></span> <span class='ocrx_word' id='word_1_74' title='bbox 921 1164 1069 1219; x_wconf 86' lang='lat' dir='ltr'><strong>illam</strong></span> <span class='ocrx_word' id='word_1_75' title='bbox 1099 1163 1369 1235; x_wconf 87' lang='lat' dir='ltr'><strong>promisit,</strong></span> <span class='ocrx_word' id='word_1_76' title='bbox 1395 1170 1452 1219; x_wconf 91' lang='lat' dir='ltr'><strong>et</strong></span> <span class='ocrx_word' id='word_1_77' title='bbox 1497 1162 1599 1218; x_wconf 85' lang='lat' dir='ltr'><strong>sibi</strong></span> <span class='ocrx_word' id='word_1_78' title='bbox 1631 1161 1743 1216; x_wconf 75' lang='lat' dir='ltr'><strong>fru—</strong></span> 
     </span>
    </p>
   </div>
   <div class='ocr_carea' id='block_1_12' title="bbox 170 1256 1743 1320">
    <p class='ocr_par' dir='ltr' id='par_1_12' title="bbox 170 1256 1743 1320">
     <span class='ocr_line' id='line_1_12' title="bbox 170 1256 1743 1320; baseline -0.006 -1"><span class='ocrx_word' id='word_1_79' title='bbox 170 1270 314 1320; x_wconf 89' lang='lat' dir='ltr'><strong>ctum</strong></span> <span class='ocrx_word' id='word_1_80' title='bbox 345 1261 470 1317; x_wconf 90' lang='lat' dir='ltr'><strong>inde</strong></span> <span class='ocrx_word' id='word_1_81' title='bbox 495 1260 795 1317; x_wconf 89' lang='lat' dir='ltr'><strong>dulcedinis</strong></span> <span class='ocrx_word' id='word_1_82' title='bbox 820 1268 1008 1315; x_wconf 87' lang='lat' dir='ltr'><strong>metat.</strong></span> <span class='ocrx_word' id='word_1_83' title='bbox 1044 1277 1063 1311; x_wconf 85' lang='grc'><strong>‹</strong></span> <span class='ocrx_word' id='word_1_84' title='bbox 1098 1256 1158 1314; x_wconf 88' lang='lat' dir='ltr'><strong>Si</strong></span> <span class='ocrx_word' id='word_1_85' title='bbox 1187 1267 1368 1313; x_wconf 90' lang='lat' dir='ltr'><strong>autem</strong></span> <span class='ocrx_word' id='word_1_86' title='bbox 1392 1256 1627 1312; x_wconf 85' lang='lat' dir='ltr'><strong>noluerit</strong></span> <span class='ocrx_word' id='word_1_87' title='bbox 1654 1270 1743 1311; x_wconf 85' lang='lat' dir='ltr'><strong>re-</strong></span> 
     </span>
    </p>
   </div>
   <div class='ocr_carea' id='block_1_13' title="bbox 168 1348 1736 1419">
    <p class='ocr_par' dir='ltr' id='par_1_13' title="bbox 168 1348 1736 1419">
     <span class='ocr_line' id='line_1_13' title="bbox 168 1348 1736 1419; baseline -0.006 -7"><span class='ocrx_word' id='word_1_88' title='bbox 168 1355 395 1419; x_wconf 86' lang='lat' dir='ltr'><strong>dimere,</strong></span> <span class='ocrx_word' id='word_1_89' title='bbox 441 1354 537 1410; x_wconf 90' lang='lat' dir='ltr'><strong>sed</strong></span> <span class='ocrx_word' id='word_1_90' title='bbox 566 1352 754 1409; x_wconf 86' lang='lat' dir='ltr'><strong>alteris</strong></span> <span class='ocrx_word' id='word_1_91' title='bbox 816 1351 1065 1409; x_wconf 83' lang='lat' dir='ltr'><strong>civilibus</strong></span> <span class='ocrx_word' id='word_1_92' title='bbox 1102 1349 1269 1405; x_wconf 82' lang='lat' dir='ltr'><strong>fuerit</strong></span> <span class='ocrx_word' id='word_1_93' title='bbox 1322 1348 1679 1415; x_wconf 77' lang='lat' dir='ltr'><strong>venundatus,</strong></span> <span class='ocrx_word' id='word_1_94' title='bbox 1716 1368 1736 1401; x_wconf 71' lang='grc' dir='ltr'><strong><em>ι</em></strong></span> 
     </span>
    </p>
   </div>
   <div class='ocr_carea' id='block_1_14' title="bbox 168 1437 1745 1510">
    <p class='ocr_par' dir='ltr' id='par_1_14' title="bbox 168 1437 1745 1510">
     <span class='ocr_line' id='line_1_14' title="bbox 168 1437 1745 1510; baseline -0.006 -10"><span class='ocrx_word' id='word_1_95' title='bbox 168 1455 271 1500; x_wconf 82' lang='lat' dir='ltr'><strong>etc.</strong></span> <span class='ocrx_word' id='word_1_96' title='bbox 330 1443 398 1499; x_wconf 79' lang='lat' dir='ltr'><strong>Si</strong></span> <span class='ocrx_word' id='word_1_97' title='bbox 430 1442 837 1499; x_wconf 84' lang='lat' dir='ltr'><strong>meditationem</strong></span> <span class='ocrx_word' id='word_1_98' title='bbox 870 1455 1058 1507; x_wconf 88' lang='lat' dir='ltr'><strong>suam,</strong></span> <span class='ocrx_word' id='word_1_99' title='bbox 1098 1448 1161 1495; x_wconf 92' lang='lat' dir='ltr'><strong>ut</strong></span> <span class='ocrx_word' id='word_1_100' title='bbox 1185 1453 1283 1510; x_wconf 90' lang='lat' dir='ltr'><strong>per</strong></span> <span class='ocrx_word' id='word_1_101' title='bbox 1327 1454 1386 1494; x_wconf 90' lang='lat' dir='ltr'><strong>se</strong></span> <span class='ocrx_word' id='word_1_102' title='bbox 1413 1439 1558 1508; x_wconf 83' lang='lat' dir='ltr'><strong>legat</strong></span> <span class='ocrx_word' id='word_1_103' title='bbox 1583 1444 1637 1492; x_wconf 89' lang='lat' dir='ltr'><strong>et</strong></span> <span class='ocrx_word' id='word_1_104' title='bbox 1662 1437 1745 1491; x_wconf 90' lang='lat' dir='ltr'><strong>in-</strong></span> 
     </span>
    </p>
   </div>
   <div class='ocr_carea' id='block_1_15' title="bbox 169 1529 1744 1607">
    <p class='ocr_par' dir='ltr' id='par_1_15' title="bbox 169 1529 1744 1607">
     <span class='ocr_line' id='line_1_15' title="bbox 169 1529 1744 1607; baseline -0.007 -15"><span class='ocrx_word' id='word_1_105' title='bbox 169 1534 397 1607; x_wconf 74' lang='lat' dir='ltr'><strong>telligat,</strong></span> <span class='ocrx_word' id='word_1_106' title='bbox 422 1534 491 1591; x_wconf 85' lang='lat' dir='ltr'><strong>ad</strong></span> <span class='ocrx_word' id='word_1_107' title='bbox 514 1550 575 1591; x_wconf 91' lang='lat' dir='ltr'><strong>se</strong></span> <span class='ocrx_word' id='word_1_108' title='bbox 599 1533 859 1591; x_wconf 85' lang='lat' dir='ltr'><strong>reducere</strong></span> <span class='ocrx_word' id='word_1_109' title='bbox 883 1531 1200 1596; x_wconf 84' lang='lat' dir='ltr'><strong>tardaverit,</strong></span> <span class='ocrx_word' id='word_1_110' title='bbox 1231 1538 1289 1586; x_wconf 90' lang='lat' dir='ltr'><strong>et</strong></span> <span class='ocrx_word' id='word_1_111' title='bbox 1311 1529 1470 1585; x_wconf 83' lang='lat' dir='ltr'><strong>alteri</strong></span> <span class='ocrx_word' id='word_1_112' title='bbox 1528 1541 1744 1598; x_wconf 89' lang='lat' dir='ltr'><strong>semper</strong></span> 
     </span>
    </p>
   </div>
   <div class='ocr_carea' id='block_1_16' title="bbox 167 1617 1741 1693">
    <p class='ocr_par' dir='ltr' id='par_1_16' title="bbox 167 1617 1741 1693">
     <span class='ocr_line' id='line_1_16' title="bbox 167 1617 1741 1693; baseline -0.005 -15"><span class='ocrx_word' id='word_1_113' title='bbox 167 1622 325 1678; x_wconf 84' lang='lat' dir='ltr'><strong>inniti</strong></span> <span class='ocrx_word' id='word_1_114' title='bbox 368 1622 616 1685; x_wconf 87' lang='lat' dir='ltr'><strong>voluerit,</strong></span> <span class='ocrx_word' id='word_1_115' title='bbox 676 1629 856 1693; x_wconf 88' lang='lat' dir='ltr'><strong>potest</strong></span> <span class='ocrx_word' id='word_1_116' title='bbox 900 1620 1214 1690; x_wconf 89' lang='lat' dir='ltr'><strong>contingere</strong></span> <span class='ocrx_word' id='word_1_117' title='bbox 1238 1627 1297 1672; x_wconf 94' lang='lat' dir='ltr'><strong>ut</strong></span> <span class='ocrx_word' id='word_1_118' title='bbox 1326 1617 1404 1672; x_wconf 90' lang='lat' dir='ltr'><strong>illi</strong></span> <span class='ocrx_word' id='word_1_119' title='bbox 1446 1618 1741 1683; x_wconf 69' lang='lat' dir='ltr'><strong>adhaereat,</strong></span> 
     </span>
    </p>
   </div>
   <div class='ocr_carea' id='block_1_17' title="bbox 166 1708 1739 1782">
    <p class='ocr_par' dir='ltr' id='par_1_17' title="bbox 166 1708 1739 1782">
     <span class='ocr_line' id='line_1_17' title="bbox 166 1708 1739 1782; baseline -0.004 -14"><span class='ocrx_word' id='word_1_120' title='bbox 166 1713 231 1768; x_wconf 88' lang='lat' dir='ltr'><strong>de</strong></span> <span class='ocrx_word' id='word_1_121' title='bbox 255 1726 368 1782; x_wconf 89' lang='lat' dir='ltr'><strong>quo</strong></span> <span class='ocrx_word' id='word_1_122' title='bbox 394 1726 639 1766; x_wconf 89' lang='lat' dir='ltr'><strong>errorem</strong></span> <span class='ocrx_word' id='word_1_123' title='bbox 673 1712 873 1782; x_wconf 89' lang='lat' dir='ltr'><strong>capiat,</strong></span> <span class='ocrx_word' id='word_1_124' title='bbox 896 1710 1039 1767; x_wconf 89' lang='lat' dir='ltr'><strong>unde</strong></span> <span class='ocrx_word' id='word_1_125' title='bbox 1067 1725 1175 1766; x_wconf 90' lang='lat' dir='ltr'><strong>non</strong></span> <span class='ocrx_word' id='word_1_126' title='bbox 1219 1708 1378 1766; x_wconf 80' lang='lat' dir='ltr'><strong>facile</strong></span> <span class='ocrx_word' id='word_1_127' title='bbox 1423 1709 1739 1764; x_wconf 84' lang='lat' dir='ltr'><strong>redimatur.</strong></span> 
     </span>
    </p>
   </div>
   <div class='ocr_carea' id='block_1_18' title="bbox 173 1798 1746 1870">
    <p class='ocr_par' dir='ltr' id='par_1_18' title="bbox 173 1798 1746 1870">
     <span class='ocr_line' id='line_1_18' title="bbox 173 1798 1746 1870; baseline 0.001 -18"><span class='ocrx_word' id='word_1_128' title='bbox 173 1821 193 1852; x_wconf 80' lang='grc' dir='ltr'>ι</span> <span class='ocrx_word' id='word_1_129' title='bbox 227 1800 365 1870; x_wconf 87' lang='lat' dir='ltr'><strong>Quia</strong></span> <span class='ocrx_word' id='word_1_130' title='bbox 391 1816 514 1856; x_wconf 90' lang='lat' dir='ltr'><strong>cum</strong></span> <span class='ocrx_word' id='word_1_131' title='bbox 534 1800 731 1869; x_wconf 67' lang='lat' dir='ltr'><strong>iubilan</strong></span> <span class='ocrx_word' id='word_1_132' title='bbox 756 1801 963 1857; x_wconf 81' lang='lat' dir='ltr'><strong>venerit</strong></span> <span class='ocrx_word' id='word_1_133' title='bbox 983 1800 1117 1866; x_wconf 86' lang='lat' dir='ltr'><strong>dies,</strong></span> <span class='ocrx_word' id='word_1_134' title='bbox 1139 1799 1512 1857; x_wconf 84' lang='lat' dir='ltr'><strong>sanctificatus</strong></span> <span class='ocrx_word' id='word_1_135' title='bbox 1524 1799 1627 1854; x_wconf 90' lang='lat' dir='ltr'><strong>erit</strong></span> <span class='ocrx_word' id='word_1_136' title='bbox 1648 1798 1746 1854; x_wconf 85' lang='lat' dir='ltr'><strong>Do-</strong></span> 
     </span>
    </p>
   </div>
   <div class='ocr_carea' id='block_1_19' title="bbox 1842 603 3422 683">
    <p class='ocr_par' dir='ltr' id='par_1_19' title="bbox 1842 603 3422 683">
     <span class='ocr_line' id='line_1_19' title="bbox 1842 603 3422 683; baseline -0.009 -12"><span class='ocrx_word' id='word_1_137' title='bbox 1842 613 2193 683; x_wconf 80' lang='lat' dir='ltr'><strong>semetipsum</strong></span> <span class='ocrx_word' id='word_1_138' title='bbox 2238 610 2719 666; x_wconf 75' lang='lat' dir='ltr'><strong>eonstrinxerit&#39;in</strong></span> <span class='ocrx_word' id='word_1_139' title='bbox 2765 607 2946 676; x_wconf 87' lang='lat' dir='ltr'><strong>aliquo</strong></span> <span class='ocrx_word' id='word_1_140' title='bbox 2970 614 3114 669; x_wconf 89' lang='lat' dir='ltr'><strong>voto,</strong></span> <span class='ocrx_word' id='word_1_141' title='bbox 3160 603 3300 660; x_wconf 88' lang='lat' dir='ltr'><strong>sicut</strong></span> <span class='ocrx_word' id='word_1_142' title='bbox 3334 612 3422 659; x_wconf 88' lang='lat' dir='ltr'><strong>est</strong></span> 
     </span>
    </p>
   </div>
   <div class='ocr_carea' id='block_1_20' title="bbox 1843 693 3419 774">
    <p class='ocr_par' dir='ltr' id='par_1_20' title="bbox 1843 693 3419 774">
     <span class='ocr_line' id='line_1_20' title="bbox 1843 693 3419 774; baseline -0.006 -18"><span class='ocrx_word' id='word_1_143' title='bbox 1843 700 2167 774; x_wconf 79' lang='lat' dir='ltr'><strong>virginitatis</strong></span> <span class='ocrx_word' id='word_1_144' title='bbox 2210 700 2517 770; x_wconf 89' lang='lat' dir='ltr'><strong>promissio,</strong></span> <span class='ocrx_word' id='word_1_145' title='bbox 2556 709 2615 755; x_wconf 90' lang='lat' dir='ltr'><strong>et</strong></span> <span class='ocrx_word' id='word_1_146' title='bbox 2648 713 2836 753; x_wconf 85' lang='lat' dir='ltr'><strong>rursus</strong></span> <span class='ocrx_word' id='word_1_147' title='bbox 2879 696 2932 750; x_wconf 88' lang='lat' dir='ltr'><strong>in</strong></span> <span class='ocrx_word' id='word_1_148' title='bbox 2983 694 3162 765; x_wconf 89' lang='lat' dir='ltr'><strong>aliquo</strong></span> <span class='ocrx_word' id='word_1_149' title='bbox 3195 693 3419 751; x_wconf 83' lang='lat' dir='ltr'><strong>vitiosus</strong></span> 
     </span>
    </p>
   </div>
   <div class='ocr_carea' id='block_1_21' title="bbox 1843 784 3419 863">
    <p class='ocr_par' dir='ltr' id='par_1_21' title="bbox 1843 784 3419 863">
     <span class='ocr_line' id='line_1_21' title="bbox 1843 784 3419 863; baseline -0.006 -15"><span class='ocrx_word' id='word_1_150' title='bbox 1843 793 2026 860; x_wconf 88' lang='lat' dir='ltr'><strong>fuerit,</strong></span> <span class='ocrx_word' id='word_1_151' title='bbox 2058 793 2113 847; x_wconf 91' lang='lat' dir='ltr'><strong>in</strong></span> <span class='ocrx_word' id='word_1_152' title='bbox 2134 808 2200 849; x_wconf 93' lang='lat' dir='ltr'><strong>eo</strong></span> <span class='ocrx_word' id='word_1_153' title='bbox 2224 792 2368 863; x_wconf 90' lang='lat' dir='ltr'><strong>quod</strong></span> <span class='ocrx_word' id='word_1_154' title='bbox 2420 808 2487 846; x_wconf 77' lang='lat' dir='ltr'><strong>ex</strong></span> <span class='ocrx_word' id='word_1_155' title='bbox 2516 807 2613 846; x_wconf 92' lang='lat' dir='ltr'><strong>sua</strong></span> <span class='ocrx_word' id='word_1_156' title='bbox 2652 788 3013 859; x_wconf 88' lang='lat' dir='ltr'><strong>promissione</strong></span> <span class='ocrx_word' id='word_1_157' title='bbox 3063 784 3320 850; x_wconf 78' lang='lat' dir='ltr'><strong>servavit,</strong></span> <span class='ocrx_word' id='word_1_158' title='bbox 3350 785 3419 839; x_wconf 90' lang='lat' dir='ltr'><strong>ab</strong></span> 
     </span>
    </p>
   </div>
   <div class='ocr_carea' id='block_1_22' title="bbox 1843 876 3422 955">
    <p class='ocr_par' dir='ltr' id='par_1_22' title="bbox 1843 876 3422 955">
     <span class='ocr_line' id='line_1_22' title="bbox 1843 876 3422 955; baseline -0.006 -14"><span class='ocrx_word' id='word_1_159' title='bbox 1843 884 1949 941; x_wconf 89' lang='lat' dir='ltr'><strong>alio</strong></span> <span class='ocrx_word' id='word_1_160' title='bbox 1972 901 2080 941; x_wconf 91' lang='lat' dir='ltr'><strong>non</strong></span> <span class='ocrx_word' id='word_1_161' title='bbox 2124 893 2301 955; x_wconf 75' lang='lat' dir='ltr'><strong>potest</strong></span> <span class='ocrx_word' id='word_1_162' title='bbox 2346 884 2455 939; x_wconf 85' lang='lat' dir='ltr'><strong>Deo</strong></span> <span class='ocrx_word' id='word_1_163' title='bbox 2483 882 2706 948; x_wconf 80' lang='lat' dir='ltr'><strong>offerri;</strong></span> <span class='ocrx_word' id='word_1_164' title='bbox 2754 881 2808 935; x_wconf 90' lang='lat' dir='ltr'><strong>in</strong></span> <span class='ocrx_word' id='word_1_165' title='bbox 2842 880 2948 935; x_wconf 92' lang='lat' dir='ltr'><strong>alio</strong></span> <span class='ocrx_word' id='word_1_166' title='bbox 2987 893 3137 944; x_wconf 89' lang='lat' dir='ltr'><strong>vero,</strong></span> <span class='ocrx_word' id='word_1_167' title='bbox 3173 892 3282 947; x_wconf 90' lang='lat' dir='ltr'><strong>quo</strong></span> <span class='ocrx_word' id='word_1_168' title='bbox 3320 876 3422 931; x_wconf 80' lang='lat' dir='ltr'><strong>mi-</strong></span> 
     </span>
    </p>
   </div>
   <div class='ocr_carea' id='block_1_23' title="bbox 1844 969 3418 1046">
    <p class='ocr_par' dir='ltr' id='par_1_23' title="bbox 1844 969 3418 1046">
     <span class='ocr_line' id='line_1_23' title="bbox 1844 969 3418 1046; baseline -0.007 -14"><span class='ocrx_word' id='word_1_169' title='bbox 1844 975 2288 1046; x_wconf 85' lang='lat' dir='ltr'><strong>nus_pcrfectum</strong></span> <span class='ocrx_word' id='word_1_170' title='bbox 2318 983 2401 1030; x_wconf 89' lang='lat' dir='ltr'><strong>est</strong></span> <span class='ocrx_word' id='word_1_171' title='bbox 2450 973 2660 1037; x_wconf 82' lang='lat' dir='ltr'><strong>redimi,</strong></span> <span class='ocrx_word' id='word_1_172' title='bbox 2713 972 2869 1043; x_wconf 82' lang='lat' dir='ltr'><strong>juxta</strong></span> <span class='ocrx_word' id='word_1_173' title='bbox 2926 969 3418 1025; x_wconf 88' lang='lat' dir='ltr'><strong>considerationem</strong></span> 
     </span>
    </p>
   </div>
   <div class='ocr_carea' id='block_1_24' title="bbox 1843 1060 3418 1136">
    <p class='ocr_par' dir='ltr' id='par_1_24' title="bbox 1843 1060 3418 1136">
     <span class='ocr_line' id='line_1_24' title="bbox 1843 1060 3418 1136; baseline -0.007 -14"><span class='ocrx_word' id='word_1_174' title='bbox 1843 1066 2183 1123; x_wconf 89' lang='lat' dir='ltr'><strong>necessitatis</strong></span> <span class='ocrx_word' id='word_1_175' title='bbox 2234 1082 2369 1136; x_wconf 92' lang='lat' dir='ltr'><strong>opus</strong></span> <span class='ocrx_word' id='word_1_176' title='bbox 2422 1066 2601 1121; x_wconf 84' lang='lat' dir='ltr'><strong>habet.</strong></span> <span class='ocrx_word' id='word_1_177' title='bbox 2657 1084 2676 1116; x_wconf 74' lang='grc' dir='ltr'>ι</span> <span class='ocrx_word' id='word_1_178' title='bbox 2734 1063 2792 1118; x_wconf 90' lang='lat' dir='ltr'><strong>Si</strong></span> <span class='ocrx_word' id='word_1_179' title='bbox 2851 1063 3116 1117; x_wconf 88' lang='lat' dir='ltr'><strong>redimere</strong></span> <span class='ocrx_word' id='word_1_180' title='bbox 3166 1060 3418 1120; x_wconf 84' lang='lat' dir='ltr'><strong>noluerit,</strong></span> 
     </span>
    </p>
   </div>
   <div class='ocr_carea' id='block_1_25' title="bbox 1844 1152 3420 1216">
    <p class='ocr_par' dir='ltr' id='par_1_25' title="bbox 1844 1152 3420 1216">
     <span class='ocr_line' id='line_1_25' title="bbox 1844 1152 3420 1216; baseline -0.005 -3"><span class='ocrx_word' id='word_1_181' title='bbox 1844 1161 2106 1216; x_wconf 88' lang='lat' dir='ltr'><strong>vendetur</strong></span> <span class='ocrx_word' id='word_1_182' title='bbox 2132 1159 2308 1214; x_wconf 86' lang='lat' dir='ltr'><strong>alteri.</strong></span> <span class='ocrx_word' id='word_1_183' title='bbox 2345 1178 2365 1212; x_wconf 72' lang='grc' dir='ltr'><strong><em>ι</em></strong></span> <span class='ocrx_word' id='word_1_184' title='bbox 2401 1158 2458 1212; x_wconf 88' lang='lat' dir='ltr'><strong>Si</strong></span> <span class='ocrx_word' id='word_1_185' title='bbox 2482 1173 2622 1212; x_wconf 92' lang='lat' dir='ltr'><strong>unus</strong></span> <span class='ocrx_word' id='word_1_186' title='bbox 2649 1158 2771 1211; x_wconf 86' lang='lat' dir='ltr'><strong>eum</strong></span> <span class='ocrx_word' id='word_1_187' title='bbox 2817 1172 2921 1210; x_wconf 91' lang='lat' dir='ltr'><strong>non</strong></span> <span class='ocrx_word' id='word_1_188' title='bbox 2948 1154 3255 1210; x_wconf 84' lang='lat' dir='ltr'><strong>redemerit.</strong></span> <span class='ocrx_word' id='word_1_189' title='bbox 3283 1152 3420 1207; x_wconf 83' lang='lat' dir='ltr'><strong>alius</strong></span> 
     </span>
    </p>
   </div>
   <div class='ocr_carea' id='block_1_26' title="bbox 1816 1242 3421 1320">
    <p class='ocr_par' dir='ltr' id='par_1_26' title="bbox 1816 1242 3421 1320">
     <span class='ocr_line' id='line_1_26' title="bbox 1816 1242 3421 1320; baseline -0.006 -13"><span class='ocrx_word' id='word_1_190' title='bbox 1816 1267 1967 1308; x_wconf 72' lang='lat' dir='ltr'><strong>cum</strong></span> <span class='ocrx_word' id='word_1_191' title='bbox 2007 1266 2107 1307; x_wconf 89' lang='lat' dir='ltr'><strong>suo</strong></span> <span class='ocrx_word' id='word_1_192' title='bbox 2157 1249 2336 1306; x_wconf 91' lang='lat' dir='ltr'><strong>studio</strong></span> <span class='ocrx_word' id='word_1_193' title='bbox 2384 1248 2585 1320; x_wconf 88' lang='lat' dir='ltr'><strong>poterit</strong></span> <span class='ocrx_word' id='word_1_194' title='bbox 2633 1254 2960 1304; x_wconf 87' lang='lat' dir='ltr'><strong>restaurare.</strong></span> <span class='ocrx_word' id='word_1_195' title='bbox 3002 1264 3020 1296; x_wconf 75' lang='grc' dir='ltr'><strong><em>ι</em></strong></span> <span class='ocrx_word' id='word_1_196' title='bbox 3076 1244 3247 1301; x_wconf 91' lang='lat' dir='ltr'><strong>Omne</strong></span> <span class='ocrx_word' id='word_1_197' title='bbox 3276 1242 3421 1313; x_wconf 92' lang='lat' dir='ltr'><strong>quod</strong></span> 
     </span>
    </p>
   </div>
   <div class='ocr_carea' id='block_1_27' title="bbox 1846 1333 3424 1405">
    <p class='ocr_par' dir='ltr' id='par_1_27' title="bbox 1846 1333 3424 1405">
     <span class='ocr_line' id='line_1_27' title="bbox 1846 1333 3424 1405; baseline -0.008 -5"><span class='ocrx_word' id='word_1_198' title='bbox 1846 1344 2072 1400; x_wconf 89' lang='lat' dir='ltr'><strong>Domino</strong></span> <span class='ocrx_word' id='word_1_199' title='bbox 2098 1334 2469 1405; x_wconf 80' lang='lat' dir='ltr'><strong>consecratur,</strong></span> <span class='ocrx_word' id='word_1_200' title='bbox 2501 1341 2616 1396; x_wconf 88' lang='lat' dir='ltr'><strong>sive</strong></span> <span class='ocrx_word' id='word_1_201' title='bbox 2654 1339 2841 1403; x_wconf 91' lang='lat' dir='ltr'><strong>homo,</strong></span> <span class='ocrx_word' id='word_1_202' title='bbox 2876 1357 2893 1389; x_wconf 78' lang='grc' dir='ltr'><strong><em>ι</em></strong></span> <span class='ocrx_word' id='word_1_203' title='bbox 2949 1346 3082 1402; x_wconf 87' lang='lat' dir='ltr'><strong>etc.,</strong></span> <span class='ocrx_word' id='word_1_204' title='bbox 3124 1336 3239 1393; x_wconf 86' lang='lat' dir='ltr'><strong>sive</strong></span> <span class='ocrx_word' id='word_1_205' title='bbox 3260 1333 3424 1388; x_wconf 84' lang='lat' dir='ltr'><strong>ratio-</strong></span> 
     </span>
    </p>
   </div>
   <div class='ocr_carea' id='block_1_28' title="bbox 1845 1422 3418 1504">
    <p class='ocr_par' dir='ltr' id='par_1_28' title="bbox 1845 1422 3418 1504">
     <span class='ocr_line' id='line_1_28' title="bbox 1845 1422 3418 1504; baseline -0.008 -12"><span class='ocrx_word' id='word_1_206' title='bbox 1845 1436 1983 1492; x_wconf 89' lang='lat' dir='ltr'><strong>nalis</strong></span> <span class='ocrx_word' id='word_1_207' title='bbox 2003 1444 2058 1490; x_wconf 92' lang='lat' dir='ltr'><strong>et</strong></span> <span class='ocrx_word' id='word_1_208' title='bbox 2097 1433 2334 1504; x_wconf 87' lang='lat' dir='ltr'><strong>sapiens,</strong></span> <span class='ocrx_word' id='word_1_209' title='bbox 2360 1432 2478 1491; x_wconf 77' lang='lat' dir='ltr'><strong>sive</strong></span> <span class='ocrx_word' id='word_1_210' title='bbox 2505 1429 2796 1499; x_wconf 86' lang='lat' dir='ltr'><strong>subjectus,</strong></span> <span class='ocrx_word' id='word_1_211' title='bbox 2840 1429 2954 1483; x_wconf 85' lang='lat' dir='ltr'><strong>sive</strong></span> <span class='ocrx_word' id='word_1_212' title='bbox 2992 1425 3272 1481; x_wconf 75' lang='lat' dir='ltr'><strong>meditatio</strong></span> <span class='ocrx_word' id='word_1_213' title='bbox 3311 1422 3418 1479; x_wconf 89' lang='lat' dir='ltr'><strong>Do-</strong></span> 
     </span>
    </p>
   </div>
   <div class='ocr_carea' id='block_1_29' title="bbox 1844 1519 3420 1590">
    <p class='ocr_par' dir='ltr' id='par_1_29' title="bbox 1844 1519 3420 1590">
     <span class='ocr_line' id='line_1_29' title="bbox 1844 1519 3420 1590; baseline -0.006 -7"><span class='ocrx_word' id='word_1_214' title='bbox 1844 1528 1995 1584; x_wconf 92' lang='lat' dir='ltr'><strong>mino</strong></span> <span class='ocrx_word' id='word_1_215' title='bbox 2035 1523 2308 1583; x_wconf 73' lang='lat' dir='ltr'><strong>oﬂeranda</strong></span> <span class='ocrx_word' id='word_1_216' title='bbox 2355 1533 2729 1590; x_wconf 88' lang='lat' dir='ltr'><strong>consecratur,</strong></span> <span class='ocrx_word' id='word_1_217' title='bbox 2777 1538 2884 1578; x_wconf 92' lang='lat' dir='ltr'><strong>non</strong></span> <span class='ocrx_word' id='word_1_218' title='bbox 2906 1528 3267 1577; x_wconf 88' lang='lat' dir='ltr'><strong>commutetur</strong></span> <span class='ocrx_word' id='word_1_219' title='bbox 3293 1519 3420 1579; x_wconf 87' lang='lat' dir='ltr'><strong>alio.</strong></span> 
     </span>
    </p>
   </div>
   <div class='ocr_carea' id='block_1_30' title="bbox 1846 1610 3428 1689">
    <p class='ocr_par' dir='ltr' id='par_1_30' title="bbox 1846 1610 3428 1689">
     <span class='ocr_line' id='line_1_30' title="bbox 1846 1610 3428 1689; baseline -0.007 -13"><span class='ocrx_word' id='word_1_220' title='bbox 1846 1630 1905 1676; x_wconf 91' lang='lat' dir='ltr'><strong>ut</strong></span> <span class='ocrx_word' id='word_1_221' title='bbox 1930 1634 2092 1689; x_wconf 85' lang='lat' dir='ltr'><strong>supra</strong></span> <span class='ocrx_word' id='word_1_222' title='bbox 2140 1618 2342 1673; x_wconf 90' lang='lat' dir='ltr'><strong>dictum</strong></span> <span class='ocrx_word' id='word_1_223' title='bbox 2391 1624 2507 1684; x_wconf 91' lang='lat' dir='ltr'><strong>est;</strong></span> <span class='ocrx_word' id='word_1_224' title='bbox 2556 1636 2574 1669; x_wconf 86' lang='grc'><strong>‹</strong></span> <span class='ocrx_word' id='word_1_225' title='bbox 2606 1630 2706 1672; x_wconf 90' lang='lat' dir='ltr'><strong>nec</strong></span> <span class='ocrx_word' id='word_1_226' title='bbox 2752 1614 2943 1670; x_wconf 88' lang='lat' dir='ltr'><strong>redimi</strong></span> <span class='ocrx_word' id='word_1_227' title='bbox 2969 1612 3184 1683; x_wconf 89' lang='lat' dir='ltr'><strong>poterit,</strong></span> <span class='ocrx_word' id='word_1_228' title='bbox 3215 1631 3234 1663; x_wconf 80' lang='grc' dir='ltr'>ι</span> <span class='ocrx_word' id='word_1_229' title='bbox 3263 1610 3317 1665; x_wconf 89' lang='lat' dir='ltr'><strong>id</strong></span> <span class='ocrx_word' id='word_1_230' title='bbox 3342 1620 3428 1665; x_wconf 89' lang='lat' dir='ltr'><strong>est</strong></span> 
     </span>
    </p>
   </div>
   <div class='ocr_carea' id='block_1_31' title="bbox 1847 1700 3425 1772">
    <p class='ocr_par' dir='ltr' id='par_1_31' title="bbox 1847 1700 3425 1772">
     <span class='ocr_line' id='line_1_31' title="bbox 1847 1700 3425 1772; baseline -0.008 -5"><span class='ocrx_word' id='word_1_231' title='bbox 1847 1710 2273 1767; x_wconf 90' lang='lat' dir='ltr'><strong>commutatione</strong></span> <span class='ocrx_word' id='word_1_232' title='bbox 2303 1708 2544 1764; x_wconf 89' lang='lat' dir='ltr'><strong>alterius.</strong></span> <span class='ocrx_word' id='word_1_233' title='bbox 2570 1726 2589 1759; x_wconf 72' lang='grc' dir='ltr'>ί</span> <span class='ocrx_word' id='word_1_234' title='bbox 2613 1706 2783 1763; x_wconf 84' lang='lat' dir='ltr'><strong>Morte</strong></span> <span class='ocrx_word' id='word_1_235' title='bbox 2808 1705 3120 1760; x_wconf 65' lang='lat' dir='ltr'><strong>moriatur.»</strong></span> <span class='ocrx_word' id='word_1_236' title='bbox 3153 1700 3425 1772; x_wconf 85' lang='lat' dir='ltr'><strong>Quidquid</strong></span> 
     </span>
    </p>
   </div>
   <div class='ocr_carea' id='block_1_32' title="bbox 1850 1795 3425 1875">
    <p class='ocr_par' dir='ltr' id='par_1_32' title="bbox 1850 1795 3425 1875">
     <span class='ocr_line' id='line_1_32' title="bbox 1850 1795 3425 1875; baseline -0.008 -14"><span class='ocrx_word' id='word_1_237' title='bbox 1850 1804 2077 1861; x_wconf 86' lang='lat' dir='ltr'><strong>Domino</strong></span> <span class='ocrx_word' id='word_1_238' title='bbox 2100 1802 2433 1875; x_wconf 86' lang='lat' dir='ltr'><strong>promittitur</strong></span> <span class='ocrx_word' id='word_1_239' title='bbox 2473 1800 2618 1856; x_wconf 91' lang='lat' dir='ltr'><strong>nullo</strong></span> <span class='ocrx_word' id='word_1_240' title='bbox 2655 1801 2814 1856; x_wconf 90' lang='lat' dir='ltr'><strong>modo</strong></span> <span class='ocrx_word' id='word_1_241' title='bbox 2840 1799 3307 1871; x_wconf 72' lang='lat' dir='ltr'><strong>przetermittatur,</strong></span> <span class='ocrx_word' id='word_1_242' title='bbox 3331 1795 3425 1850; x_wconf 88' lang='lat' dir='ltr'><strong>sed</strong></span> 
     </span>
    </p>
   </div>
   <div class='ocr_carea' id='block_1_33' title="bbox 164 1884 3426 1967">
    <p class='ocr_par' dir='ltr' id='par_1_33' title="bbox 164 1884 3426 1967">
     <span class='ocr_line' id='line_1_33' title="bbox 164 1884 3426 1967; baseline -0.001 -21"><span class='ocrx_word' id='word_1_243' title='bbox 164 1891 334 1957; x_wconf 89' lang='lat' dir='ltr'><strong>mino,</strong></span> <span class='ocrx_word' id='word_1_244' title='bbox 371 1899 513 1947; x_wconf 63' lang='lat' dir='ltr'><strong>ietc.</strong></span> <span class='ocrx_word' id='word_1_245' title='bbox 536 1890 670 1946; x_wconf 89' lang='lat' dir='ltr'><strong>Cum</strong></span> <span class='ocrx_word' id='word_1_246' title='bbox 691 1892 835 1946; x_wconf 88' lang='lat' dir='ltr'><strong>enim</strong></span> <span class='ocrx_word' id='word_1_247' title='bbox 857 1892 1066 1948; x_wconf 89' lang='lat' dir='ltr'><strong>venerit</strong></span> <span class='ocrx_word' id='word_1_248' title='bbox 1084 1892 1201 1948; x_wconf 81' lang='lat' dir='ltr'><strong>dies</strong></span> <span class='ocrx_word' id='word_1_249' title='bbox 1225 1892 1615 1955; x_wconf 87' lang='lat' dir='ltr'><strong>retributionis,</strong></span> <span class='ocrx_word' id='word_1_250' title='bbox 1635 1911 1652 1943; x_wconf 77' lang='grc' dir='ltr'>ι</span> <span class='ocrx_word' id='word_1_251' title='bbox 1679 1891 1745 1947; x_wconf 91' lang='lat' dir='ltr'><strong>ad</strong></span> <span class='ocrx_word' id='word_1_252' title='bbox 1776 1884 1819 1943; x_wconf 86' lang='grc' dir='ltr'><strong><em>Β</em></strong></span> <span class='ocrx_word' id='word_1_253' title='bbox 1848 1913 2017 1967; x_wconf 83' lang='lat' dir='ltr'><strong>usque</strong></span> <span class='ocrx_word' id='word_1_254' title='bbox 2072 1896 2139 1952; x_wconf 90' lang='lat' dir='ltr'><strong>ad</strong></span> <span class='ocrx_word' id='word_1_255' title='bbox 2169 1904 2396 1952; x_wconf 88' lang='lat' dir='ltr'><strong>mortem</strong></span> <span class='ocrx_word' id='word_1_256' title='bbox 2424 1903 2691 1951; x_wconf 87' lang='lat' dir='ltr'><strong>servetur.</strong></span> <span class='ocrx_word' id='word_1_257' title='bbox 2743 1892 2886 1947; x_wconf 89' lang='lat' dir='ltr'><strong>Dicit</strong></span> <span class='ocrx_word' id='word_1_258' title='bbox 2933 1891 3096 1948; x_wconf 89' lang='lat' dir='ltr'><strong>etiam</strong></span> <span class='ocrx_word' id='word_1_259' title='bbox 3136 1888 3426 1967; x_wconf 78' lang='lat' dir='ltr'><strong>Apostolus</strong></span> 
     </span>
    </p>
   </div>
   <div class='ocr_carea' id='block_1_34' title="bbox 159 1982 1743 2053">
    <p class='ocr_par' dir='ltr' id='par_1_34' title="bbox 159 1982 1743 2053">
     <span class='ocr_line' id='line_1_34' title="bbox 159 1982 1743 2053; baseline 0.001 -17"><span class='ocrx_word' id='word_1_260' title='bbox 159 1982 246 2053; x_wconf 79' lang='lat' dir='ltr'><strong>jus</strong></span> <span class='ocrx_word' id='word_1_261' title='bbox 283 1982 522 2052; x_wconf 89' lang='lat' dir='ltr'><strong>pertinet</strong></span> <span class='ocrx_word' id='word_1_262' title='bbox 564 1983 883 2049; x_wconf 89' lang='lat' dir='ltr'><strong>sacerdotis,</strong></span> <span class='ocrx_word' id='word_1_263' title='bbox 927 2003 943 2035; x_wconf 79' lang='grc' dir='ltr'>ι</span> <span class='ocrx_word' id='word_1_264' title='bbox 976 1983 1102 2053; x_wconf 89' lang='lat' dir='ltr'><strong>quia</strong></span> <span class='ocrx_word' id='word_1_265' title='bbox 1124 1983 1173 2038; x_wconf 90' lang='lat' dir='ltr'><strong>ei</strong></span> <span class='ocrx_word' id='word_1_266' title='bbox 1215 1999 1314 2053; x_wconf 86' lang='lat' dir='ltr'><strong>per</strong></span> <span class='ocrx_word' id='word_1_267' title='bbox 1334 1998 1496 2053; x_wconf 88' lang='lat' dir='ltr'><strong>quem</strong></span> <span class='ocrx_word' id='word_1_268' title='bbox 1516 1983 1743 2038; x_wconf 91' lang='lat' dir='ltr'><strong>Domino</strong></span> 
     </span>
    </p>
   </div>
   <div class='ocr_carea' id='block_1_35' title="bbox 164 2074 1743 2147">
    <p class='ocr_par' dir='ltr' id='par_1_35' title="bbox 164 2074 1743 2147">
     <span class='ocr_line' id='line_1_35' title="bbox 164 2074 1743 2147; baseline 0.001 -17"><span class='ocrx_word' id='word_1_269' title='bbox 164 2074 382 2131; x_wconf 89' lang='lat' dir='ltr'><strong>oblatus</strong></span> <span class='ocrx_word' id='word_1_270' title='bbox 404 2083 493 2131; x_wconf 87' lang='lat' dir='ltr'><strong>est</strong></span> <span class='ocrx_word' id='word_1_271' title='bbox 517 2091 723 2131; x_wconf 90' lang='lat' dir='ltr'><strong>merces</strong></span> <span class='ocrx_word' id='word_1_272' title='bbox 750 2083 921 2131; x_wconf 88' lang='lat' dir='ltr'><strong>restat</strong></span> <span class='ocrx_word' id='word_1_273' title='bbox 949 2075 1172 2141; x_wconf 89' lang='lat' dir='ltr'><strong>laboris,</strong></span> <span class='ocrx_word' id='word_1_274' title='bbox 1226 2075 1355 2131; x_wconf 87' lang='lat' dir='ltr'><strong>licet</strong></span> <span class='ocrx_word' id='word_1_275' title='bbox 1399 2076 1515 2145; x_wconf 89' lang='lat' dir='ltr'><strong>ipse</strong></span> <span class='ocrx_word' id='word_1_276' title='bbox 1557 2084 1743 2147; x_wconf 88' lang='lat' dir='ltr'><strong>postea</strong></span> 
     </span>
    </p>
   </div>
   <div class='ocr_carea' id='block_1_36' title="bbox 163 2164 1745 2243">
    <p class='ocr_par' dir='ltr' id='par_1_36' title="bbox 163 2164 1745 2243">
     <span class='ocr_line' id='line_1_36' title="bbox 163 2164 1745 2243; baseline 0.001 -23"><span class='ocrx_word' id='word_1_277' title='bbox 163 2167 410 2236; x_wconf 75' lang='lat' dir='ltr'><strong>perierit.</strong></span> <span class='ocrx_word' id='word_1_278' title='bbox 432 2164 551 2236; x_wconf 90' lang='lat' dir='ltr'><strong>Ipse</strong></span> <span class='ocrx_word' id='word_1_279' title='bbox 578 2167 731 2229; x_wconf 84' lang='lat' dir='ltr'><strong>enim</strong></span> <span class='ocrx_word' id='word_1_280' title='bbox 752 2168 844 2243; x_wconf 86' lang='lat' dir='ltr'><strong>qui</strong></span> <span class='ocrx_word' id='word_1_281' title='bbox 878 2167 1028 2222; x_wconf 85' lang='lat' dir='ltr'><strong>vovit</strong></span> <span class='ocrx_word' id='word_1_282' title='bbox 1057 2166 1313 2232; x_wconf 86' lang='lat' dir='ltr'><strong>sacerdos</strong></span> <span class='ocrx_word' id='word_1_283' title='bbox 1350 2166 1446 2221; x_wconf 87' lang='lat' dir='ltr'><strong>Dei</strong></span> <span class='ocrx_word' id='word_1_284' title='bbox 1474 2177 1576 2223; x_wconf 89' lang='lat' dir='ltr'><strong>est.</strong></span> <span class='ocrx_word' id='word_1_285' title='bbox 1615 2186 1634 2219; x_wconf 86' lang='grc'><em>‹</em></span> <span class='ocrx_word' id='word_1_286' title='bbox 1686 2166 1745 2222; x_wconf 89' lang='lat' dir='ltr'><strong>Si</strong></span> 
     </span>
    </p>
   </div>
   <div class='ocr_carea' id='block_1_37' title="bbox 164 2254 1743 2329">
    <p class='ocr_par' dir='ltr' id='par_1_37' title="bbox 164 2254 1743 2329">
     <span class='ocr_line' id='line_1_37' title="bbox 164 2254 1743 2329; baseline 0 -16"><span class='ocrx_word' id='word_1_287' title='bbox 164 2272 293 2329; x_wconf 84' lang='lat' dir='ltr'><strong>ager</strong></span> <span class='ocrx_word' id='word_1_288' title='bbox 324 2264 544 2327; x_wconf 85' lang='lat' dir='ltr'><strong>emptus</strong></span> <span class='ocrx_word' id='word_1_289' title='bbox 569 2266 623 2314; x_wconf 87' lang='lat' dir='ltr'><strong>et</strong></span> <span class='ocrx_word' id='word_1_290' title='bbox 643 2274 748 2313; x_wconf 93' lang='lat' dir='ltr'><strong>non</strong></span> <span class='ocrx_word' id='word_1_291' title='bbox 779 2259 844 2315; x_wconf 91' lang='lat' dir='ltr'><strong>de</strong></span> <span class='ocrx_word' id='word_1_292' title='bbox 866 2258 1209 2328; x_wconf 87' lang='lat' dir='ltr'><strong>possessione</strong></span> <span class='ocrx_word' id='word_1_293' title='bbox 1247 2254 1536 2326; x_wconf 84' lang='lat' dir='ltr'><strong>majorum,</strong></span> <span class='ocrx_word' id='word_1_294' title='bbox 1572 2278 1590 2309; x_wconf 72' lang='grc' dir='ltr'><strong><em>ι</em></strong></span> <span class='ocrx_word' id='word_1_295' title='bbox 1637 2266 1743 2313; x_wconf 91' lang='lat' dir='ltr'><strong>etc.</strong></span> 
     </span>
    </p>
   </div>
   <div class='ocr_carea' id='block_1_38' title="bbox 162 2346 1745 2417">
    <p class='ocr_par' dir='ltr' id='par_1_38' title="bbox 162 2346 1745 2417">
     <span class='ocr_line' id='line_1_38' title="bbox 162 2346 1745 2417; baseline 0 -15"><span class='ocrx_word' id='word_1_296' title='bbox 162 2346 218 2402; x_wconf 89' lang='lat' dir='ltr'><strong>Id</strong></span> <span class='ocrx_word' id='word_1_297' title='bbox 253 2353 343 2401; x_wconf 87' lang='lat' dir='ltr'><strong>est</strong></span> <span class='ocrx_word' id='word_1_298' title='bbox 364 2387 380 2411; x_wconf 94' lang='lat'><strong>,</strong></span> <span class='ocrx_word' id='word_1_299' title='bbox 411 2346 458 2402; x_wconf 88' lang='lat' dir='ltr'><strong>si</strong></span> <span class='ocrx_word' id='word_1_300' title='bbox 502 2347 801 2417; x_wconf 87' lang='lat' dir='ltr'><strong>discipulus</strong></span> <span class='ocrx_word' id='word_1_301' title='bbox 827 2347 1044 2403; x_wconf 84' lang='lat' dir='ltr'><strong>aliunde</strong></span> <span class='ocrx_word' id='word_1_302' title='bbox 1090 2347 1316 2403; x_wconf 90' lang='lat' dir='ltr'><strong>veniens</strong></span> <span class='ocrx_word' id='word_1_303' title='bbox 1343 2348 1745 2403; x_wconf 83' lang='lat' dir='ltr'><strong>meditationem</strong></span> 
     </span>
    </p>
   </div>
   <div class='ocr_carea' id='block_1_39' title="bbox 162 2438 1746 2510">
    <p class='ocr_par' dir='ltr' id='par_1_39' title="bbox 162 2438 1746 2510">
     <span class='ocr_line' id='line_1_39' title="bbox 162 2438 1746 2510; baseline -0.001 -15"><span class='ocrx_word' id='word_1_304' title='bbox 162 2439 349 2495; x_wconf 89' lang='lat' dir='ltr'><strong>Inierit</strong></span> <span class='ocrx_word' id='word_1_305' title='bbox 371 2453 501 2510; x_wconf 89' lang='lat' dir='ltr'><strong>erga</strong></span> <span class='ocrx_word' id='word_1_306' title='bbox 533 2448 602 2505; x_wconf 91' lang='lat' dir='ltr'><strong>te,</strong></span> <span class='ocrx_word' id='word_1_307' title='bbox 629 2440 721 2510; x_wconf 89' lang='lat' dir='ltr'><strong>qui</strong></span> <span class='ocrx_word' id='word_1_308' title='bbox 747 2454 854 2495; x_wconf 92' lang='lat' dir='ltr'><strong>non</strong></span> <span class='ocrx_word' id='word_1_309' title='bbox 881 2440 950 2495; x_wconf 89' lang='lat' dir='ltr'><strong>sit</strong></span> <span class='ocrx_word' id='word_1_310' title='bbox 996 2438 1064 2495; x_wconf 90' lang='lat' dir='ltr'><strong>de</strong></span> <span class='ocrx_word' id='word_1_311' title='bbox 1119 2439 1306 2495; x_wconf 86' lang='lat' dir='ltr'><strong>schola</strong></span> <span class='ocrx_word' id='word_1_312' title='bbox 1349 2449 1460 2504; x_wconf 90' lang='lat' dir='ltr'><strong>tua,</strong></span> <span class='ocrx_word' id='word_1_313' title='bbox 1516 2447 1746 2509; x_wconf 89' lang='lat' dir='ltr'><strong>supputa</strong></span> 
     </span>
    </p>
   </div>
   <div class='ocr_carea' id='block_1_40' title="bbox 162 2528 1748 2601">
    <p class='ocr_par' dir='ltr' id='par_1_40' title="bbox 162 2528 1748 2601">
     <span class='ocr_line' id='line_1_40' title="bbox 162 2528 1748 2601; baseline 0 -16"><span class='ocrx_word' id='word_1_314' title='bbox 162 2538 428 2600; x_wconf 88' lang='lat' dir='ltr'><strong>quantum</strong></span> <span class='ocrx_word' id='word_1_315' title='bbox 463 2529 518 2584; x_wconf 92' lang='lat' dir='ltr'><strong>in</strong></span> <span class='ocrx_word' id='word_1_316' title='bbox 544 2545 613 2585; x_wconf 90' lang='lat' dir='ltr'><strong>eo</strong></span> <span class='ocrx_word' id='word_1_317' title='bbox 633 2531 809 2601; x_wconf 88' lang='lat' dir='ltr'><strong>possis</strong></span> <span class='ocrx_word' id='word_1_318' title='bbox 831 2530 1135 2591; x_wconf 86' lang='lat' dir='ltr'><strong>elaborare.</strong></span> <span class='ocrx_word' id='word_1_319' title='bbox 1177 2537 1233 2585; x_wconf 89' lang='lat' dir='ltr'><strong>et</strong></span> <span class='ocrx_word' id='word_1_320' title='bbox 1277 2528 1513 2585; x_wconf 89' lang='lat' dir='ltr'><strong>studium</strong></span> <span class='ocrx_word' id='word_1_321' title='bbox 1551 2528 1748 2585; x_wconf 88' lang='lat' dir='ltr'><strong>adhibe</strong></span> 
     </span>
    </p>
   </div>
   <div class='ocr_carea' id='block_1_41' title="bbox 160 2621 1748 2694">
    <p class='ocr_par' dir='ltr' id='par_1_41' title="bbox 160 2621 1748 2694">
     <span class='ocr_line' id='line_1_41' title="bbox 160 2621 1748 2694; baseline 0 -16"><span class='ocrx_word' id='word_1_322' title='bbox 160 2621 406 2685; x_wconf 85' lang='lat' dir='ltr'><strong>lucrandi</strong></span> <span class='ocrx_word' id='word_1_323' title='bbox 429 2637 574 2676; x_wconf 91' lang='lat' dir='ltr'><strong>eum.</strong></span> <span class='ocrx_word' id='word_1_324' title='bbox 613 2641 632 2674; x_wconf 73' lang='grc' dir='ltr'><strong><em>ο</em></strong></span> <span class='ocrx_word' id='word_1_325' title='bbox 657 2622 710 2676; x_wconf 92' lang='lat' dir='ltr'><strong>ln</strong></span> <span class='ocrx_word' id='word_1_326' title='bbox 728 2623 948 2693; x_wconf 74' lang='lat' dir='ltr'><strong>jubilaeo</strong></span> <span class='ocrx_word' id='word_1_327' title='bbox 974 2630 1158 2678; x_wconf 84' lang='lat' dir='ltr'><strong>autem</strong></span> <span class='ocrx_word' id='word_1_328' title='bbox 1188 2631 1493 2678; x_wconf 83' lang='lat' dir='ltr'><strong>revertetur</strong></span> <span class='ocrx_word' id='word_1_329' title='bbox 1512 2623 1578 2677; x_wconf 90' lang='lat' dir='ltr'><strong>ad</strong></span> <span class='ocrx_word' id='word_1_330' title='bbox 1602 2622 1748 2694; x_wconf 87' lang='lat' dir='ltr'><strong>prio-</strong></span> 
     </span>
    </p>
   </div>
   <div class='ocr_carea' id='block_1_42' title="bbox 162 2710 1749 2789">
    <p class='ocr_par' dir='ltr' id='par_1_42' title="bbox 162 2710 1749 2789">
     <span class='ocr_line' id='line_1_42' title="bbox 162 2710 1749 2789; baseline 0.002 -23"><span class='ocrx_word' id='word_1_331' title='bbox 162 2726 279 2775; x_wconf 81' lang='lat' dir='ltr'><strong>rem</strong></span> <span class='ocrx_word' id='word_1_332' title='bbox 322 2710 631 2789; x_wconf 68' lang='lat' dir='ltr'><strong>Dominum,</strong></span> <span class='ocrx_word' id='word_1_333' title='bbox 679 2731 698 2764; x_wconf 70' lang='grc' dir='ltr'><strong><em>ι</em></strong></span> <span class='ocrx_word' id='word_1_334' title='bbox 741 2712 795 2766; x_wconf 90' lang='lat' dir='ltr'><strong>id</strong></span> <span class='ocrx_word' id='word_1_335' title='bbox 834 2720 938 2777; x_wconf 85' lang='lat' dir='ltr'><strong>est,</strong></span> <span class='ocrx_word' id='word_1_336' title='bbox 962 2714 1012 2768; x_wconf 87' lang='lat' dir='ltr'><strong>ei</strong></span> <span class='ocrx_word' id='word_1_337' title='bbox 1053 2712 1145 2782; x_wconf 88' lang='lat' dir='ltr'><strong>qui</strong></span> <span class='ocrx_word' id='word_1_338' title='bbox 1198 2714 1434 2784; x_wconf 90' lang='lat' dir='ltr'><strong>primum</strong></span> <span class='ocrx_word' id='word_1_339' title='bbox 1478 2712 1749 2769; x_wconf 86' lang='lat' dir='ltr'><strong>laboravit</strong></span> 
     </span>
    </p>
   </div>
   <div class='ocr_carea' id='block_1_43' title="bbox 162 2801 1745 2875">
    <p class='ocr_par' dir='ltr' id='par_1_43' title="bbox 162 2801 1745 2875">
     <span class='ocr_line' id='line_1_43' title="bbox 162 2801 1745 2875; baseline 0.004 -18"><span class='ocrx_word' id='word_1_340' title='bbox 162 2801 217 2857; x_wconf 84' lang='lat' dir='ltr'><strong>in</strong></span> <span class='ocrx_word' id='word_1_341' title='bbox 246 2816 314 2858; x_wconf 93' lang='lat' dir='ltr'><strong>eo</strong></span> <span class='ocrx_word' id='word_1_342' title='bbox 353 2815 565 2859; x_wconf 84' lang='lat' dir='ltr'><strong>merces</strong></span> <span class='ocrx_word' id='word_1_343' title='bbox 594 2803 797 2860; x_wconf 89' lang='lat' dir='ltr'><strong>laboris</strong></span> <span class='ocrx_word' id='word_1_344' title='bbox 843 2805 1148 2875; x_wconf 87' lang='lat' dir='ltr'><strong>impendet,</strong></span> <span class='ocrx_word' id='word_1_345' title='bbox 1179 2815 1233 2861; x_wconf 90' lang='lat' dir='ltr'><strong>te</strong></span> <span class='ocrx_word' id='word_1_346' title='bbox 1271 2806 1432 2861; x_wconf 89' lang='lat' dir='ltr'><strong>studii</strong></span> <span class='ocrx_word' id='word_1_347' title='bbox 1463 2806 1541 2863; x_wconf 91' lang='lat' dir='ltr'><strong>tui</strong></span> <span class='ocrx_word' id='word_1_348' title='bbox 1577 2808 1745 2863; x_wconf 87' lang='lat' dir='ltr'><strong>susci-</strong></span> 
     </span>
    </p>
   </div>
   <div class='ocr_carea' id='block_1_44' title="bbox 159 2890 1747 2960">
    <p class='ocr_par' dir='ltr' id='par_1_44' title="bbox 159 2890 1747 2960">
     <span class='ocr_line' id='line_1_44' title="bbox 159 2890 1747 2960; baseline 0.006 -15"><span class='ocrx_word' id='word_1_349' title='bbox 159 2890 345 2960; x_wconf 86' lang='lat' dir='ltr'><strong>piente</strong></span> <span class='ocrx_word' id='word_1_350' title='bbox 398 2895 915 2950; x_wconf 87' lang='lat' dir='ltr'><strong>remunerationem.</strong></span> <span class='ocrx_word' id='word_1_351' title='bbox 988 2913 1007 2947; x_wconf 83' lang='grc'><strong>‹</strong></span> <span class='ocrx_word' id='word_1_352' title='bbox 1040 2894 1231 2952; x_wconf 90' lang='lat' dir='ltr'><strong>Omnis</strong></span> <span class='ocrx_word' id='word_1_353' title='bbox 1274 2899 1562 2954; x_wconf 70' lang='lat' dir='ltr'><strong>azstimatio</strong></span> <span class='ocrx_word' id='word_1_354' title='bbox 1611 2898 1747 2955; x_wconf 91' lang='lat' dir='ltr'><strong>siclo</strong></span> 
     </span>
    </p>
   </div>
   <div class='ocr_carea' id='block_1_45' title="bbox 159 2983 1747 3061">
    <p class='ocr_par' dir='ltr' id='par_1_45' title="bbox 159 2983 1747 3061">
     <span class='ocr_line' id='line_1_45' title="bbox 159 2983 1747 3061; baseline 0.003 -21"><span class='ocrx_word' id='word_1_355' title='bbox 159 2983 461 3040; x_wconf 78' lang='lat' dir='ltr'><strong>sanctuarii</strong></span> <span class='ocrx_word' id='word_1_356' title='bbox 488 2984 896 3053; x_wconf 86' lang='lat' dir='ltr'><strong>ponderabitur,</strong></span> <span class='ocrx_word' id='word_1_357' title='bbox 936 3007 954 3038; x_wconf 75' lang='grc' dir='ltr'><strong><em>ι</em></strong></span> <span class='ocrx_word' id='word_1_358' title='bbox 988 2987 1164 3042; x_wconf 89' lang='lat' dir='ltr'><strong>omnis</strong></span> <span class='ocrx_word' id='word_1_359' title='bbox 1181 2987 1371 3058; x_wconf 89' lang='lat' dir='ltr'><strong>judicii</strong></span> <span class='ocrx_word' id='word_1_360' title='bbox 1408 2997 1464 3045; x_wconf 88' lang='lat' dir='ltr'><strong>et</strong></span> <span class='ocrx_word' id='word_1_361' title='bbox 1503 2990 1747 3061; x_wconf 89' lang='lat' dir='ltr'><strong>negotio-</strong></span> 
     </span>
    </p>
   </div>
   <div class='ocr_carea' id='block_1_46' title="bbox 159 3073 1746 3151">
    <p class='ocr_par' dir='ltr' id='par_1_46' title="bbox 159 3073 1746 3151">
     <span class='ocr_line' id='line_1_46' title="bbox 159 3073 1746 3151; baseline 0.006 -24"><span class='ocrx_word' id='word_1_362' title='bbox 159 3088 285 3127; x_wconf 90' lang='lat' dir='ltr'><strong>rum</strong></span> <span class='ocrx_word' id='word_1_363' title='bbox 316 3073 602 3141; x_wconf 87' lang='lat' dir='ltr'><strong>diversitas</strong></span> <span class='ocrx_word' id='word_1_364' title='bbox 618 3073 771 3144; x_wconf 77' lang='lat' dir='ltr'><strong>juxta</strong></span> <span class='ocrx_word' id='word_1_365' title='bbox 809 3078 1110 3133; x_wconf 86' lang='lat' dir='ltr'><strong>doctrinam</strong></span> <span class='ocrx_word' id='word_1_366' title='bbox 1158 3079 1586 3137; x_wconf 88' lang='lat' dir='ltr'><strong>ecclesiasticam</strong></span> <span class='ocrx_word' id='word_1_367' title='bbox 1614 3096 1746 3151; x_wconf 88' lang='lat' dir='ltr'><strong>pen-</strong></span> 
     </span>
    </p>
   </div>
   <div class='ocr_carea' id='block_1_47' title="bbox 158 3166 1740 3243">
    <p class='ocr_par' dir='ltr' id='par_1_47' title="bbox 158 3166 1740 3243">
     <span class='ocr_line' id='line_1_47' title="bbox 158 3166 1740 3243; baseline 0.005 -22"><span class='ocrx_word' id='word_1_368' title='bbox 158 3174 335 3222; x_wconf 81' lang='lat' dir='ltr'><strong>setur.</strong></span> <span class='ocrx_word' id='word_1_369' title='bbox 374 3186 393 3219; x_wconf 85' lang='grc'><strong><em>‹</em></strong></span> <span class='ocrx_word' id='word_1_370' title='bbox 435 3166 613 3225; x_wconf 91' lang='lat' dir='ltr'><strong>Siclus</strong></span> <span class='ocrx_word' id='word_1_371' title='bbox 641 3170 833 3241; x_wconf 91' lang='lat' dir='ltr'><strong>viginti</strong></span> <span class='ocrx_word' id='word_1_372' title='bbox 874 3171 1063 3227; x_wconf 87' lang='lat' dir='ltr'><strong>obolos</strong></span> <span class='ocrx_word' id='word_1_373' title='bbox 1090 3172 1272 3226; x_wconf 86' lang='lat' dir='ltr'><strong>habet.</strong></span> <span class='ocrx_word' id='word_1_374' title='bbox 1306 3191 1325 3223; x_wconf 78' lang='grc' dir='ltr'><strong><em>ι</em></strong></span> <span class='ocrx_word' id='word_1_375' title='bbox 1370 3172 1491 3242; x_wconf 89' lang='lat' dir='ltr'><strong>Ipse</strong></span> <span class='ocrx_word' id='word_1_376' title='bbox 1523 3173 1740 3243; x_wconf 90' lang='lat' dir='ltr'><strong>quidem</strong></span> 
     </span>
    </p>
   </div>
   <div class='ocr_carea' id='block_1_48' title="bbox 159 3259 1746 3334">
    <p class='ocr_par' dir='ltr' id='par_1_48' title="bbox 159 3259 1746 3334">
     <span class='ocr_line' id='line_1_48' title="bbox 159 3259 1746 3334; baseline 0.002 -18"><span class='ocrx_word' id='word_1_377' title='bbox 159 3262 358 3316; x_wconf 86' lang='lat' dir='ltr'><strong>modus</strong></span> <span class='ocrx_word' id='word_1_378' title='bbox 377 3259 640 3317; x_wconf 82' lang='lat' dir='ltr'><strong>doctrinae</strong></span> <span class='ocrx_word' id='word_1_379' title='bbox 666 3262 861 3318; x_wconf 70' lang='lat' dir='ltr'><strong>divinae</strong></span> <span class='ocrx_word' id='word_1_380' title='bbox 888 3263 940 3318; x_wconf 91' lang='lat' dir='ltr'><strong>in</strong></span> <span class='ocrx_word' id='word_1_381' title='bbox 991 3263 1248 3333; x_wconf 80' lang='lat' dir='ltr'><strong>dccalogo</strong></span> <span class='ocrx_word' id='word_1_382' title='bbox 1278 3264 1608 3330; x_wconf 86' lang='lat' dir='ltr'><strong>continetur,</strong></span> <span class='ocrx_word' id='word_1_383' title='bbox 1653 3265 1746 3334; x_wconf 90' lang='lat' dir='ltr'><strong>qui</strong></span> 
     </span>
    </p>
   </div>
   <div class='ocr_carea' id='block_1_49' title="bbox 160 3352 1747 3428">
    <p class='ocr_par' dir='ltr' id='par_1_49' title="bbox 160 3352 1747 3428">
     <span class='ocr_line' id='line_1_49' title="bbox 160 3352 1747 3428; baseline 0.003 -21"><span class='ocrx_word' id='word_1_384' title='bbox 160 3353 216 3407; x_wconf 91' lang='lat' dir='ltr'><strong>In</strong></span> <span class='ocrx_word' id='word_1_385' title='bbox 242 3352 524 3408; x_wconf 87' lang='lat' dir='ltr'><strong>vicenario</strong></span> <span class='ocrx_word' id='word_1_386' title='bbox 547 3354 631 3409; x_wconf 89' lang='lat' dir='ltr'><strong>bis</strong></span> <span class='ocrx_word' id='word_1_387' title='bbox 651 3354 886 3420; x_wconf 90' lang='lat' dir='ltr'><strong>ducitur,</strong></span> <span class='ocrx_word' id='word_1_388' title='bbox 920 3356 1002 3411; x_wconf 91' lang='lat' dir='ltr'><strong>vel</strong></span> <span class='ocrx_word' id='word_1_389' title='bbox 1032 3357 1158 3425; x_wconf 87' lang='lat' dir='ltr'><strong>quia</strong></span> <span class='ocrx_word' id='word_1_390' title='bbox 1194 3356 1300 3411; x_wconf 92' lang='lat' dir='ltr'><strong>duo</strong></span> <span class='ocrx_word' id='word_1_391' title='bbox 1330 3364 1599 3428; x_wconf 63' lang='lat' dir='ltr'><strong>praecepta</strong></span> <span class='ocrx_word' id='word_1_392' title='bbox 1622 3372 1747 3412; x_wconf 82' lang='lat' dir='ltr'><strong>con-</strong></span> 
     </span>
    </p>
   </div>
   <div class='ocr_carea' id='block_1_50' title="bbox 158 3445 1743 3519">
    <p class='ocr_par' dir='ltr' id='par_1_50' title="bbox 158 3445 1743 3519">
     <span class='ocr_line' id='line_1_50' title="bbox 158 3445 1743 3519; baseline 0.003 -19"><span class='ocrx_word' id='word_1_393' title='bbox 158 3445 300 3500; x_wconf 79' lang='lat' dir='ltr'><strong>tinet</strong></span> <span class='ocrx_word' id='word_1_394' title='bbox 326 3445 631 3510; x_wconf 89' lang='lat' dir='ltr'><strong>cbaritatis,</strong></span> <span class='ocrx_word' id='word_1_395' title='bbox 688 3446 770 3502; x_wconf 88' lang='lat' dir='ltr'><strong>vel</strong></span> <span class='ocrx_word' id='word_1_396' title='bbox 795 3448 922 3517; x_wconf 86' lang='lat' dir='ltr'><strong>quia</strong></span> <span class='ocrx_word' id='word_1_397' title='bbox 958 3457 1015 3504; x_wconf 92' lang='lat' dir='ltr'><strong>et</strong></span> <span class='ocrx_word' id='word_1_398' title='bbox 1048 3447 1400 3503; x_wconf 86' lang='lat' dir='ltr'><strong>historialiter</strong></span> <span class='ocrx_word' id='word_1_399' title='bbox 1449 3456 1505 3502; x_wconf 89' lang='lat' dir='ltr'><strong>et</strong></span> <span class='ocrx_word' id='word_1_400' title='bbox 1543 3447 1743 3519; x_wconf 81' lang='lat' dir='ltr'><strong>allego-</strong></span> 
     </span>
    </p>
   </div>
   <div class='ocr_carea' id='block_1_51' title="bbox 159 3531 1740 3608">
    <p class='ocr_par' dir='ltr' id='par_1_51' title="bbox 159 3531 1740 3608">
     <span class='ocr_line' id='line_1_51' title="bbox 159 3531 1740 3608; baseline 0.001 -18"><span class='ocrx_word' id='word_1_401' title='bbox 159 3535 275 3591; x_wconf 88' lang='lat' dir='ltr'><strong>rice</strong></span> <span class='ocrx_word' id='word_1_402' title='bbox 310 3543 396 3590; x_wconf 90' lang='lat' dir='ltr'><strong>est</strong></span> <span class='ocrx_word' id='word_1_403' title='bbox 431 3535 821 3592; x_wconf 89' lang='lat' dir='ltr'><strong>observandus.</strong></span> <span class='ocrx_word' id='word_1_404' title='bbox 861 3531 880 3589; x_wconf 67' lang='grc' dir='ltr'><strong><em>ὶ</em></strong></span> <span class='ocrx_word' id='word_1_405' title='bbox 913 3536 1279 3608; x_wconf 80' lang='lat' dir='ltr'><strong>I’rimogenita</strong></span> <span class='ocrx_word' id='word_1_406' title='bbox 1318 3552 1440 3607; x_wconf 70' lang='lat' dir='ltr'><strong>quae</strong></span> <span class='ocrx_word' id='word_1_407' title='bbox 1476 3537 1545 3592; x_wconf 92' lang='lat' dir='ltr'><strong>ad</strong></span> <span class='ocrx_word' id='word_1_408' title='bbox 1570 3538 1740 3593; x_wconf 90' lang='lat' dir='ltr'><strong>Deum</strong></span> 
     </span>
    </p>
   </div>
   <div class='ocr_carea' id='block_1_52' title="bbox 159 3624 1739 3697">
    <p class='ocr_par' dir='ltr' id='par_1_52' title="bbox 159 3624 1739 3697">
     <span class='ocr_line' id='line_1_52' title="bbox 159 3624 1739 3697; baseline 0.002 -19"><span class='ocrx_word' id='word_1_409' title='bbox 159 3624 456 3695; x_wconf 86' lang='lat' dir='ltr'><strong>pertinent,</strong></span> <span class='ocrx_word' id='word_1_410' title='bbox 493 3644 513 3676; x_wconf 76' lang='grc' dir='ltr'><strong><em>ι</em></strong></span> <span class='ocrx_word' id='word_1_411' title='bbox 545 3635 652 3681; x_wconf 89' lang='lat' dir='ltr'><strong>etc.</strong></span> <span class='ocrx_word' id='word_1_412' title='bbox 679 3624 744 3681; x_wconf 82' lang='lat' dir='ltr'><strong>Hi</strong></span> <span class='ocrx_word' id='word_1_413' title='bbox 773 3626 863 3696; x_wconf 90' lang='lat' dir='ltr'><strong>qui</strong></span> <span class='ocrx_word' id='word_1_414' title='bbox 904 3626 959 3681; x_wconf 90' lang='lat' dir='ltr'><strong>in</strong></span> <span class='ocrx_word' id='word_1_415' title='bbox 986 3626 1282 3697; x_wconf 91' lang='lat' dir='ltr'><strong>primordio</strong></span> <span class='ocrx_word' id='word_1_416' title='bbox 1309 3627 1739 3683; x_wconf 85' lang='lat' dir='ltr'><strong>conversationis</strong></span> 
     </span>
    </p>
   </div>
   <div class='ocr_carea' id='block_1_53' title="bbox 159 3715 1737 3788">
    <p class='ocr_par' dir='ltr' id='par_1_53' title="bbox 159 3715 1737 3788">
     <span class='ocr_line' id='line_1_53' title="bbox 159 3715 1737 3788; baseline 0.001 -17"><span class='ocrx_word' id='word_1_417' title='bbox 159 3715 483 3785; x_wconf 78' lang='lat' dir='ltr'><strong>semetipsos</strong></span> <span class='ocrx_word' id='word_1_418' title='bbox 525 3717 637 3772; x_wconf 91' lang='lat' dir='ltr'><strong>Deo</strong></span> <span class='ocrx_word' id='word_1_419' title='bbox 674 3718 945 3784; x_wconf 88' lang='lat' dir='ltr'><strong>dedicant,</strong></span> <span class='ocrx_word' id='word_1_420' title='bbox 999 3734 1106 3773; x_wconf 91' lang='lat' dir='ltr'><strong>non</strong></span> <span class='ocrx_word' id='word_1_421' title='bbox 1158 3728 1385 3788; x_wconf 88' lang='lat' dir='ltr'><strong>possunt</strong></span> <span class='ocrx_word' id='word_1_422' title='bbox 1430 3719 1486 3773; x_wconf 90' lang='lat' dir='ltr'><strong>in</strong></span> <span class='ocrx_word' id='word_1_423' title='bbox 1521 3720 1601 3774; x_wconf 91' lang='lat' dir='ltr'><strong>eis</strong></span> <span class='ocrx_word' id='word_1_424' title='bbox 1645 3718 1737 3773; x_wconf 90' lang='lat' dir='ltr'><strong>alii</strong></span> 
     </span>
    </p>
   </div>
   <div class='ocr_carea' id='block_1_54' title="bbox 158 3808 1735 3881">
    <p class='ocr_par' dir='ltr' id='par_1_54' title="bbox 158 3808 1735 3881">
     <span class='ocr_line' id='line_1_54' title="bbox 158 3808 1735 3881; baseline 0.001 -20"><span class='ocrx_word' id='word_1_425' title='bbox 158 3808 585 3864; x_wconf 85' lang='lat' dir='ltr'><strong>conversationis</strong></span> <span class='ocrx_word' id='word_1_426' title='bbox 628 3809 731 3864; x_wconf 91' lang='lat' dir='ltr'><strong>sibi</strong></span> <span class='ocrx_word' id='word_1_427' title='bbox 772 3825 1033 3881; x_wconf 87' lang='lat' dir='ltr'><strong>usurpare</strong></span> <span class='ocrx_word' id='word_1_428' title='bbox 1063 3808 1332 3865; x_wconf 82' lang='lat' dir='ltr'><strong>effectum.</strong></span> <span class='ocrx_word' id='word_1_429' title='bbox 1379 3828 1399 3861; x_wconf 73' lang='grc' dir='ltr'>ι</span> <span class='ocrx_word' id='word_1_430' title='bbox 1443 3809 1570 3866; x_wconf 87' lang='lat' dir='ltr'><strong>Sive</strong></span> <span class='ocrx_word' id='word_1_431' title='bbox 1614 3810 1735 3874; x_wconf 87' lang='lat' dir='ltr'><strong>bos,</strong></span> 
     </span>
    </p>
   </div>
   <div class='ocr_carea' id='block_1_55' title="bbox 158 3898 1739 3972">
    <p class='ocr_par' dir='ltr' id='par_1_55' title="bbox 158 3898 1739 3972">
     <span class='ocr_line' id='line_1_55' title="bbox 158 3898 1739 3972; baseline 0.003 -20"><span class='ocrx_word' id='word_1_432' title='bbox 158 3899 273 3955; x_wconf 79' lang='lat' dir='ltr'><strong>sive</strong></span> <span class='ocrx_word' id='word_1_433' title='bbox 312 3898 449 3963; x_wconf 91' lang='lat' dir='ltr'><strong>ovis,</strong></span> <span class='ocrx_word' id='word_1_434' title='bbox 484 3918 503 3951; x_wconf 75' lang='grc' dir='ltr'><strong><em>ι</em></strong></span> <span class='ocrx_word' id='word_1_435' title='bbox 533 3909 593 3955; x_wconf 92' lang='lat' dir='ltr'><strong>ut</strong></span> <span class='ocrx_word' id='word_1_436' title='bbox 612 3916 795 3972; x_wconf 87' lang='lat' dir='ltr'><strong>supra.</strong></span> <span class='ocrx_word' id='word_1_437' title='bbox 839 3920 857 3953; x_wconf 74' lang='grc' dir='ltr'>ι</span> <span class='ocrx_word' id='word_1_438' title='bbox 882 3900 1038 3969; x_wconf 86' lang='lat' dir='ltr'><strong>Quod</strong></span> <span class='ocrx_word' id='word_1_439' title='bbox 1057 3901 1102 3956; x_wconf 89' lang='lat' dir='ltr'><strong>si</strong></span> <span class='ocrx_word' id='word_1_440' title='bbox 1131 3901 1466 3956; x_wconf 89' lang='lat' dir='ltr'><strong>immundum</strong></span> <span class='ocrx_word' id='word_1_441' title='bbox 1507 3908 1591 3957; x_wconf 90' lang='lat' dir='ltr'><strong>est</strong></span> <span class='ocrx_word' id='word_1_442' title='bbox 1629 3902 1739 3956; x_wconf 85' lang='lat' dir='ltr'><strong>ani-</strong></span> 
     </span>
    </p>
   </div>
   <div class='ocr_carea' id='block_1_56' title="bbox 1845 1964 3430 2046">
    <p class='ocr_par' dir='ltr' id='par_1_56' title="bbox 1845 1964 3430 2046">
     <span class='ocr_line' id='line_1_56' title="bbox 1845 1964 3430 2046; baseline -0.008 -1"><span class='ocrx_word' id='word_1_443' title='bbox 1845 1964 2212 2046; x_wconf 50' lang='lat' dir='ltr'><strong>dedidelihus</strong></span> <span class='ocrx_word' id='word_1_444' title='bbox 2242 1985 2496 2043; x_wconf 88' lang='lat' dir='ltr'><strong>Domini:</strong></span> <span class='ocrx_word' id='word_1_445' title='bbox 2532 2004 2549 2036; x_wconf 72' lang='grc' dir='ltr'>ι</span> <span class='ocrx_word' id='word_1_446' title='bbox 2584 1984 2816 2039; x_wconf 88' lang='lat' dir='ltr'><strong>Carnem</strong></span> <span class='ocrx_word' id='word_1_447' title='bbox 2855 1997 3007 2038; x_wconf 86' lang='lat' dir='ltr'><strong>suam</strong></span> <span class='ocrx_word' id='word_1_448' title='bbox 3040 1964 3430 2035; x_wconf 64' lang='lat' dir='ltr'><strong>crucifiierunt</strong></span> 
     </span>
    </p>
   </div>
   <div class='ocr_carea' id='block_1_57' title="bbox 1845 2072 3426 2149">
    <p class='ocr_par' dir='ltr' id='par_1_57' title="bbox 1845 2072 3426 2149">
     <span class='ocr_line' id='line_1_57' title="bbox 1845 2072 3426 2149; baseline -0.008 -10"><span class='ocrx_word' id='word_1_449' title='bbox 1845 2098 1968 2139; x_wconf 86' lang='lat' dir='ltr'><strong>cum</strong></span> <span class='ocrx_word' id='word_1_450' title='bbox 2003 2082 2149 2136; x_wconf 90' lang='lat' dir='ltr'><strong>vitiis</strong></span> <span class='ocrx_word' id='word_1_451' title='bbox 2176 2088 2231 2135; x_wconf 92' lang='lat' dir='ltr'><strong>et</strong></span> <span class='ocrx_word' id='word_1_452' title='bbox 2250 2078 2703 2149; x_wconf 88' lang='lat' dir='ltr'><strong>concupiscentiis</strong></span> <span class='ocrx_word' id='word_1_453' title='bbox 2728 2074 2870 2147; x_wconf 81' lang='lat' dir='ltr'><strong>(Cal.</strong></span> <span class='ocrx_word' id='word_1_454' title='bbox 2903 2075 2980 2146; x_wconf 93' lang='lat' dir='ltr'><strong>v).</strong></span> <span class='ocrx_word' id='word_1_455' title='bbox 3004 2093 3022 2126; x_wconf 71' lang='grc' dir='ltr'><strong><em>ι</em></strong></span> <span class='ocrx_word' id='word_1_456' title='bbox 3063 2094 3081 2127; x_wconf 88' lang='grc'><em>‹</em></span> <span class='ocrx_word' id='word_1_457' title='bbox 3109 2072 3307 2129; x_wconf 86' lang='lat' dir='ltr'><strong>Omnes</strong></span> <span class='ocrx_word' id='word_1_458' title='bbox 3329 2072 3426 2127; x_wconf 89' lang='lat' dir='ltr'><strong>de-</strong></span> 
     </span>
    </p>
   </div>
   <div class='ocr_carea' id='block_1_58' title="bbox 1845 2160 3428 2245">
    <p class='ocr_par' dir='ltr' id='par_1_58' title="bbox 1845 2160 3428 2245">
     <span class='ocr_line' id='line_1_58' title="bbox 1845 2160 3428 2245; baseline -0.008 -15"><span class='ocrx_word' id='word_1_459' title='bbox 1845 2174 2000 2230; x_wconf 67' lang='lat' dir='ltr'><strong>cima:</strong></span> <span class='ocrx_word' id='word_1_460' title='bbox 2031 2180 2210 2238; x_wconf 73' lang='lat' dir='ltr'><strong>terrm,</strong></span> <span class='ocrx_word' id='word_1_461' title='bbox 2248 2194 2265 2223; x_wconf 75' lang='grc' dir='ltr'><strong>ο</strong></span> <span class='ocrx_word' id='word_1_462' title='bbox 2299 2179 2433 2235; x_wconf 88' lang='lat' dir='ltr'><strong>etc.,</strong></span> <span class='ocrx_word' id='word_1_463' title='bbox 2477 2168 2530 2223; x_wconf 90' lang='lat' dir='ltr'><strong>id</strong></span> <span class='ocrx_word' id='word_1_464' title='bbox 2559 2177 2663 2232; x_wconf 88' lang='lat' dir='ltr'><strong>est,</strong></span> <span class='ocrx_word' id='word_1_465' title='bbox 2724 2166 2979 2245; x_wconf 85' lang='lat' dir='ltr'><strong>omnium</strong></span> <span class='ocrx_word' id='word_1_466' title='bbox 3004 2178 3227 2236; x_wconf 82' lang='lat' dir='ltr'><strong>Operum</strong></span> <span class='ocrx_word' id='word_1_467' title='bbox 3257 2160 3428 2233; x_wconf 88' lang='lat' dir='ltr'><strong>perfe-</strong></span> 
     </span>
    </p>
   </div>
   <div class='ocr_carea' id='block_1_59' title="bbox 1846 2253 3431 2335">
    <p class='ocr_par' dir='ltr' id='par_1_59' title="bbox 1846 2253 3431 2335">
     <span class='ocr_line' id='line_1_59' title="bbox 1846 2253 3431 2335; baseline -0.008 -15"><span class='ocrx_word' id='word_1_468' title='bbox 1846 2267 1953 2320; x_wconf 89' lang='lat' dir='ltr'><strong>ctio</strong></span> <span class='ocrx_word' id='word_1_469' title='bbox 1978 2265 2203 2320; x_wconf 89' lang='lat' dir='ltr'><strong>Domino</strong></span> <span class='ocrx_word' id='word_1_470' title='bbox 2229 2270 2594 2319; x_wconf 87' lang='lat' dir='ltr'><strong>consecretur.</strong></span> <span class='ocrx_word' id='word_1_471' title='bbox 2628 2280 2646 2311; x_wconf 73' lang='grc' dir='ltr'>ε</span> <span class='ocrx_word' id='word_1_472' title='bbox 2679 2257 2735 2314; x_wconf 88' lang='lat' dir='ltr'><strong>Si</strong></span> <span class='ocrx_word' id='word_1_473' title='bbox 2758 2255 2879 2329; x_wconf 89' lang='lat' dir='ltr'><strong>quis</strong></span> <span class='ocrx_word' id='word_1_474' title='bbox 2908 2257 3173 2335; x_wconf 85' lang='lat' dir='ltr'><strong>redimere</strong></span> <span class='ocrx_word' id='word_1_475' title='bbox 3198 2253 3431 2309; x_wconf 90' lang='lat' dir='ltr'><strong>voluerit</strong></span> 
     </span>
    </p>
   </div>
   <div class='ocr_carea' id='block_1_60' title="bbox 1848 2341 3429 2420">
    <p class='ocr_par' dir='ltr' id='par_1_60' title="bbox 1848 2341 3429 2420">
     <span class='ocr_line' id='line_1_60' title="bbox 1848 2341 3429 2420; baseline -0.01 -8"><span class='ocrx_word' id='word_1_476' title='bbox 1848 2357 2085 2412; x_wconf 87' lang='lat' dir='ltr'><strong>decimas</strong></span> <span class='ocrx_word' id='word_1_477' title='bbox 2109 2370 2254 2420; x_wconf 90' lang='lat' dir='ltr'><strong>suas,</strong></span> <span class='ocrx_word' id='word_1_478' title='bbox 2294 2373 2312 2405; x_wconf 70' lang='grc' dir='ltr'><strong><em>ι</em></strong></span> <span class='ocrx_word' id='word_1_479' title='bbox 2339 2363 2465 2418; x_wconf 89' lang='lat' dir='ltr'><strong>etc.,</strong></span> <span class='ocrx_word' id='word_1_480' title='bbox 2514 2352 2567 2407; x_wconf 90' lang='lat' dir='ltr'><strong>id</strong></span> <span class='ocrx_word' id='word_1_481' title='bbox 2597 2362 2680 2405; x_wconf 89' lang='lat' dir='ltr'><strong>est</strong></span> <span class='ocrx_word' id='word_1_482' title='bbox 2711 2350 2850 2404; x_wconf 87' lang='lat' dir='ltr'><strong>bona</strong></span> <span class='ocrx_word' id='word_1_483' title='bbox 2906 2363 3071 2418; x_wconf 88' lang='lat' dir='ltr'><strong>opera</strong></span> <span class='ocrx_word' id='word_1_484' title='bbox 3101 2346 3203 2402; x_wconf 89' lang='lat' dir='ltr'><strong>sibi</strong></span> <span class='ocrx_word' id='word_1_485' title='bbox 3231 2341 3429 2402; x_wconf 88' lang='lat' dir='ltr'><strong>confir-</strong></span> 
     </span>
    </p>
   </div>
   <div class='ocr_carea' id='block_1_61' title="bbox 1848 2439 3428 2516">
    <p class='ocr_par' dir='ltr' id='par_1_61' title="bbox 1848 2439 3428 2516">
     <span class='ocr_line' id='line_1_61' title="bbox 1848 2439 3428 2516; baseline -0.008 -13"><span class='ocrx_word' id='word_1_486' title='bbox 1848 2463 2000 2503; x_wconf 87' lang='lat' dir='ltr'><strong>mare</strong></span> <span class='ocrx_word' id='word_1_487' title='bbox 2029 2446 2176 2516; x_wconf 88' lang='lat' dir='ltr'><strong>justo</strong></span> <span class='ocrx_word' id='word_1_488' title='bbox 2219 2447 2516 2511; x_wconf 88' lang='lat' dir='ltr'><strong>intellectu,</strong></span> <span class='ocrx_word' id='word_1_489' title='bbox 2547 2460 2735 2501; x_wconf 88' lang='lat' dir='ltr'><strong>eorum</strong></span> <span class='ocrx_word' id='word_1_490' title='bbox 2783 2443 3021 2496; x_wconf 84' lang='lat' dir='ltr'><strong>fructum</strong></span> <span class='ocrx_word' id='word_1_491' title='bbox 3062 2439 3290 2494; x_wconf 92' lang='lat' dir='ltr'><strong>Domino</strong></span> <span class='ocrx_word' id='word_1_492' title='bbox 3341 2451 3428 2491; x_wconf 85' lang='lat' dir='ltr'><strong>re-</strong></span> 
     </span>
    </p>
   </div>
   <div class='ocr_carea' id='block_1_62' title="bbox 1848 2528 3426 2608">
    <p class='ocr_par' dir='ltr' id='par_1_62' title="bbox 1848 2528 3426 2608">
     <span class='ocr_line' id='line_1_62' title="bbox 1848 2528 3426 2608; baseline -0.008 -15"><span class='ocrx_word' id='word_1_493' title='bbox 1848 2546 2179 2608; x_wconf 90' lang='lat' dir='ltr'><strong>compenset.</strong></span> <span class='ocrx_word' id='word_1_494' title='bbox 2222 2556 2240 2589; x_wconf 78' lang='grc' dir='ltr'>ι</span> <span class='ocrx_word' id='word_1_495' title='bbox 2273 2536 2525 2592; x_wconf 85' lang='lat' dir='ltr'><strong>Omnium</strong></span> <span class='ocrx_word' id='word_1_496' title='bbox 2549 2536 2907 2597; x_wconf 87' lang='lat' dir='ltr'><strong>decimarum,</strong></span> <span class='ocrx_word' id='word_1_497' title='bbox 2945 2551 2963 2584; x_wconf 74' lang='grc' dir='ltr'><strong><em>ι</em></strong></span> <span class='ocrx_word' id='word_1_498' title='bbox 2999 2539 3132 2595; x_wconf 91' lang='lat' dir='ltr'><strong>etc.,</strong></span> <span class='ocrx_word' id='word_1_499' title='bbox 3183 2528 3426 2583; x_wconf 89' lang='lat' dir='ltr'><strong>omnium</strong></span> 
     </span>
    </p>
   </div>
   <div class='ocr_carea' id='block_1_63' title="bbox 1846 2617 3430 2700">
    <p class='ocr_par' dir='ltr' id='par_1_63' title="bbox 1846 2617 3430 2700">
     <span class='ocr_line' id='line_1_63' title="bbox 1846 2617 3430 2700; baseline -0.009 -14"><span class='ocrx_word' id='word_1_500' title='bbox 1846 2631 2097 2685; x_wconf 87' lang='lat' dir='ltr'><strong>ordinum</strong></span> <span class='ocrx_word' id='word_1_501' title='bbox 2132 2629 2224 2700; x_wconf 91' lang='lat' dir='ltr'><strong>qui</strong></span> <span class='ocrx_word' id='word_1_502' title='bbox 2249 2630 2347 2683; x_wconf 87' lang='lat' dir='ltr'><strong>sub</strong></span> <span class='ocrx_word' id='word_1_503' title='bbox 2375 2626 2657 2696; x_wconf 76' lang='lat' dir='ltr'><strong>disciplina</strong></span> <span class='ocrx_word' id='word_1_504' title='bbox 2686 2623 2886 2679; x_wconf 87' lang='lat' dir='ltr'><strong>Christi</strong></span> <span class='ocrx_word' id='word_1_505' title='bbox 2913 2630 3058 2678; x_wconf 87' lang='lat' dir='ltr'><strong>sunt.</strong></span> <span class='ocrx_word' id='word_1_506' title='bbox 3104 2640 3122 2671; x_wconf 71' lang='grc' dir='ltr'>ι</span> <span class='ocrx_word' id='word_1_507' title='bbox 3157 2617 3430 2688; x_wconf 83' lang='lat' dir='ltr'><strong>Quidquid</strong></span> 
     </span>
    </p>
   </div>
   <div class='ocr_carea' id='block_1_64' title="bbox 1849 2709 3431 2786">
    <p class='ocr_par' dir='ltr' id='par_1_64' title="bbox 1849 2709 3431 2786">
     <span class='ocr_line' id='line_1_64' title="bbox 1849 2709 3431 2786; baseline -0.008 -8"><span class='ocrx_word' id='word_1_508' title='bbox 1849 2723 2119 2778; x_wconf 86' lang='lat' dir='ltr'><strong>decimum</strong></span> <span class='ocrx_word' id='word_1_509' title='bbox 2162 2720 2392 2786; x_wconf 89' lang='lat' dir='ltr'><strong>venerit,</strong></span> <span class='ocrx_word' id='word_1_510' title='bbox 2455 2739 2473 2770; x_wconf 74' lang='grc' dir='ltr'><strong><em>ι</em></strong></span> <span class='ocrx_word' id='word_1_511' title='bbox 2524 2727 2657 2783; x_wconf 90' lang='lat' dir='ltr'><strong>etc.,</strong></span> <span class='ocrx_word' id='word_1_512' title='bbox 2725 2717 2931 2779; x_wconf 74' lang='lat' dir='ltr'><strong>idest,</strong></span> <span class='ocrx_word' id='word_1_513' title='bbox 2985 2713 3294 2783; x_wconf 88' lang='lat' dir='ltr'><strong>quicunque</strong></span> <span class='ocrx_word' id='word_1_514' title='bbox 3351 2709 3431 2766; x_wconf 87' lang='lat' dir='ltr'><strong>le-</strong></span> 
     </span>
    </p>
   </div>
   <div class='ocr_carea' id='block_1_65' title="bbox 1847 2801 3432 2889">
    <p class='ocr_par' dir='ltr' id='par_1_65' title="bbox 1847 2801 3432 2889">
     <span class='ocr_line' id='line_1_65' title="bbox 1847 2801 3432 2889; baseline -0.011 -17"><span class='ocrx_word' id='word_1_515' title='bbox 1847 2819 1930 2889; x_wconf 85' lang='lat' dir='ltr'><strong>gis</strong></span> <span class='ocrx_word' id='word_1_516' title='bbox 1962 2816 2164 2887; x_wconf 89' lang='lat' dir='ltr'><strong>justam</strong></span> <span class='ocrx_word' id='word_1_517' title='bbox 2207 2815 2368 2870; x_wconf 86' lang='lat' dir='ltr'><strong>habet</strong></span> <span class='ocrx_word' id='word_1_518' title='bbox 2404 2810 2832 2882; x_wconf 81' lang='lat' dir='ltr'><strong>intelligentiam,</strong></span> <span class='ocrx_word' id='word_1_519' title='bbox 2876 2808 3106 2863; x_wconf 87' lang='lat' dir='ltr'><strong>Domino</strong></span> <span class='ocrx_word' id='word_1_520' title='bbox 3158 2804 3278 2860; x_wconf 88' lang='lat' dir='ltr'><strong>sine</strong></span> <span class='ocrx_word' id='word_1_521' title='bbox 3324 2801 3432 2859; x_wconf 79' lang='lat' dir='ltr'><strong>ulla</strong></span> 
     </span>
    </p>
   </div>
   <div class='ocr_carea' id='block_1_66' title="bbox 1848 2901 3432 2969">
    <p class='ocr_par' dir='ltr' id='par_1_66' title="bbox 1848 2901 3432 2969">
     <span class='ocr_line' id='line_1_66' title="bbox 1848 2901 3432 2969; baseline -0.01 -2"><span class='ocrx_word' id='word_1_522' title='bbox 1848 2911 2269 2969; x_wconf 84' lang='lat' dir='ltr'><strong>commutatione</strong></span> <span class='ocrx_word' id='word_1_523' title='bbox 2314 2925 2385 2964; x_wconf 81' lang='lat' dir='ltr'><strong>ex</strong></span> <span class='ocrx_word' id='word_1_524' title='bbox 2445 2907 2627 2963; x_wconf 90' lang='lat' dir='ltr'><strong>debito</strong></span> <span class='ocrx_word' id='word_1_525' title='bbox 2682 2905 2857 2960; x_wconf 92' lang='lat' dir='ltr'><strong>hostia</strong></span> <span class='ocrx_word' id='word_1_526' title='bbox 2911 2901 3176 2957; x_wconf 81' lang='lat' dir='ltr'><strong>offertur;</strong></span> <span class='ocrx_word' id='word_1_527' title='bbox 3236 2906 3432 2954; x_wconf 71' lang='lat' dir='ltr'><strong>cretera</strong></span> 
     </span>
    </p>
   </div>
   <div class='ocr_carea' id='block_1_67' title="bbox 1848 2993 3431 3076">
    <p class='ocr_par' dir='ltr' id='par_1_67' title="bbox 1848 2993 3431 3076">
     <span class='ocr_line' id='line_1_67' title="bbox 1848 2993 3431 3076; baseline -0.009 -15"><span class='ocrx_word' id='word_1_528' title='bbox 1848 3016 1908 3062; x_wconf 90' lang='lat' dir='ltr'><strong>ut</strong></span> <span class='ocrx_word' id='word_1_529' title='bbox 1935 3003 2404 3076; x_wconf 85' lang='lat' dir='ltr'><strong>supra.Pietatem</strong></span> <span class='ocrx_word' id='word_1_530' title='bbox 2428 3010 2607 3057; x_wconf 88' lang='lat' dir='ltr'><strong>autem</strong></span> <span class='ocrx_word' id='word_1_531' title='bbox 2657 3008 2825 3063; x_wconf 90' lang='lat' dir='ltr'><strong>tuam,</strong></span> <span class='ocrx_word' id='word_1_532' title='bbox 2870 2996 3012 3052; x_wconf 79' lang='lat' dir='ltr'><strong>Deus</strong></span> <span class='ocrx_word' id='word_1_533' title='bbox 3066 2993 3431 3062; x_wconf 86' lang='lat' dir='ltr'><strong>omnipotens,</strong></span> 
     </span>
    </p>
   </div>
   <div class='ocr_carea' id='block_1_68' title="bbox 1848 3082 3432 3165">
    <p class='ocr_par' dir='ltr' id='par_1_68' title="bbox 1848 3082 3432 3165">
     <span class='ocr_line' id='line_1_68' title="bbox 1848 3082 3432 3165; baseline -0.012 -12"><span class='ocrx_word' id='word_1_534' title='bbox 1848 3097 2047 3153; x_wconf 79' lang='lat' dir='ltr'><strong>obnixe</strong></span> <span class='ocrx_word' id='word_1_535' title='bbox 2089 3095 2348 3165; x_wconf 87' lang='lat' dir='ltr'><strong>deprecor</strong></span> <span class='ocrx_word' id='word_1_536' title='bbox 2378 3103 2435 3147; x_wconf 93' lang='lat' dir='ltr'><strong>ut</strong></span> <span class='ocrx_word' id='word_1_537' title='bbox 2472 3108 2559 3146; x_wconf 88' lang='lat' dir='ltr'><strong>me</strong></span> <span class='ocrx_word' id='word_1_538' title='bbox 2590 3090 2758 3146; x_wconf 81' lang='lat' dir='ltr'><strong>facias</strong></span> <span class='ocrx_word' id='word_1_539' title='bbox 2790 3088 2885 3142; x_wconf 86' lang='lat' dir='ltr'><strong>tibi</strong></span> <span class='ocrx_word' id='word_1_540' title='bbox 2920 3101 3132 3155; x_wconf 75' lang='lat' dir='ltr'><strong>seraper</strong></span> <span class='ocrx_word' id='word_1_541' title='bbox 3175 3082 3432 3155; x_wconf 88' lang='lat' dir='ltr'><strong>placitum</strong></span> 
     </span>
    </p>
   </div>
   <div class='ocr_carea' id='block_1_69' title="bbox 1851 3173 3431 3245">
    <p class='ocr_par' dir='ltr' id='par_1_69' title="bbox 1851 3173 3431 3245">
     <span class='ocr_line' id='line_1_69' title="bbox 1851 3173 3431 3245; baseline -0.012 0"><span class='ocrx_word' id='word_1_542' title='bbox 1851 3187 2180 3245; x_wconf 80' lang='lat' dir='ltr'><strong>sacrificium</strong></span> <span class='ocrx_word' id='word_1_543' title='bbox 2204 3186 2422 3240; x_wconf 87' lang='lat' dir='ltr'><strong>laudum</strong></span> <span class='ocrx_word' id='word_1_544' title='bbox 2446 3193 2657 3238; x_wconf 86' lang='lat' dir='ltr'><strong>tuarum</strong></span> <span class='ocrx_word' id='word_1_545' title='bbox 2682 3180 2900 3243; x_wconf 81' lang='lat' dir='ltr'><strong>offerre,</strong></span> <span class='ocrx_word' id='word_1_546' title='bbox 2923 3187 2983 3231; x_wconf 91' lang='lat' dir='ltr'><strong>ut</strong></span> <span class='ocrx_word' id='word_1_547' title='bbox 3003 3186 3057 3231; x_wconf 79' lang='lat' dir='ltr'><strong>et</strong></span> <span class='ocrx_word' id='word_1_548' title='bbox 3077 3190 3196 3245; x_wconf 61' lang='lat' dir='ltr'><strong>quae</strong></span> <span class='ocrx_word' id='word_1_549' title='bbox 3223 3173 3431 3244; x_wconf 80' lang='lat' dir='ltr'><strong>agenda</strong></span> 
     </span>
    </p>
   </div>
   <div class='ocr_carea' id='block_1_70' title="bbox 1853 3268 3432 3347">
    <p class='ocr_par' dir='ltr' id='par_1_70' title="bbox 1853 3268 3432 3347">
     <span class='ocr_line' id='line_1_70' title="bbox 1853 3268 3432 3347; baseline -0.011 -11"><span class='ocrx_word' id='word_1_550' title='bbox 1853 3289 1981 3337; x_wconf 90' lang='lat' dir='ltr'><strong>sunt</strong></span> <span class='ocrx_word' id='word_1_551' title='bbox 2024 3277 2291 3333; x_wconf 86' lang='lat' dir='ltr'><strong>veraciter</strong></span> <span class='ocrx_word' id='word_1_552' title='bbox 2343 3290 2657 3347; x_wconf 83' lang='lat' dir='ltr'><strong>agnoscam,</strong></span> <span class='ocrx_word' id='word_1_553' title='bbox 2685 3282 2740 3327; x_wconf 90' lang='lat' dir='ltr'><strong>et</strong></span> <span class='ocrx_word' id='word_1_554' title='bbox 2782 3272 2962 3344; x_wconf 80' lang='lat' dir='ltr'><strong>agnita</strong></span> <span class='ocrx_word' id='word_1_555' title='bbox 3023 3268 3165 3323; x_wconf 82' lang='lat' dir='ltr'><strong>ﬁdeli</strong></span> <span class='ocrx_word' id='word_1_556' title='bbox 3208 3281 3432 3337; x_wconf 84' lang='lat' dir='ltr'><strong>operum</strong></span> 
     </span>
    </p>
   </div>
   <div class='ocr_carea' id='block_1_71' title="bbox 1848 3356 3435 3439">
    <p class='ocr_par' dir='ltr' id='par_1_71' title="bbox 1848 3356 3435 3439">
     <span class='ocr_line' id='line_1_71' title="bbox 1848 3356 3435 3439; baseline -0.011 -12"><span class='ocrx_word' id='word_1_557' title='bbox 1848 3371 2197 3427; x_wconf 80' lang='lat' dir='ltr'><strong>exsecutione</strong></span> <span class='ocrx_word' id='word_1_558' title='bbox 2244 3367 2545 3439; x_wconf 80' lang='lat' dir='ltr'><strong>perﬁciam,</strong></span> <span class='ocrx_word' id='word_1_559' title='bbox 2590 3380 2659 3420; x_wconf 88' lang='lat' dir='ltr'><strong>ne</strong></span> <span class='ocrx_word' id='word_1_560' title='bbox 2701 3363 2839 3435; x_wconf 84' lang='lat' dir='ltr'><strong>ignis</strong></span> <span class='ocrx_word' id='word_1_561' title='bbox 2888 3361 3123 3431; x_wconf 86' lang='lat' dir='ltr'><strong>Spiritus</strong></span> <span class='ocrx_word' id='word_1_562' title='bbox 3159 3356 3350 3413; x_wconf 82' lang='lat' dir='ltr'><strong>&#39;sancti</strong></span> <span class='ocrx_word' id='word_1_563' title='bbox 3380 3363 3435 3410; x_wconf 90' lang='lat' dir='ltr'><strong>et</strong></span> 
     </span>
    </p>
   </div>
   <div class='ocr_carea' id='block_1_72' title="bbox 1850 3450 3433 3530">
    <p class='ocr_par' dir='ltr' id='par_1_72' title="bbox 1850 3450 3433 3530">
     <span class='ocr_line' id='line_1_72' title="bbox 1850 3450 3433 3530; baseline -0.008 -15"><span class='ocrx_word' id='word_1_564' title='bbox 1850 3462 2168 3519; x_wconf 72' lang='lat' dir='ltr'><strong>veneranda:</strong></span> <span class='ocrx_word' id='word_1_565' title='bbox 2213 3461 2495 3518; x_wconf 88' lang='lat' dir='ltr'><strong>charitatis</strong></span> <span class='ocrx_word' id='word_1_566' title='bbox 2569 3474 2729 3530; x_wconf 88' lang='lat' dir='ltr'><strong>quem</strong></span> <span class='ocrx_word' id='word_1_567' title='bbox 2790 3465 3050 3529; x_wconf 86' lang='lat' dir='ltr'><strong>perpetuo</strong></span> <span class='ocrx_word' id='word_1_568' title='bbox 3104 3450 3433 3508; x_wconf 87' lang='lat' dir='ltr'><strong>servandum</strong></span> 
     </span>
    </p>
   </div>
   <div class='ocr_carea' id='block_1_73' title="bbox 1844 3543 3430 3629">
    <p class='ocr_par' dir='ltr' id='par_1_73' title="bbox 1844 3543 3430 3629">
     <span class='ocr_line' id='line_1_73' title="bbox 1844 3543 3430 3629; baseline -0.008 -20"><span class='ocrx_word' id='word_1_569' title='bbox 1844 3553 2172 3626; x_wconf 65' lang='lat' dir='ltr'><strong>praecepisti,</strong></span> <span class='ocrx_word' id='word_1_570' title='bbox 2215 3569 2374 3624; x_wconf 91' lang='lat' dir='ltr'><strong>quem</strong></span> <span class='ocrx_word' id='word_1_571' title='bbox 2406 3568 2501 3629; x_wconf 87' lang='lat' dir='ltr'><strong>per</strong></span> <span class='ocrx_word' id='word_1_572' title='bbox 2545 3551 2860 3608; x_wconf 71' lang='lat' dir='ltr'><strong>effusionem</strong></span> <span class='ocrx_word' id='word_1_573' title='bbox 2904 3548 3018 3602; x_wconf 85' lang='lat' dir='ltr'><strong>veri</strong></span> <span class='ocrx_word' id='word_1_574' title='bbox 3076 3543 3353 3617; x_wconf 58' lang='lat' dir='ltr'><strong>sanguinis</strong></span> <span class='ocrx_word' id='word_1_575' title='bbox 3378 3543 3430 3596; x_wconf 88' lang='lat' dir='ltr'><strong>in</strong></span> 
     </span>
    </p>
   </div>
   <div class='ocr_carea' id='block_1_74' title="bbox 1844 3634 3431 3718">
    <p class='ocr_par' dir='ltr' id='par_1_74' title="bbox 1844 3634 3431 3718">
     <span class='ocr_line' id='line_1_74' title="bbox 1844 3634 3431 3718; baseline -0.009 -16"><span class='ocrx_word' id='word_1_576' title='bbox 1844 3647 2008 3703; x_wconf 90' lang='lat' dir='ltr'><strong>corde</strong></span> <span class='ocrx_word' id='word_1_577' title='bbox 2028 3656 2082 3702; x_wconf 91' lang='lat' dir='ltr'><strong>et</strong></span> <span class='ocrx_word' id='word_1_578' title='bbox 2116 3655 2336 3718; x_wconf 87' lang='lat' dir='ltr'><strong>pectore</strong></span> <span class='ocrx_word' id='word_1_579' title='bbox 2374 3659 2496 3700; x_wconf 92' lang='lat' dir='ltr'><strong>meo</strong></span> <span class='ocrx_word' id='word_1_580' title='bbox 2549 3642 2917 3706; x_wconf 85' lang='lat' dir='ltr'><strong>confirmasti,</strong></span> <span class='ocrx_word' id='word_1_581' title='bbox 2941 3638 3195 3703; x_wconf 85' lang='lat' dir='ltr'><strong>deficiat;</strong></span> <span class='ocrx_word' id='word_1_582' title='bbox 3236 3635 3332 3692; x_wconf 85' lang='lat' dir='ltr'><strong>sed</strong></span> <span class='ocrx_word' id='word_1_583' title='bbox 3362 3634 3431 3687; x_wconf 88' lang='lat' dir='ltr'><strong>ad</strong></span> 
     </span>
    </p>
   </div>
   <div class='ocr_carea' id='block_1_75' title="bbox 1848 3727 3433 3797">
    <p class='ocr_par' dir='ltr' id='par_1_75' title="bbox 1848 3727 3433 3797">
     <span class='ocr_line' id='line_1_75' title="bbox 1848 3727 3433 3797; baseline -0.006 -5"><span class='ocrx_word' id='word_1_584' title='bbox 1848 3738 2062 3795; x_wconf 86' lang='lat' dir='ltr'><strong>laudem</strong></span> <span class='ocrx_word' id='word_1_585' title='bbox 2092 3748 2147 3792; x_wconf 89' lang='lat' dir='ltr'><strong>et</strong></span> <span class='ocrx_word' id='word_1_586' title='bbox 2169 3738 2429 3793; x_wconf 88' lang='lat' dir='ltr'><strong>honorem</strong></span> <span class='ocrx_word' id='word_1_587' title='bbox 2487 3734 2721 3792; x_wconf 83' lang='lat' dir='ltr'><strong>nominis</strong></span> <span class='ocrx_word' id='word_1_588' title='bbox 2750 3734 2850 3797; x_wconf 90' lang='lat' dir='ltr'><strong>tui,</strong></span> <span class='ocrx_word' id='word_1_589' title='bbox 2878 3733 2933 3788; x_wconf 89' lang='lat' dir='ltr'><strong>in</strong></span> <span class='ocrx_word' id='word_1_590' title='bbox 2974 3740 3077 3787; x_wconf 78' lang='lat' dir='ltr'><strong>tuae</strong></span> <span class='ocrx_word' id='word_1_591' title='bbox 3101 3728 3323 3786; x_wconf 88' lang='lat' dir='ltr'><strong>servitio</strong></span> <span class='ocrx_word' id='word_1_592' title='bbox 3353 3727 3433 3783; x_wconf 87' lang='lat' dir='ltr'><strong>di-</strong></span> 
     </span>
    </p>
   </div>
   <div class='ocr_carea' id='block_1_76' title="bbox 1847 3816 3193 3888">
    <p class='ocr_par' dir='ltr' id='par_1_76' title="bbox 1847 3816 3193 3888">
     <span class='ocr_line' id='line_1_76' title="bbox 1847 3816 3193 3888; baseline -0.007 -2"><span class='ocrx_word' id='word_1_593' title='bbox 1847 3830 2092 3888; x_wconf 79' lang='lat' dir='ltr'><strong>lectionis</strong></span> <span class='ocrx_word' id='word_1_594' title='bbox 2115 3830 2362 3886; x_wconf 85' lang='lat' dir='ltr'><strong>ardescat</strong></span> <span class='ocrx_word' id='word_1_595' title='bbox 2385 3830 2438 3884; x_wconf 90' lang='lat' dir='ltr'><strong>in</strong></span> <span class='ocrx_word' id='word_1_596' title='bbox 2465 3827 2741 3886; x_wconf 64' lang='lat' dir='ltr'><strong>saeculum.</strong></span> <span class='ocrx_word' id='word_1_597' title='bbox 2766 3825 2958 3883; x_wconf 81' lang='lat' dir='ltr'><strong>Amen.</strong></span> <span class='ocrx_word' id='word_1_598' title='bbox 3190 3816 3193 3817; x_wconf 54' lang='grc'><strong><em>⁷</em></strong></span> 
     </span>
    </p>
   </div>
   <div class='ocr_carea' id='block_1_77' title="bbox 156 4068 3431 4115">
    <p class='ocr_par' dir='ltr' id='par_1_77' title="bbox 156 4068 3431 4115">
     <span class='ocr_line' id='line_1_77' title="bbox 156 4068 3431 4115; baseline -0.008 4"><span class='ocrx_word' id='word_1_599' title='bbox 156 4068 3431 4115; x_wconf 60' lang='lat' dir='ltr'><em>W</em></span> 
     </span>
    </p>
   </div>
   <div class='ocr_carea' id='block_1_78' title="bbox 833 4235 2736 4354">
    <p class='ocr_par' dir='ltr' id='par_1_78' title="bbox 833 4235 2736 4354">
     <span class='ocr_line' id='line_1_78' title="bbox 833 4235 2736 4354; baseline -0.004 -1"><span class='ocrx_word' id='word_1_600' title='bbox 833 4239 1963 4354; x_wconf 75' lang='lat' dir='ltr'><strong>WALAI‘BIDI</strong></span> <span class='ocrx_word' id='word_1_601' title='bbox 2040 4235 2736 4352; x_wconf 74' lang='lat' dir='ltr'><strong>STRABI</strong></span> 
     </span>
    </p>
   </div>
   <div class='ocr_carea' id='block_1_79' title="bbox 1426 4449 2160 4509">
    <p class='ocr_par' dir='ltr' id='par_1_79' title="bbox 1426 4449 2160 4509">
     <span class='ocr_line' id='line_1_79' title="bbox 1426 4449 2160 4509; baseline -0.004 -1"><span class='ocrx_word' id='word_1_602' title='bbox 1426 4450 1811 4509; x_wconf 78' lang='lat' dir='ltr'><strong>FULDENSIS</strong></span> <span class='ocrx_word' id='word_1_603' title='bbox 1851 4449 2160 4509; x_wconf 68' lang='lat' dir='ltr'><strong>BIONACIII</strong></span> 
     </span>
    </p>
   </div>
   <div class='ocr_carea' id='block_1_80' title="bbox 372 4621 3184 4752">
    <p class='ocr_par' dir='ltr' id='par_1_80' title="bbox 372 4621 3184 4752">
     <span class='ocr_line' id='line_1_80' title="bbox 372 4621 3184 4752; baseline 0 -2"><span class='ocrx_word' id='word_1_604' title='bbox 372 4621 813 4752; x_wconf 77' lang='lat' dir='ltr'><strong>IIIIMILIA</strong></span> <span class='ocrx_word' id='word_1_605' title='bbox 881 4624 990 4752; x_wconf 91' lang='lat' dir='ltr'><strong>IN</strong></span> <span class='ocrx_word' id='word_1_606' title='bbox 1065 4622 1488 4749; x_wconf 81' lang='lat' dir='ltr'><strong>INI&#39;I‘IUM</strong></span> <span class='ocrx_word' id='word_1_607' title='bbox 1574 4624 2124 4752; x_wconf 80' lang='lat' dir='ltr'><strong>EVANGELII</strong></span> <span class='ocrx_word' id='word_1_608' title='bbox 2206 4621 2565 4752; x_wconf 80' lang='lat' dir='ltr'><strong>SANC&#39;I‘I</strong></span> <span class='ocrx_word' id='word_1_609' title='bbox 2647 4624 3184 4751; x_wconf 75' lang='lat' dir='ltr'><strong>MATTHZEI.</strong></span> 
     </span>
    </p>
   </div>
   <div class='ocr_carea' id='block_1_81' title="bbox 1084 4844 2472 4914">
    <p class='ocr_par' dir='ltr' id='par_1_81' title="bbox 1084 4844 2472 4914">
     <span class='ocr_line' id='line_1_81' title="bbox 1084 4844 2472 4914; baseline -0.001 -14"><span class='ocrx_word' id='word_1_610' title='bbox 1084 4849 1245 4911; x_wconf 60' lang='lat' dir='ltr'><strong>(Pes,</strong></span> <span class='ocrx_word' id='word_1_611' title='bbox 1270 4848 1555 4899; x_wconf 82' lang='lat' dir='ltr'><strong>&#39;I&#39;hesaurus</strong></span> <span class='ocrx_word' id='word_1_612' title='bbox 1578 4849 1754 4898; x_wconf 85' lang='lat' dir='ltr'><strong>noviss.</strong></span> <span class='ocrx_word' id='word_1_613' title='bbox 1781 4849 1993 4912; x_wconf 77' lang='lat' dir='ltr'><strong>Anecd.,</strong></span> <span class='ocrx_word' id='word_1_614' title='bbox 2029 4858 2146 4899; x_wconf 86' lang='lat' dir='ltr'><strong>tom.</strong></span> <span class='ocrx_word' id='word_1_615' title='bbox 2168 4844 2249 4910; x_wconf 53' lang='lat' dir='ltr'><strong>&#39;ll,</strong></span> <span class='ocrx_word' id='word_1_616' title='bbox 2287 4867 2334 4914; x_wconf 92' lang='lat' dir='ltr'><strong>p.</strong></span> <span class='ocrx_word' id='word_1_617' title='bbox 2372 4852 2472 4914; x_wconf 70' lang='lat' dir='ltr'><strong>ii.)</strong></span> 
     </span>
    </p>
   </div>
   <div class='ocr_carea' id='block_1_82' title="bbox 221 5107 1661 5168">
    <p class='ocr_par' dir='ltr' id='par_1_82' title="bbox 221 5107 1661 5168">
     <span class='ocr_line' id='line_1_82' title="bbox 221 5107 1661 5168; baseline 0.003 -7"><span class='ocrx_word' id='word_1_618' title='bbox 221 5107 437 5165; x_wconf 75' lang='lat' dir='ltr'><strong>INI‘I‘IUI</strong></span> <span class='ocrx_word' id='word_1_619' title='bbox 472 5123 659 5165; x_wconf 60' lang='lat' dir='ltr'><strong>ssnon</strong></span> <span class='ocrx_word' id='word_1_620' title='bbox 685 5107 979 5164; x_wconf 75' lang='lat' dir='ltr'><strong>EVANGELII</strong></span> <span class='ocrx_word' id='word_1_621' title='bbox 1005 5123 1281 5166; x_wconf 74' lang='lat' dir='ltr'><strong>sscuunuu</strong></span> <span class='ocrx_word' id='word_1_622' title='bbox 1308 5109 1661 5168; x_wconf 64' lang='lat' dir='ltr'><strong>Mummii.</strong></span> 
     </span>
    </p>
   </div>
   <div class='ocr_carea' id='block_1_83' title="bbox 220 5199 1730 5275">
    <p class='ocr_par' dir='ltr' id='par_1_83' title="bbox 220 5199 1730 5275">
     <span class='ocr_line' id='line_1_83' title="bbox 220 5199 1730 5275; baseline 0.004 -20"><span class='ocrx_word' id='word_1_623' title='bbox 220 5200 376 5255; x_wconf 79' lang='lat' dir='ltr'><strong>Liber</strong></span> <span class='ocrx_word' id='word_1_624' title='bbox 401 5199 889 5272; x_wconf 74' lang='lat' dir='ltr'><strong>generationisJesu</strong></span> <span class='ocrx_word' id='word_1_625' title='bbox 910 5199 1107 5258; x_wconf 77' lang='lat' dir='ltr'><strong>Christi</strong></span> <span class='ocrx_word' id='word_1_626' title='bbox 1124 5204 1430 5273; x_wconf 74' lang='lat' dir='ltr'><strong>ﬁlii-David,</strong></span> <span class='ocrx_word' id='word_1_627' title='bbox 1443 5206 1544 5275; x_wconf 82' lang='lat' dir='ltr'><strong>ﬁlii</strong></span> <span class='ocrx_word' id='word_1_628' title='bbox 1565 5206 1730 5262; x_wconf 84' lang='lat' dir='ltr'><strong>Abra-</strong></span> 
     </span>
    </p>
   </div>
   <div class='ocr_carea' id='block_1_84' title="bbox 156 5291 1728 5369">
    <p class='ocr_par' dir='ltr' id='par_1_84' title="bbox 156 5291 1728 5369">
     <span class='ocr_line' id='line_1_84' title="bbox 156 5291 1728 5369; baseline 0.007 -25"><span class='ocrx_word' id='word_1_629' title='bbox 156 5292 295 5346; x_wconf 74' lang='lat' dir='ltr'><strong>ham.</strong></span> <span class='ocrx_word' id='word_1_630' title='bbox 326 5291 593 5347; x_wconf 81' lang='lat' dir='ltr'><strong>Abraham</strong></span> <span class='ocrx_word' id='word_1_631' title='bbox 618 5294 795 5364; x_wconf 71' lang='lat' dir='ltr'><strong>genuit</strong></span> <span class='ocrx_word' id='word_1_632' title='bbox 825 5292 1003 5361; x_wconf 79' lang='lat' dir='ltr'><strong>Isaac,</strong></span> <span class='ocrx_word' id='word_1_633' title='bbox 1034 5293 1192 5350; x_wconf 77' lang='lat' dir='ltr'><strong>Isaac</strong></span> <span class='ocrx_word' id='word_1_634' title='bbox 1219 5306 1394 5352; x_wconf 83' lang='lat' dir='ltr'><strong>autem</strong></span> <span class='ocrx_word' id='word_1_635' title='bbox 1429 5298 1607 5369; x_wconf 77' lang='lat' dir='ltr'><strong>genuit</strong></span> <span class='ocrx_word' id='word_1_636' title='bbox 1627 5298 1728 5354; x_wconf 86' lang='lat' dir='ltr'><strong>Ja-</strong></span> 
     </span>
    </p>
   </div>
   <div class='ocr_carea' id='block_1_85' title="bbox 154 5383 1690 5461">
    <p class='ocr_par' dir='ltr' id='par_1_85' title="bbox 154 5383 1690 5461">
     <span class='ocr_line' id='line_1_85' title="bbox 154 5383 1690 5461; baseline 0.004 -20"><span class='ocrx_word' id='word_1_637' title='bbox 154 5385 243 5441; x_wconf 75' lang='lat' dir='ltr'><strong>sob</strong></span> <span class='ocrx_word' id='word_1_638' title='bbox 260 5428 274 5451; x_wconf 93' lang='lat'><strong>,</strong></span> <span class='ocrx_word' id='word_1_639' title='bbox 297 5383 465 5441; x_wconf 78' lang='lat' dir='ltr'><strong>Iacob</strong></span> <span class='ocrx_word' id='word_1_640' title='bbox 485 5396 661 5442; x_wconf 81' lang='lat' dir='ltr'><strong>autem</strong></span> <span class='ocrx_word' id='word_1_641' title='bbox 681 5388 859 5459; x_wconf 81' lang='lat' dir='ltr'><strong>genuit</strong></span> <span class='ocrx_word' id='word_1_642' title='bbox 883 5387 1082 5443; x_wconf 75' lang='lat' dir='ltr'><strong>ludam</strong></span> <span class='ocrx_word' id='word_1_643' title='bbox 1111 5398 1161 5443; x_wconf 83' lang='lat' dir='ltr'><strong>et</strong></span> <span class='ocrx_word' id='word_1_644' title='bbox 1188 5389 1380 5459; x_wconf 77' lang='lat' dir='ltr'><strong>fratres</strong></span> <span class='ocrx_word' id='word_1_645' title='bbox 1406 5391 1552 5461; x_wconf 79' lang='lat' dir='ltr'><strong>ejus,</strong></span> <span class='ocrx_word' id='word_1_646' title='bbox 1585 5398 1690 5447; x_wconf 86' lang='lat' dir='ltr'><strong>etc.</strong></span> 
     </span>
    </p>
   </div>
   <div class='ocr_carea' id='block_1_86' title="bbox 223 5477 1729 5551">
    <p class='ocr_par' dir='ltr' id='par_1_86' title="bbox 223 5477 1729 5551">
     <span class='ocr_line' id='line_1_86' title="bbox 223 5477 1729 5551; baseline 0.004 -18"><span class='ocrx_word' id='word_1_647' title='bbox 223 5477 433 5550; x_wconf 79' lang='lat' dir='ltr'><strong>Moyses</strong></span> <span class='ocrx_word' id='word_1_648' title='bbox 447 5477 536 5533; x_wconf 90' lang='lat' dir='ltr'><strong>vir</strong></span> <span class='ocrx_word' id='word_1_649' title='bbox 556 5488 775 5534; x_wconf 89' lang='lat' dir='ltr'><strong>sanctus</strong></span> <span class='ocrx_word' id='word_1_650' title='bbox 800 5479 998 5535; x_wconf 89' lang='lat' dir='ltr'><strong>librum</strong></span> <span class='ocrx_word' id='word_1_651' title='bbox 1018 5480 1311 5538; x_wconf 89' lang='lat' dir='ltr'><strong>creationis</strong></span> <span class='ocrx_word' id='word_1_652' title='bbox 1328 5482 1450 5539; x_wconf 71' lang='lat' dir='ltr'><strong>cadi</strong></span> <span class='ocrx_word' id='word_1_653' title='bbox 1465 5492 1520 5539; x_wconf 90' lang='lat' dir='ltr'><strong>et</strong></span> <span class='ocrx_word' id='word_1_654' title='bbox 1548 5492 1729 5551; x_wconf 81' lang='lat' dir='ltr'><strong>terrae,</strong></span> 
     </span>
    </p>
   </div>
   <div class='ocr_carea' id='block_1_87' title="bbox 154 5570 1731 5646">
    <p class='ocr_par' dir='ltr' id='par_1_87' title="bbox 154 5570 1731 5646">
     <span class='ocr_line' id='line_1_87' title="bbox 154 5570 1731 5646; baseline 0.003 -20"><span class='ocrx_word' id='word_1_655' title='bbox 154 5571 334 5627; x_wconf 88' lang='lat' dir='ltr'><strong>divina</strong></span> <span class='ocrx_word' id='word_1_656' title='bbox 375 5570 543 5628; x_wconf 86' lang='lat' dir='ltr'><strong>fultus</strong></span> <span class='ocrx_word' id='word_1_657' title='bbox 587 5572 944 5640; x_wconf 89' lang='lat' dir='ltr'><strong>auctoritate,</strong></span> <span class='ocrx_word' id='word_1_658' title='bbox 974 5573 1317 5645; x_wconf 89' lang='lat' dir='ltr'><strong>conscripsit,</strong></span> <span class='ocrx_word' id='word_1_659' title='bbox 1348 5575 1403 5630; x_wconf 91' lang='lat' dir='ltr'><strong>in</strong></span> <span class='ocrx_word' id='word_1_660' title='bbox 1439 5590 1548 5645; x_wconf 91' lang='lat' dir='ltr'><strong>quo</strong></span> <span class='ocrx_word' id='word_1_661' title='bbox 1583 5576 1731 5646; x_wconf 79' lang='lat' dir='ltr'><strong>peri—</strong></span> 
     </span>
    </p>
   </div>
   <div class='ocr_carea' id='block_1_88' title="bbox 155 5661 1734 5737">
    <p class='ocr_par' dir='ltr' id='par_1_88' title="bbox 155 5661 1734 5737">
     <span class='ocr_line' id='line_1_88' title="bbox 155 5661 1734 5737; baseline 0.005 -23"><span class='ocrx_word' id='word_1_662' title='bbox 155 5661 259 5716; x_wconf 83' lang='lat' dir='ltr'><strong>turi</strong></span> <span class='ocrx_word' id='word_1_663' title='bbox 285 5661 522 5718; x_wconf 89' lang='lat' dir='ltr'><strong>hominis</strong></span> <span class='ocrx_word' id='word_1_664' title='bbox 545 5662 816 5735; x_wconf 78' lang='lat' dir='ltr'><strong>originem</strong></span> <span class='ocrx_word' id='word_1_665' title='bbox 851 5671 1082 5719; x_wconf 78' lang='lat' dir='ltr'><strong>texerat.</strong></span> <span class='ocrx_word' id='word_1_666' title='bbox 1124 5663 1428 5732; x_wconf 69' lang='lat' dir='ltr'><strong>Mattbaeus,</strong></span> <span class='ocrx_word' id='word_1_667' title='bbox 1460 5665 1734 5737; x_wconf 75' lang='lat' dir='ltr'><strong>aposmlus</strong></span> 
     </span>
    </p>
   </div>
   <div class='ocr_carea' id='block_1_89' title="bbox 154 5752 1732 5828">
    <p class='ocr_par' dir='ltr' id='par_1_89' title="bbox 154 5752 1732 5828">
     <span class='ocr_line' id='line_1_89' title="bbox 154 5752 1732 5828; baseline 0.003 -20"><span class='ocrx_word' id='word_1_668' title='bbox 154 5752 353 5810; x_wconf 89' lang='lat' dir='ltr'><strong>Christi</strong></span> <span class='ocrx_word' id='word_1_669' title='bbox 398 5765 457 5811; x_wconf 92' lang='lat' dir='ltr'><strong>et</strong></span> <span class='ocrx_word' id='word_1_670' title='bbox 502 5754 837 5827; x_wconf 77' lang='lat' dir='ltr'><strong>evangelista</strong></span> <span class='ocrx_word' id='word_1_671' title='bbox 862 5794 877 5820; x_wconf 94' lang='lat'><strong>,</strong></span> <span class='ocrx_word' id='word_1_672' title='bbox 938 5754 1138 5810; x_wconf 89' lang='lat' dir='ltr'><strong>librum</strong></span> <span class='ocrx_word' id='word_1_673' title='bbox 1191 5757 1554 5828; x_wconf 87' lang='lat' dir='ltr'><strong>generationis</strong></span> <span class='ocrx_word' id='word_1_674' title='bbox 1606 5756 1732 5814; x_wconf 88' lang='lat' dir='ltr'><strong>Jesu</strong></span> 
     </span>
    </p>
   </div>
   <div class='ocr_carea' id='block_1_90' title="bbox 152 5844 1730 5921">
    <p class='ocr_par' dir='ltr' id='par_1_90' title="bbox 152 5844 1730 5921">
     <span class='ocr_line' id='line_1_90' title="bbox 152 5844 1730 5921; baseline 0.004 -23"><span class='ocrx_word' id='word_1_675' title='bbox 152 5844 367 5913; x_wconf 75' lang='lat' dir='ltr'><strong>Christi,</strong></span> <span class='ocrx_word' id='word_1_676' title='bbox 407 5847 463 5905; x_wconf 91' lang='lat' dir='ltr'><strong>in</strong></span> <span class='ocrx_word' id='word_1_677' title='bbox 500 5862 610 5920; x_wconf 88' lang='lat' dir='ltr'><strong>quo</strong></span> <span class='ocrx_word' id='word_1_678' title='bbox 639 5855 722 5905; x_wconf 87' lang='lat' dir='ltr'><strong>est</strong></span> <span class='ocrx_word' id='word_1_679' title='bbox 752 5846 967 5904; x_wconf 90' lang='lat' dir='ltr'><strong>initium</strong></span> <span class='ocrx_word' id='word_1_680' title='bbox 1021 5847 1212 5905; x_wconf 88' lang='lat' dir='ltr'><strong>salutis</strong></span> <span class='ocrx_word' id='word_1_681' title='bbox 1267 5858 1466 5906; x_wconf 83' lang='lat' dir='ltr'><strong>nostrae</strong></span> <span class='ocrx_word' id='word_1_682' title='bbox 1491 5891 1505 5919; x_wconf 94' lang='lat'><strong>,</strong></span> <span class='ocrx_word' id='word_1_683' title='bbox 1555 5858 1610 5906; x_wconf 89' lang='lat' dir='ltr'><strong>et</strong></span> <span class='ocrx_word' id='word_1_684' title='bbox 1638 5849 1730 5921; x_wconf 83' lang='lat' dir='ltr'><strong>qui</strong></span> 
     </span>
    </p>
   </div>
   <div class='ocr_carea' id='block_1_91' title="bbox 1766 5108 3425 5189">
    <p class='ocr_par' dir='ltr' id='par_1_91' title="bbox 1766 5108 3425 5189">
     <span class='ocr_line' id='line_1_91' title="bbox 1766 5108 3425 5189; baseline 0.004 -22"><span class='ocrx_word' id='word_1_685' title='bbox 1766 5115 1812 5173; x_wconf 91' lang='lat' dir='ltr'><strong>D</strong></span> <span class='ocrx_word' id='word_1_686' title='bbox 1838 5119 1923 5167; x_wconf 90' lang='lat' dir='ltr'><strong>est</strong></span> <span class='ocrx_word' id='word_1_687' title='bbox 1970 5108 2232 5182; x_wconf 83' lang='lat' dir='ltr'><strong>perfectio</strong></span> <span class='ocrx_word' id='word_1_688' title='bbox 2267 5121 2484 5168; x_wconf 66' lang='lat' dir='ltr'><strong>aeternae</strong></span> <span class='ocrx_word' id='word_1_689' title='bbox 2523 5114 2885 5171; x_wconf 77' lang='lat' dir='ltr'><strong>beatitudinis</strong></span> <span class='ocrx_word' id='word_1_690' title='bbox 2901 5121 3129 5179; x_wconf 62' lang='lat' dir='ltr'><strong>nostra,</strong></span> <span class='ocrx_word' id='word_1_691' title='bbox 3185 5130 3425 5189; x_wconf 89' lang='lat' dir='ltr'><strong>congruo</strong></span> 
     </span>
    </p>
   </div>
   <div class='ocr_carea' id='block_1_92' title="bbox 1839 5201 3421 5275">
    <p class='ocr_par' dir='ltr' id='par_1_92' title="bbox 1839 5201 3421 5275">
     <span class='ocr_line' id='line_1_92' title="bbox 1839 5201 3421 5275; baseline 0.002 -18"><span class='ocrx_word' id='word_1_692' title='bbox 1839 5202 2058 5274; x_wconf 88' lang='lat' dir='ltr'><strong>scripsit</strong></span> <span class='ocrx_word' id='word_1_693' title='bbox 2082 5203 2307 5258; x_wconf 83' lang='lat' dir='ltr'><strong>exordio</strong></span> <span class='ocrx_word' id='word_1_694' title='bbox 2342 5220 2355 5256; x_wconf 91' lang='lat'><strong>:</strong></span> <span class='ocrx_word' id='word_1_695' title='bbox 2388 5204 2515 5273; x_wconf 90' lang='lat' dir='ltr'><strong>quia</strong></span> <span class='ocrx_word' id='word_1_696' title='bbox 2538 5202 2698 5259; x_wconf 81' lang='lat' dir='ltr'><strong>Jesus</strong></span> <span class='ocrx_word' id='word_1_697' title='bbox 2724 5201 2970 5261; x_wconf 86' lang='lat' dir='ltr'><strong>Salvator</strong></span> <span class='ocrx_word' id='word_1_698' title='bbox 2995 5203 3381 5275; x_wconf 85' lang='lat' dir='ltr'><strong>interpretatur</strong></span> <span class='ocrx_word' id='word_1_699' title='bbox 3406 5224 3421 5274; x_wconf 88' lang='lat'><strong>;</strong></span> 
     </span>
    </p>
   </div>
   <div class='ocr_carea' id='block_1_93' title="bbox 1838 5296 3422 5369">
    <p class='ocr_par' dir='ltr' id='par_1_93' title="bbox 1838 5296 3422 5369">
     <span class='ocr_line' id='line_1_93' title="bbox 1838 5296 3422 5369; baseline 0.001 -17"><span class='ocrx_word' id='word_1_700' title='bbox 1838 5297 2088 5353; x_wconf 89' lang='lat' dir='ltr'><strong>Christus</strong></span> <span class='ocrx_word' id='word_1_701' title='bbox 2116 5306 2326 5362; x_wconf 77' lang='lat' dir='ltr'><strong>unctus,</strong></span> <span class='ocrx_word' id='word_1_702' title='bbox 2352 5296 2497 5367; x_wconf 90' lang='lat' dir='ltr'><strong>quod</strong></span> <span class='ocrx_word' id='word_1_703' title='bbox 2520 5305 2605 5353; x_wconf 89' lang='lat' dir='ltr'><strong>est</strong></span> <span class='ocrx_word' id='word_1_704' title='bbox 2632 5311 2827 5352; x_wconf 89' lang='lat' dir='ltr'><strong>nomen</strong></span> <span class='ocrx_word' id='word_1_705' title='bbox 2859 5311 3085 5352; x_wconf 74' lang='lat' dir='ltr'><strong>summa:</strong></span> <span class='ocrx_word' id='word_1_706' title='bbox 3110 5296 3422 5369; x_wconf 87' lang='lat' dir='ltr'><strong>dignitatis;</strong></span> 
     </span>
    </p>
   </div>
   <div class='ocr_carea' id='block_1_94' title="bbox 1795 5385 3424 5462">
    <p class='ocr_par' dir='ltr' id='par_1_94' title="bbox 1795 5385 3424 5462">
     <span class='ocr_line' id='line_1_94' title="bbox 1795 5385 3424 5462; baseline 0 -19"><span class='ocrx_word' id='word_1_707' title='bbox 1795 5390 1965 5462; x_wconf 83' lang='lat' dir='ltr'><strong>&#39;quia</strong></span> <span class='ocrx_word' id='word_1_708' title='bbox 2011 5388 2222 5457; x_wconf 88' lang='lat' dir='ltr'><strong>antiqui</strong></span> <span class='ocrx_word' id='word_1_709' title='bbox 2272 5402 2429 5458; x_wconf 88' lang='lat' dir='ltr'><strong>reges</strong></span> <span class='ocrx_word' id='word_1_710' title='bbox 2463 5396 2519 5443; x_wconf 90' lang='lat' dir='ltr'><strong>et</strong></span> <span class='ocrx_word' id='word_1_711' title='bbox 2573 5385 2849 5458; x_wconf 83' lang='lat' dir='ltr'><strong>prophetae</strong></span> <span class='ocrx_word' id='word_1_712' title='bbox 2906 5394 3068 5456; x_wconf 90' lang='lat' dir='ltr'><strong>atque</strong></span> <span class='ocrx_word' id='word_1_713' title='bbox 3116 5386 3424 5443; x_wconf 84' lang='lat' dir='ltr'><strong>sacerdotes</strong></span> 
     </span>
    </p>
   </div>
   <div class='ocr_carea' id='block_1_95' title="bbox 1838 5477 3423 5552">
    <p class='ocr_par' dir='ltr' id='par_1_95' title="bbox 1838 5477 3423 5552">
     <span class='ocr_line' id='line_1_95' title="bbox 1838 5477 3423 5552; baseline -0.003 -13"><span class='ocrx_word' id='word_1_714' title='bbox 1838 5481 1960 5539; x_wconf 91' lang='lat' dir='ltr'><strong>oleo</strong></span> <span class='ocrx_word' id='word_1_715' title='bbox 1972 5479 2314 5552; x_wconf 89' lang='lat' dir='ltr'><strong>ungebantur</strong></span> <span class='ocrx_word' id='word_1_716' title='bbox 2331 5478 2796 5536; x_wconf 84' lang='lat' dir='ltr'><strong>sanctificationis.</strong></span> <span class='ocrx_word' id='word_1_717' title='bbox 2812 5477 2969 5535; x_wconf 82' lang='lat' dir='ltr'><strong>Jesus</strong></span> <span class='ocrx_word' id='word_1_718' title='bbox 2982 5486 3159 5532; x_wconf 89' lang='lat' dir='ltr'><strong>autem</strong></span> <span class='ocrx_word' id='word_1_719' title='bbox 3173 5478 3423 5534; x_wconf 85' lang='lat' dir='ltr'><strong>Christus</strong></span> 
     </span>
    </p>
   </div>
   <div class='ocr_carea' id='block_1_96' title="bbox 1840 5569 3421 5640">
    <p class='ocr_par' dir='ltr' id='par_1_96' title="bbox 1840 5569 3421 5640">
     <span class='ocr_line' id='line_1_96' title="bbox 1840 5569 3421 5640; baseline -0.003 -10"><span class='ocrx_word' id='word_1_720' title='bbox 1840 5573 2102 5630; x_wconf 89' lang='lat' dir='ltr'><strong>Dominus</strong></span> <span class='ocrx_word' id='word_1_721' title='bbox 2148 5582 2336 5629; x_wconf 88' lang='lat' dir='ltr'><strong>noster</strong></span> <span class='ocrx_word' id='word_1_722' title='bbox 2377 5572 2499 5627; x_wconf 91' lang='lat' dir='ltr'><strong>oleo</strong></span> <span class='ocrx_word' id='word_1_723' title='bbox 2542 5571 2739 5627; x_wconf 61' lang='lat' dir='ltr'><strong>laetitiae</strong></span> <span class='ocrx_word' id='word_1_724' title='bbox 2773 5585 2886 5640; x_wconf 72' lang='lat' dir='ltr'><strong>pra:</strong></span> <span class='ocrx_word' id='word_1_725' title='bbox 2921 5569 3270 5639; x_wconf 81' lang='lat' dir='ltr'><strong>participibus</strong></span> <span class='ocrx_word' id='word_1_726' title='bbox 3307 5570 3421 5625; x_wconf 87' lang='lat' dir='ltr'><strong>suis</strong></span> 
     </span>
    </p>
   </div>
   <div class='ocr_carea' id='block_1_97' title="bbox 1839 5661 3418 5735">
    <p class='ocr_par' dir='ltr' id='par_1_97' title="bbox 1839 5661 3418 5735">
     <span class='ocr_line' id='line_1_97' title="bbox 1839 5661 3418 5735; baseline -0.003 -15"><span class='ocrx_word' id='word_1_727' title='bbox 1839 5673 2034 5721; x_wconf 90' lang='lat' dir='ltr'><strong>unctus</strong></span> <span class='ocrx_word' id='word_1_728' title='bbox 2063 5681 2095 5719; x_wconf 91' lang='lat' dir='ltr'><strong>a</strong></span> <span class='ocrx_word' id='word_1_729' title='bbox 2124 5662 2354 5719; x_wconf 85' lang='lat' dir='ltr'><strong>Domino</strong></span> <span class='ocrx_word' id='word_1_730' title='bbox 2394 5661 2611 5735; x_wconf 90' lang='lat' dir='ltr'><strong>legitur.</strong></span> <span class='ocrx_word' id='word_1_731' title='bbox 2653 5662 2755 5730; x_wconf 92' lang='lat' dir='ltr'><strong>Qui</strong></span> <span class='ocrx_word' id='word_1_732' title='bbox 2798 5661 2945 5717; x_wconf 90' lang='lat' dir='ltr'><strong>venit</strong></span> <span class='ocrx_word' id='word_1_733' title='bbox 2996 5662 3049 5715; x_wconf 92' lang='lat' dir='ltr'><strong>in</strong></span> <span class='ocrx_word' id='word_1_734' title='bbox 3080 5661 3223 5716; x_wconf 89' lang='lat' dir='ltr'><strong>hunc</strong></span> <span class='ocrx_word' id='word_1_735' title='bbox 3260 5676 3418 5716; x_wconf 90' lang='lat' dir='ltr'><strong>mun-</strong></span> 
     </span>
    </p>
   </div>
   <div class='ocr_carea' id='block_1_98' title="bbox 1839 5754 3420 5829">
    <p class='ocr_par' dir='ltr' id='par_1_98' title="bbox 1839 5754 3420 5829">
     <span class='ocr_line' id='line_1_98' title="bbox 1839 5754 3420 5829; baseline -0.002 -18"><span class='ocrx_word' id='word_1_736' title='bbox 1839 5757 1967 5811; x_wconf 91' lang='lat' dir='ltr'><strong>dum</strong></span> <span class='ocrx_word' id='word_1_737' title='bbox 1994 5771 2091 5829; x_wconf 87' lang='lat' dir='ltr'><strong>per</strong></span> <span class='ocrx_word' id='word_1_738' title='bbox 2119 5755 2322 5812; x_wconf 90' lang='lat' dir='ltr'><strong>electos</strong></span> <span class='ocrx_word' id='word_1_739' title='bbox 2350 5763 2406 5810; x_wconf 88' lang='lat' dir='ltr'><strong>et</strong></span> <span class='ocrx_word' id='word_1_740' title='bbox 2438 5754 2791 5810; x_wconf 81' lang='lat' dir='ltr'><strong>circumcisus</strong></span> <span class='ocrx_word' id='word_1_741' title='bbox 2815 5760 3017 5822; x_wconf 84' lang='lat' dir='ltr'><strong>patres,</strong></span> <span class='ocrx_word' id='word_1_742' title='bbox 3046 5766 3276 5822; x_wconf 87' lang='lat' dir='ltr'><strong>quorum</strong></span> <span class='ocrx_word' id='word_1_743' title='bbox 3325 5768 3420 5809; x_wconf 89' lang='lat' dir='ltr'><strong>no-</strong></span> 
     </span>
    </p>
   </div>
   <div class='ocr_carea' id='block_1_99' title="bbox 1840 5844 3415 5920">
    <p class='ocr_par' dir='ltr' id='par_1_99' title="bbox 1840 5844 3415 5920">
     <span class='ocr_line' id='line_1_99' title="bbox 1840 5844 3415 5920; baseline 0 -17"><span class='ocrx_word' id='word_1_744' title='bbox 1840 5848 1983 5904; x_wconf 77' lang='lat' dir='ltr'><strong>mina</strong></span> <span class='ocrx_word' id='word_1_745' title='bbox 2033 5862 2131 5920; x_wconf 87' lang='lat' dir='ltr'><strong>per</strong></span> <span class='ocrx_word' id='word_1_746' title='bbox 2165 5847 2410 5905; x_wconf 87' lang='lat' dir='ltr'><strong>ordinem</strong></span> <span class='ocrx_word' id='word_1_747' title='bbox 2453 5846 2735 5903; x_wconf 69' lang='lat' dir='ltr'><strong>Matthteus</strong></span> <span class='ocrx_word' id='word_1_748' title='bbox 2783 5845 2903 5900; x_wconf 84' lang='lat' dir='ltr'><strong>ideo</strong></span> <span class='ocrx_word' id='word_1_749' title='bbox 2952 5844 3006 5899; x_wconf 91' lang='lat' dir='ltr'><strong>in</strong></span> <span class='ocrx_word' id='word_1_750' title='bbox 3054 5844 3275 5901; x_wconf 78' lang='lat' dir='ltr'><strong>exordio</strong></span> <span class='ocrx_word' id='word_1_751' title='bbox 3332 5846 3415 5903; x_wconf 88' lang='lat' dir='ltr'><strong>sui</strong></span> 
     </span>
    </p>
   </div>
  </div>
