3948 6328
489 389 588 445 851

988 387 1381 443 WALAFRIDI
1422 388 1670 445 STRABI
1706 392 1888 449 FULD
1953 385 2120 446 MON.
2159 387 2308 444 OPP.
2350 387 2528 444 PARS
2565 388 2607 445 l.
2644 420 2713 430 —
2751 389 3207 450 THEOLOCICA.

3650 399 3763 457 851

493 502 615 557 libri
669 501 881 571 posuit,
920 502 1046 571 quia
1092 502 1146 556 in
1198 502 1285 557 his
1331 511 1529 559 nostra:
1575 506 1969 577 redemptionis
2019 500 2296 573 etAejus
2339 504 2659 562 ascensione
2709 507 2945 576 gaudere
2995 518 3248 580 oportet,
3310 520 3370 567 ut
3430 515 3503 570 ad
3555 521 3723 590 gaudi

489 605 704 651 acterna:
741 592 935 650 salutis
969 592 1217 664 ﬁguram,
1270 594 1474 666 Spiritu
1519 606 1709 656 sancto
1752 600 2067 668 revelaute,

488 701 610 742 esse
632 685 901 757 cognovit,
931 696 982 741 et
1008 686 1226 742 easdem
1250 686 1452 758 ﬁguras
1478 702 1576 759 per
1594 689 1869 747 Christum
1898 692 1952 747 in
1975 708 2069 749 ve-

489 779 650 835 ritate
684 778 998 850 completas.
1044 779 1201 836 Sicut
1250 781 1395 841 enim
1446 781 1699 840 Christus
1731 800 1830 856 per
1873 786 2070 842 horum

486 871 918 942 patriarcharum
969 872 1339 944 genealogiam
1407 877 1474 932 ad
1527 886 1769 933 nostram
1821 878 1878 934 in
1924 880 2070 937 hunc

488 961 752 1018 mundum
784 961 931 1017 venit
956 962 1207 1030 salutem,
1257 974 1315 1020 et
1363 967 1556 1022 horum
1602 969 1843 1025 omnium
1892 970 1947 1026 in
1985 985 2072 1028 se-

486 1054 717 1124 metipso
751 1055 974 1125 gerebat
1014 1055 1250 1111 ofﬁcium
1282 1072 1299 1113 :
1327 1059 1399 1113 ita
1425 1060 1589 1115 etiam
1619 1060 1674 1115 in
1713 1062 1907 1118 horum
1953 1078 2071 1119 om-

487 1145 638 1200 nium
682 1145 1130 1216 interpretatione
1195 1149 1473 1204 nominum
1540 1160 1784 1208 nostram
1839 1153 2069 1211 salutem

486 1237 841 1308 spiritualiter
868 1240 1038 1295 voluit
1059 1240 1351 1313 designari.
1388 1241 1497 1300 Nos
1525 1258 1759 1314 quoque,
1784 1255 2069 1316 quantum,

487 1330 606 1401 ipso
630 1330 930 1403 inspirante
969 1343 1133 1404 atque
1161 1334 1471 1405 adjuvante,
1524 1352 1833 1406 possumus,
1879 1354 2067 1395 eorum

381 1454 396 1470 -
486 1426 690 1482 imitari
739 1427 997 1482 debemus
1042 1427 1571 1498 interpretationem,
1611 1437 1670 1484 ut
1714 1431 1791 1486 ait
1832 1430 2071 1488 Joannes

486 1516 814 1590 evangelista
850 1535 863 1570 :
896 1517 996 1585 Qui
1030 1516 1306 1573 Christum
1341 1520 1617 1576 desiderat
1652 1520 1878 1588 imitari,
1919 1522 2069 1577 debet

482 1607 747 1677 quomodo
773 1605 1013 1662 Christus
1037 1607 1321 1663 ambulavit
1341 1651 1356 1676 ,
1390 1620 1437 1664 et
1459 1611 1569 1683 ipse
1597 1610 1890 1667 ambulare.
1917 1610 2071 1667 Nunc

486 1694 552 1752 ad
576 1696 747 1767 ipsius
772 1696 896 1751 libri
921 1697 1166 1753 ordinem
1195 1699 1496 1755 redeamus.
1839 1688 1855 1707 ⁸

555 1812 720 1868 Vsus.
750 1813 799 1866 l.
833 1842 905 1854 ο-
937 1811 1492 1884 Liber.generationis
1546 1816 1674 1871 Iesu
1725 1816 1920 1872 Christi
1970 1816 2075 1886 filii

2172 602 2375 650 interna
2400 610 2705 651 mereamur
2725 599 3028 667 pervenire.
3121 625 3125 628 ν
3628 640 3633 643 -

2243 683 2401 740 Isaac
2429 695 2604 740 autem
2633 687 2811 756 genuit
2848 686 3036 743 Iacob.
3080 678 3249 748 Iacob
3274 693 3657 765 supplantator
3680 699 3764 755 in-

2174 769 2520 849 terpretatur.
2550 778 2843 851 Postquam
2864 795 2996 837 vero
3020 780 3271 841 Christus
3302 786 3612 845 nativitatis
3651 807 3763 849 sua:

2174 868 2368 939 gaudia
2402 869 2605 925 mundo
2645 871 2954 940 concessit,
2991 871 3266 929 diabolum
3292 876 3497 944 etiam,
3527 877 3762 938 humani

2173 962 2391 1033 generis
2419 969 2772 1031 vastatorem,
2820 979 2916 1019 sua
2961 965 3215 1034 passione
3263 967 3668 1038 supplantavit,
3707 985 3762 1029 et

2173 1066 2305 1106 vasa
2330 1050 2446 1120 ejus
2484 1051 2728 1123 diripuit.
2768 1051 2849 1107 ita
2882 1062 2940 1109 et
2962 1069 3063 1110 nos
3087 1070 3186 1125 per
3214 1057 3472 1137 gaudium
3503 1063 3766 1117 sem

2173 1141 2472 1198 nativitatis
2499 1182 2515 1209 ,
2551 1142 2607 1197 id
2655 1151 2740 1199 est
2788 1151 2914 1215 post
2964 1146 3371 1217 perceptionem
3414 1149 3764 1209 remissionis

2174 1233 2416 1289 omnium
2453 1243 2803 1305 peccatorum
2851 1237 2905 1293 in
2955 1237 3227 1308 baptismo
3254 1280 3270 1306 ,
3318 1243 3765 1313 supplautatores

2171 1337 2296 1380 esse
2316 1339 2543 1381 necesse
2569 1334 2655 1382 est
2681 1326 2924 1383 omnium
2952 1329 3207 1385 vitiorum
3243 1340 3301 1387 et
3334 1334 3650 1389 carnalium
3675 1336 3766 1392 de-

2172 1415 2541 1484 lectationum,
2569 1425 2623 1474 et
2652 1419 2848 1475 diaboli
2894 1421 2949 1475 in
2996 1422 3154 1479 nobis
3195 1424 3556 1495 supplantare
3581 1434 3763 1484 tenta-

2172 1516 2377 1573 menta,
2417 1507 2644 1580 ejusque
2662 1509 2882 1566 fraudes
2916 1519 2974 1567 et
3000 1512 3226 1591 insidias
3264 1516 3495 1573 omnino
3545 1534 3765 1586 cavere,

2172 1607 2655 1672 quantumcunque
2677 1603 2951 1673 possimus
2973 1603 3071 1660 Dei
3098 1608 3273 1678 gratia
3303 1607 3602 1680 largiente.

2242 1691 2410 1747 Iacob
2458 1694 2639 1764 genuit
2686 1694 2908 1751 Iudam.
2949 1695 3119 1754 Iudas
3149 1701 3409 1771 confessio
3439 1703 3763 1776 interprets-

2174 1791 2285 1838 tur.
2312 1783 2596 1841 Confessio
2630 1802 2868 1858 namque
2907 1805 3014 1846 non
3044 1806 3259 1864 semper
3284 1795 3352 1850 ad
3382 1799 3761 1866 paenitentiam

484 1902 677 1967 David,
705 1902 805 1972 ﬁlii
826 1868 1121 1958 Abraham.
1140 1868 1239 1960 ίιίρ
1259 1868 1483 1974 αυεεειιο
1504 1868 1697 1973 οὲιιξιήὲ,
1721 1868 1818 1962 (ξιιὲ
1836 1868 2071 1978 iacio:
2103 1868 2148 1928 Β
2175 1875 2433 1978 Emme"
2476 1877 2578 1978 fed
2626 1878 3017 1978 ³¹ί⁴13³¹¹ί¹¹ῗ³⁴¹
3046 1882 3161 1978 θεέ-
3190 1883 3403 1978 ¹²Ρ¹¹⁶⁸¹¹¹
3448 1897 3507 1944 εί
3540 1889 3613 1978 δά
3649 1906 3763 1961 5"“

484 1994 811 2051 niturDavid
831 1996 1107 2051 Abraham
1127 1997 1429 2064 ?Quoniam
1454 2000 1669 2069 quidem
1694 2001 1865 2071 major
1884 2000 2076 2057 electio

484 2087 538 2142 in
570 2088 737 2143 David
756 2129 772 2154 ,
803 2104 963 2159 quam
996 2084 1369 2160 repromissio.
1401 2093 1534 2147 Nam
1565 2093 1758 2149 electio
1781 2095 1835 2149 in
1861 2093 2030 2149 David
2051 2086 2075 2161 ’,

485 2181 551 2236 de
576 2196 684 2252 quo
711 2181 909 2236 dicitur
937 2196 955 2235 :
983 2180 1169 2237 Inveni
1195 2182 1372 2237 David
1394 2184 1568 2252 filium
1614 2185 1764 2240 Iesse
1788 2186 2074 2241 secundum

485 2287 577 2325 cor
603 2288 793 2336 meum,
817 2272 907 2343 qui
933 2272 1090 2342 faciet
1127 2290 1304 2329 omnes
1329 2274 1619 2330 voluntates
1662 2292 1827 2330 meas.
1876 2277 1942 2331 Et
1977 2278 2077 2333 ite-

485 2374 606 2416 rum
641 2379 655 2416 :
685 2361 764 2416 De
783 2362 1179 2431 fructu-ventris
1207 2364 1289 2417 tui
1308 2380 1499 2434 ponam
1530 2382 1689 2436 super
1710 2366 1882 2420 sedem
1906 2376 2073 2422 tuam.

484 2452 860 2523 Repromissio
888 2471 1020 2511 vero
1058 2456 1126 2510 ad
1161 2456 1460 2512 Abraham.
1501 2456 1598 2512 Cui
1629 2456 1829 2514 dicitur
1858 2475 1870 2512 :
1902 2458 1969 2513 In
1994 2475 2074 2514 se-

486 2545 625 2600 mine
646 2554 736 2600 tuo
758 2546 1125 2601 benedicentur
1161 2563 1338 2602 omnes
1367 2548 1533 2603 tribus
1568 2558 1741 2605 terrae.

558 2657 726 2713 David
755 2675 915 2712 manu
949 2657 1100 2726 [ortis
1131 2657 1557 2727 interpretatur;
1588 2657 1714 2728 quia
1754 2657 2073 2728 superbissi-

486 2765 634 2804 mum
663 2748 883 2805 Goliath
913 2749 1059 2805 solus
1084 2748 1216 2803 vicit
1259 2758 1310 2804 et
1340 2748 1592 2819 peremit.
1621 2748 1896 2804 Abraham
1925 2757 2077 2821 pater

484 2838 773 2893 multarum
820 2840 1052 2910 gentium
1108 2839 1537 2910 interpretatur;
1585 2840 1728 2908 quod
1782 2847 2073 2910 utrumque

482 2932 737 2988 Christus
771 2931 1104 3001 intelligitur.
1143 2931 1262 3002 ipse
1306 2930 1452 2985 enim
1491 2939 1577 2986 est
1615 2929 1846 2985 bellator
1888 2937 2074 2985 noster

486 3024 836 3088 fortissimus,
867 3023 961 3094 qui
993 3023 1140 3078 solus
1169 3038 1292 3077 cum
1331 3021 1567 3088 diabolo,
1596 3022 1752 3077 hoste
1776 3019 2075 3077 fortissimo

482 3117 763 3189 pugnavit,
817 3131 1049 3186 eumque
1096 3114 1369 3186 superavit
1415 3124 1471 3168 et
1500 3112 1814 3178 damnavit,
1861 3120 1914 3167 et
1948 3123 2071 3183 post

485 3210 627 3265 hanc
681 3207 965 3264 victoriam
1006 3206 1296 3262 multorum
1338 3203 1565 3262 effectus
1593 3213 1679 3260 est
1716 3212 1873 3276 pater
1899 3219 2068 3274 popu—
2097 3214 2143 3287 ρ

483 3302 684 3368 lorum,
713 3299 767 3367 id
793 3307 877 3356 est
905 3309 1063 3371 pater
1088 3297 1330 3354 omnium
1360 3296 1696 3353 credentium
1717 3337 1731 3361 ,
1759 3296 1850 3367 qui
1895 3298 2073 3352 omni-

482 3391 585 3447 bus
606 3390 659 3446 in
687 3405 745 3447 se
787 3388 1131 3446 credentibus
1156 3387 1374 3442 Patrem
1405 3401 1464 3441 se
1495 3386 1752 3441 invocare
1777 3386 2071 3450 concessit,

486 3481 673 3536 dicens
706 3497 720 3533 :
753 3478 844 3536 Sic
878 3464 1054 3534 autem
1088 3477 1305 3533 orabitis
1334 3488 1352 3528 .'
1385 3474 1548 3529 Pater
1576 3483 1750 3529 noster
1791 3475 1881 3544 qui
1928 3490 1982 3528 es
2017 3474 2075 3528 in

487 3573 647 3629 curiis.
682 3572 795 3629 Nos
826 3587 1042 3644 quoque
1090 3571 1146 3625 in
1182 3570 1449 3642 baptismo
1501 3569 1782 3626 diabolicis
1822 3569 2074 3624 omnibus

490 3665 864 3721 renuntiantes
927 3663 1184 3734 operibus
1212 3704 1226 3724 .
1291 3661 1544 3717 omnibus
1599 3675 1814 3732 quoque
1860 3661 2073 3732 pompis

488 3754 686 3811 diaboli
729 3754 1079 3824 ahnegantes,
1113 3751 1488 3809 difﬁcillimum
1520 3760 1710 3808 contra
1739 3767 1863 3807 eum
1910 3751 2103 3822 spiri-'

490 3840 747 3911 tualequc
773 3838 1046 3895 certamen
1076 3838 1369 3907 inivimus;
1397 3847 1455 3895 et
1480 3837 1751 3910 quomodo
1776 3838 1891 3909 ipse
1917 3837 2072 3893 nobis

490 3944 764 4001 nunquam
802 3930 1059 3986 insidiare
1087 3929 1329 3997 desistit;
1361 3931 1437 3986 ita
1472 3930 1629 3987 nobis
1660 3930 2071 4000 diligentissima

489 4036 618 4077 cura
648 4020 939 4093 vigilanter
966 4027 1128 4092 atque
1160 4019 1391 4077 sollicite
1416 4035 1589 4091 usque
1617 4020 1673 4076 in
1706 4020 1848 4076 diem
1893 4019 2075 4075 exitus

488 4109 658 4167 nostri
689 4110 742 4165 in
770 4110 961 4166 eodem
1006 4110 1303 4165 certamine
1327 4125 1653 4182 permanere
1688 4124 1910 4165 necesse
1943 4119 2029 4164 est
2054 4150 2070 4175 ,

488 4201 694 4271 Deique
732 4200 1123 4272 omnipotentis
1164 4199 1646 4257 clementissimam
1684 4201 1940 4271 pietatem
1982 4197 2072 4270 ju-

487 4293 627 4364 giter
652 4292 945 4364 implorare
968 4332 985 4358 ,
1023 4300 1294 4363 quatenus
1320 4292 1477 4348 nobis
1505 4307 1604 4347 sua
1630 4306 1828 4364 magna
1858 4291 2075 4348 miseri-

489 4387 675 4443 cordia
713 4386 999 4442 victoriam
1044 4385 1269 4452 tribuat,
1320 4393 1374 4440 et
1402 4396 1589 4456 patres
1630 4400 1733 4442 nos
1779 4384 2071 4441 multarum

488 4479 748 4534 virtutum
782 4493 905 4535 esse
952 4478 1236 4543 concedat,
1286 4478 1431 4549 quod
1478 4488 1605 4534 sunt
1656 4494 1811 4533 arma
1865 4477 2073 4534 militia:

485 4570 800 4642 spiritualis.

557 4682 724 4738 Vnus.
761 4680 816 4737 2.
856 4712 927 4723 —
974 4680 1241 4735 Abraham
1287 4692 1460 4736 autem
1502 4682 1678 4752 genuit
1710 4681 1887 4737 Isaac.
1922 4681 2073 4755 Isaac

489 4780 669 4828 autem
714 4773 967 4843 gaudium
1026 4771 1431 4841 interpretatur.
1498 4771 1645 4828 Bene
1702 4772 1866 4827 etiam
1918 4781 2073 4842 pater

488 4866 730 4921 omnium
786 4864 1122 4921 credentium
1177 4862 1449 4931 Christus,
1511 4864 1766 4934 gaudium
1831 4864 2071 4932 omnium

488 4969 710 5010 suorum
746 4953 970 5010 effectus
1014 4962 1101 5010 est
1142 4954 1500 5025 populorum;
1530 4954 1657 5022 quia
1698 4953 1752 5007 in
1787 4953 2073 5008 nativitate

485 5049 604 5121 ejus
645 5048 869 5119 angelus
914 5049 1223 5119 pastoribus
1248 5048 1458 5105 locutus
1504 5056 1609 5114 est,
1661 5049 1891 5104 dicens:
1927 5045 2064 5103 Ecce

486 5138 788 5211 erangclizo
829 5140 968 5194 vobis
1002 5140 1253 5211 gaudium
1299 5156 1566 5212 magnum,
1620 5138 1762 5212 quod
1804 5139 1903 5194 erit
1930 5140 2072 5194 omni

488 5230 703 5302 populo.
750 5230 830 5287 Ita
854 5240 908 5288 et
940 5248 1039 5288 nos
1066 5248 1164 5304 per
1202 5230 1709 5302 multiplicationem
1738 5232 1792 5287 in
1821 5247 2073 5303 perseve-

490 5320 670 5379 rantia
697 5321 963 5379 bonorum
993 5338 1216 5394 operum
1248 5324 1501 5405 gaudium
1528 5324 1686 5379 nobis
1705 5324 1829 5379 vita:
1857 5332 2072 5379 internae

489 5427 614 5468 cum
629 5414 835 5472 sanctis
849 5414 1055 5487 angelis
1068 5430 1310 5486 prmpara
1320 5431 1375 5471 re
1404 5415 1685 5472 debemus.
1714 5414 1783 5470 Et
1807 5416 1861 5471 in
1882 5413 2071 5471 eodem

489 5520 588 5561 nos
615 5519 829 5578 semper
855 5508 1051 5579 gaudio
1079 5522 1359 5578 speremus
1387 5521 1609 5562 manere
1627 5548 1642 5572 ,
1689 5515 1748 5561 ut
1785 5505 2074 5578 Apostolus

496 5595 768 5663 admonet,
798 5599 1017 5659 dicens:
1048 5597 1286 5653 Gaudete
1299 5597 1354 5651 in
1385 5596 1606 5652 Domino
1634 5614 1855 5668 semper,
1886 5597 2074 5651 iterum

496 5689 613 5743 dico
636 5692 883 5761 gaudete,
915 5699 976 5747 ut
1004 5690 1391 5758 subaudialur,
1422 5690 1497 5746 ita
1527 5691 1592 5746 dc
1616 5690 1816 5745 Christi
1846 5705 1944 5745 nos
1974 5705 2073 5744 na-

491 5783 725 5854 tivitate,
757 5786 1011 5858 passione
1056 5794 1111 5845 et
1140 5787 1539 5847 resurrectione
1568 5826 1581 5855 ,
1623 5795 1785 5858 atque
1822 5786 1878 5843 in
1910 5786 2077 5843 cmlos

2177 1965 2375 2019 tiarum
2405 1967 2693 2022 actionem.
2724 1967 2873 2024 Bene
2897 1969 3079 2041 itaque
3102 1970 3374 2040 Christus,
3404 1977 3765 2047 supplantatis

2176 2056 2374 2112 diaboli
2405 2058 2788 2126 teutamentis,
2818 2059 3212 2118 confessionem
3231 2104 3247 2129 ,
3274 2064 3330 2119 id
3378 2076 3467 2121 est
3508 2067 3763 2137 laudem,

2175 2147 2368 2203 obtulit
2395 2148 2507 2204 Deo
2531 2147 2705 2219 Patri,
2734 2157 2797 2204 ut
2827 2150 2902 2205 ibi
2935 2168 2950 2205 :
2978 2148 3244 2222 Confiteor
3269 2155 3383 2221 tibi,
3421 2155 3594 2212 Pater
3618 2200 3637 2224 ,
3662 2158 3765 2216 Do-

2174 2240 2313 2293 mine
2352 2238 2466 2294 cueli
2508 2248 2556 2293 et
2606 2249 2784 2305 terra,
2810 2241 2955 2311 quod
3002 2242 3070 2298 ad
3123 2242 3339 2299 laudem
3364 2248 3634 2315 pertinet.
3661 2247 3763 2305 Nos

2177 2331 2395 2401 quoque
2430 2331 2579 2396 dum,
2607 2331 2903 2387 auxiliante
2928 2334 3297 2392 misericordia
3327 2336 3555 2393 Domini
3584 2337 3761 2395 Salva-

2177 2420 2312 2476 toris
2361 2421 2579 2486 nostri,
2631 2421 3023 2492 aliquantulum
3060 2425 3317 2482 vitiomm
3357 2437 3416 2483 et
3462 2431 3761 2485 carnalium

2173 2509 2591 2565 delectationum
2621 2511 2675 2565 in
2702 2511 3111 2583 nobismetipsis
3137 2514 3359 2571 vincere
3382 2557 3399 2581 ,
3433 2526 3492 2573 et
3535 2521 3761 2575 senseri-

2173 2620 2295 2661 mus
2333 2618 2620 2674 superare,
2657 2605 2761 2661 hoc
2808 2614 2980 2663 totum
3028 2607 3126 2664 Dei
3159 2608 3559 2666 misericordia:
3606 2613 3762 2683 depo-

2176 2704 2372 2761 temus,
2400 2695 2535 2749 nihil
2563 2696 2765 2752 nostris
2788 2696 3000 2753 meritis
3040 2699 3373 2768 tribuamus;
3422 2703 3523 2757 sed
3556 2716 3763 2772 semper

2171 2788 2566 2859 praeveniamus
2588 2789 2783 2846 faciem
2812 2790 2930 2862 ejus
2954 2792 3009 2846 in
3043 2791 3385 2850 confessione
3413 2804 3759 2865 peccatorum

2172 2889 2485 2938 nostrorum
2519 2899 2533 2936 :
2563 2882 2649 2939 die
2695 2897 2911 2954 quoque
2958 2899 3024 2940 ac
3072 2894 3231 2943 nocte
3274 2886 3334 2941 in
3381 2885 3505 2955 ejus
3555 2903 3760 2959 semper

2171 2990 2594 3044 permaneamus
2614 2977 2773 3034 laude
2798 3019 2814 3044 ,
2845 2987 2904 3035 ut
2932 2994 3030 3035 sua
3054 2994 3155 3035 nos
3181 2979 3618 3037 clementissima
3636 2997 3755 3053 pro-

2174 3068 2409 3125 tectione
2440 3068 2510 3125 ab
2545 3069 2757 3126 insidiis
2805 3071 3015 3142 antiqui
3061 3071 3234 3127 hostis
3262 3070 3569 3128 defendere
3608 3081 3757 3143 atque

2172 3167 2455 3231 protegere
2498 3160 2790 3233 dignetur,
2836 3169 2893 3215 et
2923 3161 3282 3217 conﬁteamur
3321 3163 3538 3219 nomini
3582 3174 3760 3219 sanum

2175 3250 2313 3320 ejus,
2354 3260 2411 3307 et
2445 3252 2740 3324 gloriemur
2768 3252 2821 3307 in
2852 3253 3008 3309 laude
3038 3254 3208 3325 ipsius
3252 3255 3306 3309 in
3336 3255 3546 3311 secula
3600 3271 3758 3312 sacu-

2177 3342 2418 3470 Ιοᾞὲἷιξ.
2451 3413 2506 3469 5.
2535 3444 2607 3454 --
2633 3413 2806 3468 Iudas
2845 3425 3019 3469 autem
3054 3414 3232 3486 genuit
3274 3412 3488 3471 Phares
3521 3425 3577 3470 et
3604 3413 3759 3470 Zm.

2175 3505 2377 3561 Phares
2421 3505 2606 3560 dirisio
2652 3505 3040 3575 interpretatur
3067 3544 3083 3569 ,
3125 3513 3183 3560 et
3208 3505 3347 3560 Zara
3387 3507 3763 3571 oriens;beuc

2175 3597 2339 3651 etiam
2372 3596 2621 3653 Christus
2645 3596 2840 3652 divisio
2866 3605 3042 3667 potest
3067 3596 3324 3669 intelligi,
3357 3598 3491 3667 quia
3522 3609 3761 3654 sanctam

2178 3690 2477 3745 Ecclesium
2504 3706 2534 3744 a
2558 3690 2822 3745 societate
2851 3690 3146 3746 infidelium
3197 3692 3499 3761 separavit.
3526 3692 3763 3761 Itemque

2176 3781 2230 3835 in
2261 3780 2467 3850 judicio
2496 3791 2746 3853 segregat
2765 3780 2943 3850 justus
2972 3797 3003 3836 a
3031 3781 3427 3852 peccatoribus,
3484 3792 3545 3839 ct
3588 3784 3764 3837 reddet

2176 3871 2466 3944 unicuique
2511 3870 2807 3927 secundum
2850 3885 3012 3941 opera
3062 3887 3180 3926 sua.
3234 3868 3518 3941 Nobisque
3548 3886 3765 3928 necesse

2175 3973 2258 4018 est
2288 3972 2347 4018 ut
2373 3963 2678 4019 dividamus
2707 3977 2806 4018 nos
2834 3963 2903 4019 ab
2931 3962 3112 4032 impiis
3140 3970 3197 4016 et
3230 3961 3546 4018 inﬁdelibus
3570 3982 3585 4017 :
3615 3972 3763 4017 actus

2175 4070 2390 4126 quoque
2416 4063 2631 4111 nostros
2657 4055 2727 4110 ab
2764 4068 2951 4110 eorum
2983 4053 3245 4109 societate
3286 4066 3649 4109 secernamus
3670 4094 3686 4117 ,
3712 4063 3761 4106 ut

2177 4149 2231 4203 in
2263 4146 2529 4204 divisione
2556 4146 2747 4201 ultima
2786 4160 2894 4199 non
2936 4159 3059 4200 cum
3103 4144 3286 4214 impiis
3324 4144 3627 4207 damnari,
3677 4143 3761 4198 sed

2174 4255 2299 4296 cum
2336 4237 2500 4311 justis
2547 4251 2856 4292 mereamur
2888 4221 3157 4290 coronari.
3202 4233 3345 4288 Bene
3374 4232 3430 4287 in
3464 4233 3635 4297 Zara,
3677 4232 3761 4302 qui

2178 4333 2349 4387 oriens
2404 4331 2821 4401 interpretatur,
2873 4327 3125 4384 Christus
3174 4325 3522 4398 intelligitur,
3565 4329 3759 4397 dequo

2176 4422 2445 4493 Propheta
2475 4439 2489 4475 :
2526 4418 2738 4475 Orietur
2769 4418 2909 4473 vobis
2945 4417 3244 4473 timentibus
3290 4433 3484 4471 nomen
3543 4417 3749 4471 Domini

2179 4516 2257 4570 sol
2274 4516 2519 4587 justitiw.
2537 4513 2604 4568 Et
2625 4514 2740 4583 ipse
2762 4512 2817 4567 in
2848 4512 3002 4567 initio
3023 4510 3424 4582 praedicationis
3447 4526 3590 4576 suae,
3622 4511 3759 4566 Isaia:

2098 4576 2151 4637 D
2178 4576 2308 4659 usus
2353 4576 2686 4666 testimonio,
2736 4600 2804 4655 de
2834 4576 3123 4671 semetipso
3150 4599 3329 4655 aiebat
3357 4616 3371 4653 :
3402 4596 3651 4669 Populus
3680 4602 3757 4669 qui

2178 4697 2480 4752 ambulabat
2527 4698 2581 4749 in
2608 4696 2830 4749 tenebris
2854 4735 2869 4757 ,
2901 4693 3029 4747 vidit
3068 4691 3234 4745 lucem
3280 4708 3555 4761 magnam.
3608 4692 3759 4747 Habi-

2177 4788 2406 4844 tumibus
2450 4789 2503 4840 in
2553 4788 2760 4859 regione
2797 4784 2995 4840 umbrtv
3037 4786 3217 4838 mortis
3265 4782 3359 4837 lux
3398 4793 3520 4839 orta
3554 4795 3631 4838 est
3671 4785 3755 4838 eis.

2177 4880 2242 4935 Et
2272 4877 2399 4934 alibi
2432 4897 2445 4933 :
2477 4877 2589 4950 Ego
2618 4894 2735 4932 sum
2765 4877 2858 4931 lux
2902 4876 3103 4930 mundi.
3136 4872 3212 4929 ita
3246 4883 3299 4929 et
3328 4888 3431 4929 nos
3478 4883 3758 4944 postquam

2179 4973 2481 5029 dividamus
2536 4986 2637 5026 nos
2666 4971 2734 5026 ab
2774 4968 3072 5025 inﬁdelium
3126 4967 3357 5033 actibus,
3412 4975 3471 5023 et
3525 4967 3755 5023 carnalia

2180 5064 2448 5122 desideria
2475 5064 2771 5137 fugiamus,
2795 5062 2970 5118 oritur
2998 5063 3051 5117 in
3075 5060 3330 5117 cordibus
3352 5061 3567 5116 nostris
3589 5060 3757 5131 splen-

2180 5162 2278 5216 dor
2306 5160 2443 5216 lucis
2480 5167 2731 5223 aeternae,
2776 5155 2857 5213 sol
2888 5154 3114 5225 justitize
3145 5153 3395 5210 Christus
3418 5194 3437 5218 ,
3464 5161 3528 5208 et
3568 5154 3684 5224 ipse
3708 5150 3756 5205 is

2180 5253 2337 5309 nobis
2388 5252 2635 5307 habitare
2681 5251 2974 5322 dignetur.
3021 5248 3207 5318 sicque
3254 5261 3354 5318 per
3390 5247 3756 5319 operationem

2180 5345 2441 5398 virtutum
2462 5341 2751 5413 impleatur
2777 5340 2831 5395 in
2858 5336 3032 5402 nobis,
3064 5337 3207 5409 quod
3236 5337 3351 5408 ipse
3378 5336 3665 5408 pnecepit,
3683 5336 3755 5391 di-

2179 5450 2309 5490 cens
2340 5453 2352 5488 :
2386 5431 2474 5489 Sic
2499 5431 2672 5487 luceat
2716 5432 2893 5486 lumen
2944 5440 3169 5486 vestrum
3193 5469 3210 5498 ,
3257 5438 3317 5484 ut
3360 5428 3575 5484 rideant
3605 5443 3757 5498 opere

2182 5534 2347 5579 vestra
2379 5524 2530 5587 bona,
2571 5532 2621 5578 et
2650 5521 2941 5594 gloriﬁcent
2972 5519 3187 5577 Patrem
3213 5528 3438 5577 vestrum
3462 5519 3560 5589 qui
3590 5520 3646 5574 in
3665 5534 3738 5573 cc

2179 5616 2243 5671 lis
2270 5624 2366 5671 est.

2253 5705 2456 5763 Phares
2487 5716 2659 5762 autem
2702 5707 2880 5779 genuit
2908 5704 3100 5763 Esron.
3145 5705 3318 5763 Esmn
3350 5705 3545 5777 sagitta
3572 5701 3755 5757 salutis

2183 5804 2398 5861 Domini
2431 5805 2839 5876 interpretatur.
2873 5805 3121 5862 Christus
3155 5805 3300 5862 enim
3331 5802 3523 5862 salutis
3560 5808 3755 5857 nostra
