3948 6328
803 296 828 316 ο

233 343 338 400 853

1264 342 1546 398 HOMILIA
1586 339 1650 395 IN
1692 339 1839 394 INIT.
1889 337 2144 394 EVANG.
2187 338 2445 392 MATTH.

3379 343 3484 398 854

229 463 428 534 sagitta
454 469 632 531 potest
677 441 901 529 intelligi
926 477 944 527 ;'
998 459 1123 529 quia
1171 459 1366 529 sagitta
1400 471 1663 514 venenata
1687 470 1807 511 cum
1836 457 1886 515 Α
1912 452 1977 507 de
2003 454 2253 522 passione
2275 453 2548 521 discipulis
2576 452 2798 520 loquens
2819 455 2934 507 suis
2949 453 3086 508 dixit
3111 473 3123 507 :
3157 453 3287 508 Cum
3308 470 3486 511 autem

229 555 288 612 in
326 551 603 625 quodlibet
640 553 819 608 vivum
873 550 1161 622 conﬁgitur
1191 591 1206 618 ,
1242 547 1534 605 mortiﬁcat
1576 566 1588 602 :
1635 547 1708 601 ita
1758 554 1813 600 ct

229 644 484 702 Christus
518 643 712 715 sagitta
759 641 1161 714 praedicationis
1201 656 1313 697 suae
1352 649 1537 696 nostra
1575 639 1628 693 in
1655 637 1813 692 nobis

228 736 363 792 vitia
400 742 456 789 et
497 742 722 805 peccata
767 733 1082 796 mortiﬁcat,
1133 732 1316 787 dicens
1366 747 1379 784 :
1445 726 1811 782 Paenitentiam

230 827 390 898 agite,
418 825 850 896 appropinquavit
880 825 1017 878 enim
1046 838 1262 895 regnum
1301 819 1566 874 caelorum.
1594 817 1661 871 Et
1689 831 1812 871 san-

230 917 309 973 eti
350 914 596 987 apostoli,
620 914 1005 986 praedicatores
1031 912 1310 978 Ecclesiae,
1345 911 1560 984 sagittae
1596 907 1810 963 Domini

230 1015 408 1063 acutae
434 1006 718 1071 dicuntur,
745 1019 975 1075 quorum
1010 1003 1398 1074 praedicatione
1446 999 1813 1070 corripiuntur

228 1095 476 1153 inﬁdeles
522 1103 580 1152 et
622 1096 969 1165 corriguntur
1009 1093 1193 1150 ﬁdeles
1253 1092 1380 1150 dum
1417 1108 1518 1164 pro
1575 1089 1812 1162 peccatis

227 1187 347 1244 suis
386 1195 819 1258 compunguntur
876 1186 942 1241 ad
1001 1184 1393 1257 paenitentiam.
1454 1183 1562 1239 Nos
1600 1197 1812 1252 quoque

228 1279 484 1349 sagittam
533 1278 791 1334 districta:
839 1278 1256 1333 examinationis
1307 1277 1436 1348 justi
1475 1274 1664 1343 judicii
1715 1274 1812 1330 Dei

226 1384 498 1441 ponamus
547 1377 672 1424 ante
719 1368 905 1425 oculos
955 1377 1192 1434 nostros,
1224 1376 1281 1422 et.
1317 1367 1476 1438 digna
1523 1364 1812 1421 deﬂeamus

227 1459 553 1532 pamtentia
603 1459 743 1514 mala
808 1475 928 1529 qua:
975 1457 1221 1525 fecimus,
1277 1466 1332 1513 et
1386 1466 1445 1512 ut
1502 1464 1810 1511 nostrorum

227 1566 541 1606 mereamur
577 1552 790 1605 veniam
836 1551 1154 1606 delictorum
1185 1559 1239 1606 et
1264 1549 1384 1604 aliis
1413 1549 1640 1604 formam
1669 1564 1808 1619 pra:-

226 1642 456 1698 beamus
485 1641 696 1696 salutis.
1744 1637 1756 1646 ’

304 1732 478 1787 Esron
505 1733 680 1803 genuit
724 1731 907 1786 Aram.
942 1731 1109 1788 Aram
1159 1731 1349 1787 electus
1401 1732 1806 1803 interpretatur.

1911 543 2169 597 exaltatus
2194 543 2342 612 fuero
2365 560 2398 597 a
2421 553 2560 598 terra
2584 584 2600 610 ,
2632 545 2807 599 omnia
2851 546 3055 600 traham
3092 548 3160 601 ad
3210 548 3484 615 meipstuu.

1910 634 1978 688 Et
2006 633 2133 688 alibi
2163 649 2177 688 :
2209 633 2525 689 Potestatem
2551 635 2715 690 habeo
2759 637 2984 706 ponendi
3014 639 3242 692 animam
3268 656 3437 693 meam
3467 681 3488 707 ,

1911 733 1960 779 et
1987 725 2173 780 iterum
2209 726 2450 781 sumendi
2486 743 2620 781 eam.
2655 726 2764 783 Nos
2791 744 3005 799 quoque
3036 739 3094 784 ut
3117 731 3489 788 confortemur

1911 814 1967 869 in
1998 813 2250 880 Domino,
2282 823 2337 870 et
2365 814 2594 871 viriliter
2624 831 2846 886 agamus
2883 817 3100 874 Christo
3131 820 3488 876 conﬁrmante

1911 921 2106 962 manus
2148 914 2364 962 nostras
2409 907 2477 962 ad
2525 907 2793 978 praelium,
2837 917 2892 963 et
2945 910 3141 980 digitos
3169 922 3386 967 nostros
3421 912 3488 966 ad

1912 995 2131 1062 bellum,
2173 1004 2232 1050 ut
2279 997 2475 1052 robore
2502 998 2774 1068 patientiae
2803 1000 3000 1054 ﬁrmati
3036 1001 3276 1056 omnium
3317 1007 3490 1055 tenta-

1911 1089 2120 1145 tionum
2159 1104 2356 1161 genera
2388 1089 2652 1155 suﬂ‘erre,
2683 1099 2738 1144 et
2766 1091 2832 1145 de
2872 1091 3106 1146 inimicis
3155 1092 3491 1163 triumphare

1909 1183 2181 1255 possimus
2205 1223 2220 1249 ,
2258 1197 2557 1253 sensusque
2603 1191 2817 1237 nostros
2851 1183 3179 1238 exercitatos
3227 1182 3492 1238 habentes

1911 1277 1979 1331 ad
2012 1276 2389 1331 discretionem
2421 1275 2544 1330 boni
2564 1283 2626 1333 et
2665 1274 2814 1338 mali,
2843 1283 3088 1328 tenentes
3113 1275 3242 1329 illud
3273 1285 3489 1345 aposto-

1904 1369 2095 1438 licum,
2119 1372 2209 1442 qui
2233 1371 2443 1427 dicebat
2467 1388 2480 1424 :
2518 1368 2708 1424 Omnia
2740 1386 2946 1438 possunt
2978 1371 3030 1423 in
3063 1386 3122 1424 eo
3147 1371 3236 1440 qui
3262 1387 3341 1423 me
3369 1387 3492 1424 con-

1912 1465 2096 1534 fortat.
2383 1466 2410 1493 ⁸

1980 1554 2128 1611 Booz
2149 1564 2322 1608 autem
2352 1554 2526 1624 genuit
2554 1552 2738 1608 Obeth.
2779 1553 2953 1610 Obeth
2982 1554 3204 1607 serviens
3232 1553 3496 1621 interpre-

1911 1645 2349 1713 tatur,£hristus
2388 1644 2526 1700 bene
2555 1644 2783 1699 serviens
2819 1642 3155 1714 intelligitur,
3183 1642 3274 1712 qui
3307 1641 3444 1697 dixit
3476 1660 3491 1696 :

1917 1737 2041 1792 Non
2089 1738 2204 1791 veni
2249 1735 2561 1799 ministrari,
2612 1734 2701 1788 sed
2736 1733 3057 1798 ministrare,
3108 1733 3330 1802 formam
3363 1734 3520 1786 servi

225 1823 479 1879 Christus
523 1831 608 1878 est
665 1823 870 1880 electus
921 1824 1048 1890 Dei,
1085 1823 1153 1880 de
1187 1839 1296 1894 quo
1332 1824 1496 1880 Pater
1530 1824 1804 1893 loquitur:
1838 1815 1886 1876 B
1914 1825 2192 1898 accipiens,
2228 1834 2275 1880 et
2307 1825 2485 1879 habitu
2513 1827 2750 1878 inventus
2783 1833 2840 1876 ut
2873 1824 3054 1888 homo,
3101 1820 3393 1875 humiliavit
3421 1838 3497 1876 se-

222 1913 369 1970 Ecce
393 1932 524 1986 puer
546 1932 713 1978 meus,
744 1915 935 1970 electus
962 1933 1132 1981 meus,
1159 1933 1309 1988 quem
1333 1915 1483 1986 elegi.
1525 1913 1632 1970 Nos
1676 1929 1811 1984 quo-

223 2019 338 2076 que
367 2021 694 2078 magnopere
724 2007 989 2076 eligamus
1011 2022 1130 2077 quae
1153 2008 1223 2062 sit
1246 2007 1495 2062 voluntas
1521 2007 1638 2074 Dei,
1669 2021 1814 2061 eam-

222 2099 358 2168 que,
384 2107 644 2170 quantum
688 2099 979 2169 possimus,
1001 2113 1306 2171 operemur,
1339 2106 1399 2152 ut
1423 2097 1500 2152 ait
1525 2095 1814 2166 Apostolus

224 2187 471 2244 Petrus:
515 2185 620 2241 Vos
655 2197 828 2242 autem
871 2203 1034 2258 genus
1081 2185 1301 2242 electum
1353 2186 1525 2258 regale
1570 2185 1816 2240 sacerdo-

221 2281 382 2335 tium.

306 2372 470 2428 Vnus.
508 2373 562 2426 4.
593 2403 664 2412 -
693 2373 852 2426 Aram
876 2375 1054 2426 autem
1099 2371 1273 2442 genuit
1315 2370 1629 2424 Aminadab.
1667 2369 1816 2423 Ami-

229 2465 414 2521 nadah
455 2463 676 2535 populus
707 2479 852 2517 meus
878 2472 1195 2534 spontaneus
1222 2461 1631 2532 interpretatur.
1655 2459 1814 2515 Chri-

227 2569 354 2614 stus
368 2565 550 2612 autem
572 2565 890 2627 spontaneus
907 2564 1053 2610 recte
1078 2556 1490 2624 interpretatur,
1518 2552 1643 2624 quia
1659 2568 1818 2622 spon-

230 2655 293 2703 te
319 2647 668 2716 semetipsum
692 2644 888 2701 obtulit
915 2661 1014 2716 pro
1043 2655 1227 2700 nostra
1256 2644 1430 2700 salute
1457 2643 1688 2699 hostiam
1719 2643 1820 2697 im-

230 2737 602 2793 maculatam.‘
624 2737 733 2794 Nos
763 2752 979 2808 quoque
1007 2745 1200 2806 sponte
1229 2735 1458 2791 Domino
1492 2735 1598 2791 Deo
1632 2744 1818 2790 nostro

229 2827 461 2884 obedire
515 2837 768 2900 oportet,
817 2828 1043 2900 ejusque
1109 2827 1484 2894 voluntatem,
1557 2835 1818 2896 quantum

230 2917 528 2988 possimus,
558 2934 664 2972 non
693 2919 888 2982 coacti,
917 2919 1011 2974 sed
1034 2927 1248 2988 sponte,
1281 2918 1497 2989 operari
1534 2917 1676 2973 facto
1707 2928 1819 2973 stu-

234 3010 485 3064 deamus.
517 3007 584 3061 Et
613 3007 727 3079 ipse
773 3009 826 3062 in
868 3009 1160 3080 Evangelio
1206 3023 1301 3064 eos
1341 3009 1435 3078 qui
1485 3008 1816 3063 voluntatem

234 3099 359 3170 ejus
397 3098 644 3164 faciunt,
687 3107 743 3154 et
779 3097 976 3154 fratres
1004 3108 1060 3154 et
1102 3107 1352 3164 matrem,
1384 3107 1438 3152 et
1463 3113 1678 3154 sorores
1705 3098 1821 3167 ejus

1914 1923 2084 1989 ipsum
2114 1918 2284 1988 factus
2310 1917 2548 1972 obediens
2575 1933 2735 1986 usque
2761 1916 2828 1968 ad
2863 1926 3098 1969 mortem.
3135 1913 3348 1982 Nosque
3377 1929 3494 1968 ser~

1917 2010 2122 2064 viamus
2160 2007 2388 2062 Domino
2420 2007 2472 2061 in
2505 2007 2719 2068 laetitia,
2771 2003 3024 2059 videlicet
3071 2003 3351 2067 servitute,
3388 2017 3496 2071 qua

1916 2119 2021 2158 non
2051 2116 2146 2173 per
2171 2102 2419 2171 spiritum
2450 2100 2660 2155 timoris
2681 2141 2696 2164 ,
2735 2103 2827 2155 sed
2853 2115 2952 2169 per
2984 2099 3230 2168 spiritum
3255 2098 3500 2167 adoptio-

1916 2197 2000 2252 nis
2026 2195 2263 2252 servitur
2281 2194 2510 2250 Domino
2538 2211 2551 2246 :
2585 2209 2649 2248 ac
2674 2192 2916 2262 perfecta
2943 2191 3202 2248 servitute
3233 2190 3500 2261 perfectos

1915 2301 2102 2342 servos
2154 2285 2506 2342 exhibeamus
2555 2299 2654 2338 nos
2703 2283 2950 2348 Domino,
3009 2291 3069 2336 ut
3110 2297 3232 2337 cum
3285 2289 3504 2350 tempus

1916 2379 2198 2436 servitutis
2244 2378 2406 2433 fuerit
2461 2370 2672 2431 ﬁnitum
2708 2418 2723 2444 ,
2777 2392 3034 2432 vocemur
3083 2393 3111 2430 a
3163 2376 3397 2431 Domino
3429 2374 3506 2430 ad.

1917 2468 2106 2522 aeterni
2133 2467 2283 2538 regni
2310 2465 2524 2536 gaudia.

1991 2559 2156 2614 Obeth
2203 2567 2376 2613 autem
2407 2559 2580 2629 genuit
2609 2557 2777 2612 Jesse.
2826 2557 2977 2614 Jesse
3018 2559 3284 2612 incensum
3328 2558 3497 2612 inter—

1918 2657 2182 2723 pretatur.
2223 2647 2472 2704 Christus
2499 2647 2641 2703 enim
2669 2649 2805 2702 bene
2829 2647 3106 2703 incensum
3141 2647 3339 2701 dicitur
3361 2687 3375 2710 ,
3405 2646 3497 2714 qui

1921 2740 2036 2796 ait:
2061 2737 2244 2810 Ignem
2275 2739 2387 2794 veni
2415 2738 2614 2791 mittere
2641 2737 2696 2791 in
2728 2746 2945 2802 terram,
2972 2752 3120 2808 quem
3162 2734 3291 2799 volo,
3325 2743 3380 2788 ut
3405 2751 3495 2787 ar-

1919 2833 2056 2890 deat.
2085 2831 2270 2902 lgnem
2290 2829 2457 2887 divini
2479 2830 2681 2885 amoris
2702 2829 2970 2884 seminare
2991 2828 3043 2882 in
3066 2827 3227 2882 corda
3257 2825 3493 2881 ﬁdelium

1919 2924 2070 2980 dicit.
2101 2923 2317 2993 Nosque
2341 2923 2622 2978 incensum
2648 2920 2952 2974 orationum
2984 2926 3290 2973 nostrarum
3321 2916 3374 2970 in
3399 2932 3488 2970 ara

1921 3019 2102 3074 cordis
2129 3017 2299 3073 nostri
2325 3017 2527 3089 jugiter
2555 3015 2908 3071 incendamus
2931 3054 2946 3080 ,
2988 3023 3042 3067 et
3077 3013 3130 3066 in
3172 3026 3355 3066 amore
3396 3011 3499 3065 Do-

1923 3110 2055 3164 mini
2109 3109 2282 3164 nostri
2326 3123 2538 3164 summo
2575 3107 2864 3177 ﬁagremus
2894 3104 3160 3160 desiderio
3189 3144 3204 3169 ,
3257 3104 3500 3158 dicentes

242 3191 466 3256 asserit,
493 3190 678 3246 dicens
711 3189 804 3246 :Si
824 3192 938 3262 quis
953 3190 1132 3261 fecerit
1160 3190 1475 3245 voluntatem
1506 3189 1685 3245 Patris
1715 3194 1818 3246 mei
1846 3176 1890 3237 C
1923 3215 2046 3254 cum
2074 3199 2359 3254 Psalmista
2399 3199 2628 3253 Domino
2656 3176 2674 3251 ξ
2708 3196 3177 3267 υἱτὲραιαναοναιίο
3211 3212 3326 3249 mea
3363 3196 3502 3249 sicut

230 3282 330 3352 qui
356 3283 409 3335 in
437 3281 578 3336 caelis
601 3290 698 3348 est,
725 3282 833 3352 ipse
859 3297 1004 3334 meus
1033 3280 1196 3350 frater
1222 3291 1268 3335 et
1297 3298 1447 3335 soror
1472 3291 1518 3335 et
1541 3291 1706 3335 mater
1724 3291 1818 3336 est.

309 3372 605 3426 Aminadab
651 3374 824 3443 genuit
877 3372 1146 3427 Naasson.
1185 3371 1427 3427 Naasson
1471 3390 1643 3444 augur
1672 3373 1823 3444 fortis

233 3463 672 3532 interpretatur,
723 3461 866 3532 quod
915 3461 1165 3518 Christus
1219 3461 1536 3532 intelligitur
1596 3463 1684 3531 qui
1742 3473 1824 3518 est

232 3553 501 3625 propheta
546 3551 732 3619 fortis,
776 3567 899 3607 cum
932 3552 1000 3608 de
1046 3553 1134 3608 die
1175 3552 1361 3622 judicii
1405 3552 1682 3622 discipulis
1712 3553 1824 3608 suis

231 3643 574 3716 praedicavit,
604 3645 817 3700 dicens:
839 3642 970 3698 Cum
987 3644 1175 3698 venerit
1197 3641 1367 3697 Filius
1389 3644 1613 3698 hominis
1643 3645 1696 3697 in
1711 3661 1824 3697 ma-

223 3735 422 3806 jestate
448 3753 564 3803 sua,
595 3745 717 3790 tunc
744 3735 937 3790 sedebit
990 3737 1044 3788 in
1091 3735 1210 3790 sede
1247 3738 1539 3806 majestatis
1585 3753 1724 3802 sure,
1766 3744 1851 3790 ut'

225 3829 442 3901 iudicet
461 3829 648 3884 orbem
675 3837 836 3885 terra:
858 3829 912 3882 in
937 3828 1294 3898 mquitatc,.et
1320 3829 1516 3883 reddet
1534 3828 1824 3897 unicuique

231 3920 535 3976 secundum
567 3934 730 3989 opera
759 3918 894 3988 ejus.
944 3918 1053 3973 Nos
1088 3933 1217 3974 vero
1249 3919 1302 3973 in
1333 3919 1534 3974 virtute
1572 3917 1770 3974 Christi
1806 3960 1822 3984 ,

237 4011 534 4066 mundanis
580 4011 825 4081 auguriis
863 4011 1141 4082 gentilium
1173 4011 1398 4077 relictis,
1426 4011 1707 4080 promissis
1738 4012 1821 4066 di-

232 4103 384 4160 vinis
413 4102 573 4159 ﬁdem
603 4101 977 4168 adhibeamus,
1013 4111 1068 4157 et
1111 4102 1354 4157 omnium
1404 4102 1823 4172 prosperitatem

236 4200 426 4250 rerum
463 4196 518 4250 in
557 4193 655 4249 Dei
699 4183 867 4250 solius
895 4193 1192 4260 voluntate,
1242 4209 1346 4248 non
1395 4193 1449 4248 in
1485 4192 1636 4248 falsis
1690 4193 1826 4247 divi-

237 4286 554 4342 nationibus
589 4285 938 4352 collocemus,
967 4285 1060 4341 sed
1103 4284 1296 4340 divinis
1339 4283 1574 4354 pleniter
1620 4284 1821 4340 creda-

236 4392 365 4454 mus
401 4376 655 4434 oraculis.

314 4466 563 4522 Naasson
583 4477 757 4522 autem
799 4467 974 4538 genuit
1025 4467 1265 4524 Salmon.
1305 4467 1526 4524 Salmon
1563 4467 1822 4522 sensibilis

235 4559 648 4628 interpretatur.
679 4556 930 4614 Christus
959 4559 1244 4624 sensibilis,
1294 4559 1384 4630 qui
1417 4559 1629 4614 mulieri
1675 4567 1820 4616 retro

236 4649 561 4704 vestimenta
587 4649 827 4720 tangenti
857 4649 994 4704 dixit
1024 4669 1035 4703 :
1073 4648 1256 4720 Tetigit
1278 4666 1359 4705 me
1384 4650 1597 4721 aliquis,
1624 4665 1743 4704 nam
1774 4661 1822 4706 et

239 4759 334 4814 ego
361 4743 477 4798 novi
507 4744 750 4798 virtutem
779 4743 843 4798 de
883 4760 963 4798 me
989 4744 1156 4798 exisse
1183 4761 1201 4799 :
1229 4744 1320 4814 qui
1349 4744 1650 4799 scitomnia
1673 4753 1825 4800 ante-

241 4853 407 4906 quam
443 4836 607 4905 ﬁant,
641 4838 732 4907 qui
760 4838 911 4893 novit
955 4839 1136 4894 omnia
1189 4839 1485 4910 praeterita,
1534 4839 1821 4909 prmsentia

241 4938 404 4999 atque
455 4928 654 4985 futura.
712 4927 822 4986 Nos
877 4945 1092 5001 quoque
1143 4931 1197 4986 in
1252 4931 1478 4986 Domino
1539 4930 1822 4987 sensibiles

245 5029 457 5092 oportet
481 5022 714 5078 existere
736 5063 752 5090 ,
811 5031 867 5078 et
909 5023 1022 5079 sola
1057 5040 1120 5079 ea
1155 5039 1275 5094 quae
1311 5024 1450 5079 bona
1482 5031 1609 5078 sunt
1638 5033 1820 5079 tenea-

189 5171 196 5178 ,
243 5129 382 5180 mus,
407 5122 464 5169 et
485 5114 734 5170 sensibus
757 5111 1016 5184 perfecti,
1045 5112 1101 5169 in
1131 5113 1332 5169 malitia
1364 5113 1574 5184 parvuli
1612 5113 1780 5169 simus
1803 5155 1818 5179 ,

243 5214 303 5260 ut
349 5205 632 5262 unanimes
668 5222 775 5261 uno
817 5220 916 5263 ore
965 5207 1383 5264 honoriﬁeemus
1412 5207 1696 5262 Dominum
1721 5248 1736 5272 ,
1767 5217 1821 5263 et

242 5295 458 5352 Patrem
505 5297 719 5352 Domini
767 5295 893 5353 Iesu
938 5297 1162 5364 Christi,
1205 5313 1269 5354 ac
1313 5313 1483 5354 sacra:
1527 5298 1820 5370 Scriptura:

242 5389 492 5444 sensibus
517 5389 764 5444 instructi
792 5389 1051 5445 docibiles
1081 5389 1175 5445 Dei
1204 5387 1502 5444 efﬁciamur
1523 5390 1820 5445 secundum

241 5479 392 5535 lsaiae
437 5479 750 5536 vaticinium
799 5481 1028 5538 dicentis
1058 5500 1070 5536 :
1102 5481 1172 5537 Et
1193 5492 1345 5537 erunt
1375 5498 1550 5538 omnes
1577 5483 1822 5538 docibiles

242 5569 356 5624 Dei.
993 5619 998 5622 .
1053 5645 1056 5648 .

316 5659 474 5717 Vsus.
515 5661 568 5717 5.
611 5693 680 5704 —
719 5659 935 5717 Salmon
1000 5649 1173 5718 libram
1227 5664 1404 5736 genuit
1456 5663 1618 5718 Boos.
1680 5663 1820 5721 Boos

246 5759 401 5807 robur
428 5754 631 5810 virtutis
664 5752 1069 5824 interpretatur,
1111 5755 1254 5826 quod
1298 5763 1378 5812 est
1409 5755 1689 5823 Christus,
1731 5759 1821 5828 qui

1925 3293 2190 3345 incensum
2220 3291 2276 3344 in
2301 3298 2574 3360 conspectu
2602 3298 2708 3342 tuo.

1992 3379 2141 3435 Iesse
2167 3389 2342 3434 autem
2379 3381 2556 3449 genuit
2590 3377 2780 3432 David.
2813 3377 2982 3432 David
3007 3367 3366 3430 desiderabilis
3388 3377 3501 3431 sive

1925 3472 2146 3528 bellator
2171 3471 2320 3542 {ortis
2346 3471 2751 3540 interpretatur,
2771 3467 2914 3538 quod
2940 3475 3231 3536 utrumque
3253 3465 3504 3522 Christus

1924 3561 2272 3633 intelligitur,
2305 3561 2373 3616 de
2401 3575 2508 3630 quo
2537 3559 2840 3630 propheta:
2874 3557 3146 3628 Speciosns
3187 3559 3358 3628 {arma
3390 3576 3500 3629 pne

1923 3651 2051 3719 ﬁliis
2067 3652 2359 3705 hominum.
2386 3649 2454 3704 Et
2483 3649 2823 3720 Evangelista
2857 3666 2871 3701 :
2903 3649 2970 3703 Et
2997 3647 3311 3718 resplenduit
3341 3647 3502 3718 facies

1922 3743 2035 3812 ejus
2060 3742 2193 3796 sicut
2227 3740 2325 3795 sol.
2356 3740 2424 3794 Et
2450 3741 2748 3795 vestimenta
2777 3741 2889 3811 ejus
2919 3740 3062 3810 facta
3084 3749 3204 3794 sunt
3225 3739 3344 3793 alba
3367 3741 3502 3794 sicut

1925 3833 2034 3887 nix.
2077 3829 2204 3887 Sive
2249 3831 2477 3885 bellator
2528 3831 2704 3892 fortis,
2758 3831 2883 3885 dum
2912 3830 3180 3886 diabolum
3211 3831 3500 3896 vincebat,

1923 3930 1980 3978 et
2018 3921 2324 3976 humiliavit
2370 3920 2812 3977 calumniatorem
2866 3931 3132 3977 nostrum.
3179 3922 3395 3992 Nosque
3446 3923 3502 3977 in

1925 4020 2052 4084 typo
2079 4011 2285 4068 Christi
2309 4027 2375 4066 ac
2395 4013 2564 4067 David
2585 4014 2860 4082 prophetae
2893 4013 3138 4083 proprias
3165 4013 3504 4069 remittamus

1926 4107 2176 4177 injurias,
2193 4114 2250 4162 et
2264 4105 2648 4162 desiderabiles
2669 4105 2966 4160 elﬁciamur
2987 4106 3236 4170 Domino,
3261 4107 3503 4161 avidum-

1925 4211 2031 4268 que
2055 4211 2180 4268 erga
2211 4195 2498 4251 Dominum
2525 4195 2818 4250 habeamus
2847 4195 3173 4250 desiderium
3195 4206 3255 4251 ut
3275 4197 3503 4266 diligen-

1926 4297 2008 4345 tes
2055 4287 2342 4344 Dominum
2384 4286 2670 4358 diligamur
2708 4301 2740 4341 a
2785 4288 3030 4344 Domino.
3088 4288 3279 4344 Fortes
3327 4289 3501 4344 simus

1925 4380 2091 4436 etiam
2141 4377 2454 4444 bellatores,
2500 4378 2554 4432 id
2586 4387 2672 4435 est
2710 4379 2950 4449 perfecto
2996 4393 3158 4450 Opere
3203 4379 3500 4448 spiritalem

1925 4473 2200 4546 gigantem
2226 4471 2501 4527 diabolum
2527 4472 2748 4542 proprio
2776 4471 3087 4527 occidamus
3115 4471 3312 4544 gladio,
3341 4479 3397 4526 et
3438 4472 3505 4526 de

1925 4571 2194 4636 potestate
2216 4564 2333 4635 ejus
2354 4571 2465 4618 tam
2485 4573 2701 4618 nostras
2719 4579 2879 4633 quam
2901 4563 3268 4634 proximorum
3295 4563 3505 4618 animas

1928 4655 2254 4726 eripientes;
2295 4662 2359 4708 ut.
2393 4662 2640 4710 extremo
2679 4653 3000 4708 adveniente
3037 4651 3241 4723 judicio
3288 4652 3499 4708 deside—

1927 4744 2127 4801 rabiles
2153 4744 2454 4816 fulgeamus
2493 4745 2634 4800 sicut
2654 4744 2735 4800 sol
2758 4745 2812 4799 in
2839 4759 3004 4815 regno
3034 4743 3210 4800 Patris
3234 4743 3426 4807 nostri,
3451 4753 3507 4797 et

1926 4836 2069 4892 bono
2091 4837 2386 4893 certamine
2409 4845 2613 4892 certato
2637 4836 2931 4906 repositam
2955 4835 3110 4890 nobis
3141 4835 3195 4888 in
3229 4834 3381 4892 caelis
3409 4849 3502 4889 ac-

1928 4927 2192 4998 cipiamus
2223 4944 2253 4981 a
2273 4926 2422 4996 justo
2439 4925 2620 4996 judice
2636 4925 2861 4996 justitiaa
2885 4941 3177 4982 coronam..

1999 5019 2160 5076 Vens.
2274 5050 2342 5059 —
2372 5018 2539 5072 David
2568 5016 2739 5073 autem
2769 5018 2940 5089 genuit
2973 5016 3326 5072 Salomonem.
3356 5017 3508 5074 Salo—

1928 5127 2052 5168 mon
2090 5110 2340 5182 paciﬁcus
2379 5110 2784 5180 interpretatur.
2825 5109 3073 5166 Christus
3100 5111 3242 5165 enim
3271 5125 3376 5181 pax
3407 5127 3505 5166 no-

1927 5210 2062 5268 stra,
2092 5211 2152 5256 ut
2177 5200 2253 5264 ait
2280 5199 2585 5270 Apostolus,
2612 5200 2704 5270 qui
2733 5199 2863 5255 facit
2893 5208 3117 5271 utraque
3137 5216 3322 5266 unum,
3344 5200 3400 5255 id
3425 5213 3509 5256 est

1927 5308 1995 5347 ex
2025 5290 2223 5346 Judaeis
2262 5297 2317 5343 et
2356 5289 2604 5360 gentibus
2647 5304 2811 5344 unam
2854 5290 2956 5346 sibi
3002 5289 3132 5345 fecit
3173 5289 3506 5355 Ecclesiam,

1928 5399 2086 5454 quam
2119 5383 2354 5453 pretioso
2379 5382 2636 5453 sanguine
2661 5396 2758 5437 suo
2791 5383 3020 5438 redemit
3056 5390 3111 5438 et
3138 5381 3506 5437 reconciliavit

1928 5474 2038 5531 Deo
2064 5474 2214 5529 Patri
2239 5489 2355 5528 suo.
2386 5472 2495 5528 Nos
2524 5488 2737 5545 quoque
2763 5489 2886 5530 cum
2922 5472 3220 5544 Apostolo,
3241 5480 3504 5541 quantum

1857 5629 1860 5632 ,
1926 5584 1995 5624 ex
2024 5566 2178 5623 nobis
2207 5573 2310 5629 est,
2343 5581 2467 5621 cum
2493 5566 2743 5622 omnibus
2772 5565 3079 5622 hominibus
3102 5577 3291 5634 pacem
3312 5560 3510 5617 haben-

1927 5671 2029 5728 tes,
2056 5667 2112 5716 et
2143 5657 2400 5714 intestino
2438 5655 2689 5712 vitiorum
2715 5655 2861 5712 bello
2885 5651 3252 5724 spiritualibus
3273 5651 3508 5706 victores

1927 5750 2238 5816 virtutibus,
2264 5757 2320 5805 et
2347 5757 2584 5821 utroque
2597 5747 2815 5804 homine
2841 5753 3046 5810 nostro,
3073 5743 3125 5799 id
3152 5753 3234 5798 est
3262 5741 3505 5798 interiori
