3948 6328
467 312 572 371 855

957 311 1348 367 WALAFBIDI
1388 311 1636 367 suum
1674 272 2082 367 recofuoa'.
2122 307 2270 387 ore.
2313 307 2493 366 rans
2527 308 2569 364 ι.
2606 338 2681 351 -
2716 306 3175 366 mammas.

464 433 519 482 et
536 420 815 497 exteriori,
833 421 885 475 lu
909 436 1073 493 unum
1094 419 1315 477 caeleste
1335 421 1658 477 desiderium
1683 419 2046 483 reconciliata,
2078 422 2125 480 Λ
2152 421 2466 489 operatione
2497 431 2684 476 nostra
2709 422 3005 491 praecepit,
3032 422 3219 478 dicens
3253 420 3459 479 :Estote
3484 424 3746 494 perfecti,

466 534 652 592 pacem
683 515 979 571 habeamus
1004 515 1073 569 ad
1096 514 1381 569 Dominum
1405 525 1459 571 et
1486 516 1789 586 proximum
1809 554 1827 578 ,
1852 522 1909 569 et
1939 529 2048 570 non

465 609 636 679 solum
684 623 807 662 cum
838 607 1088 661 omnibus
1120 606 1327 676 pacati,
1374 621 1561 660 verum
1607 606 1856 660 omnibus
1883 604 2046 660 etiam

463 702 759 757 existamus
781 699 1013 770 pacilici,
1038 708 1094 753 et
1120 699 1492 755 discordantes
1516 697 1722 753 scilicet
1755 697 1950 752 fratres
1977 696 2046 751 ad

460 790 802 846 concordiam
830 804 1182 844 revocemus:
1223 788 1394 852 Beati,
1436 789 1610 859 inquit
1638 789 1927 854 Dominus,
1952 806 2045 857 pa-

461 884 617 953 ciﬁci,
639 885 887 953 quoniam
915 881 1013 951 ﬁlii
1046 881 1146 936 Dei
1176 882 1517 936 vocabuntur.

462 1022 469 1028 .
531 973 696 1043 Vsus.
729 973 779 1027 7.
808 1004 876 1014 ——
911 971 1163 1028 Salomon
1204 982 1378 1027 autem
1416 974 1588 1043 genuit
1634 972 1892 1029 Roboam.
1933 972 2042 1028 R0-

456 1063 616 1133 boam
661 1062 885 1117 latitudo
924 1062 1105 1132 populi
1149 1062 1558 1132 interpretatur.
1603 1061 1853 1117 Christus
1895 1061 2038 1116 enim

455 1152 681 1208 latitudo
706 1151 879 1211 ﬁdelis
902 1152 1082 1222 populi
1108 1162 1254 1207 recte
1279 1151 1627 1222 intelligitur;
1652 1151 1777 1221 quia
1798 1151 1950 1206 multi
1972 1151 2042 1208 ab

455 1243 665 1299 oriente
689 1250 744 1296 et
763 1244 1044 1298 occidente
1065 1243 1304 1307 venient,
1318 1250 1374 1297 et
1392 1243 1707 1297 recumbent
1725 1256 1849 1296 cum
1867 1241 2040 1297 Abra-

455 1332 579 1387 ham
600 1374 614 1395 ,
644 1334 791 1389 Isaac
831 1341 885 1388 et
920 1332 1087 1388 Jacoh
1132 1334 1187 1388 in
1221 1348 1385 1405 regno
1409 1334 1703 1400 caelorum,
1742 1334 1795 1389 id
1833 1341 1936 1401 est,
1969 1349 2037 1407 ex_

454 1426 704 1481 omnibus
729 1427 913 1482 mundi
940 1428 1186 1497 partibus
1213 1436 1473 1483 vocantur
1499 1429 1567 1485 ad
1589 1444 1754 1498 regna
1775 1428 2035 1484 caelorum

453 1515 658 1571 ﬁdeles.
692 1516 909 1587 Nosque
946 1518 1116 1573 latum
1144 1520 1460 1575 mandatum
1493 1519 1777 1575 charitatis
1808 1520 2034 1590 impleu-

453 1616 556 1672 tes,
585 1609 702 1664 sine
731 1610 836 1663 ulla
861 1625 1219 1680 personarum
1249 1611 1593 1681 acceptione,
1621 1612 1871 1699 omnibus
1899 1614 2031 1667 cha-

450 1697 668 1753 ritatem
717 1698 1010 1755 fraternam
1055 1702 1405 1769 exhibentes,
1456 1701 1723 1772 spirituali
1762 1697 2027 1759 bonorum

450 1789 647 1858 gaudio
666 1789 1006 1859 perfruamur
1028 1791 1083 1844 in
1105 1791 1276 1847 oculis.

519 1878 755 1933 Roboam
783 1891 957 1935 autem
983 1885 1157 1952 genuit
1178 1882 1384 1936 Abiam.
1419 1882 1554 1938 Abia
1589 1879 1752 1937 Pater
1782 1880 2033 1938 Dominus

438 1952 859 2038 interpretatur.
889 1969 1139 2027 Christus
1164 1973 1310 2027 enim
1338 1972 1497 2027 Pater
1520 1981 1725 2038 noster,
1750 1973 1842 2043 qui
1862 1974 2029 2028 dixit:

453 2058 633 2113 Nolite
677 2077 858 2116 vocare
888 2062 1025 2116 vobis
1063 2074 1264 2132 patrem
1309 2081 1465 2134 super
1510 2074 1742 2129 terram;
1784 2081 1918 2118 unus
1958 2075 2031 2120 est

451 2150 588 2203 enim
615 2150 779 2206 Pater
799 2148 964 2207 uester
982 2154 1072 2224 qui
1091 2156 1147 2208 in
1167 2154 1308 2209 caelis
1322 2164 1425 2209 est.
1450 2154 1667 2225 Nosque
1687 2156 1863 2227 dignis
1882 2170 2035 2213 exer-

451 2257 674 2298 ceamus
700 2245 973 2313 operibus,
1004 2258 1064 2300 ut
1088 2246 1308 2302 Patrem
1331 2247 1624 2303 habeamus
1647 2248 1954 2313 Dominum,
1977 2258 2032 2305 et

451 2332 647 2389 fratres
675 2335 843 2391 simus
878 2337 935 2391 in
978 2337 1227 2403 Domino,
1270 2347 1330 2394 ut
1356 2340 1624 2394 veraciter
1649 2340 1830 2396 dicere
1854 2342 2030 2410 possi-

451 2438 610 2479 mus:
660 2422 822 2480 Pam
863 2438 1068 2494 noster,
1112 2430 1202 2499 qui
1230 2445 1284 2483 es
1324 2430 1379 2483 in
1415 2428 1553 2483 caalis
1574 2444 1594 2484 :
1627 2436 1689 2484 ut
1725 2442 2033 2487 mereamur

451 2512 695 2570 lueredes
723 2517 940 2588 quidem
968 2518 1234 2584 esse-Dei,
1264 2520 1570 2576 cohaeredes
1594 2529 1778 2577 autem
1806 2521 2028 2579 Christi.

524 2604 658 2661 Abia
678 2618 851 2661 autem
877 2610 1053 2679 genuit
1080 2611 1230 2665 Aser.
1254 2610 1391 2665 Aser
1417 2609 1602 2666 tollens
1623 2611 2028 2681 interpretatur.

450 2695 701 2754 Christus
729 2699 954 2765 tollens,
999 2701 1065 2757 de
1108 2717 1216 2772 quo
1240 2701 1478 2761 Joannes
1512 2703 1628 2757 ait:
1666 2703 1803 2758 Ecce
1844 2705 2029 2776 Agnus

408 2848 411 2851 λ
447 2786 581 2855 Dei,
610 2806 725 2844 ecce
751 2793 841 2861 qui
876 2792 1007 2846 tollit
1035 2802 1247 2861 peccata
1287 2794 1490 2849 mundi.
1520 2794 1736 2865 Nosque
1779 2796 2032 2854 tollamus

450 2889 662 2933 mentes
682 2890 898 2935 nostras
923 2881 987 2935 de
1006 2882 1366 2951 praesentibus
1386 2882 1455 2939 ad
1480 2882 1682 2951 futura,
1709 2884 1777 2940 de
1801 2887 2030 2945 terrenis

448 2966 516 3022 ad
543 2968 786 3025 caelestia
816 2969 1175 3028 sublevemus.

518 3059 681 3114 Vens.
714 3061 766 3116 8.
792 3091 863 3101 -—
887 3061 993 3116 Asa
1022 3072 1197 3118 autem
1233 3065 1412 3135 genuit
1448 3063 1727 3137 Iosophat.
1768 3064 2029 3138 Josaphat

445 3148 537 3218 qui
568 3150 956 3221 interpretatur
986 3151 1237 3223 judicans
1266 3155 1320 3210 in
1357 3153 1634 3227 Josaphat.
1664 3155 1910 3214 Christus
1928 3159 2022 3229 ju-

444 3244 631 3300 dicans
657 3245 873 3312 dicitur,
899 3247 990 3317 qui
1022 3247 1129 3302 ait:
1155 3247 1314 3303 Pater
1340 3266 1443 3304 non
1456 3250 1665 3320 judicat
1687 3266 2020 3323 quemquam,

442 3335 535 3389 sed
560 3351 708 3391 omne
737 3337 1001 3408 judicium
1040 3338 1183 3393 dedit
1220 3337 1383 3394 Filio.
1418 3339 1525 3396 Nos
1550 3355 1763 3410 quoque
1789 3349 1851 3396 ut
1877 3352 2023 3397 recte

435 3426 740 3498 iudicemus
766 3437 873 3484 tam
895 3438 1080 3486 nostra
1100 3446 1264 3501 quam
1288 3431 1623 3487 subditorum
1645 3433 2025 3491 examinantes

439 3527 680 3588 peccata,
709 3521 1008 3591 cogitantes
1046 3522 1215 3579 simus
1240 3522 1369 3589 illud
1396 3524 1539 3593 quod
1575 3523 1653 3579 ait
1694 3524 1809 3595 ipse
1837 3526 2022 3581 Domi-

444 3625 583 3665 nus:
619 3610 797 3666 Nolite
818 3612 1084 3681 judicare,
1108 3621 1163 3666 ut
1193 3630 1296 3671 non
1312 3613 1645 3683 judicemini.
1675 3614 1743 3669 Et
1768 3632 1781 3669 :
1815 3613 1883 3670 In
1914 3632 2019 3688 quo

432 3702 639 3772 judicio
660 3703 1048 3773 judicaveritis,
1069 3703 1398 3773 judicabitur
1421 3705 1485 3758 de
1510 3705 1669 3759 vobis.

511 3791 771 3862 Iosophat
796 3804 969 3848 autem
1000 3796 1173 3869 genuit
1194 3796 1403 3851 lorum.
1427 3796 1610 3852 Joram
1638 3798 2021 3869 interpretatur

440 3879 695 3936 excelsus.
725 3881 782 3937 ιη
810 3881 995 3939 Joram
1036 3895 1183 3941 recte
1219 3885 1466 3944 Christus
1493 3887 1738 3945 excelsus
1764 3890 2018 3963 intelligi-

443 3980 564 4039 tur,
595 3974 688 4042 qui
720 3974 834 4028 ait:
876 3974 1047 4031 Nemo
1084 3979 1317 4033 ascendit
1355 3979 1411 4034 in
1451 3979 1668 4049 caelum,
1701 3971 1802 4036 nisi
1844 3981 2017 4039 Filius

438 4063 664 4137 hominis
692 4067 782 4138 qui
813 4076 887 4122 est
922 4068 976 4123 in
1004 4069 1153 4125 ctelo.
1182 4070 1249 4127 Et
1281 4071 1567 4129 Psalmista
1592 4091 1605 4129 :
1639 4073 1895 4132 Excelsae
1928 4093 2016 4130 su-

435 4170 530 4223 per
549 4171 726 4211 omnes
747 4168 921 4235 gentes
947 4157 1225 4216 Dominus.
1250 4160 1469 4233 Nosque
1491 4167 1550 4219 ut
1578 4178 1610 4218 a
1638 4172 1813 4220 morte.
1832 4160 2016 4235 pecea-

438 4252 617 4298 torum
653 4260 749 4315 per
774 4234 938 4318 opera
966 4248 1191 4320 iustitia:
1218 4266 1573 4324 exsurgamus
1614 4269 1736 4311 cum
1765 4234 2012 4322 Christo,

437 4349 559 4404 qua:
586 4350 799 4391 sursum
824 4347 951 4394 sunt
970 4355 1294 4411 quaeramus,
1320 4343 1375 4398 id
1395 4352 1479 4398 est
1499 4343 1762 4411 ctelestia,
1783 4361 1889 4402 non
1915 4355 2016 4403 ter-

435 4438 607 4492 rena;
650 4436 709 4480 ut
744 4426 921 4485 eﬁ‘ecti
950 4430 1002 4485 in
1035 4430 1263 4488 Domino
1306 4433 1561 4490 sublimes
1601 4446 1843 4491 nostram
1880 4452 2011 4495 con-

432 4521 796 4577 versationem
825 4523 1119 4583 habeamus
1145 4526 1200 4580 in
1225 4526 1399 4583 caelis.

503 4610 690 4666 Joram
715 4623 889 4669 autem
910 4617 1086 4685 genuit
1114 4615 1320 4673 Oziatn.
1359 4618 1461 4685 Qui
1497 4619 1885 4690 interpretatur
1919 4637 2008 4675 ro-
2043 4645 2051 4653 -

433 4704 613 4757 bustus
635 4701 881 4783 meini:
907 4707 1049 4775 quod
1069 4706 1286 4763 Christo
1315 4711 1596 4773 convenit,
1633 4711 1758 4781 quia
1792 4711 1846 4766 in
1876 4725 2010 4767 voce

430 4793 649 4848 virtutis
683 4809 794 4850 sua:
818 4796 1235 4866 quatriduauum
1269 4797 1540 4855 Lazarum
1567 4800 1633 4856 de
1660 4808 2008 4857 monumento

432 4883 731 4938 suscitavit.
756 4884 971 4956 Nosque
991 4886 1284 4943 secundum
1303 4888 1617 4959 Apostolum
1639 4889 2008 4946 confortemur

430 4975 484 5029 in
519 4975 743 5031 Domino
775 4986 831 5031 et
856 4978 909 5032 in
939 4979 1177 5046 potentia
1210 4980 1425 5035 virtutis
1452 4977 1600 5049 ejus,
1641 4988 1735 5043 ut,
1781 4980 2007 5037 Domino

428 5074 617 5120 nostro
640 5063 769 5120 Jesu
792 5066 1005 5122 Christo
1025 5069 1314 5124 roborante
1334 5077 1390 5124 et
1411 5084 1510 5139 pro
1532 5069 1688 5124 nobis
1712 5077 2007 5139 pugnante,

426 5164 740 5211 conteratur
764 5156 995 5215 Satanas
1022 5160 1123 5215 sub
1148 5161 1375 5231 pedibus
1406 5162 1607 5217 nostris
1632 5161 1912 5217 velociter.

498 5248 660 5304 Vsus.
690 5248 744 5303 9.
784 5279 854 5288 —
885 5248 1043 5306 Ozias
1067 5259 1238 5307 autem
1266 5255 1441 5323 genuit
1474 5254 1746 5309 Joatltam.
1788 5254 1890 5322 Qui
1921 5254 2006 5310 in-

430 5346 760 5407 terpretatur
785 5338 1081 5408 perfectus;
1116 5343 1259 5410 quod
1300 5344 1437 5398 bene
1464 5341 1680 5399 Christo
1719 5345 2003 5409 convenit,

422 5428 517 5497 qui
561 5427 883 5498 baptizatori
915 5445 1011 5484 suo
1059 5429 1252 5488 Joanni
1294 5435 1543 5489 renuenti
1588 5434 1840 5492 dicebat:
1878 5437 2005 5492 Sine

424 5519 605 5581 modo,
639 5520 713 5574 sic
754 5521 891 5575 enim
930 5520 1072 5575 decet
1115 5538 1207 5576 nos
1251 5522 1463 5593 implere
1492 5540 1693 5580 omnem
1714 5526 2000 5596 justitiam.

422 5610 488 5666 Et
513 5611 637 5667 alibi
669 5613 745 5668 ait
771 5631 783 5666 :
829 5611 953 5667 Non
983 5614 1094 5668 veni
1123 5612 1319 5668 solvere
1360 5614 1557 5686 legem,
1587 5617 1677 5671 sed
1699 5617 2001 5688 adimplere.

422 5702 522 5769 Qui
548 5702 709 5758 etiam
743 5719 838 5758 ωε
868 5719 962 5774 per
988 5702 1283 5774 discipulos
1328 5718 1453 5759 suos
1488 5703 1758 5775 perfectos
1787 5721 1906 5762 esse
1949 5705 2001 5761 in

2147 512 2281 565 sicut
2308 521 2355 565 et
2395 512 2559 567 Pater
2594 523 2764 567 vester
2802 513 3020 567 calestis
3058 514 3318 585 perfectus
3354 526 3453 570 est.
3502 516 3747 587 Ideoque

2147 618 2313 673 opera
2342 602 2582 673 perlecta
2605 604 2885 669 facientes,
2911 605 3135 674 perfecti
3180 608 3483 663 existamus
3510 617 3571 663 et
3599 609 3742 666 inte.

2146 693 2263 763 gri,
2314 694 2625 751 nullatenus
2671 694 2923 766 malignis
2969 697 3357 754 tentationibus
3402 714 3741 755 consensum

2146 787 2519 843 adhibeamus.

2213 876 2450 933 Jaathan
2484 889 2659 933 autem
2687 879 2865 950 genuit
2891 879 3087 935 Athos.
3110 881 3213 948 Qui
3241 882 3644 952 apprehendens
3663 885 3741 940 di—

2144 967 2316 1024 citur:
2346 970 2488 1038 quod
2518 968 2767 1026 Christus
2804 969 3153 1040 intelligitur,
3196 973 3290 1042 qui
3316 972 3521 1028 caelum
3551 976 3737 1043 palmo

2141 1061 2480 1130 ponderavit,
2508 1069 2565 1117 et
2593 1070 2792 1116 terram
2820 1060 3019 1131 pugillo
3042 1061 3345 1123 concludit,
3383 1071 3444 1117 ut
3470 1063 3593 1132 ipse
3619 1064 3735 1119 ait:

2143 1152 2335 1208 Omnia
2360 1153 2563 1227 tradita
2583 1163 2704 1207 sunt
2727 1154 2855 1207 mihi
2876 1170 2909 1207 a
2935 1150 3100 1207 Patre
3126 1170 3261 1207 meo.
3286 1152 3510 1224 Nosque
3541 1164 3605 1209 ut
3642 1172 3733 1227 ap-

2139 1241 2540 1313 prehendamus
2564 1253 2619 1297 et
2646 1242 3033 1298 concludamus
3058 1243 3335 1298 Christum
3378 1245 3432 1298 in
3470 1246 3732 1302 cordibus

2138 1334 2374 1400 nostris,
2420 1334 2781 1402 posteriorum
2829 1333 3245 1401 obliviscentes,
3290 1335 3360 1390 ad
3400 1334 3589 1391 futura
3632 1353 3730 1395 nos

2136 1441 2351 1496 semper
2374 1426 2736 1482 extendamus
2754 1467 2770 1492 ,
2800 1435 2857 1481 ut
2890 1428 3158 1497 possimus
3194 1427 3613 1498 apprehendere
3642 1445 3730 1486 ve-

2135 1530 2250 1572 ram
2279 1516 2468 1572 vitam.
2522 1502 2529 1507 “

2204 1607 2382 1662 Achaz
2405 1618 2580 1663 autem
2601 1609 2779 1679 genuit
2812 1609 3112 1665 Ezechiam.
3150 1610 3255 1679 Qui
3280 1611 3438 1683 fortis
3472 1612 3725 1681 Domini,

2132 1698 2216 1754 vel
2246 1700 2547 1769 confortans
2583 1700 3271 1772 Dominusinterpretatur,
3294 1706 3440 1774 quod
3462 1715 3554 1760 est
3574 1705 3723 1762 Chri-

2057 1776 2104 1835 Β
2135 1798 2275 1854 stus,
2300 1789 2366 1844 de
2391 1803 2499 1859 quo
2528 1790 2727 1845 Paulus
2751 1791 3026 1861 apostolus
3048 1793 3156 1847 ait:
3187 1792 3301 1848 Nos
3321 1807 3508 1850 autem
3531 1799 3721 1866 pradi-

2135 1898 2315 1935 camus
2343 1880 2628 1945 Christum,
2668 1881 2769 1935 Dei
2808 1884 3048 1938 rirtutem
3078 1894 3126 1938 et
3161 1884 3258 1938 Dei
3283 1887 3626 1955 sapientiam.
3656 1888 3719 1944 Ει

2136 1969 2249 2039 ipse
2262 1969 3155 2039 discipulosconlortans,dicebat:
3182 1973 3468 2042 Conﬁdite,
3495 1994 3593 2047 ego
3624 1979 3717 2032 tisi

2134 2059 2408 2113 mundum.
2444 2058 2666 2130 Nosque
2687 2059 2892 2131 jugiter
2918 2058 3285 2118 fortitudinem
3314 2080 3420 2135 pro
3442 2068 3605 2121 nobis
3627 2085 3715 2138 pa-

2134 2148 2351 2217 gnantis
2381 2148 2695 2215 laudemus;
2726 2161 2785 2204 ut
2825 2160 2881 2205 et
2911 2151 3026 2221 ipse
3062 2169 3160 2208 nos
3202 2154 3257 2208 in
3304 2171 3403 2210 sua
3442 2158 3717 2215 voluntate

2134 2235 2437 2292 confortet:
2471 2238 2749 2292 humiliter
2776 2238 3156 2309 deprecemur,
3183 2251 3241 2296 ut
3278 2258 3376 2297 sua
3409 2244 3713 2301 misericor-

2133 2328 2219 2382 dia
2245 2342 2343 2383 nos
2362 2329 2431 2384 ab
2456 2330 2602 2384 omni
2624 2330 2765 2386 malo
2793 2330 2985 2388 liberet
3008 2340 3062 2389 et
3088 2332 3252 2389 vitam
3277 2336 3439 2390 nobis
3460 2338 3712 2394 concedet

2131 2426 2407 2472 aeternam.

2202 2505 2365 2564 Vnus.
2400 2509 2564 2563 10.-
2581 2506 2838 2566 Ezechias
2865 2521 3039 2567 autem
3061 2515 3235 2585 genuit
3260 2513 3593 2571 Manassen.
3615 2517 3708 2585 Qui

2131 2597 2410 2653 obliuiosus
2435 2599 2648 2654 dicitur.
2681 2599 2929 2657 Christus
2956 2603 3101 2659 enim
3138 2613 3223 2659 est
3255 2604 3564 2661 obliviosus
3590 2620 3704 2677 pec;

2130 2701 2375 2745 catorum
2400 2700 2733 2757 nostrorum,
2763 2692 2853 2762 qui
2884 2694 2961 2747 ait
2984 2710 3081 2764 per
3105 2694 3451 2749 Ezechielem
3477 2697 3705 2766 prophe-

2111 2790 2282 2837 -tam:
2325 2780 2393 2836 In
2438 2799 2747 2853 quacunque
2792 2784 2875 2837 die
2916 2801 3192 2840 conversus
3235 2785 3396 2854 fuerit
3437 2798 3703 2856 peccator,

2131 2871 2362 2927 omnium
2405 2871 2739 2941 iniquitatum
2789 2874 2905 2943 ejus
2952 2891 3053 2927 non
3097 2875 3431 2928 memorabor
3465 2877 3701 2946 amplius.

2128 2962 2247 3032 Ipse
2269 2962 2764 3031 etiamiujuriarum
2793 2976 3096 3020 nostrarum
3121 2966 3366 3020 oblivisci
3397 2983 3500 3022 nos
3529 2970 3701 3030 docet.

2132 3052 2345 3109 dicens:
2378 3052 2509 3107 Cum
2531 3039 2733 3109 stabilis
2755 3055 2824 3109 ad
2851 3058 3204 3120 adorandum,
3228 3058 3499 3123 dimittite,
3520 3061 3566 3114 si
3587 3062 3702 3133 quid

2052 3124 2097 3185 Ο
2127 3146 2328 3200 habetis
2356 3146 2604 3201 adversus
2640 3143 2863 3217 aliquem
2883 3188 2899 3213 ,
2936 3164 3002 3201 ea;
3039 3148 3282 3203 cordibus
3310 3151 3496 3204 vestris
3516 3192 3532 3215 ,
3570 3124 3627 3204 ut
3658 3166 3700 3206 et

2128 3233 2291 3291 Pater
2310 3247 2478 3292 vester
2497 3237 2712 3292 caelestis
2736 3239 2962 3294 dimittat
2984 3241 3126 3294 vobis
3147 3241 3338 3295 delicta
3360 3252 3553 3297 uestra.
3586 3242 3700 3301 Nos-

2126 3343 2231 3397 que
2256 3329 2309 3381 in
2339 3335 2497 3382 nocte
2516 3328 2801 3397 praesentis
2818 3328 2997 3383 saeculi
3022 3329 3283 3384 malorum
3308 3333 3698 3399 praeteritorum

2124 3415 2528 3482 obliviscentes,
2561 3413 2833 3472 memores
2867 3415 3037 3472 simus
3065 3417 3298 3471 nominis
3325 3417 3544 3473 Domini
3572 3440 3584 3473 :
3623 3422 3699 3475 ul-

2126 3509 2327 3564 tionem
2371 3525 2479 3565 non
2523 3525 2828 3580 quaeramus
2868 3512 3204 3571 remittentes
3233 3514 3410 3568 debita
3451 3516 3701 3574 fratribus

2125 3601 2347 3666 nostris,
2374 3609 2437 3656 ut
2461 3609 2643 3657 nostra
2672 3603 2828 3657 nobis
2860 3618 2890 3657 a
2916 3603 3143 3659 Domino
3170 3605 3537 3663 dimittantur.

2194 3691 2467 3746 Manasses
2513 3702 2688 3746 autem
2733 3694 2909 3763 genuit
2957 3696 3195 3749 Ammon.
3246 3696 3483 3753 Ammon
3527 3710 3700 3756 autem

2121 3783 2292 3853 ﬁdelis
2335 3784 2740 3857 interpretatur.
2789 3785 3037 3840 Christus
3088 3786 3263 3843 ﬁdelis
3309 3806 3409 3859 pro
3456 3795 3701 3850 omnibus

2122 3884 2225 3941 est,
2267 3876 2358 3946 qui
2388 3876 2562 3929 dixit:
2604 3874 2774 3930 Petito
2811 3886 2856 3930 et
2884 3878 3183 3947 accipietis;
3220 3884 3442 3950 quwrite
3485 3895 3535 3937 et
3567 3886 3698 3940 inre-

2123 3966 2272 4021 nietis
2293 3984 2313 4032 ;
2349 3965 2553 4036 pulsate
2580 3976 2627 4021 et
2653 3969 2916 4037 aperietur
2936 3968 3099 4023 vobis.
3143 3972 3219 4025 De
3255 3988 3362 4041 quo
3386 3974 3627 4032 Joannes
3654 3979 3699 4033 in

2120 4058 2439 4130 Apocalypsi
2487 4059 2599 4114 ait:
2645 4059 2750 4125 Qui
2777 4071 2850 4115 est
2883 4063 3027 4116 testis
3048 4064 3242 4132 ﬁdelis.
3284 4065 3491 4123 Fidelis
3526 4080 3701 4125 autem

2119 4158 2223 4216 est,
2248 4150 2372 4219 quia
2397 4148 2512 4219 ejus
2542 4152 2804 4220 promissa
2832 4155 3099 4222 speranda
3123 4166 3250 4212 sunt
3280 4160 3497 4228 pariter
3522 4171 3577 4216 et
3608 4179 3697 4218 ex-

2120 4240 2479 4311 pavescenda.
2508 4239 2725 4312 Nosque
2755 4243 2982 4299 viriliter
3006 4255 3211 4312 stamus
3240 4248 3293 4302 in
3334 4250 3441 4305 ﬁde
3470 4250 3700 4319 Christi,

2120 4335 2371 4405 ﬁdelique
2411 4333 2639 4390 Domino
2684 4336 2913 4392 ﬁdeliter
2960 4337 3333 4397 adhazreamus
3373 4344 3507 4412 quia
3527 4346 3700 4416 justus

2118 4442 2184 4481 ea:
2206 4427 2313 4497 ﬁde
2339 4426 2480 4483 vivit.
2507 4427 2573 4482 Et
2599 4427 2715 4498 ipse
2744 4429 2818 4483 ait
2843 4446 2855 4483 :
2895 4428 2998 4495 Qui
3021 4432 3183 4485 credit
3213 4433 3267 4486 in
3291 4449 3408 4499 me,
3442 4436 3602 4491 liabet
3630 4440 3699 4491 ri-

2117 4531 2223 4577 tant
2266 4530 2537 4576 (sternam.
2566 4521 2632 4575 Et
2670 4520 2880 4576 ﬁdelem
2926 4538 3142 4578 servum
3178 4524 3231 4578 in
3262 4527 3463 4596 gaudia
3493 4528 3699 4584 Domini

2116 4615 2321 4668 intrare
2366 4612 2649 4677 concedit,
2698 4621 2753 4667 et
2801 4628 2965 4683 super
3007 4614 3187 4669 omnia
3232 4614 3376 4670 bona
3421 4632 3525 4673 sua
3569 4634 3695 4674 cono

2116 4703 2324 4757 stituet.
2564 4772 2567 4773 ν

2186 4796 2409 4850 Ammon
2455 4804 2625 4848 autem
2671 4804 2849 4864 genuit
2886 4794 3113 4851 Josiam.
3163 4796 3265 4863 Qui
3308 4797 3696 4869 interpretatur

2118 4885 2278 4942 Salus
2301 4885 2530 4940 Domini.
2554 4883 2802 4940 Christus
2828 4886 2972 4939 enim
2995 4894 3078 4941 est
3100 4886 3246 4942 salus
3266 4897 3483 4951 nostra,
3508 4889 3575 4944 de
3593 4904 3693 4959 quo

2108 4975 2394 5048 Apostolus
2440 4975 2552 5028 ait:
2606 4973 2791 5027 Omnis
2836 4976 2993 5039 enim,
3042 4979 3334 5047 quicunque
3380 4977 3693 5032 invocat-erit

2109 5083 2301 5122 nomen
2334 5063 2576 5128 Domini,
2602 5064 2777 5119 salvus
2803 5065 2921 5119 erit.
2953 5065 3064 5121 Nos
3087 5082 3303 5138 quoque
3332 5068 3592 5139 operibus
3610 5067 3693 5136 jo-

2110 5155 2292 5220 stitite,
2322 5164 2377 5209 et
2400 5154 2616 5224 pictatis
2642 5154 2869 5211 salutem
2909 5166 3151 5212 nostram
3180 5159 3351 5214 simus
3382 5169 3689 5231 operantes,

2109 5257 2169 5303 nt
2200 5248 2271 5301 ita
2297 5262 2393 5315 per
2432 5246 2826 5301 invocationem
2870 5249 3045 5302 sancti
3088 5249 3169 5303 sui
3200 5249 3438 5306 nominis
3464 5251 3689 5306 salutem

2110 5339 2367 5407 consequi
2397 5352 2702 5391 mereamur
2731 5344 3013 5393 aeternam.

2184 5430 2344 5484 Vens.
2379 5429 2463 5482 ll.
2488 5458 2557 5468 —-
2579 5428 2756 5482 Josias
2791 5438 2965 5483 autem
3004 5431 3178 5501 genuit
3214 5430 3549 5486 Jechoniam.
3589 5431 3685 5498 Qui

2108 5524 2491 5592 interpretatur
2515 5523 2832 5592 praeparatio
2863 5521 3093 5577 Domini.
3126 5523 3277 5590 Quod
3304 5532 3391 5580 est
3420 5525 3683 5586 Christus,

2107 5614 2197 5685 qui
2229 5613 2400 5669 dixit:
2436 5610 2494 5669 Si
2528 5612 2663 5667 enim
2697 5611 2874 5666 abiero
2890 5650 2933 5689 ,ο
2948 5624 2994 5668 et
3039 5631 3405 5685 ρνηιμαναιιενο
3434 5616 3578 5670 vobis
3611 5615 3660 5666 lo

2113 5722 2262 5770 cum,
2308 5704 2491 5757 iterant
2523 5701 2755 5766 veniam,
2803 5712 2848 5756 et
2900 5703 3159 5773 arripiant
3196 5720 3277 5757 ros
3319 5703 3388 5757 ad
3431 5705 3674 5773 meipsnns
