3948 6328
227 366 326 424 857

1244 359 1524 417 ﬂOMlLlA
1561 357 1627 413 IN
1667 356 1822 410 lNlT.
1863 354 2110 410 EVANG.
2155 355 2413 411 MATTH.

3357 353 3462 410 858

231 480 334 534 Nos
379 490 592 547 quoque
618 475 670 528 in
700 473 984 529 adventum
1025 471 1236 527 Domini
1280 485 1378 526 nos
1419 471 1564 540 ipsos
1587 467 1788 538 jugiter
1816 471 1861 528 Α
1890 466 2171 528 mentiam,
2202 474 2260 519 ut
2279 465 2562 533 iustiﬁcari
2592 480 2896 521 mereamur
2916 466 2981 519 ab
3000 479 3065 519 eo
3085 464 3175 533 qui
3193 464 3459 534 justilicat

228 581 619 640 praeparemus,
663 578 979 634 semperque
1011 563 1200 633 vigiles
1227 570 1282 617 et
1309 560 1563 630 suspecti,
1607 575 1675 612 ne
1703 571 1792 612 su-

227 659 502 731 perveniat
545 657 698 711 nobis
741 656 1019 726 repentina
1060 654 1148 708 illa
1192 653 1328 717 dies,
1369 665 1490 720 quae
1535 658 1789 718 tanquam

228 754 449 822 laqueus
475 750 632 804 irruit
668 764 827 820 super
863 763 1050 803 omnes
1089 748 1180 817 qui
1222 745 1465 800 habitant
1507 758 1668 810 super
1708 740 1792 794 fa-

227 843 362 896 ciem
396 849 572 894 terra}.
603 839 904 894 Caveamus
925 853 1021 901 ne,
1062 836 1310 904 exemplo
1333 835 1600 888 fatuarum
1626 831 1790 899 virgi-

225 947 375 996 num,
406 931 756 985 excludamur
800 946 828 983 a
877 929 1096 998 nuptiis,
1128 927 1382 980 veniente
1418 924 1664 986 Domino,
1696 923 1792 977 sed

226 1037 346 1076 cum
373 1019 729 1088 prudentibus
753 1019 930 1088 potius
957 1017 1024 1070 ad
1063 1017 1274 1086 nuptias
1316 1022 1477 1083 atque
1504 1012 1572 1066 ad
1600 1010 1794 1081 gaudia

225 1109 649 1165 intromittamur
675 1117 894 1162 aeterna.

292 1200 574 1254 Jechonias
613 1209 785 1252 autem
813 1199 989 1268 genuit
1029 1196 1290 1251 Joachim.
1334 1194 1435 1260 Qui
1466 1193 1792 1247 Resurrectio

224 1290 437 1344 Domini
461 1291 863 1358 interpretatur.
896 1287 1142 1341 Christus
1180 1286 1323 1340 enim
1351 1293 1437 1339 est
1469 1282 1794 1338 resurrectio

222 1392 427 1443 nostra,
462 1383 552 1450 qui
580 1381 746 1435 dixit:
785 1379 898 1449 Ego
942 1396 1057 1434 sum
1087 1378 1394 1434 resurrectio
1434 1388 1483 1430 et
1522 1379 1666 1430 vita:
1703 1373 1794 1444 qui

223 1473 387 1526 credit
408 1471 462 1524 in
484 1487 564 1524 me
585 1487 686 1524 non
707 1471 958 1523 morietur
983 1472 1038 1523 in
1065 1479 1335 1532 internum,
1359 1467 1449 1521 sed
1472 1465 1792 1520 resuscitabo
1822 1521 1826 1526 ,

222 1578 342 1616 eum
368 1562 424 1615 in
459 1561 734 1615 novissimo
771 1560 873 1614 die.
916 1560 1023 1615 Nos
1050 1574 1266 1630 quoque
1303 1574 1334 1612 a
1378 1567 1550 1612 morte
1587 1555 1794 1626 peccati

223 1656 291 1710 ad
329 1653 556 1723 iustitiae
582 1655 724 1708 viam
766 1668 1128 1722 resurgamus,
1155 1661 1212 1706 ut
1235 1667 1332 1723 per
1363 1652 1520 1706 istam
1547 1663 1791 1705 resurre-

222 1745 455 1798 ctionem
479 1744 672 1797 anima:
703 1743 755 1797 in
786 1744 1179 1798 resurrectione
1208 1741 1496 1796 novissima
1521 1755 1644 1795 cum
1670 1754 1794 1794 san-

221 1836 326 1889 ctis
349 1837 403 1888 et
427 1834 590 1900 gustis
613 1842 812 1888 aeterna
839 1848 1142 1886 mereamur
1167 1832 1440 1902 possidere
1466 1830 1678 1900 gaudia.

294 1924 457 1977 Vsus.
513 1922 598 1975 12.
666 1952 736 1961 -
787 1920 1030 1976 Joachint
1077 1931 1251 1974 autem
1295 1919 1468 1989 genuit
1517 1915 1791 1972 Salathiel.

221 2013 376 2080 Quod
415 2020 497 2066 est
532 2013 708 2082 petitio
747 2028 862 2064 mea
905 2010 1180 2064 Dominus.
1232 2008 1476 2064 Christus
1515 2007 1658 2061 enim
1697 2021 1796 2075 pro

222 2107 381 2161 nobis
423 2107 576 2175 petiit
619 2105 871 2169 Patrem,
920 2119 1041 2158 cum
1070 2104 1183 2158 ait:
1226 2100 1388 2155 Pater
1416 2110 1613 2164 sancte,
1649 2115 1795 2154 serva

220 2219 308 2254 eos
336 2201 388 2253 in
415 2201 616 2254 nomine
655 2211 743 2255 tuo
761 2242 775 2262 ,
801 2217 926 2271 quos
962 2200 1151 2253 dedisti
1175 2199 1300 2252 mihi
1328 2199 1391 2250 de
1416 2185 1630 2251 mundo.
1660 2193 1792 2250 Nos-

219 2307 330 2360 que
359 2307 516 2344 unam
544 2291 855 2360 petitionem
883 2301 1129 2361 petamus
1157 2306 1185 2342 a
1222 2289 1469 2352 Domino,
1501 2296 1560 2341 ut
1588 2286 1798 2341 habite-

220 2399 344 2437 mus
375 2384 427 2436 in
472 2384 630 2437 domo
674 2383 886 2436 Domini
911 2383 1162 2436 omnibus
1191 2381 1379 2435 diebus
1401 2381 1525 2434 vitae
1554 2386 1752 2433 nostra:
1777 2396 1791 2432 :

222 2473 362 2541 Quia
387 2476 553 2528 omnis
589 2475 677 2544 qui
702 2475 825 2544 petit
853 2474 1060 2544 accipit,
1091 2482 1136 2527 et
1159 2473 1247 2543 qui
1265 2471 1480 2542 quierit,
1508 2469 1717 2534 invenit,
1748 2478 1795 2523 et

219 2566 453 2636 pulsanti
480 2565 756 2634 aperietur.

295 2656 552 2711 Salathiel
591 2665 762 2709 autem
791 2656 964 2726 genuit
1003 2651 1309 2707 Zorobabel.
1343 2651 1493 2718 Quod
1516 2658 1600 2706 est
1628 2651 1793 2720 magi-

218 2758 345 2802 ster.
381 2748 627 2803 Christus
653 2756 826 2801 autem
872 2747 1129 2818 magister
1167 2754 1250 2800 est
1296 2745 1532 2799 omnium
1566 2743 1791 2798 creden-

220 2838 380 2902 tium,
407 2839 496 2906 qui
524 2839 658 2892 dixit
680 2838 953 2906 discipulis
984 2837 1094 2891 suis
1119 2854 1131 2889 :
1165 2835 1245 2888 Ne
1266 2833 1514 2888 vocemini
1532 2832 1789 2902 magistri,

216 2931 343 3000 quia
371 2931 616 2998 magister
642 2939 802 2983 vester
843 2945 977 2982 unus
1014 2938 1087 2982 est
1125 2926 1382 2980 Christus.
1431 2923 1538 2979 Nos
1581 2939 1792 2994 quoque

217 3020 370 3074 omni
397 3019 574 3072 studio
598 3027 899 3087 satagemus
926 3026 1033 3071 tam
1065 3015 1306 3084 discipuli
1335 3013 1571 3069 caelestis
1596 3022 1649 3067 et
1679 3014 1790 3067 veri

219 3108 464 3178 magistri
492 3107 626 3169 fieri,
660 3122 819 3175 quam
855 3105 1098 3175 magistri
1127 3104 1494 3171 imperitorum
1513 3143 1527 3166 ,
1552 3109 1610 3155 ut
1645 3116 1790 3171 quaa-

219 3213 433 3267 cunque
462 3196 829 3259 didicerimus,
861 3210 1023 3265 opere
1058 3193 1408 3261 complentes,
1439 3192 1573 3244 alios
1597 3191 1786 3244 docea-

218 3305 364 3352 mus,
399 3296 454 3342 ut
484 3289 740 3356 scriptum
783 3295 902 3342 est:
947 3284 1050 3350 Qui
1089 3285 1270 3347 audit,
1312 3285 1484 3346 dicat,
1532 3281 1692 3335 Veni:
1736 3282 1789 3335 id

213 3389 322 3442 est,
356 3387 415 3432 ut
441 3378 531 3447 qui
554 3379 620 3430 ad
647 3375 980 3446 spiritualem
1019 3388 1226 3426 cumam
1262 3373 1515 3426 invitatus
1542 3378 1653 3433 est,
1688 3385 1789 3422 ca:-

215 3479 365 3523 teros
394 3483 606 3537 quoque
633 3467 843 3532 invitet,
875 3475 934 3521 ut
960 3466 1029 3520 sit
1055 3466 1244 3520 domus
1271 3463 1425 3533 plena
1447 3461 1786 3518 discumben-

215 3559 350 3612 tium
375 3559 428 3610 in
454 3559 562 3611 vita
589 3567 808 3611 aeterna.

289 3648 450 3702 Vens.
483 3648 566 3701 15.
597 3679 668 3688 -
690 3647 977 3701 Zorobabel
1005 3656 1178 3700 auten:
1202 3646 1377 3716 genuit
1412 3645 1599 3698 Abiud.
1632 3643 1786 3709 Quod

212 3741 415 3796 dicitur
441 3738 602 3794 Pater
625 3757 767 3794 meus
792 3741 907 3803 iste,
939 3738 1078 3807 quod
1109 3747 1190 3792 est
1213 3736 1458 3792 Christus
1489 3736 1578 3805 qui
1609 3735 1742 3789 dixit
1769 3752 1783 3788 :

214 3833 330 3904 Ego
360 3842 424 3887 et
455 3830 616 3886 Pater
643 3849 802 3885 unum
832 3847 1031 3884 sumus.
1061 3829 1161 3896 Qui
1199 3836 1281 3882 est
1328 3827 1489 3882 Pater
1530 3834 1584 3880 ct
1625 3832 1787 3894 caput

211 3923 458 3978 omnium
487 3922 840 3978 credentium.
869 3919 1086 3989 Nosque
1116 3919 1288 3988 dignis
1315 3932 1413 3972 nos
1435 3931 1785 3971 exerceamus

211 4012 488 4082 operibus,
517 4021 575 4065 ut
602 4012 673 4066 sit
700 4010 854 4065 nobis
900 4010 1014 4079 ipse
1039 4009 1299 4063 Dominus
1327 4007 1574 4062 Christus
1597 4009 1648 4060 in
1683 4007 1800 4060 Pa-'

213 4113 375 4166 trem,
418 4111 473 4156 et
506 4117 604 4156 nos
631 4087 705 4154 ἱιη
743 4101 913 4155 simus
957 4100 1010 4154 in
1039 4098 1173 4152 filios
1217 4105 1271 4152 et
1300 4097 1456 4164 filias,
1491 4105 1546 4152 et
1571 4105 1628 4152 ut
1665 4096 1786 4153 talis

212 4195 498 4265 progenies
525 4210 644 4250 cum
676 4193 836 4249 Patre
868 4199 1053 4262 regnet
1081 4189 1134 4246 in
1165 4191 1320 4248 caelo.

285 4287 459 4340 Abiud
483 4297 655 4341 autem
675 4288 848 4358 genuit
873 4285 1151 4341 Eliachim.
1171 4285 1272 4352 Qui
1289 4286 1542 4341 Dominus
1564 4280 1808 4340 resusci-'

209 4390 334 4432 tam
361 4378 775 4446 interpretatur,
807 4378 949 4447 quod
994 4385 1077 4432 est
1110 4376 1378 4442 Christus,
1401 4378 1491 4446 qui
1530 4377 1606 4432 ait
1633 4395 1645 4430 :
1679 4376 1784 4442 Qui

1893 556 2261 625 impium,'qui
2303 556 2433 616 dicit
2481 573 2578 626 per
2611 556 2971 626 pr0phetam:
3011 555 3213 627 Impius
3238 557 3377 611 enim
3405 559 3464 612 in
3536 550 3541 555 ’

1892 662 2196 717 quacunque
2226 646 2309 699 die
2329 648 2393 699 ab
2417 647 2678 716 impietate
2697 664 2795 700 sua
2815 663 3089 701 conversus
3110 648 3288 717 fuerit,
3303 629 3478 716 justi?

1892 736 2152 804 ﬁcabitur,
2180 747 2228 789 et
2259 737 2362 790 vita
2390 738 2540 800 vivet,
2570 748 2618 790 et
2643 754 2748 790 non
2767 741 3040 792 morietur.

1963 827 2170 883 Sadoeh
2213 839 2386 882 autem
2439 831 2612 899 genuit
2665 829 2871 884 Achim.
2917 830 3022 897 Qui
3079 831 3456 900 interpretatur

1894 917 2061 987 frater
2098 936 2262 973 meus.
2311 919 2556 974 Christus
2593 921 2734 974 enim
2784 919 2953 975 frater
2990 931 3172 976 noster
3217 927 3323 983 est,
3371 920 3465 989 qui

1894 1009 2176 1064 Dominum
2205 1011 2415 1066 Patrem
2460 1027 2614 1067 suum
2649 1014 2812 1068 etiam
2841 1030 2938 1070 nos
2963 1015 3177 1069 Patrem
3211 1015 3465 1070 invocare

1893 1102 2159 1156 concessit
2182 1101 2410 1156 dicendo
2436 1120 2448 1155 :
2481 1101 2571 1157 Sic
2601 1114 2774 1157 autent
2821 1105 3034 1159 orabitis
3062 1123 3075 1158 :
3103 1103 3268 1159 Pater
3290 1113 3464 1159 noster

1893 1191 1981 1261 qui
2015 1208 2068 1245 es
2091 1192 2144 1245 in
2180 1192 2338 1246 caelis.
2391 1193 2454 1246 Et
2493 1193 2546 1247 in
2595 1193 2885 1265 Evangelio
2919 1196 3028 1250 ait:
3059 1195 3366 1265 Quicunque
3389 1195 3465 1264 fe-

1895 1280 2020 1333 cerit
2046 1282 2359 1336 voluntatem
2396 1280 2574 1336 Patris
2605 1285 2706 1337 mei
2736 1285 2824 1354 qui
2850 1287 2902 1338 in
2925 1286 3064 1338 caelis
3087 1296 3159 1339 est
3183 1325 3197 1350 ,
3226 1287 3334 1354 ipse
3351 1286 3464 1353 [ra-

1895 1379 1990 1435 ter,
2014 1387 2163 1425 soror
2207 1381 2256 1425 et
2285 1382 2453 1426 mater
2498 1385 2593 1427 est.
2648 1374 2714 1427 Et
2759 1374 3074 1430 mulieribus
3117 1382 3239 1445 post
3284 1391 3482 1430 resur--

1895 1463 2187 1516 rectionem
2224 1479 2236 1515 :
2269 1461 2373 1527 Ite,
2414 1465 2705 1518 renuntiate
2757 1464 3010 1532 fratribus
3053 1466 3202 1519 meis.
3252 1464 3465 1534 Nosque

1893 1555 2040 1608 omni
2084 1556 2366 1610 conamine
2393 1556 2508 1625 ejus
2534 1555 2735 1626 iugiter
2767 1555 3028 1611 facientes
3069 1558 3239 1611 simus
3277 1555 3465 1611 volun-

1896 1654 2098 1713 tatem;
2133 1655 2191 1701 ut
2224 1647 2382 1715 hujus
2411 1649 2645 1704 nominis
2691 1648 3005 1719 dignitatem
3043 1648 3098 1702 in
3127 1647 3333 1704 caelesti
3367 1662 3459 1702 re-

1895 1753 2000 1808 gno
2011 1739 2288 1809 percipere
2313 1754 2638 1795 mereamur.

1818 1816 1864 1875 Β
1961 1829 2144 1882 Achim
2171 1839 2343 1882 autem
2365 1832 2540 1899 genuit
2581 1828 2763 1883 Eliud.
2796 1829 2949 1884 Eliud
2993 1837 3174 1885 autem
3201 1830 3466 1900 interpre-

1895 1927 2038 1973 tatur
2061 1920 2200 1974 Deus
2244 1921 2360 1985 iste,
2389 1931 2446 1975 ut
2468 1921 2701 1977 Thomas
2729 1922 2804 1976 ait
2843 1923 2910 1976 ad
2941 1921 3212 1977 Christum
3239 1936 3253 1974 :
3282 1921 3464 1975 Domi-

1895 2026 1992 2063 nus
2043 2027 2185 2064 nteus
2235 2021 2283 2064 et
2325 2011 2464 2066 Deus
2496 2029 2659 2066 meus.
2691 2011 2906 2082 Nosque
2938 2012 3141 2066 nullum
3177 2012 3339 2066 alium
3369 2013 3465 2066 ba-

1893 2096 2118 2154 beamus
2167 2099 2454 2155 Dominum
2501 2101 2735 2166 Patrem,
2777 2112 2831 2158 et
2864 2101 3059 2156 Filium
3103 2101 3220 2172 ejus
3245 2104 3462 2158 unicum

1893 2184 2177 2242 Dominum
2206 2199 2472 2254 nostrum,
2505 2199 2559 2245 et
2592 2190 2854 2261 Spiritum
2893 2201 3160 2246 sanctum.

1963 2273 2122 2331 Vsus.
2171 2277 2257 2332 15.
2284 2308 2356 2318 —-
2402 2278 2564 2333 Eliud
2607 2291 2780 2334 autem
2815 2282 2990 2351 genuit
3033 2280 3279 2336 Eleazar.
3308 2281 3462 2349 Quod

1895 2368 2278 2438 interpretatur
2298 2371 2436 2426 Deus
2467 2389 2610 2426 meus
2631 2373 2864 2443 adjutor.
2903 2373 3151 2428 Christus
3179 2373 3322 2428 enim
3345 2389 3464 2428 om-

1893 2458 2040 2512 nium
2072 2460 2402 2514 credentium
2447 2463 2548 2516 sibi
2583 2462 2796 2530 adiutor
2838 2473 2942 2528 est,
2982 2464 3072 2533 qui
3114 2464 3226 2517 ait:
3260 2462 3362 2530 Qui
3382 2477 3463 2516 me

1893 2550 2056 2614 misit,
2085 2567 2286 2604 mecum
2315 2561 2389 2604 est
2410 2594 2420 2615 ,
2445 2562 2492 2606 et
2516 2572 2617 2607 non
2640 2554 2842 2625 reliquit
2876 2571 2954 2609 nte
2981 2555 3171 2608 solum.
3199 2556 3267 2610 Et
3294 2556 3458 2610 item:
3506 2579 3508 2581 ν

1892 2639 2078 2704 Amen,
2107 2657 2258 2694 amen
2295 2642 2411 2696 dico
2453 2644 2613 2708 vobis,
2637 2645 2901 2720 quidquid
2947 2655 3153 2700 orantes
3185 2646 3364 2714 petetis
3405 2647 3463 2698 in

1893 2734 2098 2786 nomine
2125 2749 2238 2786 meo
2267 2734 2547 2804 accipietis.
2589 2734 2698 2790 Nos
2729 2751 2940 2806 quoque
2989 2736 3344 2791 conliteamur
3377 2751 3464 2790 sa-

1892 2823 2056 2878 lutem
2111 2833 2348 2879 nostram
2388 2827 2441 2880 in
2485 2828 2709 2883 Domino
2743 2827 2866 2884 Jesu
2911 2830 3278 2884 tantummodo
3335 2845 3465 2883 eon-

1891 2920 2054 2977 stare,
2086 2916 2385 2984 cogitantes
2407 2917 2534 2971 illud
2564 2917 2764 2974 dictum
2797 2938 2808 2973 :
2843 2919 3071 2986 Quaerite
3095 2937 3215 2991 ergo
3245 2937 3461 2991 regnum

1891 3002 1988 3056 Dei
2012 3005 2256 3073 primunt,
2310 3016 2357 3061 et
2395 3007 2660 3077 justitiam
2696 3009 2833 3080 ejus,
2871 3019 2917 3064 et
2958 3010 3068 3065 hwc
3100 3011 3274 3064 omnia
3315 3011 3457 3080 adji-

1890 3095 2090 3150 cientur
2114 3099 2270 3153 vobis.

1816 3153 1859 3212 Ο
1963 3186 2189 3242 Eleazar
2223 3197 2396 3242 autem
2431 3193 2604 3260 genuit
2651 3191 2890 3246 Mat/tan.
2923 3192 3023 3260 Qui
3069 3195 3455 3264 interpretatur

1889 3277 2109 3332 donans.
2143 3279 2245 3334 Per
2269 3281 2542 3336 Christum
2576 3283 2718 3337 enim
2766 3284 2908 3338 Deus
2955 3285 3115 3340 Pater
3148 3286 3327 3340 omnia
3359 3301 3457 3339 no-

1888 3376 1997 3420 stra
2024 3369 2178 3424 nobis
2225 3371 2443 3424 donavit
2479 3372 2692 3428 debita:
2733 3373 2796 3426 Et
2837 3375 2942 3442 ipse
2980 3375 3263 3429 ascendens
3289 3376 3343 3429 in
3373 3375 3457 3429 al-

1888 3471 1998 3515 tum
2059 3463 2200 3516 dedit
2244 3464 2382 3518 dona
2427 3465 2756 3530 hominibus,
2811 3467 2861 3519 id
2908 3478 2991 3523 est
3035 3469 3454 3534 beatitudinem,

1888 3566 2048 3620 quam
2085 3552 2139 3606 in
2167 3552 2296 3608 Adre
2333 3556 2773 3624 praevaricatione
2800 3558 3151 3627 perdidimus,
3175 3575 3269 3613 sua
3304 3559 3456 3614 nobis

1886 3644 2138 3713 passione
2159 3683 2173 3708 ,
2214 3647 2604 3703 resurrectione
2637 3657 2798 3718 atque
2838 3652 3152 3705 ascensione
3180 3652 3452 3706 reddidit:

1888 3735 2000 3789 sive
2033 3751 2154 3790 cum
2185 3734 2445 3806 Spiritum
2486 3749 2730 3794 sanctum
2778 3743 3036 3812 apostolis
3074 3744 3314 3799 tradidit.
3350 3745 3456 3800 Nos

1887 3839 2099 3895 quoque
2129 3827 2391 3882 donantes
2416 3830 2677 3897 proximis
2708 3834 2910 3888 nostris
2935 3834 3129 3890 delicta
3164 3851 3373 3898 eorum,
3399 3845 3454 3891 et

1883 3915 2025 3969 dona
2059 3918 2232 3971 sancti
2256 3916 2489 3988 Spiritus
2523 3921 2868 3990 accipientes,
2901 3925 3074 3994 gratia
3119 3926 3212 3981 Dei
3249 3941 3455 3982 merea-

1885 4021 2006 4060 mur
2049 4007 2229 4061 ditari.

1956 4096 2178 4152 Mat/um
2209 4109 2379 4154 autem
2417 4101 2590 4171 genuit
2628 4101 2810 4156 Iacob.
2841 4103 2993 4170 Quod
3021 4113 3102 4160 est
3147 4107 3453 4176 supplanta-

1886 4199 1991 4244 tor.
2024 4190 2271 4247 Christus
2313 4194 2454 4247 enim
2504 4205 2588 4249 est
2634 4197 3006 4266 supplantator
3044 4199 3250 4268 antiqui
3281 4199 3453 4254 hostis

1885 4281 2074 4345 nostri,
2107 4281 2197 4351 qui
2229 4283 2342 4336 suis
2381 4283 2625 4340 ﬁdelibus
2661 4287 2808 4342 dedit
2845 4296 3166 4355 potestatem
3209 4288 3450 4345 calcandi

1885 4390 2046 4449 super
2067 4386 2346 4444 serpentes
2369 4386 2424 4431 et
2451 4379 2760 4448 scorpiones
2781 4420 2796 4444 ,
2837 4389 2893 4434 et
2919 4395 3081 4450 super
3105 4395 3317 4436 omnem
3344 4381 3451 4436 viro

211 4468 378 4520 credit
419 4469 472 4520 in
502 4484 604 4533 me,
635 4485 737 4522 non
767 4469 1016 4522 morietur
1048 4469 1102 4521 in
1132 4476 1419 4544 internum,
1450 4469 1540 4522 sed
1564 4468 1782 4522 resusci-
1810 4493 1858 4552 ι)
1888 4471 2054 4518 tutem
2109 4465 2333 4521 inimici.
2381 4467 2491 4522 Nos
2545 4485 2758 4538 quoque
2819 4479 3056 4525 rectores
3103 4473 3446 4526 tenebrarum

210 4558 335 4612 tabo
361 4573 478 4610 eum
506 4559 559 4610 in
579 4557 854 4612 novissimo
876 4559 978 4610 die.
999 4556 1109 4612 Nos
1129 4571 1342 4626 quoque
1363 4556 1416 4610 in
1445 4557 1781 4612 confessione

210 4658 268 4702 et
293 4649 526 4703 lamento
558 4647 873 4703 delictorum
903 4659 1209 4704 nostrorum
1249 4649 1304 4702 in
1334 4649 1514 4703 anima
1538 4647 1781 4718 quotidie

211 4756 559 4811 resurgamus
587 4756 616 4794 a
649 4741 793 4795 vitiis
836 4742 903 4795 ad
942 4742 1190 4804 virtutes,
1233 4752 1291 4795 ut
1330 4741 1556 4796 Domino
1598 4740 1781 4797 vivere

209 4847 517 4888 mereamur
550 4833 603 4886 in
634 4830 837 4902 Spiritu
864 4843 1072 4887 sancto.

285 4921 544 4974 Eliachim
573 4931 743 4983 autem
786 4925 960 4990 genuit
989 4924 1149 4976 Azor.
1193 4921 1294 4990 Qui
1321 4923 1518 4978 dicitur
1540 4923 1776 4994 adjutus,

209 5013 354 5082 quod
388 5021 472 5066 est
499 5011 763 5076 Christus,
798 5013 888 5080 qui
931 5013 1004 5065 ait
1031 5029 1046 5064 :
1076 5011 1199 5065 Non
1231 5029 1348 5067 sum
1386 5013 1549 5080 solus,
1579 5016 1668 5069 sed
1689 5015 1778 5085 qui

209 5121 293 5160 me
322 5105 459 5156 misit
491 5100 672 5166 Pater,
703 5119 901 5156 mecum
941 5114 1036 5156 est.
1072 5103 1179 5158 Nos
1209 5118 1422 5174 quoque
1447 5145 1462 5170 ,
1490 5104 1777 5172 adjuvante

211 5193 458 5256 Domino,
497 5209 686 5248 aereas
717 5193 992 5247 vincamus
1031 5201 1344 5263 potestates,
1374 5202 1429 5248 et
1470 5194 1524 5248 in
1551 5194 1776 5249 Domino

209 5282 327 5359 solo
381 5282 708 5338 conﬁdentes
756 5283 996 5338 dicamus
1027 5300 1040 5338 τ
1091 5283 1362 5338 Auxilium
1399 5301 1570 5339 meum
1602 5303 1634 5340 a
1661 5285 1774 5339 Do-

209 5373 372 5437 mino,
407 5374 496 5442 qui
520 5373 640 5442 fecit
674 5373 856 5427 caelum
886 5383 934 5427 et
963 5384 1175 5429 terram.

281 5462 439 5520 Vens.
477 5465 560 5520 M.
581 5465 803 5519 —Azor
832 5477 1003 5518 autent
1027 5465 1202 5534 genuit
1226 5466 1455 5520 Sadoch.
1482 5466 1579 5534 Qui
1596 5467 1771 5536 justus

208 5555 630 5626 interpretatur,
679 5556 820 5626 quod
865 5557 1113 5612 Christus
1161 5557 1514 5629 intelligitur,
1551 5560 1617 5614 de
1665 5576 1771 5630 quo

207 5649 439 5706 Joannes
467 5651 542 5705 ait
573 5668 585 5703 :
622 5651 940 5706 Advocatum
985 5651 1232 5707 habemus
1269 5654 1409 5724 apud
1443 5651 1655 5710 Patrem
1674 5654 1769 5709 Je-

205 5758 318 5794 sum
345 5741 602 5794 Christum
624 5742 847 5810 justum.
881 5739 1092 5812 Nosque
1127 5742 1241 5812 ejus
1275 5743 1620 5814 implorcmus
1659 5749 1767 5801 clu-

1885 4555 2075 4610 barum
2119 4573 2240 4610 cum
2284 4558 2429 4613 vitiis
2456 4567 2512 4612 et
2537 4560 2991 4628 concupiscentiis
3027 4561 3210 4615 carnis
3251 4561 3449 4620 virtute

1884 4645 1977 4699 Dei
2035 4656 2088 4699 et
2130 4646 2442 4702 fortitudine
2483 4649 2889 4718 supplantemus
2933 4650 3228 4718 spirituali,
3270 4658 3330 4703 ut
3372 4649 3446 4704 ait

1883 4735 2074 4790 Petrus
2102 4738 2374 4806 apostolus
2409 4739 2461 4792 in
2489 4739 2726 4808 Epistola
2760 4754 2853 4793 sua
2885 4754 2899 4792 :
2927 4739 3169 4792 Resistite
3215 4739 3443 4804 diabolo,

1880 4835 1928 4879 et
1955 4826 2117 4896 fugiet
2157 4846 2188 4879 α
2229 4828 2387 4882 vobis.
2441 4827 2568 4884 Sine
2604 4831 2905 4885 certamine
2931 4831 3073 4887 enim
3103 4847 3443 4901 nequaquam

1882 4915 2002 4970 belli
2031 4917 2253 4972 victoria
2275 4919 2572 4988 acquiritur
2592 4927 2815 4975 :eterna.

1949 5010 2110 5067 Vens.
2144 5012 2228 5067 l6.
2275 5043 2346 5054 -—
2378 5012 2544 5080 Iacob
2577 5024 2750 5068 autem
2785 5016 2961 5084 genuit
2999 5012 3226 5082 Ioseph,
3277 5015 3443 5068 virum

1879 5102 2090 5170 Mariae,
2135 5105 2200 5159 de
2220 5123 2323 5176 qua
2349 5116 2503 5160 natus
2531 5116 2604 5160 est
2629 5104 2808 5171 Iesus,
2835 5106 2924 5177 qui
2945 5115 3158 5161 vocatur
3181 5103 3439 5159 Christus.

1875 5194 2072 5266 Ioseph
2088 5207 2270 5251 auctus
2293 5197 2696 5267 interpretatur,
2730 5199 2820 5267 qui
2845 5198 3114 5269 significat
3142 5195 3438 5260 Christum,

1875 5289 1964 5357 qui
1995 5289 2130 5343 dixit
2161 5307 2174 5343 :
2229 5288 2342 5358 Ego
2383 5291 2517 5355 veni,
2552 5300 2608 5343 ut
2642 5291 2799 5344 vitam
2820 5291 3065 5354 habeant,
3093 5299 3139 5344 et
3162 5289 3438 5344 abundan—

1873 5380 1976 5432 tius
2011 5379 2251 5433 habeant.
2277 5379 2340 5432 Et
2365 5379 2490 5442 item
2518 5397 2530 5432 :
2565 5378 2710 5449 Rogo
2736 5378 2949 5433 Patrem
2969 5395 3162 5444 meum,
3195 5386 3246 5433 et
3274 5375 3438 5430 alium
3471 5392 3474 5396 ί

1877 5469 2212 5523 Paracletum
2259 5472 2462 5524 mittant
2517 5472 2654 5525 vobis
2710 5471 2966 5541 Spiritum
3007 5466 3254 5534 veritatis,
3285 5485 3436 5540 quem

1873 5559 2098 5612 mundus
2147 5575 2250 5612 non
2278 5571 2440 5630 potest
2486 5563 2736 5631 accipere.
2787 5562 2980 5618 Noster
3029 5575 3158 5615 vero
3201 5559 3436 5612 exterior

1874 5651 2054 5714 homo,
2082 5649 2125 5704 si
2158 5652 2569 5707 mortiﬁcatione
2609 5653 2860 5709 vitiorum
2887 5651 3266 5720 corrumpitur,
3299 5650 3435 5704 inte-

1875 5746 1983 5802 rior
2011 5753 2186 5801 tamen
2210 5745 2276 5801 de
2301 5746 2388 5803 die
2415 5747 2470 5803 in
2500 5748 2638 5804 diem
2666 5758 2968 5812 renovatur,
2996 5758 3046 5803 ct
3077 5743 3433 5816 spiritualium
