3948 6328
415 350 522 408 859

911 341 1299 399 WALAFRIDI
1339 339 1587 397 STRABI
1625 337 1831 396 FULD.
1872 334 2014 392 ιιοΝ

2122 332 2231 390 ΡΡ.
2272 333 2453 392 PARS
2494 335 2535 391 I.
2574 364 2647 378 -—-
2685 334 3153 394 THEOLOCICA-.

420 461 884 516 incrementorum
913 462 1140 524 augetur
1174 451 1509 523 profectibus
1531 491 1548 516 ,
1579 451 1753 506 donec
1779 449 1846 504 de
1871 463 2004 503 uno-
2031 448 2078 509 Α
2107 454 2162 501 et
2185 446 2253 500 ad
2282 445 2455 501 vitam
2473 447 2799 517 perveniunt
2827 450 3219 520 sempiternam
3249 465 3265 506 :
3303 453 3432 522 quia
3477 469 3583 524 per
3609 455 3713 512 dea

419 562 639 620 quoque
687 551 934 601 nostrum
981 540 1337 612 spiritualiter
1383 541 1490 597 dici
1532 539 1704 611 possit
1757 557 1771 590 :
1830 536 2005 592 Filius

420 654 720 696 accrescens
761 635 977 707 Ioseph.
1014 633 1337 690 Crescamus
1377 633 1560 703 itaque
1609 632 1664 686 in
1702 629 1966 686 charitate
1989 668 2005 693 ,

419 732 592 788 donec
633 743 988 786 occurramus
1038 741 1230 782 omnes
1269 726 1322 780 in
1354 725 1529 780 virum
1571 722 1899 795 perfectum,
1951 721 2007 775 in

423 834 738 878 mensuram
765 817 942 874 aetatis
988 816 1342 888 plenitudinis
1369 813 1594 880 Christi,
1634 821 1695 866 ut
1729 821 2009 866 transeun-

343 969 350 978 ,,
423 921 507 968 tes
532 911 601 967 de
623 910 827 965 virtute
855 908 910 962 in
941 908 1222 973 virtutem,
1245 914 1300 961 et
1326 905 1394 962 de
1431 906 1626 960 timore
1659 901 1778 968 Dei,
1803 901 1894 972 qui
1926 908 2011 956 est

421 1003 637 1059 initium
695 1000 974 1073 sapientiae.
1001 1041 1017 1067 ,
1047 1016 1148 1072 per
1187 1000 1388 1072 gradus
1432 996 1779 1069 perfectionis
1817 1010 2010 1051 ascen-

420 1098 610 1154 dentes
637 1099 706 1153 ad
730 1097 1079 1162 charitatem,
1101 1109 1223 1166 quae
1259 1095 1426 1151 totius
1453 1092 1710 1165 praecepti
1747 1091 1873 1147 finis
1904 1098 2007 1155 est,

423 1199 611 1261 postea
636 1190 822 1246 videre
851 1192 1124 1260 possimus
1151 1189 1320 1244 Deum
1345 1188 1569 1244 deorum
1605 1187 1659 1242 in
1690 1185 1844 1242 Sion.

493 1283 682 1348 Maria,
713 1291 772 1338 ut
793 1283 1039 1354 plerique
1076 1282 1371 1347 aestimant,
1400 1281 1791 1351 interpretatur
1813 1277 2014 1332 illumi-

424 1374 610 1429 ποτνίας
643 1383 692 1430 et
737 1373 892 1428 stella
927 1373 1111 1427 maris.
1145 1372 1413 1428 Sermone
1465 1373 1604 1443 Syro
1629 1371 1844 1425 domina
1875 1368 2012 1423 dici-

423 1470 532 1515 tur.
591 1459 738 1515 Bene
801 1467 981 1514 autem
1026 1457 1379 1512 illuminatrix
1434 1457 1669 1523 dicitur;
1728 1453 1856 1526 quia
1915 1467 2016 1524 per

424 1547 601 1621 ipsam
632 1548 724 1603 lux
759 1549 925 1604 totius
951 1547 1137 1603 mundi
1171 1556 1330 1602 natus
1355 1555 1442 1602 est
1465 1545 1732 1603 Christus.
1765 1544 1904 1614 Quia
1933 1544 2013 1600 si-

424 1649 522 1696 cut
547 1655 646 1711 per
676 1640 802 1696 Eva:
845 1639 1334 1712 transgressionem
1374 1639 1430 1694 in
1461 1639 1701 1695 tenebris
1731 1646 1789 1694 et
1817 1636 2014 1692 umbra

2109 552 2226 594 cem
2255 546 2523 608 praecepta
2551 538 2686 610 legis
2713 548 2772 594 et
2797 554 2895 609 per
2927 549 3167 610 quatuor
3187 541 3489 614 Evangelia
3512 545 3711 606 salutis

2108 639 2307 685 nostra:
2354 628 2615 700 perfectio
2653 631 3077 690 demonstratur.
3111 634 3244 693 Sive
3296 637 3466 692 etiam
3513 640 3649 709 quia
3679 657 3711 696 a

2109 720 2283 776 tribus
2308 719 2491 775 mundi
2517 721 2764 791 partibus
2781 763 2798 789 ,
2840 723 2971 780 Asia
3000 725 3277 793 videlicet,
3304 727 3498 784 Africa
3519 739 3578 784 et
3606 730 3713 784 Eu-

2110 824 2265 881 ropa,
2298 812 2537 869 fidelium
2580 829 2838 871 numerus
2881 815 3225 888 adimpletur.
3269 816 3480 876 Omnes
3525 820 3721 890 itaque

2109 906 2486 976 generationes
2514 907 2584 963 ab
2616 907 2894 964 Abraham
2924 922 3097 979 usque
3123 908 3193 964 ad
3233 907 3520 966 Christum
3548 925 3722 982 gone»

2111 1001 2355 1059 rationes
2381 1001 2742 1073 quadraginta
2771 1002 2891 1059 duae
2921 1011 3052 1058 sunt
3081 1021 3095 1058 :
3129 1004 3260 1074 quia
3301 1002 3401 1058 filii
3436 1002 3618 1058 Israel
3645 1003 3712 1059 ab

2110 1091 2346 1165 Egypto
2375 1093 2629 1164 profecti,
2655 1094 2801 1166 quod
2828 1095 2974 1151 hunc
2996 1095 3258 1151 mundum
3284 1096 3572 1168 significat
3596 1095 3714 1152 sive

2112 1186 2386 1252 tenebras,
2408 1200 2508 1255 per
2539 1187 2895 1259 quadraginta
2917 1194 2973 1243 et
2993 1187 3129 1243 duas
3157 1188 3476 1245 mansiones
3506 1196 3711 1243 terram

2115 1277 2549 1348 repromissionis
2573 1278 2802 1349 ingressi
2828 1289 2978 1334 sunt.
3024 1278 3116 1334 Sic
3141 1295 3238 1350 per
3264 1279 3638 1350 quadraginta
3661 1289 3713 1336 et

2114 1368 2249 1425 duos
2288 1378 2472 1440 patres
2521 1370 2745 1426 advenit
2792 1371 2950 1428 nobis
2996 1371 3249 1428 liberatio
3297 1381 3358 1428 et
3405 1374 3713 1445 redemptio

2114 1470 2317 1518 nostra.
2377 1461 2506 1519 Sive
2555 1463 2718 1518 etiam
2767 1462 3232 1534 quadragenarius
3284 1463 3391 1520 iste
3449 1480 3712 1521 numerus

2113 1570 2329 1611 omnem
2385 1557 2506 1612 vita:
2556 1565 2758 1612 nostrae
2799 1556 3194 1626 perfectionem
3245 1557 3364 1613 vult
3398 1559 3712 1629 designare,

2115 1649 2207 1702 ubi
2237 1663 2334 1718 per
2354 1664 2551 1718 corpus
2573 1656 2628 1702 et
2649 1648 2887 1702 animam
2912 1647 3148 1703 vivimus
3184 1648 3286 1704 sub
3317 1648 3512 1727 labore
3539 1658 3597 1704 et
3617 1665 3708 1719 pe-

424 1733 618 1788 mortis
649 1741 866 1788 aeterna:
897 1733 1151 1787 damnata
1187 1740 1273 1788 est
1313 1733 1492 1788 omnis
1536 1738 1705 1797 terra,
1745 1731 1818 1786 ita
1845 1739 1897 1786 et
1917 1744 2014 1798 per

2122 1739 2287 1795 riculo
2317 1740 2703 1805 tentationum,
2752 1747 3036 1809 sperantes
3063 1740 3208 1810 quod
3237 1754 3347 1794 non
3365 1740 3640 1802 videmus,
3660 1749 3717 1795 et

435 1823 632 1878 merita
665 1824 834 1892 beatae
857 1837 1179 1893 semperque
1206 1822 1432 1893 virginis
1463 1821 1644 1877 Maria:
1683 1829 1738 1876 et
1766 1834 1862 1890 per
1891 1833 2014 1888 par-

2122 1847 2216 1903 per
2238 1832 2556 1902 patientiam
2576 1807 2956 1902 exspectantes
2981 1807 3264 1902 quousque
3288 1831 3358 1886 ad
3384 1833 3722 1902 promissam

427 1924 537 1970 tum
565 1912 701 1984 ejus,
736 1915 986 1977 liberata,
1020 1922 1075 1970 et
1109 1914 1480 1978 sanctificata,
1512 1923 1674 1984 atque
1705 1913 2008 1967 illuminata

424 2014 510 2062 est
533 2007 711 2060 omnis
741 2014 904 2061 terra.
941 2005 1242 2060 Nautarum
1281 2021 1398 2060 mos
1429 2013 1531 2071 est,
1564 2013 1644 2070 ut,
1681 2018 1803 2060 cum
1827 2003 1882 2057 in
1909 2002 2006 2056 ali-

423 2111 588 2165 quam
619 2105 818 2151 terram
851 2096 1120 2168 remigare
1156 2097 1466 2168 disponant,
1491 2112 1658 2151 unum
1689 2095 1906 2165 aliquod
1935 2095 2012 2149 si-

426 2185 530 2241 dus
551 2187 776 2256 eligunt,
815 2187 969 2255 cujus
1013 2187 1168 2258 signo
1197 2187 1424 2256 luceque
1470 2186 1716 2241 radiante
1758 2185 1815 2239 in
1845 2198 1964 2238 eam
1996 2221 2013 2248 ,

428 2293 592 2350 quam
638 2279 985 2345 desiderant,
1027 2288 1270 2350 partem.
1299 2280 1420 2335 ‘sine
1457 2294 1644 2334 errore
1683 2278 1894 2349 possint
1921 2276 2016 2331 ad-

428 2371 574 2426 duci.
609 2371 722 2427 lioc
747 2371 888 2426 idem
913 2371 967 2426 in
998 2381 1201 2428 sanctae
1221 2372 1405 2429 Maria:
1426 2373 1775 2428 observatum
1809 2379 1892 2426 est
1919 2385 2016 2425 no-

429 2461 596 2516 mine.
627 2462 761 2530 Quia
794 2463 948 2518 nobis
977 2463 1029 2518 in
1060 2464 1196 2518 mari
1231 2463 1390 2533 hujus
1425 2463 1611 2518 mundi
1639 2463 2016 2534 navigantibus

425 2551 578 2606 stella
603 2553 764 2607 inuris
786 2552 926 2608 dicta
953 2561 1056 2608 est.
1085 2551 1404 2625 Quicunque
1439 2555 1585 2610 enim
1612 2553 2015 2609 ecclesiasticus

428 2649 591 2696 nauta
620 2641 803 2696 mundi
835 2642 997 2713 hujus
1038 2643 1534 2712 perturbationibus
1578 2643 1935 2715 periclitatur,
1967 2641 2012 2697 si

428 2733 481 2788 in
517 2734 687 2789 stella;
713 2735 874 2806 hujus
907 2735 1103 2802 lucem,
1135 2738 1242 2792 hoc
1273 2745 1356 2793 est
1389 2737 1442 2791 in
1469 2736 1770 2803 Christum,
1802 2735 1868 2792 de
1899 2735 2012 2790 Ma-

428 2827 508 2881 ria
532 2828 741 2898 virgine
763 2835 971 2893 natum,
1002 2836 1116 2883 tota
1145 2830 1342 2884 mentis
1373 2829 1672 2884 intentione
1693 2827 2009 2899 respexerit,

425 2917 564 2971 etin
616 2931 682 2972 eo
729 2931 882 2986 spem
925 2933 1076 2972 suam
1128 2918 1399 2984 defixerit,
1436 2927 1490 2974 et
1539 2920 1830 2974 verborum
1873 2917 2016 2973 illius

425 3008 906 3078 exemplorumque
953 3009 1207 3064 ducatum
1253 3020 1474 3066 secutus
1515 3009 1702 3074 fuerit,
1753 3008 1872 3063 sine
1906 3007 2014 3062 ullo

430 3097 715 3168 naufragio
743 3098 932 3155 salutis
971 3107 1022 3154 et
1055 3100 1337 3170 dispendio
1377 3101 1447 3155 ad
1483 3102 1698 3171 portum
1736 3099 2016 3170 perveniet

427 3189 554 3244 vita:
599 3199 853 3254 aeternae,
905 3189 1023 3260 ipso
1053 3190 1274 3246 Christo
1321 3190 1576 3246 dicente:
1612 3189 1724 3261 Ego
1773 3205 1890 3243 sum
1925 3187 2017 3241 lux

430 3281 612 3336 mundi
643 3296 662 3334 :
693 3283 784 3353 qui
829 3284 1063 3354 sequitur
1105 3301 1216 3351 me,
1259 3301 1364 3338 non
1401 3283 1636 3337 ambulat
1674 3283 1730 3336 in
1771 3281 2016 3345 tenebris,

426 3371 516 3426 sed
542 3372 750 3427 habebit
778 3372 952 3429 lumen
1001 3374 1119 3430 vita:
1157 3384 1386 3429 a'ternaz.
1414 3373 1641 3426 Domina
1664 3387 1792 3427 vero
1820 3387 1918 3426 cur
1947 3369 2018 3425 sit

427 3463 727 3533 nominata,
757 3463 1138 3534 explanatione
1183 3481 1290 3519 nun
1324 3465 1548 3535 indiget,
1577 3479 1696 3535 quae
1727 3463 2017 3518 Dominum

421 3559 634 3629 peperit
685 3558 1043 3614 Salvatorem.
1101 3557 1314 3614 Revera
1366 3559 1570 3614 etenim
1634 3565 1812 3612 mater
1870 3555 2018 3626 regis

424 3647 627 3704 Christi
677 3663 886 3719 regum,
923 3648 1130 3718 regina,
1188 3659 1362 3704 mater
1403 3649 1612 3704 Domini
1639 3649 2017 3710 dominorum,

423 3737 640 3792 domina
683 3737 870 3792 debuit
919 3740 1249 3809 nuncupari,
1282 3755 1379 3809 per
1404 3754 1565 3809 quam
1607 3739 1789 3793 lumen
1823 3739 1942 3793 fidei
1965 3747 2021 3793 et

424 3827 621 3882 divinae
646 3827 834 3898 gratiae
854 3827 1180 3897 accipientes
1201 3829 1464 3884 ducamur
1484 3829 1550 3882 ad
1575 3826 1899 3882 ineffabilem
1923 3828 2017 3883 Dei

424 3917 812 3988 omnipotentis
838 3917 1124 3985 visionem,
1167 3920 1220 3974 in
1267 3934 1373 3990 qua
1404 3919 1703 3990 gaudentes
1724 3959 1738 3984 ,
1773 3919 1842 3974 ab
1869 3921 2018 3975 omni

427 4006 649 4062 tristitia
705 4007 889 4062 saeculi
933 4007 1166 4074 liberati,
1209 4007 1263 4062 in
1313 4018 1513 4075 aeterna
1556 4007 1892 4064 beatitudine
1935 4023 2021 4064 re-

423 4117 594 4174 gnare
619 4118 742 4158 cum
780 4102 998 4158 Christo
1023 4117 1345 4159 mereamur.

495 4193 755 4250 Decursis
790 4193 957 4264 igitur
984 4193 1273 4264 generibus
1309 4209 1523 4250 rursum
1549 4193 1832 4249 Matthteus
1859 4209 2018 4249 reca-

424 4284 643 4356 pitulat,
665 4286 854 4341 dicens
881 4302 896 4340 :
926 4285 1003 4339 Ab
1025 4285 1291 4340 Abraham
1317 4302 1480 4357 usque
1504 4286 1575 4341 ad
1606 4285 1773 4341 David
1795 4302 2019 4356 genera-

425 4379 595 4432 tiones
614 4377 1033 4447 quatuordecim.
1063 4376 1176 4432 Cur
1207 4377 1390 4447 itaque
1431 4393 1532 4448 per
1559 4386 1670 4434 tres
1696 4378 1916 4433 ordines
1939 4386 2022 4433 ter

425 4475 556 4524 sunt
581 4467 766 4537 positi,
795 4467 903 4523 nisi
931 4467 1077 4537 quod
1107 4467 1270 4522 trium
1310 4468 1576 4524 seminum
1623 4467 1818 4532 ordini,
1854 4467 2017 4524 trice-

421 4558 566 4614 simo
588 4558 816 4625 scilicet,
841 4558 1178 4628 sexagesimo
1202 4566 1259 4614 et
1291 4560 1611 4626 centesimo,
1653 4570 1762 4616 tres
1801 4561 1888 4616 isti
1930 4576 2022 4632 ge-

425 4648 772 4705 nerationum
815 4648 1036 4704 ordines
1071 4648 1441 4705 conveniunt?
1469 4649 1799 4707 Tricesimus
1823 4653 2022 4722 quippe

425 4739 608 4805 ordo,
655 4740 748 4811 qui
807 4737 1112 4812 coniugatis
1179 4739 1428 4796 fidelibus
1489 4740 1819 4811 deputatur,
1880 4743 2018 4797 bene

425 4831 702 4887 Abraham
729 4833 1001 4904 congruit,
1032 4831 1127 4902 qui
1179 4831 1320 4887 fideli
1351 4833 1623 4888 connubio
1664 4832 1816 4890 lsaac
1843 4833 2015 4890 filimn

428 4936 611 4987 suum,
647 4936 809 4992 quem
853 4924 906 4978 in
937 4922 1162 4994 figuram
1183 4922 1384 4979 Christi
1414 4923 1642 4979 Domino
1668 4924 1904 4980 hostiam
1928 4925 2011 4980 ob-

426 5011 574 5077 tulit,
613 5015 870 5070 scribitur
903 5016 1176 5088 genuisse.
1225 5013 1505 5072 Secundus
1535 5018 1700 5072 etiam
1728 5014 1894 5083 ordo,
1925 5020 2016 5089 qui

426 5103 607 5161 viduis
657 5107 969 5178 deputatur,
1015 5109 1153 5165 bene
1188 5124 1359 5182 usque
1387 5110 1453 5165 ad
1486 5111 2015 5182 transmigrationem

427 5192 721 5266 Babylonis
746 5196 1001 5253 ducitur:
1041 5215 1152 5270 quo
1189 5209 1434 5270 tempore
1480 5201 1626 5274 regia
1655 5203 1820 5273 stirps
1849 5204 2016 5275 regali

429 5285 652 5341 viduata
699 5295 782 5344 est
827 5288 1108 5361 dignitate.
1135 5290 1352 5348 Tertius
1394 5292 1518 5348 inde
1558 5293 1691 5348 ordo
1738 5309 1910 5364 usque
1950 5295 2017 5350 ad

421 5373 658 5432 Mariam
687 5377 974 5450 virginem,
1007 5387 1066 5436 et
1087 5380 1155 5436 ad
1198 5380 1373 5450 ipsum
1403 5393 1565 5454 caput
1591 5383 1860 5455 virginum
1911 5400 2015 5439 nu-

428 5474 698 5536 meratur,
727 5469 856 5540 quia
895 5469 1177 5526 centesimi
1214 5471 1548 5541 perfectione
1584 5475 1793 5530 numeri
1818 5491 2017 5532 corona

428 5555 701 5630 virginum
751 5561 1086 5634 designatur.
1143 5559 1272 5620 Sive
1313 5565 1480 5620 etiam
1527 5565 1653 5636 quia
1698 5582 1796 5637 per
1820 5575 2021 5623 sanctae

431 5645 712 5708 Trinitatis
757 5654 1177 5722 confessionem,
1227 5664 1390 5726 atque
1443 5674 1542 5728 per
1584 5659 2019 5718 observationem

432 5737 562 5797 Novi
587 5754 641 5801 et
663 5744 875 5804 Veteris
911 5749 1248 5808 Testamenti
1271 5749 1460 5808 ﬁdeles
1485 5751 1693 5824 quique
1718 5753 2020 5825 salvantur,

2113 1932 2331 1980 aeterna:
2359 1923 2635 1980 felicitatis
2660 1923 2892 1995 patriam
2923 1924 3208 1993 pervenire
3229 1939 3586 1980 mereamur.

2183 2054 2428 2111 Audistis
2483 2063 2539 2111 et
2583 2054 2926 2110 intellexistis
2955 2094 2978 2122 ,V
3029 2054 3427 2121 dilectissimi,
3492 2056 3713 2111 beatum

2116 2143 2334 2215 Moysen
2364 2144 2561 2199 librum
2588 2143 3030 2200 creationiscoeli
3059 2153 3115 2200 et
3151 2154 3311 2200 terra:
3357 2147 3708 2217 omniumque

2115 2234 2528 2308 elementorum,
2565 2235 2863 2290 visibilium
2897 2244 2955 2291 et
2996 2236 3351 2292 invisibilium
3379 2279 3393 2302 ,
3431 2246 3604 2308 atque
3629 2247 3708 2293 to-

2118 2323 2227 2378 tius
2269 2323 2454 2378 mnndi
2501 2324 2863 2381 conditionem
2919 2325 2987 2381 ab
3043 2327 3198 2406 initio
3256 2328 3659 2385 describentem
3689 2373 3707 2397 ,

2117 2421 2282 2475 etiam
2312 2429 2368 2475 et
2390 2419 2616 2491 perituri
2660 2419 2900 2476 hominis
2934 2418 3209 2489 iacturam
3243 2422 3308 2476 de
3330 2424 3627 2492 paradiso;
3656 2434 3708 2481 et

2117 2514 2170 2568 in
2195 2513 2382 2569 eadem
2404 2513 2758 2568 similitudine
2783 2512 3095 2569 Matthaeum
3119 2515 3515 2582 evangelistam
3547 2519 3703 2573 etiam

2118 2606 2286 2661 totius
2334 2605 2520 2660 mundi
2577 2604 3032 2661 restaurationem
3088 2604 3143 2660 in
3193 2604 3448 2673 Christo,
3489 2609 3632 2664 sicut
3677 2625 3712 2664 az

2118 2696 2321 2752 sanctis
2376 2694 2630 2754 Patribus
2682 2696 3040 2767 pronuntiata.
3077 2696 3162 2752 vel
3215 2695 3449 2766 figurata
3508 2698 3702 2762 fuerat,

2117 2786 2349 2857 pleniter
2373 2801 2492 2842 esse
2527 2784 2827 2857 perfectam
2857 2787 3168 2842 audivimus
3191 2787 3573 2859 descripsisse.
3592 2789 3714 2846 Non

2119 2881 2393 2938 immerito
2423 2882 2587 2953 igitur
2615 2881 2806 2938 beatus
2858 2881 3144 2937 Mattliacus
3188 2882 3466 2954 apostolus
3507 2885 3707 2954 pariter

2117 2981 2173 3029 et
2204 2973 2533 3044 evangelista
2580 2982 2858 3030 tantorum
2899 2973 3125 3030 Patrum
3167 2975 3365 3030 seriem
3418 2976 3473 3030 in
3511 2975 3704 3030 Christi

2120 3063 2403 3118 nativitate
2435 3072 2700 3127 texuerat,
2739 3063 2865 3133 quia
2912 3063 2966 3118 in
3007 3063 3091 3119 liis
3133 3065 3388 3120 omnibus
3413 3079 3515 3134 per
3543 3065 3703 3135 Spiri-

2044 3180 2088 3239 ρ
2122 3163 2232 3209 tum
2262 3162 2507 3210 sanctum
2537 3155 2855 3226 mysterium
2889 3163 3089 3210 nostra:
3137 3155 3328 3210 salutis
3373 3155 3598 3227 figurari
3619 3172 3706 3211 co-

2121 3245 2327 3317 gnovit,
2360 3254 2414 3301 et
2438 3246 2563 3316 quia
2597 3245 2840 3318 singulus
2873 3261 3062 3301 eorum
3092 3246 3146 3300 in
3171 3263 3230 3302 se
3263 3246 3482 3301 Domini
3527 3246 3706 3301 Salva-

2122 3336 2256 3390 toris
2281 3335 2451 3390 nostri
2471 3346 2654 3407 typum
2693 3335 2934 3406 gerebat,
2962 3345 3016 3392 et
3047 3337 3174 3407 quia
3206 3337 3323 3407 ipse
3362 3336 3627 3392 Dominus
3651 3346 3703 3391 et

2123 3427 2371 3482 Salvator
2408 3436 2594 3482 noster
2625 3429 2817 3483 horum
2855 3428 3096 3483 omnium
3127 3427 3181 3481 in
3211 3427 3507 3497 semetipso
3550 3443 3702 3498 repa-

2123 3519 2348 3574 rationis
2397 3527 2595 3575 nostra:
2648 3518 2939 3588 complevit
2981 3517 3236 3574 officium.
3291 3519 3412 3590 ipse
3469 3518 3616 3572 enim
3651 3520 3700 3572 in

2121 3610 2450 3682 patriarchis
2499 3610 2843 3680 patriarcha,
2885 3611 2938 3664 in
2990 3609 3268 3680 prophetis
3309 3609 3614 3680 propheta,
3652 3611 3708 3663 in-

2123 3701 2494 3757 sacerdotibus
2524 3702 2798 3768 sacerdos,
2839 3701 2895 3756 in
2925 3701 3199 3772 judicibus
3229 3699 3420 3769 iudex,
3452 3701 3598 3757 sicut
3618 3717 3700 3756 su~

2121 3795 2304 3864 perius
2329 3795 2463 3850 satis
2498 3794 2779 3850 evidenter
2805 3793 3231 3864 congruentibus
3269 3794 3601 3848 testimoniis
3620 3793 3702 3848 de—

2121 3885 2377 3942 claratur.

2193 4013 2302 4072 Nos
2331 4029 2544 4085 quoque
2584 4029 2796 4070 summa
2826 4017 2940 4070 lucc
2983 4014 3261 4102 diligentip
3304 4025 3701 4085 pertractantes

2122 4107 2422 4178 intelligere
2473 4107 2733 4162 debemus
2790 4105 2917 4178 quia
2962 4108 3180 4162 easdem
3234 4106 3710 4177 interpretationes-

2121 4198 2366 4254 omnium
2385 4205 2552 4268 atque
2582 4195 2804 4268 figuras,
2846 4212 2984 4268 quas
3011 4212 3111 4268 pro
3140 4207 3329 4254 nostra
3361 4202 3610 4256 omnium
3633 4215 3704 4255 re-

2121 4285 2430 4358 demptione
2454 4294 2512 4342 et
2537 4285 2712 4344 salute
2762 4287 2819 4342 in
2863 4289 3159 4358 semetipso
3183 4287 3440 4346 Christus
3469 4291 3528 4346 in
3574 4291 3706 4346 veri-

2123 4384 2235 4434 tate
2277 4376 2588 4447 complevit,
2617 4377 2732 4435 suis
2774 4377 3059 4450 discipulis
3086 4389 3145 4435 et
3177 4381 3597 4437 successoribus
3623 4396 3704 4438 eo-

2127 4486 2247 4526 rum
2276 4469 2538 4526 imitanda
2576 4470 2812 4541 reliquit.
2842 4470 3077 4544 Ideoque
3108 4488 3445 4544 magnopere
3478 4490 3700 4544 pensan-

2125 4561 2253 4618 dum
2293 4571 2379 4619 est
2413 4562 2571 4620 nobis
2596 4603 2613 4630 ,
2659 4562 3018 4630 dilectissimi,
3067 4579 3375 4636 magnaque
3419 4565 3700 4622 formidine

2126 4654 2497 4726 cogitandum,
2533 4655 2660 4725 quia
2706 4670 2838 4724 nos,
2890 4657 2982 4728 qui
3033 4657 3220 4714 vicarii
3263 4667 3319 4714 ct
3369 4673 3708 4716 successores

2127 4746 2244 4803 fieri
2265 4747 2548 4804 beatorum
2569 4747 2933 4817 apostolorum
2953 4758 3115 4820 atque
3141 4759 3460 4806 sanctorum
3493 4752 3701 4808 Patrum

2125 4837 2409 4894 constituti
2454 4853 2665 4904 sumus,
2714 4852 2778 4894 ea
2817 4854 2937 4910 quae
2979 4840 3094 4912 ipse
3147 4842 3412 4898 Dominus
3434 4844 3708 4915 discipulis

2126 4930 2238 4987 suis
2263 4931 2318 4986 in
2353 4930 2661 5001 exemplum
2686 4933 2981 5013 concessit,
3021 4934 3187 4990 etiam
3216 4950 3317 4990 nos
3363 4937 3410 4992 si
3455 4939 3527 4994 ad
3563 4948 3708 4993 teter-

2128 5037 2253 5077 nam
2274 5022 2440 5078 vitam
2483 5023 2769 5093 pervenire
2806 5025 3077 5095 cupimus,
3107 5035 3372 5096 quantum
3403 5044 3703 5099 possumus,

2127 5112 2246 5183 ipso
2296 5112 2526 5169 Domino
2561 5113 2879 5180 auxiliante,
2923 5113 3122 5170 imitari
3184 5117 3470 5173 debemus.
3525 5118 3706 5190 Magna

2127 5213 2255 5262 sunt
2299 5205 2446 5262 enim
2481 5205 2618 5273 haec,
2671 5206 2903 5275 fratres;
2944 5208 3038 5263 sed
3080 5217 3285 5278 quanto
3325 5210 3539 5281 majora
3592 5217 3698 5270 sani

2127 5304 2441 5369 quantoque
2489 5298 2729 5370 pluriora
2780 5314 2902 5370 qua:
2951 5300 3152 5357 imitari
3202 5302 3470 5359 debemus
3493 5345 3510 5371 ,
3567 5315 3706 5358 tanto

2134 5388 2338 5459 majora
2379 5398 2436 5447 et
2475 5390 2718 5447 feliciora
2752 5392 2912 5448 nobis
2939 5393 3205 5463 speranda
3233 5403 3362 5450 sunt
3393 5396 3640 5466 praemia,
3664 5395 3704 5448 si

2125 5479 2361 5538 fideliter
2385 5497 2448 5538 ea
2478 5496 2600 5554 qua:
2628 5482 2922 5539 commissa
2958 5494 3106 5550 sunt,
3130 5500 3237 5541 non
3271 5495 3477 5541 nostra!
3506 5497 3702 5542 tantum

2127 5571 2317 5629 salutis
2342 5587 2501 5641 cura,
2543 5573 2637 5630 sed
2671 5588 2861 5630 eorum
2891 5577 2984 5648 qui
3019 5575 3176 5632 nobis
3220 5579 3290 5634 ad
3314 5578 3702 5646 providendum

2129 5663 2354 5734 subjecti
2404 5674 2553 5730 sunt,
2600 5667 2890 5723 observare
2936 5679 2990 5724 et
3041 5669 3336 5741 adimplere
3374 5671 3701 5726 studet-mus.

2128 5757 2430 5829 cogitantes
2477 5756 2608 5814 illud
2657 5748 2944 5830 Apostoli:
3005 5759 3108 5827 Qui
3155 5762 3274 5829 plus
3323 5761 3555 5827 laborat,
3597 5762 3700 5830 plu
