  <div class='ocr_page' id='page_1' title='image "/cluster/home/n/w/nwhite01/storage/ocr_20150623/114/hvd.32044018909580/438.png"; bbox 0 0 3948 6328; ppageno 0'>
   <div class='ocr_carea' id='block_1_1' title="bbox 229 351 325 409">
    <p class='ocr_par' dir='ltr' id='par_1_1' title="bbox 229 351 325 409">
     <span class='ocr_line' id='line_1_1' title="bbox 229 351 325 409; baseline -0.021 0"><span class='ocrx_word' id='word_1_1' title='bbox 229 351 325 409; x_wconf 76' lang='grc'><strong>861</strong></span> 
     </span>
    </p>
   </div>
   <div class='ocr_carea' id='block_1_2' title="bbox 1213 365 2496 443">
    <p class='ocr_par' dir='ltr' id='par_1_2' title="bbox 1213 365 2496 443">
     <span class='ocr_line' id='line_1_2' title="bbox 1213 365 2496 443; baseline 0.019 -23"><span class='ocrx_word' id='word_1_2' title='bbox 1213 365 1578 428; x_wconf 78' lang='lat' dir='ltr'><strong>EXPOSITlO</strong></span> <span class='ocrx_word' id='word_1_3' title='bbox 1615 371 1682 428; x_wconf 82' lang='lat' dir='ltr'><strong>IN</strong></span> <span class='ocrx_word' id='word_1_4' title='bbox 1716 374 2048 442; x_wconf 74' lang='lat' dir='ltr'><strong>QUATUOR</strong></span> <span class='ocrx_word' id='word_1_5' title='bbox 2089 381 2496 443; x_wconf 74' lang='lat' dir='ltr'><strong>EVANGELlA.</strong></span> 
     </span>
    </p>
   </div>
   <div class='ocr_carea' id='block_1_3' title="bbox 3381 373 3490 462">
    <p class='ocr_par' dir='ltr' id='par_1_3' title="bbox 3381 373 3490 462">
     <span class='ocr_line' id='line_1_3' title="bbox 3381 373 3490 462; baseline 0 0"><span class='ocrx_word' id='word_1_6' title='bbox 3381 373 3490 462; x_wconf 70' lang='lat' dir='ltr'><strong>ses</strong></span> 
     </span>
    </p>
   </div>
   <div class='ocr_carea' id='block_1_4' title="bbox 230 467 3491 584">
    <p class='ocr_par' dir='ltr' id='par_1_4' title="bbox 230 467 3491 584">
     <span class='ocr_line' id='line_1_4' title="bbox 230 467 3491 584; baseline 0.017 -65"><span class='ocrx_word' id='word_1_7' title='bbox 942 475 1058 584; x_wconf 66' lang='lat' dir='ltr'><strong>ipse</strong></span> <span class='ocrx_word' id='word_1_8' title='bbox 1106 477 1366 584; x_wconf 79' lang='lat' dir='ltr'><strong>Dominus</strong></span> <span class='ocrx_word' id='word_1_9' title='bbox 1411 484 1466 539; x_wconf 89' lang='lat' dir='ltr'><strong>in</strong></span> <span class='ocrx_word' id='word_1_10' title='bbox 1517 485 1810 584; x_wconf 78' lang='lat' dir='ltr'><strong>Evangelio</strong></span> <span class='ocrx_word' id='word_1_11' title='bbox 1836 497 1885 556; x_wconf 76' lang='grc' dir='ltr'>Α</span> <span class='ocrx_word' id='word_1_12' title='bbox 1913 493 2163 584; x_wconf 81' lang='lat' dir='ltr'><strong>Christus</strong></span> <span class='ocrx_word' id='word_1_13' title='bbox 2205 497 2360 556; x_wconf 85' lang='lat' dir='ltr'><strong>nobis</strong></span> <span class='ocrx_word' id='word_1_14' title='bbox 2397 513 2660 572; x_wconf 71' lang='lat' dir='ltr'><strong>praestare</strong></span> <span class='ocrx_word' id='word_1_15' title='bbox 2688 507 2961 578; x_wconf 76' lang='lat' dir='ltr'><strong>dignetur,</strong></span> <span class='ocrx_word' id='word_1_16' title='bbox 2989 512 3230 584; x_wconf 85' lang='lat' dir='ltr'><strong>quicum</strong></span> <span class='ocrx_word' id='word_1_17' title='bbox 3251 515 3363 572; x_wconf 89' lang='lat' dir='ltr'><strong>Deo</strong></span> <span class='ocrx_word' id='word_1_18' title='bbox 3385 516 3491 572; x_wconf 85' lang='lat' dir='ltr'><strong>Pa-</strong></span> 
     </span>
    </p>
   </div>
   <div class='ocr_carea' id='block_1_5' title="bbox 230 559 1804 642">
    <p class='ocr_par' dir='ltr' id='par_1_5' title="bbox 230 559 1804 642">
     <span class='ocr_line' id='line_1_5' title="bbox 230 559 1804 642; baseline 0.011 -26"><span class='ocrx_word' id='word_1_19' title='bbox 230 561 307 616; x_wconf 81' lang='lat' dir='ltr'><strong>ait</strong></span> <span class='ocrx_word' id='word_1_20' title='bbox 333 577 350 618; x_wconf 92' lang='lat'><strong>:</strong></span> <span class='ocrx_word' id='word_1_21' title='bbox 382 559 488 627; x_wconf 65' lang='lat' dir='ltr'><strong>Qui</strong></span> <span class='ocrx_word' id='word_1_22' title='bbox 507 570 682 618; x_wconf 67' lang='lat' dir='ltr'><strong>autem</strong></span> <span class='ocrx_word' id='word_1_23' title='bbox 725 564 785 620; x_wconf 73' lang='lat' dir='ltr'><strong>in</strong></span> <span class='ocrx_word' id='word_1_24' title='bbox 816 569 1085 639; x_wconf 64' lang='lat' dir='ltr'><strong>praeceptis</strong></span> <span class='ocrx_word' id='word_1_25' title='bbox 1114 572 1242 626; x_wconf 78' lang='lat' dir='ltr'><strong>meis</strong></span> <span class='ocrx_word' id='word_1_26' title='bbox 1269 579 1672 642; x_wconf 71' lang='lat' dir='ltr'><strong>perseveraverit</strong></span> <span class='ocrx_word' id='word_1_27' title='bbox 1713 596 1804 634; x_wconf 74' lang='lat' dir='ltr'><strong>us-</strong></span> 
     </span>
    </p>
   </div>
   <div class='ocr_carea' id='block_1_6' title="bbox 227 652 1802 736">
    <p class='ocr_par' dir='ltr' id='par_1_6' title="bbox 227 652 1802 736">
     <span class='ocr_line' id='line_1_6' title="bbox 227 652 1802 736; baseline 0.012 -29"><span class='ocrx_word' id='word_1_28' title='bbox 227 668 326 723; x_wconf 71' lang='lat' dir='ltr'><strong>que</strong></span> <span class='ocrx_word' id='word_1_29' title='bbox 351 653 407 708; x_wconf 86' lang='lat' dir='ltr'><strong>in</strong></span> <span class='ocrx_word' id='word_1_30' title='bbox 435 652 628 721; x_wconf 80' lang='lat' dir='ltr'><strong>ﬁnem,</strong></span> <span class='ocrx_word' id='word_1_31' title='bbox 669 655 755 710; x_wconf 77' lang='lat' dir='ltr'><strong>hic</strong></span> <span class='ocrx_word' id='word_1_32' title='bbox 792 656 971 715; x_wconf 74' lang='lat' dir='ltr'><strong>salvus</strong></span> <span class='ocrx_word' id='word_1_33' title='bbox 1018 662 1138 715; x_wconf 84' lang='lat' dir='ltr'><strong>erit.</strong></span> <span class='ocrx_word' id='word_1_34' title='bbox 1183 661 1337 730; x_wconf 86' lang='lat' dir='ltr'><strong>Quod</strong></span> <span class='ocrx_word' id='word_1_35' title='bbox 1379 674 1434 721; x_wconf 88' lang='lat' dir='ltr'><strong>et</strong></span> <span class='ocrx_word' id='word_1_36' title='bbox 1480 665 1596 736; x_wconf 81' lang='lat' dir='ltr'><strong>ipse</strong></span> <span class='ocrx_word' id='word_1_37' title='bbox 1644 666 1802 726; x_wconf 82' lang='lat' dir='ltr'><strong>Jesus</strong></span> 
     </span>
    </p>
   </div>
   <div class='ocr_carea' id='block_1_7' title="bbox 231 858 703 916">
    <p class='ocr_par' dir='ltr' id='par_1_7' title="bbox 231 858 703 916">
     <span class='ocr_line' id='line_1_7' title="bbox 231 858 703 916; baseline 0.008 -4"><span class='ocrx_word' id='word_1_38' title='bbox 231 858 488 914; x_wconf 70' lang='lat' dir='ltr'><strong>culorum.</strong></span> <span class='ocrx_word' id='word_1_39' title='bbox 519 860 703 916; x_wconf 80' lang='lat' dir='ltr'><strong>Amen.</strong></span> 
     </span>
    </p>
   </div>
   <div class='ocr_carea' id='block_1_8' title="bbox 235 995 594 1010">
    <p class='ocr_par' dir='ltr' id='par_1_8' title="bbox 235 995 594 1010">
     <span class='ocr_line' id='line_1_8' title="bbox 235 995 594 1010; baseline 0 0"><span class='ocrx_word' id='word_1_40' title='bbox 235 995 594 1010; x_wconf 53' lang='lat' dir='ltr'><strong>F——.—————</strong></span> 
     </span>
    </p>
   </div>
   <div class='ocr_carea' id='block_1_9' title="bbox 1053 1009 3152 1041">
    <p class='ocr_par' dir='ltr' id='par_1_9' title="bbox 1053 1009 3152 1041">
     <span class='ocr_line' id='line_1_9' title="bbox 1053 1009 3152 1041; baseline -0.011 7"><span class='ocrx_word' id='word_1_41' title='bbox 1053 1009 3152 1041; x_wconf 45' lang='grc' dir='ltr'>Ἥ</span> 
     </span>
    </p>
   </div>
   <div class='ocr_carea' id='block_1_10' title="bbox 826 1126 2841 1276">
    <p class='ocr_par' dir='ltr' id='par_1_10' title="bbox 826 1126 2841 1276">
     <span class='ocr_line' id='line_1_10' title="bbox 826 1126 2841 1276; baseline 0.01 -37"><span class='ocrx_word' id='word_1_42' title='bbox 826 1271 830 1276; x_wconf 94' lang='lat'><strong><em>_</em></strong></span> <span class='ocrx_word' id='word_1_43' title='bbox 937 1126 2067 1251; x_wconf 65' lang='lat' dir='ltr'><strong>manarum:</strong></span> <span class='ocrx_word' id='word_1_44' title='bbox 2141 1137 2841 1260; x_wconf 61' lang='lat' dir='ltr'><strong>smus:</strong></span> 
     </span>
    </p>
   </div>
   <div class='ocr_carea' id='block_1_11' title="bbox 1705 1000 2058 1012">
    <p class='ocr_par' dir='ltr' id='par_1_11' title="bbox 1705 1000 2058 1012">
     <span class='ocr_line' id='line_1_11' title="bbox 1705 1000 2058 1012; baseline 0.011 -4"><span class='ocrx_word' id='word_1_45' title='bbox 1705 1000 2058 1012; x_wconf 80' lang='lat'><strong>-—.—_</strong></span> 
     </span>
    </p>
   </div>
   <div class='ocr_carea' id='block_1_12' title="bbox 1911 583 3489 677">
    <p class='ocr_par' dir='ltr' id='par_1_12' title="bbox 1911 583 3489 677">
     <span class='ocr_line' id='line_1_12' title="bbox 1911 583 3489 677; baseline 0.016 -40"><span class='ocrx_word' id='word_1_46' title='bbox 1911 589 1994 638; x_wconf 87' lang='lat' dir='ltr'><strong>tre</strong></span> <span class='ocrx_word' id='word_1_47' title='bbox 2017 591 2073 677; x_wconf 80' lang='lat' dir='ltr'><strong>et</strong></span> <span class='ocrx_word' id='word_1_48' title='bbox 2099 583 2302 656; x_wconf 81' lang='lat' dir='ltr'><strong>Spiritu</strong></span> <span class='ocrx_word' id='word_1_49' title='bbox 2346 601 2535 648; x_wconf 90' lang='lat' dir='ltr'><strong>sancto</strong></span> <span class='ocrx_word' id='word_1_50' title='bbox 2562 595 2692 651; x_wconf 90' lang='lat' dir='ltr'><strong>vivit</strong></span> <span class='ocrx_word' id='word_1_51' title='bbox 2724 606 2778 652; x_wconf 90' lang='lat' dir='ltr'><strong>et</strong></span> <span class='ocrx_word' id='word_1_52' title='bbox 2804 610 2996 670; x_wconf 82' lang='lat' dir='ltr'><strong>regnat</strong></span> <span class='ocrx_word' id='word_1_53' title='bbox 3018 583 3168 659; x_wconf 85' lang='lat' dir='ltr'><strong>Deus</strong></span> <span class='ocrx_word' id='word_1_54' title='bbox 3190 619 3290 677; x_wconf 87' lang='lat' dir='ltr'><strong>per</strong></span> <span class='ocrx_word' id='word_1_55' title='bbox 3308 607 3489 662; x_wconf 86' lang='lat' dir='ltr'><strong>omnia</strong></span> 
     </span>
    </p>
   </div>
   <div class='ocr_carea' id='block_1_13' title="bbox 1887 673 2404 736">
    <p class='ocr_par' dir='ltr' id='par_1_13' title="bbox 1887 673 2404 736">
     <span class='ocr_line' id='line_1_13' title="bbox 1887 673 2404 736; baseline 0.015 -7"><span class='ocrx_word' id='word_1_56' title='bbox 1887 673 2123 731; x_wconf 62' lang='lat' dir='ltr'><strong>saecula.</strong></span> <span class='ocrx_word' id='word_1_57' title='bbox 2156 676 2330 735; x_wconf 81' lang='lat' dir='ltr'><strong>Amen</strong></span> <span class='ocrx_word' id='word_1_58' title='bbox 2356 693 2404 736; x_wconf 73' lang='grc' dir='ltr'><strong>α.</strong></span> 
     </span>
    </p>
   </div>
   <div class='ocr_carea' id='block_1_14' title="bbox 2061 1004 3480 1047">
    <p class='ocr_par' dir='ltr' id='par_1_14' title="bbox 2061 1004 3480 1047">
     <span class='ocr_line' id='line_1_14' title="bbox 2061 1004 3480 1047; baseline 0.013 -19"><span class='ocrx_word' id='word_1_59' title='bbox 2061 1004 3480 1047; x_wconf 41' lang='lat' dir='ltr'><strong>m</strong></span> 
     </span>
    </p>
   </div>
   <div class='ocr_carea' id='block_1_15' title="bbox 1495 1349 2224 1414">
    <p class='ocr_par' dir='ltr' id='par_1_15' title="bbox 1495 1349 2224 1414">
     <span class='ocr_line' id='line_1_15' title="bbox 1495 1349 2224 1414; baseline 0.012 -10"><span class='ocrx_word' id='word_1_60' title='bbox 1495 1349 1878 1410; x_wconf 84' lang='lat' dir='ltr'><strong>FULDENSIS</strong></span> <span class='ocrx_word' id='word_1_61' title='bbox 1915 1354 2224 1414; x_wconf 80' lang='lat' dir='ltr'><strong>MONACHI</strong></span> 
     </span>
    </p>
   </div>
   <div class='ocr_carea' id='block_1_16' title="bbox 522 1523 3212 1667">
    <p class='ocr_par' dir='ltr' id='par_1_16' title="bbox 522 1523 3212 1667">
     <span class='ocr_line' id='line_1_16' title="bbox 522 1523 3212 1667; baseline 0.008 -33"><span class='ocrx_word' id='word_1_62' title='bbox 522 1523 1284 1645; x_wconf 86' lang='lat' dir='ltr'><strong>EXPOSITIO</strong></span> <span class='ocrx_word' id='word_1_63' title='bbox 1369 1533 1516 1644; x_wconf 92' lang='lat' dir='ltr'><strong>IN</strong></span> <span class='ocrx_word' id='word_1_64' title='bbox 1604 1530 2280 1667; x_wconf 81' lang='lat' dir='ltr'><strong>QUATUOR</strong></span> <span class='ocrx_word' id='word_1_65' title='bbox 2362 1536 3212 1657; x_wconf 84' lang='lat' dir='ltr'><strong>EVANGELIA.</strong></span> 
     </span>
    </p>
   </div>
   <div class='ocr_carea' id='block_1_17' title="bbox 1623 1737 2066 1758">
    <p class='ocr_par' dir='ltr' id='par_1_17' title="bbox 1623 1737 2066 1758">
     <span class='ocr_line' id='line_1_17' title="bbox 1623 1737 2066 1758; baseline 0.011 -8"><span class='ocrx_word' id='word_1_66' title='bbox 1623 1737 2066 1758; x_wconf 38' lang='lat' dir='ltr'><strong>ﬁ</strong></span> 
     </span>
    </p>
   </div>
   <div class='ocr_carea' id='block_1_18' title="bbox 1361 1819 2342 1902">
    <p class='ocr_par' dir='ltr' id='par_1_18' title="bbox 1361 1819 2342 1902">
     <span class='ocr_line' id='line_1_18' title="bbox 1361 1819 2342 1902; baseline 0.007 -22"><span class='ocrx_word' id='word_1_67' title='bbox 1361 1819 1820 1882; x_wconf 79' lang='lat' dir='ltr'><strong>ADMONITIO</strong></span> <span class='ocrx_word' id='word_1_68' title='bbox 1862 1823 2342 1902; x_wconf 68' lang='lat' dir='ltr'><strong>MARTIANIEI</strong></span> 
     </span>
    </p>
   </div>
   <div class='ocr_carea' id='block_1_19' title="bbox 1429 1984 2289 2049">
    <p class='ocr_par' dir='ltr' id='par_1_19' title="bbox 1429 1984 2289 2049">
     <span class='ocr_line' id='line_1_19' title="bbox 1429 1984 2289 2049; baseline 0.003 -14"><span class='ocrx_word' id='word_1_69' title='bbox 1429 1984 1576 2048; x_wconf 81' lang='lat' dir='ltr'><strong>(Opp.</strong></span> <span class='ocrx_word' id='word_1_70' title='bbox 1620 1987 1671 2037; x_wconf 90' lang='lat' dir='ltr'><strong>S.</strong></span> <span class='ocrx_word' id='word_1_71' title='bbox 1705 1985 2012 2049; x_wconf 75' lang='lat' dir='ltr'><strong>Hieronymi,</strong></span> <span class='ocrx_word' id='word_1_72' title='bbox 2050 1994 2169 2041; x_wconf 89' lang='lat' dir='ltr'><strong>tom.</strong></span> <span class='ocrx_word' id='word_1_73' title='bbox 2203 1989 2289 2048; x_wconf 76' lang='grc' dir='ltr'><strong>γ.)</strong></span> 
     </span>
    </p>
   </div>
   <div class='ocr_carea' id='block_1_20' title="bbox 1670 2095 2064 2116">
    <p class='ocr_par' dir='ltr' id='par_1_20' title="bbox 1670 2095 2064 2116">
     <span class='ocr_line' id='line_1_20' title="bbox 1670 2095 2064 2116; baseline 0.003 -6"><span class='ocrx_word' id='word_1_74' title='bbox 1670 2095 2064 2116; x_wconf 58' lang='grc' dir='ltr'><strong>-σι--ς</strong></span> 
     </span>
    </p>
   </div>
   <div class='ocr_carea' id='block_1_21' title="bbox 295 2172 3493 2264">
    <p class='ocr_par' dir='ltr' id='par_1_21' title="bbox 295 2172 3493 2264">
     <span class='ocr_line' id='line_1_21' title="bbox 295 2172 3493 2264; baseline 0.007 -38"><span class='ocrx_word' id='word_1_75' title='bbox 295 2172 1434 2264; x_wconf 34' lang='lat' dir='ltr'><strong>tio-minatica‘uuli!n_quatuor_Evangelia</strong></span> <span class='ocrx_word' id='word_1_76' title='bbox 1452 2174 1881 2264; x_wconf 59' lang='lat' dir='ltr'><strong>expositionem_</strong></span> <span class='ocrx_word' id='word_1_77' title='bbox 1906 2177 2187 2264; x_wconf 22' lang='lat' dir='ltr'><strong>reperinin</strong></span> <span class='ocrx_word' id='word_1_78' title='bbox 2225 2178 2510 2264; x_wconf 70' lang='lat' dir='ltr'><strong>codicihus</strong></span> <span class='ocrx_word' id='word_1_79' title='bbox 2568 2185 2952 2264; x_wconf 77' lang='lat' dir='ltr'><strong>manuscriptis</strong></span> <span class='ocrx_word' id='word_1_80' title='bbox 3006 2186 3144 2264; x_wconf 83' lang='lat' dir='ltr'><strong>falso</strong></span> <span class='ocrx_word' id='word_1_81' title='bbox 3179 2200 3493 2264; x_wconf 60' lang='lat' dir='ltr'><strong>ascriptam</strong></span> 
     </span>
    </p>
   </div>
   <div class='ocr_carea' id='block_1_22' title="bbox 223 2244 3496 2332">
    <p class='ocr_par' dir='ltr' id='par_1_22' title="bbox 223 2244 3496 2332">
     <span class='ocr_line' id='line_1_22' title="bbox 223 2244 3496 2332; baseline 0.006 -35"><span class='ocrx_word' id='word_1_82' title='bbox 223 2245 575 2332; x_wconf 38' lang='lat' dir='ltr'><strong>iiiegonvmgo,</strong></span> <span class='ocrx_word' id='word_1_83' title='bbox 610 2244 901 2332; x_wconf 52' lang='lat' dir='ltr'><strong>‘tantisque</strong></span> <span class='ocrx_word' id='word_1_84' title='bbox 945 2244 1697 2332; x_wconf 45' lang='lat' dir='ltr'><strong>.scatenteni&#39;barblariSmis</strong></span> <span class='ocrx_word' id='word_1_85' title='bbox 1724 2253 1887 2332; x_wconf 71' lang='lat' dir='ltr'><strong>atque</strong></span> <span class='ocrx_word' id='word_1_86' title='bbox 1944 2244 2296 2332; x_wconf 64' lang='lat' dir='ltr'><strong>soloecismis,</strong></span> <span class='ocrx_word' id='word_1_87' title='bbox 2379 2259 2440 2306; x_wconf 92' lang='lat' dir='ltr'><strong>ut</strong></span> <span class='ocrx_word' id='word_1_88' title='bbox 2460 2254 2720 2332; x_wconf 56' lang='lat' dir='ltr'><strong>“omnino</strong></span> <span class='ocrx_word' id='word_1_89' title='bbox 2777 2244 3054 2332; x_wconf 80' lang='lat' dir='ltr'><strong>videretur</strong></span> <span class='ocrx_word' id='word_1_90' title='bbox 3085 2244 3496 2332; x_wconf 43' lang='grc' dir='ltr'><strong>Δἱειόἰειίἐιῖἱιῖιὲ</strong></span> 
     </span>
    </p>
   </div>
   <div class='ocr_carea' id='block_1_23' title="bbox 221 2313 3495 2441">
    <p class='ocr_par' dir='ltr' id='par_1_23' title="bbox 221 2313 3495 2441">
     <span class='ocr_line' id='line_1_23' title="bbox 221 2313 3495 2441; baseline 0.006 -74"><span class='ocrx_word' id='word_1_91' title='bbox 221 2314 471 2441; x_wconf 57' lang='grc' dir='ltr'><strong>ἓτοόὶτρξ</strong></span> <span class='ocrx_word' id='word_1_92' title='bbox 515 2314 569 2368; x_wconf 90' lang='lat' dir='ltr'><strong>in</strong></span> <span class='ocrx_word' id='word_1_93' title='bbox 610 2313 786 2369; x_wconf 88' lang='lat' dir='ltr'><strong>lucem</strong></span> <span class='ocrx_word' id='word_1_94' title='bbox 819 2313 833 2368; x_wconf 72' lang='grc' dir='ltr'>ἒ</span> <span class='ocrx_word' id='word_1_95' title='bbox 866 2317 961 2372; x_wconf 87' lang='lat' dir='ltr'><strong>sed</strong></span> <span class='ocrx_word' id='word_1_96' title='bbox 994 2332 1127 2398; x_wconf 42' lang='lat' dir='ltr'><strong>.cum</strong></span> <span class='ocrx_word' id='word_1_97' title='bbox 1168 2315 1472 2386; x_wconf 79' lang='lat' dir='ltr'><strong>liujusmodi</strong></span> <span class='ocrx_word' id='word_1_98' title='bbox 1515 2315 1774 2386; x_wconf 79' lang='lat' dir='ltr'><strong>opuscula</strong></span> <span class='ocrx_word' id='word_1_99' title='bbox 1800 2313 1926 2370; x_wconf 63' lang='lat' dir='ltr'><strong>&#39;non</strong></span> <span class='ocrx_word' id='word_1_100' title='bbox 1967 2313 2290 2398; x_wconf 80' lang='lat' dir='ltr'><strong>displiceant</strong></span> <span class='ocrx_word' id='word_1_101' title='bbox 2327 2322 2600 2388; x_wconf 89' lang='lat' dir='ltr'><strong>omnibus,</strong></span> <span class='ocrx_word' id='word_1_102' title='bbox 2631 2325 2721 2380; x_wconf 88' lang='lat' dir='ltr'><strong>hic</strong></span> <span class='ocrx_word' id='word_1_103' title='bbox 2760 2340 2881 2380; x_wconf 88' lang='lat' dir='ltr'><strong>cum</strong></span> <span class='ocrx_word' id='word_1_104' title='bbox 2927 2327 3047 2382; x_wconf 88' lang='lat' dir='ltr'><strong>aliis</strong></span> <span class='ocrx_word' id='word_1_105' title='bbox 3083 2327 3136 2382; x_wconf 87' lang='lat' dir='ltr'><strong>id</strong></span> <span class='ocrx_word' id='word_1_106' title='bbox 3173 2313 3343 2399; x_wconf 69' lang='lat' dir='ltr'><strong>genus</strong></span> <span class='ocrx_word' id='word_1_107' title='bbox 3371 2313 3495 2388; x_wconf 61' lang='lat' dir='ltr'><strong>Sin&quot;.</strong></span> 
     </span>
     <span class='ocr_line' id='line_1_24' title="bbox 275 2384 3490 2441; baseline 0 0"><span class='ocrx_word' id='word_1_108' title='bbox 275 2394 634 2441; x_wconf 80' lang='lat' dir='ltr'><strong>xoosmonem</strong></span> <span class='ocrx_word' id='word_1_109' title='bbox 677 2385 840 2439; x_wconf 89' lang='lat' dir='ltr'><strong>edere</strong></span> <span class='ocrx_word' id='word_1_110' title='bbox 864 2386 1030 2441; x_wconf 73' lang='lat' dir='ltr'><strong>volun.</strong></span> <span class='ocrx_word' id='word_1_111' title='bbox 1063 2388 1296 2441; x_wconf 79' lang='lat' dir='ltr'><strong>maxime</strong></span> <span class='ocrx_word' id='word_1_112' title='bbox 1320 2387 1460 2441; x_wconf 78' lang='lat' dir='ltr'><strong>quod</strong></span> <span class='ocrx_word' id='word_1_113' title='bbox 1487 2385 1716 2441; x_wconf 88' lang='lat' dir='ltr'><strong>Strabus</strong></span> <span class='ocrx_word' id='word_1_114' title='bbox 1741 2384 2028 2441; x_wconf 70' lang='lat' dir='ltr'><strong>Fuldensns</strong></span> <span class='ocrx_word' id='word_1_115' title='bbox 2065 2399 2255 2441; x_wconf 85' lang='lat' dir='ltr'><strong>auctor</strong></span> <span class='ocrx_word' id='word_1_116' title='bbox 2282 2406 2404 2441; x_wconf 83' lang='lat' dir='ltr'><strong>esse</strong></span> <span class='ocrx_word' id='word_1_117' title='bbox 2441 2395 2675 2441; x_wconf 80' lang='lat' dir='ltr'><strong>noluerit</strong></span> <span class='ocrx_word' id='word_1_118' title='bbox 2700 2395 2861 2441; x_wconf 68' lang='lat' dir='ltr'><strong>huius</strong></span> <span class='ocrx_word' id='word_1_119' title='bbox 2889 2395 3296 2441; x_wconf 62' lang='lat' dir='ltr'><strong>Commemini-ii-</strong></span> <span class='ocrx_word' id='word_1_120' title='bbox 3327 2416 3490 2441; x_wconf 75' lang='grc' dir='ltr'><strong>ηιιρηι</strong></span> 
     </span>
    </p>
   </div>
   <div class='ocr_carea' id='block_1_24' title="bbox 275 2384 3490 2470">
    <p class='ocr_par' dir='ltr' id='par_1_24' title="bbox 275 2384 3490 2470">
     <span class='ocr_line' id='line_1_25' title="bbox 275 2384 3490 2470; baseline 0.005 -30"><span class='ocrx_word' id='word_1_121' title='bbox 275 2384 840 2470; x_wconf 34' lang='lat' dir='ltr'><strong>xpositipnemhedere</strong></span> <span class='ocrx_word' id='word_1_122' title='bbox 864 2386 1030 2470; x_wconf 78' lang='lat' dir='ltr'><strong>volui,</strong></span> <span class='ocrx_word' id='word_1_123' title='bbox 1063 2384 1296 2470; x_wconf 71' lang='lat' dir='ltr'><strong>maxime</strong></span> <span class='ocrx_word' id='word_1_124' title='bbox 1319 2384 2028 2470; x_wconf 47' lang='lat' dir='ltr'><strong>quodﬁtiabusfuldensis</strong></span> <span class='ocrx_word' id='word_1_125' title='bbox 2054 2384 2255 2470; x_wconf 33' lang='lat' dir='ltr'><strong>lauctor</strong></span> <span class='ocrx_word' id='word_1_126' title='bbox 2282 2406 2404 2447; x_wconf 88' lang='lat' dir='ltr'><strong>esse</strong></span> <span class='ocrx_word' id='word_1_127' title='bbox 2439 2384 2675 2470; x_wconf 75' lang='lat' dir='ltr'><strong>potuerit</strong></span> <span class='ocrx_word' id='word_1_128' title='bbox 2700 2395 2861 2465; x_wconf 86' lang='lat' dir='ltr'><strong>hujus</strong></span> <span class='ocrx_word' id='word_1_129' title='bbox 2889 2384 3300 2470; x_wconf 60' lang='lat' dir='ltr'><strong>commentarii,</strong></span> <span class='ocrx_word' id='word_1_130' title='bbox 3325 2384 3490 2470; x_wconf 69' lang='lat' dir='ltr'><strong>quem</strong></span> 
     </span>
    </p>
   </div>
   <div class='ocr_carea' id='block_1_25' title="bbox 223 2455 3494 2538">
    <p class='ocr_par' dir='ltr' id='par_1_25' title="bbox 223 2455 3494 2538">
     <span class='ocr_line' id='line_1_26' title="bbox 223 2455 3494 2538; baseline 0.005 -27"><span class='ocrx_word' id='word_1_131' title='bbox 223 2464 419 2538; x_wconf 83' lang='lat' dir='ltr'><strong>postea</strong></span> <span class='ocrx_word' id='word_1_132' title='bbox 467 2455 908 2538; x_wconf 74' lang='lat' dir='ltr'><strong>imperitissimus</strong></span> <span class='ocrx_word' id='word_1_133' title='bbox 937 2455 1505 2538; x_wconf 53' lang='lat' dir='ltr'><strong>aliquisdescripserit</strong></span> <span class='ocrx_word' id='word_1_134' title='bbox 1532 2471 1653 2538; x_wconf 79' lang='lat' dir='ltr'><strong>cum</strong></span> <span class='ocrx_word' id='word_1_135' title='bbox 1691 2455 1827 2511; x_wconf 84' lang='lat' dir='ltr'><strong>silva</strong></span> <span class='ocrx_word' id='word_1_136' title='bbox 1851 2457 2315 2538; x_wconf 77' lang='lat' dir='ltr'><strong>barbarismorum</strong></span> <span class='ocrx_word' id='word_1_137' title='bbox 2353 2477 2416 2518; x_wconf 88' lang='lat' dir='ltr'><strong>ac</strong></span> <span class='ocrx_word' id='word_1_138' title='bbox 2435 2455 2902 2538; x_wconf 35' lang='lat' dir='ltr'><strong>isolcecismorum.</strong></span> <span class='ocrx_word' id='word_1_139' title='bbox 2941 2455 3494 2538; x_wconf 54' lang='lat' dir='ltr'><strong>Qualecunqu&#39;e&#39;illud</strong></span> 
     </span>
    </p>
   </div>
   <div class='ocr_carea' id='block_1_26' title="bbox 225 2525 3492 2602">
    <p class='ocr_par' dir='ltr' id='par_1_26' title="bbox 225 2525 3492 2602">
     <span class='ocr_line' id='line_1_27' title="bbox 225 2525 3492 2602; baseline 0.004 -21"><span class='ocrx_word' id='word_1_140' title='bbox 225 2525 336 2602; x_wconf 76' lang='lat' dir='ltr'><strong>est,</strong></span> <span class='ocrx_word' id='word_1_141' title='bbox 366 2539 434 2580; x_wconf 80' lang='lat' dir='ltr'><strong>cx</strong></span> <span class='ocrx_word' id='word_1_142' title='bbox 471 2525 696 2602; x_wconf 83' lang='lat' dir='ltr'><strong>antiquo</strong></span> <span class='ocrx_word' id='word_1_143' title='bbox 736 2525 1304 2602; x_wconf 76' lang='lat' dir='ltr'><strong>codice_Gei_neticensi</strong></span> <span class='ocrx_word' id='word_1_144' title='bbox 1338 2525 1757 2602; x_wconf 48' lang='lat' dir='ltr'><strong>transcriptum</strong></span> <span class='ocrx_word' id='word_1_145' title='bbox 1779 2529 2134 2602; x_wconf 79' lang='lat' dir='ltr'><strong>opusculum,</strong></span> <span class='ocrx_word' id='word_1_146' title='bbox 2171 2532 2518 2602; x_wconf 82' lang='lat' dir='ltr'><strong>typographis</strong></span> <span class='ocrx_word' id='word_1_147' title='bbox 2559 2535 2760 2590; x_wconf 87' lang='lat' dir='ltr'><strong>nostris</strong></span> <span class='ocrx_word' id='word_1_148' title='bbox 2806 2525 3076 2591; x_wconf 76' lang='lat' dir='ltr'><strong>edendum</strong></span> <span class='ocrx_word' id='word_1_149' title='bbox 3127 2525 3323 2593; x_wconf 75' lang='lat' dir='ltr'><strong>tradidi</strong></span> <span class='ocrx_word' id='word_1_150' title='bbox 3367 2525 3492 2596; x_wconf 77' lang='lat' dir='ltr'><strong>cum</strong></span> 
     </span>
    </p>
   </div>
   <div class='ocr_carea' id='block_1_27' title="bbox 227 2595 3488 2676">
    <p class='ocr_par' dir='ltr' id='par_1_27' title="bbox 227 2595 3488 2676">
     <span class='ocr_line' id='line_1_28' title="bbox 227 2595 3488 2676; baseline 0.006 -26"><span class='ocrx_word' id='word_1_151' title='bbox 227 2597 344 2676; x_wconf 84' lang='lat' dir='ltr'><strong>suis</strong></span> <span class='ocrx_word' id='word_1_152' title='bbox 372 2611 510 2666; x_wconf 89' lang='lat' dir='ltr'><strong>pene</strong></span> <span class='ocrx_word' id='word_1_153' title='bbox 529 2597 807 2676; x_wconf 65' lang='lat' dir='ltr'><strong>universis</strong></span> <span class='ocrx_word' id='word_1_154' title='bbox 834 2597 1000 2652; x_wconf 78' lang='lat' dir='ltr'><strong>vitiis.</strong></span> <span class='ocrx_word' id='word_1_155' title='bbox 1032 2596 1216 2676; x_wconf 78' lang='lat' dir='ltr'><strong>Neque</strong></span> <span class='ocrx_word' id='word_1_156' title='bbox 1244 2612 1374 2652; x_wconf 86' lang='lat' dir='ltr'><strong>vero</strong></span> <span class='ocrx_word' id='word_1_157' title='bbox 1402 2595 1619 2668; x_wconf 83' lang='lat' dir='ltr'><strong>dignum</strong></span> <span class='ocrx_word' id='word_1_158' title='bbox 1642 2595 1884 2668; x_wconf 80' lang='lat' dir='ltr'><strong>judicavi</strong></span> <span class='ocrx_word' id='word_1_159' title='bbox 1910 2598 2054 2668; x_wconf 91' lang='lat' dir='ltr'><strong>quod</strong></span> <span class='ocrx_word' id='word_1_160' title='bbox 2083 2595 2244 2656; x_wconf 70' lang='lat' dir='ltr'><strong>more</strong></span> <span class='ocrx_word' id='word_1_161' title='bbox 2262 2595 2448 2660; x_wconf 72' lang='lat' dir='ltr'><strong>nostro</strong></span> <span class='ocrx_word' id='word_1_162' title='bbox 2476 2604 2857 2676; x_wconf 85' lang='lat' dir='ltr'><strong>castigaretur,</strong></span> <span class='ocrx_word' id='word_1_163' title='bbox 2880 2614 2936 2661; x_wconf 91' lang='lat' dir='ltr'><strong>et</strong></span> <span class='ocrx_word' id='word_1_164' title='bbox 2973 2606 3029 2662; x_wconf 87' lang='lat' dir='ltr'><strong>in</strong></span> <span class='ocrx_word' id='word_1_165' title='bbox 3055 2621 3121 2665; x_wconf 88' lang='lat' dir='ltr'><strong>eo</strong></span> <span class='ocrx_word' id='word_1_166' title='bbox 3149 2595 3488 2668; x_wconf 83' lang='lat' dir='ltr'><strong>emendando</strong></span> 
     </span>
    </p>
   </div>
   <div class='ocr_carea' id='block_1_28' title="bbox 228 2665 1357 2739">
    <p class='ocr_par' dir='ltr' id='par_1_28' title="bbox 228 2665 1357 2739">
     <span class='ocr_line' id='line_1_29' title="bbox 228 2665 1357 2739; baseline 0.001 -17"><span class='ocrx_word' id='word_1_167' title='bbox 228 2665 460 2737; x_wconf 80' lang='lat' dir='ltr'><strong>tempus,</strong></span> <span class='ocrx_word' id='word_1_168' title='bbox 491 2665 668 2722; x_wconf 88' lang='lat' dir='ltr'><strong>oleum</strong></span> <span class='ocrx_word' id='word_1_169' title='bbox 700 2682 1030 2739; x_wconf 86' lang='lat' dir='ltr'><strong>operamque</strong></span> <span class='ocrx_word' id='word_1_170' title='bbox 1054 2665 1357 2739; x_wconf 73' lang='lat' dir='ltr'><strong>perderem.</strong></span> 
     </span>
    </p>
   </div>
   <div class='ocr_carea' id='block_1_29' title="bbox 1661 2771 2066 2786">
    <p class='ocr_par' dir='ltr' id='par_1_29' title="bbox 1661 2771 2066 2786">
     <span class='ocr_line' id='line_1_30' title="bbox 1661 2771 2066 2786; baseline 0.005 -4"><span class='ocrx_word' id='word_1_171' title='bbox 1661 2771 2066 2786; x_wconf 49' lang='grc' dir='ltr'><strong><em>Ἥ</em></strong></span> 
     </span>
    </p>
   </div>
   <div class='ocr_carea' id='block_1_30' title="bbox 1645 2848 2108 2929">
    <p class='ocr_par' dir='ltr' id='par_1_30' title="bbox 1645 2848 2108 2929">
     <span class='ocr_line' id='line_1_31' title="bbox 1645 2848 2108 2929; baseline 0.011 -4"><span class='ocrx_word' id='word_1_172' title='bbox 1645 2848 2030 2929; x_wconf 81' lang='lat' dir='ltr'><strong>INCIPI&#39;I</strong></span> <span class='ocrx_word' id='word_1_173' title='bbox 2106 2858 2108 2860; x_wconf 72' lang='grc'>’</span> 
     </span>
    </p>
   </div>
   <div class='ocr_carea' id='block_1_31' title="bbox 763 3028 2992 3270">
    <p class='ocr_par' dir='ltr' id='par_1_31' title="bbox 763 3028 2992 3270">
     <span class='ocr_line' id='line_1_32' title="bbox 763 3028 2992 3270; baseline 0.004 -86"><span class='ocrx_word' id='word_1_174' title='bbox 763 3028 1351 3188; x_wconf 75' lang='lat' dir='ltr'><strong>EXPOSI&#39;I‘IO</strong></span> <span class='ocrx_word' id='word_1_175' title='bbox 1427 3030 1948 3208; x_wconf 73' lang='lat' dir='ltr'><strong>QUM‘UOR</strong></span> <span class='ocrx_word' id='word_1_176' title='bbox 2055 3034 2992 3270; x_wconf 72' lang='lat' dir='ltr'><strong>EVANGELWRUM.</strong></span> 
     </span>
    </p>
   </div>
   <div class='ocr_carea' id='block_1_32' title="bbox 303 3391 3492 3474">
    <p class='ocr_par' dir='ltr' id='par_1_32' title="bbox 303 3391 3492 3474">
     <span class='ocr_line' id='line_1_33' title="bbox 303 3391 3492 3474; baseline 0.005 -24"><span class='ocrx_word' id='word_1_177' title='bbox 303 3394 544 3450; x_wconf 87' lang='lat' dir='ltr'><strong>Primum</strong></span> <span class='ocrx_word' id='word_1_178' title='bbox 587 3391 936 3464; x_wconf 82' lang='lat' dir='ltr'><strong>quaerendum</strong></span> <span class='ocrx_word' id='word_1_179' title='bbox 965 3401 1049 3446; x_wconf 91' lang='lat' dir='ltr'><strong>est</strong></span> <span class='ocrx_word' id='word_1_180' title='bbox 1086 3392 1325 3447; x_wconf 91' lang='lat' dir='ltr'><strong>omnium</strong></span> <span class='ocrx_word' id='word_1_181' title='bbox 1367 3391 1626 3473; x_wconf 82' lang='lat' dir='ltr'><strong>librorum</strong></span> <span class='ocrx_word' id='word_1_182' title='bbox 1671 3402 1806 3449; x_wconf 80' lang='lat' dir='ltr'><strong>tem-</strong></span> <span class='ocrx_word' id='word_1_183' title='bbox 1835 3399 1880 3460; x_wconf 91' lang='lat' dir='ltr'><strong>B</strong></span> <span class='ocrx_word' id='word_1_184' title='bbox 1910 3395 2074 3452; x_wconf 88' lang='lat' dir='ltr'><strong>homo</strong></span> <span class='ocrx_word' id='word_1_185' title='bbox 2102 3400 2362 3462; x_wconf 86' lang='lat' dir='ltr'><strong>nascitur,</strong></span> <span class='ocrx_word' id='word_1_186' title='bbox 2396 3398 2472 3452; x_wconf 91' lang='lat' dir='ltr'><strong>ita</strong></span> <span class='ocrx_word' id='word_1_187' title='bbox 2501 3413 2600 3469; x_wconf 90' lang='lat' dir='ltr'><strong>per</strong></span> <span class='ocrx_word' id='word_1_188' title='bbox 2633 3410 2866 3468; x_wconf 84' lang='lat' dir='ltr'><strong>quatuor</strong></span> <span class='ocrx_word' id='word_1_189' title='bbox 2898 3403 3257 3474; x_wconf 88' lang='lat' dir='ltr'><strong>evangelistas</strong></span> <span class='ocrx_word' id='word_1_190' title='bbox 3295 3422 3492 3466; x_wconf 76' lang='lat' dir='ltr'><strong>omnes</strong></span> 
     </span>
    </p>
   </div>
   <div class='ocr_carea' id='block_1_33' title="bbox 227 3467 1810 3560">
    <p class='ocr_par' dir='ltr' id='par_1_33' title="bbox 227 3467 1810 3560">
     <span class='ocr_line' id='line_1_34' title="bbox 227 3467 1810 3560; baseline -0.001 -18"><span class='ocrx_word' id='word_1_191' title='bbox 227 3503 361 3560; x_wconf 89' lang='lat' dir='ltr'><strong>pus;</strong></span> <span class='ocrx_word' id='word_1_192' title='bbox 399 3485 610 3551; x_wconf 87' lang='lat' dir='ltr'><strong>locum;</strong></span> <span class='ocrx_word' id='word_1_193' title='bbox 660 3499 925 3555; x_wconf 88' lang='lat' dir='ltr'><strong>persona;</strong></span> <span class='ocrx_word' id='word_1_194' title='bbox 970 3493 1026 3538; x_wconf 90' lang='lat' dir='ltr'><strong>et</strong></span> <span class='ocrx_word' id='word_1_195' title='bbox 1063 3499 1230 3553; x_wconf 85' lang='lat' dir='ltr'><strong>quare</strong></span> <span class='ocrx_word' id='word_1_196' title='bbox 1275 3499 1382 3539; x_wconf 92' lang='lat' dir='ltr'><strong>non</strong></span> <span class='ocrx_word' id='word_1_197' title='bbox 1424 3484 1490 3540; x_wconf 89' lang='lat' dir='ltr'><strong>de</strong></span> <span class='ocrx_word' id='word_1_198' title='bbox 1527 3467 1810 3541; x_wconf 83' lang='lat' dir='ltr'><strong>duodecim</strong></span> 
     </span>
    </p>
   </div>
   <div class='ocr_carea' id='block_1_34' title="bbox 231 3575 1810 3650">
    <p class='ocr_par' dir='ltr' id='par_1_34' title="bbox 231 3575 1810 3650">
     <span class='ocr_line' id='line_1_35' title="bbox 231 3575 1810 3650; baseline -0.001 -15"><span class='ocrx_word' id='word_1_199' title='bbox 231 3577 526 3650; x_wconf 78' lang='lat' dir='ltr'><strong>Evangelia</strong></span> <span class='ocrx_word' id='word_1_200' title='bbox 585 3576 916 3647; x_wconf 87' lang='lat' dir='ltr'><strong>recipiantur</strong></span> <span class='ocrx_word' id='word_1_201' title='bbox 975 3575 1081 3630; x_wconf 87' lang='lat' dir='ltr'><strong>nisi</strong></span> <span class='ocrx_word' id='word_1_202' title='bbox 1135 3582 1423 3645; x_wconf 89' lang='lat' dir='ltr'><strong>quatuor:</strong></span> <span class='ocrx_word' id='word_1_203' title='bbox 1470 3577 1597 3646; x_wconf 84' lang='lat' dir='ltr'><strong>quia</strong></span> <span class='ocrx_word' id='word_1_204' title='bbox 1663 3586 1810 3634; x_wconf 90' lang='lat' dir='ltr'><strong>totus</strong></span> 
     </span>
    </p>
   </div>
   <div class='ocr_carea' id='block_1_35' title="bbox 229 3665 1806 3738">
    <p class='ocr_par' dir='ltr' id='par_1_35' title="bbox 229 3665 1806 3738">
     <span class='ocr_line' id='line_1_36' title="bbox 229 3665 1806 3738; baseline 0 -13"><span class='ocrx_word' id='word_1_205' title='bbox 229 3670 466 3726; x_wconf 89' lang='lat' dir='ltr'><strong>mundus</strong></span> <span class='ocrx_word' id='word_1_206' title='bbox 514 3683 578 3723; x_wconf 83' lang='lat' dir='ltr'><strong>ex</strong></span> <span class='ocrx_word' id='word_1_207' title='bbox 630 3674 863 3738; x_wconf 87' lang='lat' dir='ltr'><strong>quatuor</strong></span> <span class='ocrx_word' id='word_1_208' title='bbox 909 3665 1195 3722; x_wconf 88' lang='lat' dir='ltr'><strong>elementis</strong></span> <span class='ocrx_word' id='word_1_209' title='bbox 1239 3674 1355 3732; x_wconf 87' lang='lat' dir='ltr'><strong>est,</strong></span> <span class='ocrx_word' id='word_1_210' title='bbox 1405 3666 1459 3721; x_wconf 93' lang='lat' dir='ltr'><strong>id</strong></span> <span class='ocrx_word' id='word_1_211' title='bbox 1521 3669 1806 3736; x_wconf 73' lang='lat' dir='ltr'><strong>est-ccclo,</strong></span> 
     </span>
    </p>
   </div>
   <div class='ocr_carea' id='block_1_36' title="bbox 230 3753 1804 3830">
    <p class='ocr_par' dir='ltr' id='par_1_36' title="bbox 230 3753 1804 3830">
     <span class='ocr_line' id='line_1_37' title="bbox 230 3753 1804 3830; baseline 0 -16"><span class='ocrx_word' id='word_1_212' title='bbox 230 3769 396 3824; x_wconf 89' lang='lat' dir='ltr'><strong>terra,</strong></span> <span class='ocrx_word' id='word_1_213' title='bbox 446 3759 588 3830; x_wconf 89' lang='lat' dir='ltr'><strong>igne,</strong></span> <span class='ocrx_word' id='word_1_214' title='bbox 636 3771 797 3828; x_wconf 90' lang='lat' dir='ltr'><strong>aqua.</strong></span> <span class='ocrx_word' id='word_1_215' title='bbox 846 3754 952 3810; x_wconf 86' lang='lat' dir='ltr'><strong>Per</strong></span> <span class='ocrx_word' id='word_1_216' title='bbox 995 3755 1188 3810; x_wconf 70' lang='lat' dir='ltr'><strong>cmlum</strong></span> <span class='ocrx_word' id='word_1_217' title='bbox 1212 3753 1447 3811; x_wconf 80' lang='lat' dir='ltr'><strong>Joannes</strong></span> <span class='ocrx_word' id='word_1_218' title='bbox 1475 3758 1804 3814; x_wconf 86' lang='lat' dir='ltr'><strong>ostenditur:</strong></span> 
     </span>
    </p>
   </div>
   <div class='ocr_carea' id='block_1_37' title="bbox 229 3849 1808 3922">
    <p class='ocr_par' dir='ltr' id='par_1_37' title="bbox 229 3849 1808 3922">
     <span class='ocr_line' id='line_1_38' title="bbox 229 3849 1808 3922; baseline 0 -17"><span class='ocrx_word' id='word_1_219' title='bbox 229 3852 359 3921; x_wconf 88' lang='lat' dir='ltr'><strong>quia</strong></span> <span class='ocrx_word' id='word_1_220' title='bbox 386 3849 528 3906; x_wconf 83' lang='lat' dir='ltr'><strong>sicut</strong></span> <span class='ocrx_word' id='word_1_221' title='bbox 549 3849 745 3905; x_wconf 71' lang='lat' dir='ltr'><strong>cmlum</strong></span> <span class='ocrx_word' id='word_1_222' title='bbox 785 3849 965 3904; x_wconf 90' lang='lat' dir='ltr'><strong>omnia</strong></span> <span class='ocrx_word' id='word_1_223' title='bbox 994 3859 1234 3920; x_wconf 89' lang='lat' dir='ltr'><strong>superat,</strong></span> <span class='ocrx_word' id='word_1_224' title='bbox 1267 3850 1340 3904; x_wconf 89' lang='lat' dir='ltr'><strong>ita</strong></span> <span class='ocrx_word' id='word_1_225' title='bbox 1372 3857 1427 3904; x_wconf 89' lang='lat' dir='ltr'><strong>et</strong></span> <span class='ocrx_word' id='word_1_226' title='bbox 1456 3849 1693 3906; x_wconf 80' lang='lat' dir='ltr'><strong>Joannes</strong></span> <span class='ocrx_word' id='word_1_227' title='bbox 1713 3851 1808 3922; x_wconf 88' lang='lat' dir='ltr'><strong>qui</strong></span> 
     </span>
    </p>
   </div>
   <div class='ocr_carea' id='block_1_38' title="bbox 230 3937 1807 4020">
    <p class='ocr_par' dir='ltr' id='par_1_38' title="bbox 230 3937 1807 4020">
     <span class='ocr_line' id='line_1_39' title="bbox 230 3937 1807 4020; baseline -0.002 -22"><span class='ocrx_word' id='word_1_228' title='bbox 230 3942 370 3999; x_wconf 93' lang='lat' dir='ltr'><strong>dixit</strong></span> <span class='ocrx_word' id='word_1_229' title='bbox 409 3959 423 3996; x_wconf 91' lang='lat'><strong>:</strong></span> <span class='ocrx_word' id='word_1_230' title='bbox 469 3940 536 3995; x_wconf 84' lang='lat' dir='ltr'><strong>In</strong></span> <span class='ocrx_word' id='word_1_231' title='bbox 571 3939 827 4010; x_wconf 82' lang='lat' dir='ltr'><strong>principio</strong></span> <span class='ocrx_word' id='word_1_232' title='bbox 876 3949 986 3993; x_wconf 83' lang='lat' dir='ltr'><strong>erat</strong></span> <span class='ocrx_word' id='word_1_233' title='bbox 1041 3937 1258 4020; x_wconf 69' lang='lat' dir='ltr'><strong>Verbum</strong></span> <span class='ocrx_word' id='word_1_234' title='bbox 1297 3956 1315 3994; x_wconf 90' lang='lat'><strong>:</strong></span> <span class='ocrx_word' id='word_1_235' title='bbox 1356 3940 1461 3994; x_wconf 86' lang='lat' dir='ltr'><strong>Per</strong></span> <span class='ocrx_word' id='word_1_236' title='bbox 1497 3939 1807 3995; x_wconf 69' lang='lat' dir='ltr'><strong>Mattlmum</strong></span> 
     </span>
    </p>
   </div>
   <div class='ocr_carea' id='block_1_39' title="bbox 232 4031 1808 4109">
    <p class='ocr_par' dir='ltr' id='par_1_39' title="bbox 232 4031 1808 4109">
     <span class='ocr_line' id='line_1_40' title="bbox 232 4031 1808 4109; baseline -0.004 -14"><span class='ocrx_word' id='word_1_237' title='bbox 232 4049 380 4095; x_wconf 87' lang='lat' dir='ltr'><strong>terra</strong></span> <span class='ocrx_word' id='word_1_238' title='bbox 405 4051 420 4090; x_wconf 91' lang='lat'><strong>:</strong></span> <span class='ocrx_word' id='word_1_239' title='bbox 443 4035 534 4106; x_wconf 89' lang='lat' dir='ltr'><strong>qui</strong></span> <span class='ocrx_word' id='word_1_240' title='bbox 564 4034 701 4109; x_wconf 54' lang='lat' dir='ltr'><strong>dixit</strong></span> <span class='ocrx_word' id='word_1_241' title='bbox 721 4051 736 4086; x_wconf 92' lang='lat'><strong>:</strong></span> <span class='ocrx_word' id='word_1_242' title='bbox 761 4032 912 4087; x_wconf 84' lang='lat' dir='ltr'><strong>Liber</strong></span> <span class='ocrx_word' id='word_1_243' title='bbox 931 4032 1282 4104; x_wconf 78' lang='lat' dir='ltr'><strong>generationis</strong></span> <span class='ocrx_word' id='word_1_244' title='bbox 1302 4032 1430 4087; x_wconf 77' lang='lat' dir='ltr'><strong>Jeru</strong></span> <span class='ocrx_word' id='word_1_245' title='bbox 1449 4032 1678 4098; x_wconf 73' lang='lat' dir='ltr'><strong>Christi;</strong></span> <span class='ocrx_word' id='word_1_246' title='bbox 1705 4031 1808 4088; x_wconf 87' lang='lat' dir='ltr'><strong>Per</strong></span> 
     </span>
    </p>
   </div>
   <div class='ocr_carea' id='block_1_40' title="bbox 231 4121 1807 4196">
    <p class='ocr_par' dir='ltr' id='par_1_40' title="bbox 231 4121 1807 4196">
     <span class='ocr_line' id='line_1_41' title="bbox 231 4121 1807 4196; baseline -0.004 -13"><span class='ocrx_word' id='word_1_247' title='bbox 231 4127 435 4194; x_wconf 87' lang='lat' dir='ltr'><strong>Lucam</strong></span> <span class='ocrx_word' id='word_1_248' title='bbox 473 4124 632 4196; x_wconf 83' lang='lat' dir='ltr'><strong>ignis,</strong></span> <span class='ocrx_word' id='word_1_249' title='bbox 665 4123 754 4194; x_wconf 86' lang='lat' dir='ltr'><strong>qui</strong></span> <span class='ocrx_word' id='word_1_250' title='bbox 792 4122 967 4178; x_wconf 81' lang='lat' dir='ltr'><strong>dixit:</strong></span> <span class='ocrx_word' id='word_1_251' title='bbox 996 4121 1185 4176; x_wconf 86' lang='lat' dir='ltr'><strong>Nonne</strong></span> <span class='ocrx_word' id='word_1_252' title='bbox 1203 4136 1301 4176; x_wconf 76' lang='grc' dir='ltr'><strong>ἐον</strong></span> <span class='ocrx_word' id='word_1_253' title='bbox 1319 4122 1435 4192; x_wconf 84' lang='lat' dir='ltr'><strong>jam</strong></span> <span class='ocrx_word' id='word_1_254' title='bbox 1467 4123 1656 4178; x_wconf 75' lang='lat' dir='ltr'><strong>ardens</strong></span> <span class='ocrx_word' id='word_1_255' title='bbox 1694 4132 1807 4176; x_wconf 86' lang='lat' dir='ltr'><strong>erat</strong></span> 
     </span>
    </p>
   </div>
   <div class='ocr_carea' id='block_1_41' title="bbox 228 4212 1809 4284">
    <p class='ocr_par' dir='ltr' id='par_1_41' title="bbox 228 4212 1809 4284">
     <span class='ocr_line' id='line_1_42' title="bbox 228 4212 1809 4284; baseline -0.003 -11"><span class='ocrx_word' id='word_1_256' title='bbox 228 4220 286 4273; x_wconf 84' lang='lat' dir='ltr'><strong>in</strong></span> <span class='ocrx_word' id='word_1_257' title='bbox 314 4217 482 4282; x_wconf 77' lang='lat' dir='ltr'><strong>nobis,</strong></span> <span class='ocrx_word' id='word_1_258' title='bbox 511 4215 615 4271; x_wconf 88' lang='lat' dir='ltr'><strong>Per</strong></span> <span class='ocrx_word' id='word_1_259' title='bbox 638 4214 878 4270; x_wconf 81' lang='lat' dir='ltr'><strong>Marcum</strong></span> <span class='ocrx_word' id='word_1_260' title='bbox 909 4227 1070 4284; x_wconf 89' lang='lat' dir='ltr'><strong>aqua,</strong></span> <span class='ocrx_word' id='word_1_261' title='bbox 1103 4213 1194 4283; x_wconf 89' lang='lat' dir='ltr'><strong>qui</strong></span> <span class='ocrx_word' id='word_1_262' title='bbox 1221 4213 1394 4269; x_wconf 78' lang='lat' dir='ltr'><strong>dixit:</strong></span> <span class='ocrx_word' id='word_1_263' title='bbox 1435 4212 1548 4269; x_wconf 74' lang='lat' dir='ltr'><strong>Vox</strong></span> <span class='ocrx_word' id='word_1_264' title='bbox 1575 4215 1809 4270; x_wconf 83' lang='lat' dir='ltr'><strong>claman-</strong></span> 
     </span>
    </p>
   </div>
   <div class='ocr_carea' id='block_1_42' title="bbox 229 4303 1808 4375">
    <p class='ocr_par' dir='ltr' id='par_1_42' title="bbox 229 4303 1808 4375">
     <span class='ocr_line' id='line_1_43' title="bbox 229 4303 1808 4375; baseline 0.001 -13"><span class='ocrx_word' id='word_1_265' title='bbox 229 4309 300 4363; x_wconf 74' lang='lat' dir='ltr'><strong>tis</strong></span> <span class='ocrx_word' id='word_1_266' title='bbox 331 4308 386 4361; x_wconf 86' lang='lat' dir='ltr'><strong>in</strong></span> <span class='ocrx_word' id='word_1_267' title='bbox 409 4307 633 4362; x_wconf 80' lang='lat' dir='ltr'><strong>deserto.</strong></span> <span class='ocrx_word' id='word_1_268' title='bbox 670 4305 727 4360; x_wconf 91' lang='lat' dir='ltr'><strong>ld</strong></span> <span class='ocrx_word' id='word_1_269' title='bbox 756 4312 860 4372; x_wconf 88' lang='lat' dir='ltr'><strong>est,</strong></span> <span class='ocrx_word' id='word_1_270' title='bbox 887 4315 1122 4375; x_wconf 88' lang='lat' dir='ltr'><strong>quatuor</strong></span> <span class='ocrx_word' id='word_1_271' title='bbox 1161 4303 1380 4361; x_wconf 88' lang='lat' dir='ltr'><strong>ﬁumina</strong></span> <span class='ocrx_word' id='word_1_272' title='bbox 1412 4303 1480 4362; x_wconf 93' lang='lat' dir='ltr'><strong>de</strong></span> <span class='ocrx_word' id='word_1_273' title='bbox 1516 4321 1625 4362; x_wconf 91' lang='lat' dir='ltr'><strong>uno</strong></span> <span class='ocrx_word' id='word_1_274' title='bbox 1658 4305 1808 4363; x_wconf 79' lang='lat' dir='ltr'><strong>fonte</strong></span> 
     </span>
    </p>
   </div>
   <div class='ocr_carea' id='block_1_43' title="bbox 228 4393 1804 4467">
    <p class='ocr_par' dir='ltr' id='par_1_43' title="bbox 228 4393 1804 4467">
     <span class='ocr_line' id='line_1_44' title="bbox 228 4393 1804 4467; baseline 0 -17"><span class='ocrx_word' id='word_1_275' title='bbox 228 4405 467 4467; x_wconf 90' lang='lat' dir='ltr'><strong>quatuor</strong></span> <span class='ocrx_word' id='word_1_276' title='bbox 511 4394 894 4467; x_wconf 86' lang='lat' dir='ltr'><strong>evangelistas,</strong></span> <span class='ocrx_word' id='word_1_277' title='bbox 936 4393 1235 4465; x_wconf 85' lang='lat' dir='ltr'><strong>signiﬁcat,</strong></span> <span class='ocrx_word' id='word_1_278' title='bbox 1278 4394 1333 4449; x_wconf 92' lang='lat' dir='ltr'><strong>id</strong></span> <span class='ocrx_word' id='word_1_279' title='bbox 1379 4404 1466 4451; x_wconf 87' lang='lat' dir='ltr'><strong>est</strong></span> <span class='ocrx_word' id='word_1_280' title='bbox 1507 4395 1804 4452; x_wconf 84' lang='lat' dir='ltr'><strong>Christum.</strong></span> 
     </span>
    </p>
   </div>
   <div class='ocr_carea' id='block_1_44' title="bbox 229 4487 1818 4560">
    <p class='ocr_par' dir='ltr' id='par_1_44' title="bbox 229 4487 1818 4560">
     <span class='ocr_line' id='line_1_45' title="bbox 229 4487 1818 4560; baseline -0.001 -15"><span class='ocrx_word' id='word_1_281' title='bbox 229 4490 419 4556; x_wconf 82' lang='lat' dir='ltr'><strong>Fison,</strong></span> <span class='ocrx_word' id='word_1_282' title='bbox 450 4488 778 4554; x_wconf 78' lang='lat' dir='ltr'><strong>insulilictio,</strong></span> <span class='ocrx_word' id='word_1_283' title='bbox 809 4487 1082 4560; x_wconf 88' lang='lat' dir='ltr'><strong>signiﬁcat</strong></span> <span class='ocrx_word' id='word_1_284' title='bbox 1107 4488 1371 4546; x_wconf 81' lang='lat' dir='ltr'><strong>Joannem</strong></span> <span class='ocrx_word' id='word_1_285' title='bbox 1396 4506 1411 4556; x_wconf 93' lang='lat'><strong>;</strong></span> <span class='ocrx_word' id='word_1_286' title='bbox 1448 4487 1620 4555; x_wconf 86' lang='lat' dir='ltr'><strong>Geon,</strong></span> <span class='ocrx_word' id='word_1_287' title='bbox 1661 4487 1818 4544; x_wconf 84' lang='lat' dir='ltr'><strong>velo--</strong></span> 
     </span>
    </p>
   </div>
   <div class='ocr_carea' id='block_1_45' title="bbox 233 4581 1806 4655">
    <p class='ocr_par' dir='ltr' id='par_1_45' title="bbox 233 4581 1806 4655">
     <span class='ocr_line' id='line_1_46' title="bbox 233 4581 1806 4655; baseline 0.001 -19"><span class='ocrx_word' id='word_1_288' title='bbox 233 4583 394 4647; x_wconf 85' lang='lat' dir='ltr'><strong>citas,</strong></span> <span class='ocrx_word' id='word_1_289' title='bbox 428 4581 698 4652; x_wconf 88' lang='lat' dir='ltr'><strong>signiﬁcat</strong></span> <span class='ocrx_word' id='word_1_290' title='bbox 727 4581 1071 4648; x_wconf 64' lang='lat' dir='ltr'><strong>Matthmum;</strong></span> <span class='ocrx_word' id='word_1_291' title='bbox 1104 4582 1302 4653; x_wconf 84' lang='lat' dir='ltr'><strong>Tigris,</strong></span> <span class='ocrx_word' id='word_1_292' title='bbox 1345 4583 1593 4649; x_wconf 82' lang='lat' dir='ltr'><strong>felicitas,</strong></span> <span class='ocrx_word' id='word_1_293' title='bbox 1637 4583 1806 4655; x_wconf 91' lang='lat' dir='ltr'><strong>signi-</strong></span> 
     </span>
    </p>
   </div>
   <div class='ocr_carea' id='block_1_46' title="bbox 233 4669 1803 4744">
    <p class='ocr_par' dir='ltr' id='par_1_46' title="bbox 233 4669 1803 4744">
     <span class='ocr_line' id='line_1_47' title="bbox 233 4669 1803 4744; baseline 0.002 -20"><span class='ocrx_word' id='word_1_294' title='bbox 233 4670 364 4724; x_wconf 86' lang='lat' dir='ltr'><strong>ﬁcat</strong></span> <span class='ocrx_word' id='word_1_295' title='bbox 393 4669 650 4725; x_wconf 77' lang='lat' dir='ltr'><strong>Marcum.</strong></span> <span class='ocrx_word' id='word_1_296' title='bbox 680 4669 951 4736; x_wconf 84' lang='lat' dir='ltr'><strong>Eufrates,</strong></span> <span class='ocrx_word' id='word_1_297' title='bbox 985 4669 1542 4744; x_wconf 82' lang='lat' dir='ltr'><strong>fertilitas,signiﬁcat</strong></span> <span class='ocrx_word' id='word_1_298' title='bbox 1569 4672 1803 4740; x_wconf 87' lang='lat' dir='ltr'><strong>Lucam;</strong></span> 
     </span>
    </p>
   </div>
   <div class='ocr_carea' id='block_1_47' title="bbox 1913 3489 3492 3571">
    <p class='ocr_par' dir='ltr' id='par_1_47' title="bbox 1913 3489 3492 3571">
     <span class='ocr_line' id='line_1_48' title="bbox 1913 3489 3492 3571; baseline 0.008 -27"><span class='ocrx_word' id='word_1_299' title='bbox 1913 3491 1979 3546; x_wconf 78' lang='lat' dir='ltr'><strong>ad</strong></span> <span class='ocrx_word' id='word_1_300' title='bbox 2035 3489 2193 3546; x_wconf 86' lang='lat' dir='ltr'><strong>ﬁdem</strong></span> <span class='ocrx_word' id='word_1_301' title='bbox 2229 3491 2470 3546; x_wconf 81' lang='lat' dir='ltr'><strong>veniunt.</strong></span> <span class='ocrx_word' id='word_1_302' title='bbox 2512 3491 2642 3548; x_wconf 88' lang='lat' dir='ltr'><strong>Item</strong></span> <span class='ocrx_word' id='word_1_303' title='bbox 2670 3491 2809 3548; x_wconf 84' lang='lat' dir='ltr'><strong>Area</strong></span> <span class='ocrx_word' id='word_1_304' title='bbox 2837 3493 2949 3550; x_wconf 87' lang='lat' dir='ltr'><strong>Noe</strong></span> <span class='ocrx_word' id='word_1_305' title='bbox 2991 3497 3252 3566; x_wconf 84' lang='lat' dir='ltr'><strong>quadrata</strong></span> <span class='ocrx_word' id='word_1_306' title='bbox 3296 3497 3492 3571; x_wconf 86' lang='lat' dir='ltr'><strong>legitur</strong></span> 
     </span>
    </p>
   </div>
   <div class='ocr_carea' id='block_1_48' title="bbox 1911 3581 3489 3655">
    <p class='ocr_par' dir='ltr' id='par_1_48' title="bbox 1911 3581 3489 3655">
     <span class='ocr_line' id='line_1_49' title="bbox 1911 3581 3489 3655; baseline 0.008 -19"><span class='ocrx_word' id='word_1_307' title='bbox 1911 3595 1978 3636; x_wconf 84' lang='lat' dir='ltr'><strong>ex</strong></span> <span class='ocrx_word' id='word_1_308' title='bbox 2021 3581 2182 3652; x_wconf 88' lang='lat' dir='ltr'><strong>lignis</strong></span> <span class='ocrx_word' id='word_1_309' title='bbox 2233 3581 2395 3648; x_wconf 72' lang='lat' dir='ltr'><strong>facta,</strong></span> <span class='ocrx_word' id='word_1_310' title='bbox 2441 3583 2718 3655; x_wconf 84' lang='lat' dir='ltr'><strong>longitudo</strong></span> <span class='ocrx_word' id='word_1_311' title='bbox 2767 3594 3132 3643; x_wconf 88' lang='lat' dir='ltr'><strong>trecentorum</strong></span> <span class='ocrx_word' id='word_1_312' title='bbox 3182 3591 3489 3649; x_wconf 84' lang='lat' dir='ltr'><strong>cubitorum</strong></span> 
     </span>
    </p>
   </div>
   <div class='ocr_carea' id='block_1_49' title="bbox 1886 3670 3493 3746">
    <p class='ocr_par' dir='ltr' id='par_1_49' title="bbox 1886 3670 3493 3746">
     <span class='ocr_line' id='line_1_50' title="bbox 1886 3670 3493 3746; baseline 0.006 -20"><span class='ocrx_word' id='word_1_313' title='bbox 1886 3672 1965 3726; x_wconf 74' lang='lat' dir='ltr'><strong>“et</strong></span> <span class='ocrx_word' id='word_1_314' title='bbox 1993 3670 2221 3727; x_wconf 91' lang='lat' dir='ltr'><strong>latitudo</strong></span> <span class='ocrx_word' id='word_1_315' title='bbox 2249 3672 2430 3738; x_wconf 86' lang='lat' dir='ltr'><strong>unius,</strong></span> <span class='ocrx_word' id='word_1_316' title='bbox 2451 3671 2677 3728; x_wconf 90' lang='lat' dir='ltr'><strong>altitudo</strong></span> <span class='ocrx_word' id='word_1_317' title='bbox 2707 3675 2922 3746; x_wconf 84' lang='lat' dir='ltr'><strong>triginta</strong></span> <span class='ocrx_word' id='word_1_318' title='bbox 2938 3686 2994 3731; x_wconf 92' lang='lat' dir='ltr'><strong>et</strong></span> <span class='ocrx_word' id='word_1_319' title='bbox 3017 3693 3125 3733; x_wconf 93' lang='lat' dir='ltr'><strong>uno</strong></span> <span class='ocrx_word' id='word_1_320' title='bbox 3151 3680 3334 3734; x_wconf 85' lang='lat' dir='ltr'><strong>cubito</strong></span> <span class='ocrx_word' id='word_1_321' title='bbox 3361 3697 3493 3736; x_wconf 90' lang='lat' dir='ltr'><strong>con-</strong></span> 
     </span>
    </p>
   </div>
   <div class='ocr_carea' id='block_1_50' title="bbox 1913 3765 3490 3841">
    <p class='ocr_par' dir='ltr' id='par_1_50' title="bbox 1913 3765 3490 3841">
     <span class='ocr_line' id='line_1_51' title="bbox 1913 3765 3490 3841; baseline 0.004 -20"><span class='ocrx_word' id='word_1_322' title='bbox 1913 3773 2204 3830; x_wconf 87' lang='lat' dir='ltr'><strong>summata,</strong></span> <span class='ocrx_word' id='word_1_323' title='bbox 2249 3765 2519 3837; x_wconf 71' lang='lat' dir='ltr'><strong>significat</strong></span> <span class='ocrx_word' id='word_1_324' title='bbox 2558 3767 2889 3834; x_wconf 85' lang='lat' dir='ltr'><strong>Ecclesiam;</strong></span> <span class='ocrx_word' id='word_1_325' title='bbox 2931 3784 3031 3839; x_wconf 90' lang='lat' dir='ltr'><strong>per</strong></span> <span class='ocrx_word' id='word_1_326' title='bbox 3056 3779 3291 3841; x_wconf 91' lang='lat' dir='ltr'><strong>quatuor</strong></span> <span class='ocrx_word' id='word_1_327' title='bbox 3319 3787 3490 3828; x_wconf 84' lang='lat' dir='ltr'><strong>evan-</strong></span> 
     </span>
    </p>
   </div>
   <div class='ocr_carea' id='block_1_51' title="bbox 1908 3856 3488 3930">
    <p class='ocr_par' dir='ltr' id='par_1_51' title="bbox 1908 3856 3488 3930">
     <span class='ocr_line' id='line_1_52' title="bbox 1908 3856 3488 3930; baseline 0.004 -18"><span class='ocrx_word' id='word_1_328' title='bbox 1908 3856 2129 3928; x_wconf 87' lang='lat' dir='ltr'><strong>gelistas</strong></span> <span class='ocrx_word' id='word_1_329' title='bbox 2173 3856 2452 3930; x_wconf 90' lang='lat' dir='ltr'><strong>longitudo</strong></span> <span class='ocrx_word' id='word_1_330' title='bbox 2490 3873 2615 3930; x_wconf 83' lang='lat' dir='ltr'><strong>spes</strong></span> <span class='ocrx_word' id='word_1_331' title='bbox 2649 3859 2776 3914; x_wconf 69' lang='lat' dir='ltr'><strong>vita:</strong></span> <span class='ocrx_word' id='word_1_332' title='bbox 2808 3868 3058 3926; x_wconf 64' lang='lat' dir='ltr'><strong>aeternae,</strong></span> <span class='ocrx_word' id='word_1_333' title='bbox 3099 3861 3329 3917; x_wconf 91' lang='lat' dir='ltr'><strong>latitudo</strong></span> <span class='ocrx_word' id='word_1_334' title='bbox 3356 3863 3488 3918; x_wconf 75' lang='lat' dir='ltr'><strong>cha-</strong></span> 
     </span>
    </p>
   </div>
   <div class='ocr_carea' id='block_1_52' title="bbox 1909 3949 3492 4015">
    <p class='ocr_par' dir='ltr' id='par_1_52' title="bbox 1909 3949 3492 4015">
     <span class='ocr_line' id='line_1_53' title="bbox 1909 3949 3492 4015; baseline 0.004 -11"><span class='ocrx_word' id='word_1_335' title='bbox 1909 3951 2064 4015; x_wconf 86' lang='lat' dir='ltr'><strong>ritas,</strong></span> <span class='ocrx_word' id='word_1_336' title='bbox 2091 3950 2318 4006; x_wconf 87' lang='lat' dir='ltr'><strong>altitudo</strong></span> <span class='ocrx_word' id='word_1_337' title='bbox 2349 3949 2484 4005; x_wconf 78' lang='lat' dir='ltr'><strong>ﬁdes</strong></span> <span class='ocrx_word' id='word_1_338' title='bbox 2510 3950 2796 4006; x_wconf 87' lang='lat' dir='ltr'><strong>Trinitatis</strong></span> <span class='ocrx_word' id='word_1_339' title='bbox 2842 3967 3009 4006; x_wconf 89' lang='lat' dir='ltr'><strong>unum</strong></span> <span class='ocrx_word' id='word_1_340' title='bbox 3039 3953 3278 4009; x_wconf 88' lang='lat' dir='ltr'><strong>cubitum</strong></span> <span class='ocrx_word' id='word_1_341' title='bbox 3323 3970 3492 4010; x_wconf 90' lang='lat' dir='ltr'><strong>unum</strong></span> 
     </span>
    </p>
   </div>
   <div class='ocr_carea' id='block_1_53' title="bbox 1909 4041 3491 4104">
    <p class='ocr_par' dir='ltr' id='par_1_53' title="bbox 1909 4041 3491 4104">
     <span class='ocr_line' id='line_1_54' title="bbox 1909 4041 3491 4104; baseline 0.004 -9"><span class='ocrx_word' id='word_1_342' title='bbox 1909 4041 2194 4097; x_wconf 90' lang='lat' dir='ltr'><strong>Dominum</strong></span> <span class='ocrx_word' id='word_1_343' title='bbox 2223 4042 2416 4099; x_wconf 87' lang='lat' dir='ltr'><strong>colere.</strong></span> <span class='ocrx_word' id='word_1_344' title='bbox 2458 4043 2727 4098; x_wconf 87' lang='lat' dir='ltr'><strong>Bitumina</strong></span> <span class='ocrx_word' id='word_1_345' title='bbox 2759 4044 2906 4099; x_wconf 89' lang='lat' dir='ltr'><strong>intus</strong></span> <span class='ocrx_word' id='word_1_346' title='bbox 2926 4053 2981 4100; x_wconf 91' lang='lat' dir='ltr'><strong>et</strong></span> <span class='ocrx_word' id='word_1_347' title='bbox 3010 4045 3142 4100; x_wconf 82' lang='lat' dir='ltr'><strong>foris</strong></span> <span class='ocrx_word' id='word_1_348' title='bbox 3168 4045 3491 4104; x_wconf 82' lang='lat' dir='ltr'><strong>charitatem</strong></span> 
     </span>
    </p>
   </div>
   <div class='ocr_carea' id='block_1_54' title="bbox 1909 4133 3491 4205">
    <p class='ocr_par' dir='ltr' id='par_1_54' title="bbox 1909 4133 3491 4205">
     <span class='ocr_line' id='line_1_55' title="bbox 1909 4133 3491 4205; baseline 0.003 -18"><span class='ocrx_word' id='word_1_349' title='bbox 1909 4133 2003 4189; x_wconf 89' lang='lat' dir='ltr'><strong>Dei</strong></span> <span class='ocrx_word' id='word_1_350' title='bbox 2033 4142 2089 4189; x_wconf 89' lang='lat' dir='ltr'><strong>et</strong></span> <span class='ocrx_word' id='word_1_351' title='bbox 2116 4135 2345 4204; x_wconf 81' lang='lat' dir='ltr'><strong>proximi</strong></span> <span class='ocrx_word' id='word_1_352' title='bbox 2386 4133 2677 4205; x_wconf 82' lang='lat' dir='ltr'><strong>signiﬁcat.</strong></span> <span class='ocrx_word' id='word_1_353' title='bbox 2731 4133 2863 4189; x_wconf 87' lang='lat' dir='ltr'><strong>Item</strong></span> <span class='ocrx_word' id='word_1_354' title='bbox 2892 4149 3018 4189; x_wconf 85' lang='lat' dir='ltr'><strong>arca</strong></span> <span class='ocrx_word' id='word_1_355' title='bbox 3056 4136 3362 4191; x_wconf 89' lang='lat' dir='ltr'><strong>testamenti</strong></span> <span class='ocrx_word' id='word_1_356' title='bbox 3394 4138 3491 4193; x_wconf 82' lang='lat' dir='ltr'><strong>ubi</strong></span> 
     </span>
    </p>
   </div>
   <div class='ocr_carea' id='block_1_55' title="bbox 1908 4221 3492 4294">
    <p class='ocr_par' dir='ltr' id='par_1_55' title="bbox 1908 4221 3492 4294">
     <span class='ocr_line' id='line_1_56' title="bbox 1908 4221 3492 4294; baseline 0.001 -16"><span class='ocrx_word' id='word_1_357' title='bbox 1908 4230 2067 4278; x_wconf 88' lang='lat' dir='ltr'><strong>erant</strong></span> <span class='ocrx_word' id='word_1_358' title='bbox 2095 4223 2212 4277; x_wconf 67' lang='lat' dir='ltr'><strong>dum</strong></span> <span class='ocrx_word' id='word_1_359' title='bbox 2253 4221 2447 4277; x_wconf 66' lang='lat' dir='ltr'><strong>tabulae</strong></span> <span class='ocrx_word' id='word_1_360' title='bbox 2487 4221 2710 4292; x_wconf 66' lang='lat' dir='ltr'><strong>lapidem</strong></span> <span class='ocrx_word' id='word_1_361' title='bbox 2751 4230 2807 4277; x_wconf 89' lang='lat' dir='ltr'><strong>et</strong></span> <span class='ocrx_word' id='word_1_362' title='bbox 2850 4222 3002 4294; x_wconf 84' lang='lat' dir='ltr'><strong>virga</strong></span> <span class='ocrx_word' id='word_1_363' title='bbox 3026 4222 3229 4288; x_wconf 80' lang='lat' dir='ltr'><strong>Aaron,</strong></span> <span class='ocrx_word' id='word_1_364' title='bbox 3256 4232 3492 4294; x_wconf 85' lang='lat' dir='ltr'><strong>quatuor</strong></span> 
     </span>
    </p>
   </div>
   <div class='ocr_carea' id='block_1_56' title="bbox 1908 4313 3493 4383">
    <p class='ocr_par' dir='ltr' id='par_1_56' title="bbox 1908 4313 3493 4383">
     <span class='ocr_line' id='line_1_57' title="bbox 1908 4313 3493 4383; baseline 0 -15"><span class='ocrx_word' id='word_1_365' title='bbox 1908 4313 2127 4369; x_wconf 87' lang='lat' dir='ltr'><strong>circulis</strong></span> <span class='ocrx_word' id='word_1_366' title='bbox 2173 4314 2354 4368; x_wconf 89' lang='lat' dir='ltr'><strong>aureis</strong></span> <span class='ocrx_word' id='word_1_367' title='bbox 2394 4313 2733 4383; x_wconf 88' lang='lat' dir='ltr'><strong>portabatur,</strong></span> <span class='ocrx_word' id='word_1_368' title='bbox 2765 4321 2823 4369; x_wconf 90' lang='lat' dir='ltr'><strong>et</strong></span> <span class='ocrx_word' id='word_1_369' title='bbox 2866 4321 3050 4369; x_wconf 88' lang='lat' dir='ltr'><strong>vectes</strong></span> <span class='ocrx_word' id='word_1_370' title='bbox 3095 4327 3163 4370; x_wconf 80' lang='lat' dir='ltr'><strong>ex</strong></span> <span class='ocrx_word' id='word_1_371' title='bbox 3211 4327 3348 4368; x_wconf 83' lang='lat' dir='ltr'><strong>auro</strong></span> <span class='ocrx_word' id='word_1_372' title='bbox 3399 4327 3493 4369; x_wconf 79' lang='lat' dir='ltr'><strong>eo-</strong></span> 
     </span>
    </p>
   </div>
   <div class='ocr_carea' id='block_1_57' title="bbox 1906 4401 3496 4475">
    <p class='ocr_par' dir='ltr' id='par_1_57' title="bbox 1906 4401 3496 4475">
     <span class='ocr_line' id='line_1_58' title="bbox 1906 4401 3496 4475; baseline 0.001 -18"><span class='ocrx_word' id='word_1_373' title='bbox 1906 4404 2083 4475; x_wconf 90' lang='lat' dir='ltr'><strong>operti</strong></span> <span class='ocrx_word' id='word_1_374' title='bbox 2129 4414 2361 4474; x_wconf 91' lang='lat' dir='ltr'><strong>quatuor</strong></span> <span class='ocrx_word' id='word_1_375' title='bbox 2383 4403 2739 4474; x_wconf 84' lang='lat' dir='ltr'><strong>evangelistas</strong></span> <span class='ocrx_word' id='word_1_376' title='bbox 2770 4403 3109 4475; x_wconf 80' lang='lat' dir='ltr'><strong>signiﬁcant;</strong></span> <span class='ocrx_word' id='word_1_377' title='bbox 3143 4417 3268 4458; x_wconf 85' lang='lat' dir='ltr'><strong>arca</strong></span> <span class='ocrx_word' id='word_1_378' title='bbox 3309 4401 3496 4458; x_wconf 82' lang='lat' dir='ltr'><strong>Eccle-</strong></span> 
     </span>
    </p>
   </div>
   <div class='ocr_carea' id='block_1_58' title="bbox 1909 4492 3494 4560">
    <p class='ocr_par' dir='ltr' id='par_1_58' title="bbox 1909 4492 3494 4560">
     <span class='ocr_line' id='line_1_59' title="bbox 1909 4492 3494 4560; baseline -0.003 -12"><span class='ocrx_word' id='word_1_379' title='bbox 1909 4495 2066 4560; x_wconf 81' lang='lat' dir='ltr'><strong>slam,</strong></span> <span class='ocrx_word' id='word_1_380' title='bbox 2095 4502 2279 4550; x_wconf 88' lang='lat' dir='ltr'><strong>vectes</strong></span> <span class='ocrx_word' id='word_1_381' title='bbox 2303 4495 2572 4560; x_wconf 87' lang='lat' dir='ltr'><strong>doctores,</strong></span> <span class='ocrx_word' id='word_1_382' title='bbox 2605 4494 2746 4549; x_wconf 87' lang='lat' dir='ltr'><strong>sicut</strong></span> <span class='ocrx_word' id='word_1_383' title='bbox 2777 4493 2851 4548; x_wconf 91' lang='lat' dir='ltr'><strong>illi</strong></span> <span class='ocrx_word' id='word_1_384' title='bbox 2885 4492 3204 4549; x_wconf 88' lang='lat' dir='ltr'><strong>circumdati</strong></span> <span class='ocrx_word' id='word_1_385' title='bbox 3234 4500 3391 4546; x_wconf 89' lang='lat' dir='ltr'><strong>erant</strong></span> <span class='ocrx_word' id='word_1_386' title='bbox 3421 4492 3494 4545; x_wconf 88' lang='lat' dir='ltr'><strong>ab</strong></span> 
     </span>
    </p>
   </div>
   <div class='ocr_carea' id='block_1_59' title="bbox 1908 4579 3494 4650">
    <p class='ocr_par' dir='ltr' id='par_1_59' title="bbox 1908 4579 3494 4650">
     <span class='ocr_line' id='line_1_60' title="bbox 1908 4579 3494 4650; baseline -0.003 -11"><span class='ocrx_word' id='word_1_387' title='bbox 1908 4585 2143 4650; x_wconf 90' lang='lat' dir='ltr'><strong>annulis,</strong></span> <span class='ocrx_word' id='word_1_388' title='bbox 2169 4586 2243 4640; x_wconf 89' lang='lat' dir='ltr'><strong>ita</strong></span> <span class='ocrx_word' id='word_1_389' title='bbox 2273 4584 2581 4640; x_wconf 89' lang='lat' dir='ltr'><strong>sacerdotes</strong></span> <span class='ocrx_word' id='word_1_390' title='bbox 2606 4585 2674 4639; x_wconf 93' lang='lat' dir='ltr'><strong>de</strong></span> <span class='ocrx_word' id='word_1_391' title='bbox 2693 4583 2873 4639; x_wconf 82' lang='lat' dir='ltr'><strong>Veteri</strong></span> <span class='ocrx_word' id='word_1_392' title='bbox 2896 4591 2951 4638; x_wconf 90' lang='lat' dir='ltr'><strong>et</strong></span> <span class='ocrx_word' id='word_1_393' title='bbox 2973 4582 3121 4637; x_wconf 86' lang='lat' dir='ltr'><strong>Novo</strong></span> <span class='ocrx_word' id='word_1_394' title='bbox 3143 4579 3494 4635; x_wconf 82' lang='lat' dir='ltr'><strong>Testamento</strong></span> 
     </span>
    </p>
   </div>
   <div class='ocr_carea' id='block_1_60' title="bbox 1908 4671 3494 4747">
    <p class='ocr_par' dir='ltr' id='par_1_60' title="bbox 1908 4671 3494 4747">
     <span class='ocr_line' id='line_1_61' title="bbox 1908 4671 3494 4747; baseline -0.003 -17"><span class='ocrx_word' id='word_1_395' title='bbox 1908 4677 2088 4743; x_wconf 93' lang='lat' dir='ltr'><strong>docti,</strong></span> <span class='ocrx_word' id='word_1_396' title='bbox 2147 4683 2380 4747; x_wconf 87' lang='lat' dir='ltr'><strong>quatuor</strong></span> <span class='ocrx_word' id='word_1_397' title='bbox 2424 4674 2764 4746; x_wconf 85' lang='lat' dir='ltr'><strong>evangelistae</strong></span> <span class='ocrx_word' id='word_1_398' title='bbox 2817 4683 3035 4745; x_wconf 88' lang='lat' dir='ltr'><strong>portant</strong></span> <span class='ocrx_word' id='word_1_399' title='bbox 3081 4671 3379 4728; x_wconf 85' lang='lat' dir='ltr'><strong>Ecclesiam</strong></span> <span class='ocrx_word' id='word_1_400' title='bbox 3422 4671 3494 4726; x_wconf 78' lang='lat' dir='ltr'><strong>ab</strong></span> 
     </span>
    </p>
   </div>
   <div class='ocr_carea' id='block_1_61' title="bbox 232 4751 3495 4836">
    <p class='ocr_par' dir='ltr' id='par_1_61' title="bbox 232 4751 3495 4836">
     <span class='ocr_line' id='line_1_62' title="bbox 232 4751 3495 4836; baseline 0 -21"><span class='ocrx_word' id='word_1_401' title='bbox 232 4761 462 4833; x_wconf 87' lang='lat' dir='ltr'><strong>irrigant</strong></span> <span class='ocrx_word' id='word_1_402' title='bbox 509 4763 765 4818; x_wconf 91' lang='lat' dir='ltr'><strong>mundum</strong></span> <span class='ocrx_word' id='word_1_403' title='bbox 785 4803 801 4830; x_wconf 91' lang='lat'><strong>,</strong></span> <span class='ocrx_word' id='word_1_404' title='bbox 831 4762 881 4817; x_wconf 92' lang='lat' dir='ltr'><strong>id</strong></span> <span class='ocrx_word' id='word_1_405' title='bbox 905 4772 988 4819; x_wconf 90' lang='lat' dir='ltr'><strong>est</strong></span> <span class='ocrx_word' id='word_1_406' title='bbox 1017 4763 1314 4820; x_wconf 87' lang='lat' dir='ltr'><strong>Ecclesiam</strong></span> <span class='ocrx_word' id='word_1_407' title='bbox 1361 4781 1374 4817; x_wconf 90' lang='lat'><strong>:</strong></span> <span class='ocrx_word' id='word_1_408' title='bbox 1419 4773 1474 4820; x_wconf 90' lang='lat' dir='ltr'><strong>et</strong></span> <span class='ocrx_word' id='word_1_409' title='bbox 1499 4763 1812 4836; x_wconf 74' lang='lat' dir='ltr'><strong>signiﬁcant</strong></span> <span class='ocrx_word' id='word_1_410' title='bbox 1839 4751 1882 4814; x_wconf 91' lang='lat' dir='ltr'>C</span> <span class='ocrx_word' id='word_1_411' title='bbox 1916 4768 2108 4824; x_wconf 68' lang='lat' dir='ltr'><strong>haeresi</strong></span> <span class='ocrx_word' id='word_1_412' title='bbox 2135 4765 2502 4830; x_wconf 81' lang='lat' dir='ltr'><strong>defendendo;</strong></span> <span class='ocrx_word' id='word_1_413' title='bbox 2537 4780 2633 4836; x_wconf 88' lang='lat' dir='ltr'><strong>per</strong></span> <span class='ocrx_word' id='word_1_414' title='bbox 2662 4766 2869 4835; x_wconf 85' lang='lat' dir='ltr'><strong>virgam</strong></span> <span class='ocrx_word' id='word_1_415' title='bbox 2899 4778 3033 4818; x_wconf 84' lang='lat' dir='ltr'><strong>crux</strong></span> <span class='ocrx_word' id='word_1_416' title='bbox 3060 4753 3402 4826; x_wconf 67' lang='lat' dir='ltr'><strong>ostenditur;</strong></span> <span class='ocrx_word' id='word_1_417' title='bbox 3437 4771 3495 4816; x_wconf 88' lang='lat' dir='ltr'><strong>et</strong></span> 
     </span>
    </p>
   </div>
   <div class='ocr_carea' id='block_1_62' title="bbox 231 4853 1805 4926">
    <p class='ocr_par' dir='ltr' id='par_1_62' title="bbox 231 4853 1805 4926">
     <span class='ocr_line' id='line_1_63' title="bbox 231 4853 1805 4926; baseline 0.004 -21"><span class='ocrx_word' id='word_1_418' title='bbox 231 4859 470 4922; x_wconf 85' lang='lat' dir='ltr'><strong>quatuor</strong></span> <span class='ocrx_word' id='word_1_419' title='bbox 526 4853 754 4908; x_wconf 88' lang='lat' dir='ltr'><strong>virtutes</strong></span> <span class='ocrx_word' id='word_1_420' title='bbox 793 4871 808 4906; x_wconf 88' lang='lat'><strong>:</strong></span> <span class='ocrx_word' id='word_1_421' title='bbox 851 4853 904 4908; x_wconf 88' lang='lat' dir='ltr'><strong>ld</strong></span> <span class='ocrx_word' id='word_1_422' title='bbox 942 4863 1027 4908; x_wconf 90' lang='lat' dir='ltr'><strong>est</strong></span> <span class='ocrx_word' id='word_1_423' title='bbox 1069 4854 1442 4924; x_wconf 90' lang='lat' dir='ltr'><strong>prudentiam,</strong></span> <span class='ocrx_word' id='word_1_424' title='bbox 1498 4863 1805 4926; x_wconf 88' lang='lat' dir='ltr'><strong>temperan-</strong></span> 
     </span>
    </p>
   </div>
   <div class='ocr_carea' id='block_1_63' title="bbox 237 4943 1805 5017">
    <p class='ocr_par' dir='ltr' id='par_1_63' title="bbox 237 4943 1805 5017">
     <span class='ocr_line' id='line_1_64' title="bbox 237 4943 1805 5017; baseline 0.003 -19"><span class='ocrx_word' id='word_1_425' title='bbox 237 4943 391 5009; x_wconf 90' lang='lat' dir='ltr'><strong>tiam,</strong></span> <span class='ocrx_word' id='word_1_426' title='bbox 423 4943 813 5008; x_wconf 80' lang='lat' dir='ltr'><strong>lortitudinem,</strong></span> <span class='ocrx_word' id='word_1_427' title='bbox 845 4953 898 4999; x_wconf 91' lang='lat' dir='ltr'><strong>et</strong></span> <span class='ocrx_word' id='word_1_428' title='bbox 918 4943 1184 5014; x_wconf 88' lang='lat' dir='ltr'><strong>justitiam</strong></span> <span class='ocrx_word' id='word_1_429' title='bbox 1209 4962 1224 5000; x_wconf 91' lang='lat'><strong>:</strong></span> <span class='ocrx_word' id='word_1_430' title='bbox 1249 4954 1303 5002; x_wconf 91' lang='lat' dir='ltr'><strong>et</strong></span> <span class='ocrx_word' id='word_1_431' title='bbox 1330 4947 1469 5002; x_wconf 89' lang='lat' dir='ltr'><strong>sicut</strong></span> <span class='ocrx_word' id='word_1_432' title='bbox 1495 4947 1805 5017; x_wconf 88' lang='lat' dir='ltr'><strong>paradisum</strong></span> 
     </span>
    </p>
   </div>
   <div class='ocr_carea' id='block_1_64' title="bbox 235 5034 1806 5115">
    <p class='ocr_par' dir='ltr' id='par_1_64' title="bbox 235 5034 1806 5115">
     <span class='ocr_line' id='line_1_65' title="bbox 235 5034 1806 5115; baseline 0.004 -28"><span class='ocrx_word' id='word_1_433' title='bbox 235 5034 462 5106; x_wconf 89' lang='lat' dir='ltr'><strong>irrigant</strong></span> <span class='ocrx_word' id='word_1_434' title='bbox 505 5043 738 5106; x_wconf 89' lang='lat' dir='ltr'><strong>quatuor</strong></span> <span class='ocrx_word' id='word_1_435' title='bbox 781 5035 1022 5101; x_wconf 88' lang='lat' dir='ltr'><strong>ﬁumina,</strong></span> <span class='ocrx_word' id='word_1_436' title='bbox 1073 5037 1151 5092; x_wconf 90' lang='lat' dir='ltr'><strong>sic</strong></span> <span class='ocrx_word' id='word_1_437' title='bbox 1183 5045 1240 5092; x_wconf 91' lang='lat' dir='ltr'><strong>et</strong></span> <span class='ocrx_word' id='word_1_438' title='bbox 1279 5046 1662 5115; x_wconf 63' lang='lat' dir='ltr'><strong>cornostruyn</strong></span> <span class='ocrx_word' id='word_1_439' title='bbox 1707 5039 1806 5093; x_wconf 90' lang='lat' dir='ltr'><strong>has</strong></span> 
     </span>
    </p>
   </div>
   <div class='ocr_carea' id='block_1_65' title="bbox 239 5126 1808 5197">
    <p class='ocr_par' dir='ltr' id='par_1_65' title="bbox 239 5126 1808 5197">
     <span class='ocr_line' id='line_1_66' title="bbox 239 5126 1808 5197; baseline 0.003 -18"><span class='ocrx_word' id='word_1_440' title='bbox 239 5134 473 5195; x_wconf 80' lang='lat' dir='ltr'><strong>quatuor</strong></span> <span class='ocrx_word' id='word_1_441' title='bbox 531 5127 759 5182; x_wconf 89' lang='lat' dir='ltr'><strong>virtutes</strong></span> <span class='ocrx_word' id='word_1_442' title='bbox 810 5135 866 5182; x_wconf 91' lang='lat' dir='ltr'><strong>et</strong></span> <span class='ocrx_word' id='word_1_443' title='bbox 911 5127 1071 5182; x_wconf 84' lang='lat' dir='ltr'><strong>homo</strong></span> <span class='ocrx_word' id='word_1_444' title='bbox 1130 5143 1197 5183; x_wconf 86' lang='lat' dir='ltr'><strong>ex</strong></span> <span class='ocrx_word' id='word_1_445' title='bbox 1242 5136 1474 5197; x_wconf 89' lang='lat' dir='ltr'><strong>quatuor</strong></span> <span class='ocrx_word' id='word_1_446' title='bbox 1527 5126 1808 5184; x_wconf 68' lang='lat' dir='ltr'><strong>elelncntis</strong></span> 
     </span>
    </p>
   </div>
   <div class='ocr_carea' id='block_1_66' title="bbox 234 5219 1812 5292">
    <p class='ocr_par' dir='ltr' id='par_1_66' title="bbox 234 5219 1812 5292">
     <span class='ocr_line' id='line_1_67' title="bbox 234 5219 1812 5292; baseline 0.003 -20"><span class='ocrx_word' id='word_1_447' title='bbox 234 5219 514 5286; x_wconf 87' lang='lat' dir='ltr'><strong>consistit;</strong></span> <span class='ocrx_word' id='word_1_448' title='bbox 559 5233 626 5274; x_wconf 87' lang='lat' dir='ltr'><strong>ex</strong></span> <span class='ocrx_word' id='word_1_449' title='bbox 657 5235 804 5286; x_wconf 87' lang='lat' dir='ltr'><strong>aere,</strong></span> <span class='ocrx_word' id='word_1_450' title='bbox 833 5220 975 5292; x_wconf 90' lang='lat' dir='ltr'><strong>igne,</strong></span> <span class='ocrx_word' id='word_1_451' title='bbox 1007 5229 1061 5276; x_wconf 90' lang='lat' dir='ltr'><strong>et</strong></span> <span class='ocrx_word' id='word_1_452' title='bbox 1095 5236 1254 5291; x_wconf 89' lang='lat' dir='ltr'><strong>aqua,</strong></span> <span class='ocrx_word' id='word_1_453' title='bbox 1285 5229 1341 5276; x_wconf 90' lang='lat' dir='ltr'><strong>et</strong></span> <span class='ocrx_word' id='word_1_454' title='bbox 1369 5229 1534 5275; x_wconf 89' lang='lat' dir='ltr'><strong>terra.</strong></span> <span class='ocrx_word' id='word_1_455' title='bbox 1577 5221 1656 5274; x_wconf 80' lang='lat' dir='ltr'><strong>Ex</strong></span> <span class='ocrx_word' id='word_1_456' title='bbox 1685 5235 1812 5277; x_wconf 88' lang='lat' dir='ltr'><strong>aere</strong></span> 
     </span>
    </p>
   </div>
   <div class='ocr_carea' id='block_1_67' title="bbox 235 5309 1806 5383">
    <p class='ocr_par' dir='ltr' id='par_1_67' title="bbox 235 5309 1806 5383">
     <span class='ocr_line' id='line_1_68' title="bbox 235 5309 1806 5383; baseline 0.003 -19"><span class='ocrx_word' id='word_1_457' title='bbox 235 5310 432 5368; x_wconf 86' lang='lat' dir='ltr'><strong>ﬂatus:</strong></span> <span class='ocrx_word' id='word_1_458' title='bbox 472 5310 599 5383; x_wconf 89' lang='lat' dir='ltr'><strong>lgnc</strong></span> <span class='ocrx_word' id='word_1_459' title='bbox 639 5311 881 5382; x_wconf 88' lang='lat' dir='ltr'><strong>sanguis,</strong></span> <span class='ocrx_word' id='word_1_460' title='bbox 924 5327 1063 5382; x_wconf 91' lang='lat' dir='ltr'><strong>aqua</strong></span> <span class='ocrx_word' id='word_1_461' title='bbox 1106 5309 1347 5376; x_wconf 82' lang='lat' dir='ltr'><strong>ﬂamma,</strong></span> <span class='ocrx_word' id='word_1_462' title='bbox 1393 5320 1534 5365; x_wconf 85' lang='lat' dir='ltr'><strong>terra</strong></span> <span class='ocrx_word' id='word_1_463' title='bbox 1583 5327 1806 5382; x_wconf 87' lang='lat' dir='ltr'><strong>corpus:</strong></span> 
     </span>
    </p>
   </div>
   <div class='ocr_carea' id='block_1_68' title="bbox 238 5402 1806 5475">
    <p class='ocr_par' dir='ltr' id='par_1_68' title="bbox 238 5402 1806 5475">
     <span class='ocr_line' id='line_1_69' title="bbox 238 5402 1806 5475; baseline 0.001 -18"><span class='ocrx_word' id='word_1_464' title='bbox 238 5417 333 5473; x_wconf 89' lang='lat' dir='ltr'><strong>per</strong></span> <span class='ocrx_word' id='word_1_465' title='bbox 368 5414 530 5475; x_wconf 87' lang='lat' dir='ltr'><strong>caput</strong></span> <span class='ocrx_word' id='word_1_466' title='bbox 568 5404 786 5470; x_wconf 65' lang='lat' dir='ltr'><strong>malum,</strong></span> <span class='ocrx_word' id='word_1_467' title='bbox 820 5403 908 5459; x_wconf 86' lang='lat' dir='ltr'><strong>ubi</strong></span> <span class='ocrx_word' id='word_1_468' title='bbox 943 5414 1068 5459; x_wconf 89' lang='lat' dir='ltr'><strong>sunt</strong></span> <span class='ocrx_word' id='word_1_469' title='bbox 1105 5405 1213 5458; x_wconf 90' lang='lat' dir='ltr'><strong>duo</strong></span> <span class='ocrx_word' id='word_1_470' title='bbox 1251 5402 1571 5469; x_wconf 65' lang='lat' dir='ltr'><strong>luminaria;</strong></span> <span class='ocrx_word' id='word_1_471' title='bbox 1601 5413 1806 5473; x_wconf 90' lang='lat' dir='ltr'><strong>pectus,</strong></span> 
     </span>
    </p>
   </div>
   <div class='ocr_carea' id='block_1_69' title="bbox 240 5492 1808 5566">
    <p class='ocr_par' dir='ltr' id='par_1_69' title="bbox 240 5492 1808 5566">
     <span class='ocr_line' id='line_1_70' title="bbox 240 5492 1808 5566; baseline 0 -18"><span class='ocrx_word' id='word_1_472' title='bbox 240 5511 360 5562; x_wconf 88' lang='lat' dir='ltr'><strong>aer;</strong></span> <span class='ocrx_word' id='word_1_473' title='bbox 395 5505 584 5551; x_wconf 84' lang='lat' dir='ltr'><strong>venter</strong></span> <span class='ocrx_word' id='word_1_474' title='bbox 627 5511 854 5566; x_wconf 91' lang='lat' dir='ltr'><strong>aquam;</strong></span> <span class='ocrx_word' id='word_1_475' title='bbox 904 5495 1070 5566; x_wconf 88' lang='lat' dir='ltr'><strong>pedes</strong></span> <span class='ocrx_word' id='word_1_476' title='bbox 1112 5503 1334 5550; x_wconf 89' lang='lat' dir='ltr'><strong>terram.</strong></span> <span class='ocrx_word' id='word_1_477' title='bbox 1388 5493 1544 5558; x_wconf 72' lang='lat' dir='ltr'><strong>Item,-</strong></span> <span class='ocrx_word' id='word_1_478' title='bbox 1573 5492 1743 5549; x_wconf 86' lang='lat' dir='ltr'><strong>Adam</strong></span> <span class='ocrx_word' id='word_1_479' title='bbox 1777 5511 1808 5548; x_wconf 89' lang='lat' dir='ltr'><strong>a</strong></span> 
     </span>
    </p>
   </div>
   <div class='ocr_carea' id='block_1_70' title="bbox 239 5584 1811 5656">
    <p class='ocr_par' dir='ltr' id='par_1_70' title="bbox 239 5584 1811 5656">
     <span class='ocr_line' id='line_1_71' title="bbox 239 5584 1811 5656; baseline 0.002 -19"><span class='ocrx_word' id='word_1_480' title='bbox 239 5595 471 5656; x_wconf 85' lang='lat' dir='ltr'><strong>quatuor</strong></span> <span class='ocrx_word' id='word_1_481' title='bbox 505 5587 720 5653; x_wconf 90' lang='lat' dir='ltr'><strong>litteris,</strong></span> <span class='ocrx_word' id='word_1_482' title='bbox 751 5593 807 5641; x_wconf 91' lang='lat' dir='ltr'><strong>et</strong></span> <span class='ocrx_word' id='word_1_483' title='bbox 837 5601 867 5641; x_wconf 90' lang='lat' dir='ltr'><strong>a</strong></span> <span class='ocrx_word' id='word_1_484' title='bbox 896 5595 1128 5656; x_wconf 88' lang='lat' dir='ltr'><strong>quatuor</strong></span> <span class='ocrx_word' id='word_1_485' title='bbox 1155 5584 1325 5643; x_wconf 88' lang='lat' dir='ltr'><strong>stellis</strong></span> <span class='ocrx_word' id='word_1_486' title='bbox 1353 5600 1551 5640; x_wconf 80' lang='lat' dir='ltr'><strong>nomen</strong></span> <span class='ocrx_word' id='word_1_487' title='bbox 1581 5586 1811 5655; x_wconf 85' lang='lat' dir='ltr'><strong>accepit,</strong></span> 
     </span>
    </p>
   </div>
   <div class='ocr_carea' id='block_1_71' title="bbox 242 5676 1818 5748">
    <p class='ocr_par' dir='ltr' id='par_1_71' title="bbox 242 5676 1818 5748">
     <span class='ocr_line' id='line_1_72' title="bbox 242 5676 1818 5748; baseline 0.003 -20"><span class='ocrx_word' id='word_1_488' title='bbox 242 5678 384 5746; x_wconf 87' lang='lat' dir='ltr'><strong>quod</strong></span> <span class='ocrx_word' id='word_1_489' title='bbox 411 5687 498 5734; x_wconf 82' lang='lat' dir='ltr'><strong>est</strong></span> <span class='ocrx_word' id='word_1_490' title='bbox 525 5678 679 5740; x_wconf 72' lang='lat' dir='ltr'><strong>artis,</strong></span> <span class='ocrx_word' id='word_1_491' title='bbox 699 5677 866 5743; x_wconf 73' lang='lat' dir='ltr'><strong>desis,</strong></span> <span class='ocrx_word' id='word_1_492' title='bbox 901 5677 1182 5740; x_wconf 69' lang='lat' dir='ltr'><strong>antithetis,</strong></span> <span class='ocrx_word' id='word_1_493' title='bbox 1214 5676 1511 5730; x_wconf 69' lang='lat' dir='ltr'><strong>nterimbrio</strong></span> <span class='ocrx_word' id='word_1_494' title='bbox 1533 5692 1551 5731; x_wconf 87' lang='lat'><strong>:</strong></span> <span class='ocrx_word' id='word_1_495' title='bbox 1575 5676 1658 5732; x_wconf 76' lang='lat' dir='ltr'><strong>vel</strong></span> <span class='ocrx_word' id='word_1_496' title='bbox 1686 5691 1818 5748; x_wconf 50' lang='lat' dir='ltr'><strong>quad</strong></span> 
     </span>
    </p>
   </div>
   <div class='ocr_carea' id='block_1_72' title="bbox 1916 4850 3494 4930">
    <p class='ocr_par' dir='ltr' id='par_1_72' title="bbox 1916 4850 3494 4930">
     <span class='ocr_line' id='line_1_73' title="bbox 1916 4850 3494 4930; baseline -0.004 -15"><span class='ocrx_word' id='word_1_497' title='bbox 1916 4861 2055 4916; x_wconf 84' lang='lat' dir='ltr'><strong>sicut</strong></span> <span class='ocrx_word' id='word_1_498' title='bbox 2081 4857 2401 4930; x_wconf 88' lang='lat' dir='ltr'><strong>quadratum</strong></span> <span class='ocrx_word' id='word_1_499' title='bbox 2447 4856 2646 4927; x_wconf 89' lang='lat' dir='ltr'><strong>lignum</strong></span> <span class='ocrx_word' id='word_1_500' title='bbox 2676 4857 2732 4910; x_wconf 91' lang='lat' dir='ltr'><strong>in</strong></span> <span class='ocrx_word' id='word_1_501' title='bbox 2757 4871 2861 4925; x_wconf 88' lang='lat' dir='ltr'><strong>qua</strong></span> <span class='ocrx_word' id='word_1_502' title='bbox 2885 4863 3038 4924; x_wconf 89' lang='lat' dir='ltr'><strong>parte</strong></span> <span class='ocrx_word' id='word_1_503' title='bbox 3082 4867 3298 4908; x_wconf 81' lang='lat' dir='ltr'><strong>versum</strong></span> <span class='ocrx_word' id='word_1_504' title='bbox 3327 4850 3494 4908; x_wconf 76' lang='lat' dir='ltr'><strong>fuerit</strong></span> 
     </span>
    </p>
   </div>
   <div class='ocr_carea' id='block_1_73' title="bbox 1915 4944 3491 5016">
    <p class='ocr_par' dir='ltr' id='par_1_73' title="bbox 1915 4944 3491 5016">
     <span class='ocr_line' id='line_1_74' title="bbox 1915 4944 3491 5016; baseline -0.003 -11"><span class='ocrx_word' id='word_1_505' title='bbox 1915 4950 2128 5005; x_wconf 86' lang='lat' dir='ltr'><strong>ﬁrmum</strong></span> <span class='ocrx_word' id='word_1_506' title='bbox 2155 4957 2264 5004; x_wconf 89' lang='lat' dir='ltr'><strong>stat</strong></span> <span class='ocrx_word' id='word_1_507' title='bbox 2295 4965 2307 5003; x_wconf 90' lang='lat'><strong>:</strong></span> <span class='ocrx_word' id='word_1_508' title='bbox 2336 4948 2413 5002; x_wconf 89' lang='lat' dir='ltr'><strong>Ita</strong></span> <span class='ocrx_word' id='word_1_509' title='bbox 2442 4948 2602 5002; x_wconf 89' lang='lat' dir='ltr'><strong>homo</strong></span> <span class='ocrx_word' id='word_1_510' title='bbox 2629 4961 2696 5001; x_wconf 80' lang='lat' dir='ltr'><strong>ex</strong></span> <span class='ocrx_word' id='word_1_511' title='bbox 2723 4955 2956 5016; x_wconf 90' lang='lat' dir='ltr'><strong>quatuor</strong></span> <span class='ocrx_word' id='word_1_512' title='bbox 2987 4944 3329 5014; x_wconf 77' lang='lat' dir='ltr'><strong>evangelistis</strong></span> <span class='ocrx_word' id='word_1_513' title='bbox 3357 4945 3491 5000; x_wconf 60' lang='lat' dir='ltr'><strong>edo.</strong></span> 
     </span>
    </p>
   </div>
   <div class='ocr_carea' id='block_1_74' title="bbox 1914 5034 3488 5095">
    <p class='ocr_par' dir='ltr' id='par_1_74' title="bbox 1914 5034 3488 5095">
     <span class='ocr_line' id='line_1_75' title="bbox 1914 5034 3488 5095; baseline -0.004 0"><span class='ocrx_word' id='word_1_514' title='bbox 1914 5049 2035 5095; x_wconf 84' lang='lat' dir='ltr'><strong>ctus</strong></span> <span class='ocrx_word' id='word_1_515' title='bbox 2078 5049 2263 5094; x_wconf 90' lang='lat' dir='ltr'><strong>contra</strong></span> <span class='ocrx_word' id='word_1_516' title='bbox 2307 5038 2555 5092; x_wconf 67' lang='lat' dir='ltr'><strong>haeresim</strong></span> <span class='ocrx_word' id='word_1_517' title='bbox 2602 5045 2658 5091; x_wconf 91' lang='lat' dir='ltr'><strong>et</strong></span> <span class='ocrx_word' id='word_1_518' title='bbox 2705 5035 3107 5090; x_wconf 84' lang='lat' dir='ltr'><strong>tribulationem</strong></span> <span class='ocrx_word' id='word_1_519' title='bbox 3155 5035 3345 5090; x_wconf 86' lang='lat' dir='ltr'><strong>ﬁrmus</strong></span> <span class='ocrx_word' id='word_1_520' title='bbox 3372 5034 3488 5089; x_wconf 86' lang='lat' dir='ltr'><strong>ﬁat.</strong></span> 
     </span>
    </p>
   </div>
   <div class='ocr_carea' id='block_1_75' title="bbox 1914 5125 3490 5193">
    <p class='ocr_par' dir='ltr' id='par_1_75' title="bbox 1914 5125 3490 5193">
     <span class='ocr_line' id='line_1_76' title="bbox 1914 5125 3490 5193; baseline -0.003 -9"><span class='ocrx_word' id='word_1_521' title='bbox 1914 5131 2046 5185; x_wconf 82' lang='lat' dir='ltr'><strong>Item</strong></span> <span class='ocrx_word' id='word_1_522' title='bbox 2077 5129 2359 5184; x_wconf 74' lang='lat' dir='ltr'><strong>Matthazus</strong></span> <span class='ocrx_word' id='word_1_523' title='bbox 2396 5129 2646 5193; x_wconf 87' lang='lat' dir='ltr'><strong>donatus,</strong></span> <span class='ocrx_word' id='word_1_524' title='bbox 2690 5127 2903 5182; x_wconf 76' lang='lat' dir='ltr'><strong>Marcus</strong></span> <span class='ocrx_word' id='word_1_525' title='bbox 2943 5127 3142 5182; x_wconf 88' lang='lat' dir='ltr'><strong>donum</strong></span> <span class='ocrx_word' id='word_1_526' title='bbox 3181 5125 3490 5182; x_wconf 86' lang='lat' dir='ltr'><strong>excelsum:</strong></span> 
     </span>
    </p>
   </div>
   <div class='ocr_carea' id='block_1_76' title="bbox 1914 5215 3493 5288">
    <p class='ocr_par' dir='ltr' id='par_1_76' title="bbox 1914 5215 3493 5288">
     <span class='ocr_line' id='line_1_77' title="bbox 1914 5215 3493 5288; baseline -0.004 -12"><span class='ocrx_word' id='word_1_527' title='bbox 1914 5220 2088 5276; x_wconf 88' lang='lat' dir='ltr'><strong>Lucas</strong></span> <span class='ocrx_word' id='word_1_528' title='bbox 2133 5233 2467 5288; x_wconf 86' lang='lat' dir='ltr'><strong>consurgens</strong></span> <span class='ocrx_word' id='word_1_529' title='bbox 2510 5233 2525 5271; x_wconf 90' lang='lat'><strong>:</strong></span> <span class='ocrx_word' id='word_1_530' title='bbox 2574 5216 2813 5272; x_wconf 88' lang='lat' dir='ltr'><strong>Joannes</strong></span> <span class='ocrx_word' id='word_1_531' title='bbox 2858 5216 3031 5288; x_wconf 88' lang='lat' dir='ltr'><strong>gratia</strong></span> <span class='ocrx_word' id='word_1_532' title='bbox 3080 5216 3313 5271; x_wconf 84' lang='lat' dir='ltr'><strong>Domini.</strong></span> <span class='ocrx_word' id='word_1_533' title='bbox 3360 5215 3493 5270; x_wconf 83' lang='lat' dir='ltr'><strong>item</strong></span> 
     </span>
    </p>
   </div>
   <div class='ocr_carea' id='block_1_77' title="bbox 1916 5305 3490 5379">
    <p class='ocr_par' dir='ltr' id='par_1_77' title="bbox 1916 5305 3490 5379">
     <span class='ocr_line' id='line_1_78' title="bbox 1916 5305 3490 5379; baseline -0.005 -13"><span class='ocrx_word' id='word_1_534' title='bbox 1916 5321 2030 5366; x_wconf 88' lang='lat' dir='ltr'><strong>rota</strong></span> <span class='ocrx_word' id='word_1_535' title='bbox 2053 5311 2106 5366; x_wconf 91' lang='lat' dir='ltr'><strong>in</strong></span> <span class='ocrx_word' id='word_1_536' title='bbox 2135 5320 2270 5373; x_wconf 86' lang='lat' dir='ltr'><strong>rota,</strong></span> <span class='ocrx_word' id='word_1_537' title='bbox 2295 5309 2529 5379; x_wconf 89' lang='lat' dir='ltr'><strong>Spiritus</strong></span> <span class='ocrx_word' id='word_1_538' title='bbox 2552 5309 2608 5364; x_wconf 85' lang='lat' dir='ltr'><strong>in</strong></span> <span class='ocrx_word' id='word_1_539' title='bbox 2632 5317 2772 5372; x_wconf 85' lang='lat' dir='ltr'><strong>rota,</strong></span> <span class='ocrx_word' id='word_1_540' title='bbox 2795 5308 3105 5378; x_wconf 73' lang='lat' dir='ltr'><strong>pmdicatio</strong></span> <span class='ocrx_word' id='word_1_541' title='bbox 3129 5306 3403 5379; x_wconf 79' lang='lat' dir='ltr'><strong>Evangelii</strong></span> <span class='ocrx_word' id='word_1_542' title='bbox 3438 5305 3490 5359; x_wconf 88' lang='lat' dir='ltr'><strong>in</strong></span> 
     </span>
    </p>
   </div>
   <div class='ocr_carea' id='block_1_78' title="bbox 1914 5396 3492 5473">
    <p class='ocr_par' dir='ltr' id='par_1_78' title="bbox 1914 5396 3492 5473">
     <span class='ocr_line' id='line_1_79' title="bbox 1914 5396 3492 5473; baseline -0.005 -15"><span class='ocrx_word' id='word_1_543' title='bbox 1914 5403 2116 5459; x_wconf 88' lang='lat' dir='ltr'><strong>mundo</strong></span> <span class='ocrx_word' id='word_1_544' title='bbox 2140 5402 2322 5473; x_wconf 88' lang='lat' dir='ltr'><strong>girans</strong></span> <span class='ocrx_word' id='word_1_545' title='bbox 2353 5418 2365 5453; x_wconf 91' lang='lat'><strong>:</strong></span> <span class='ocrx_word' id='word_1_546' title='bbox 2399 5399 2636 5470; x_wconf 85' lang='lat' dir='ltr'><strong>Spiritus</strong></span> <span class='ocrx_word' id='word_1_547' title='bbox 2656 5401 2709 5455; x_wconf 92' lang='lat' dir='ltr'><strong>in</strong></span> <span class='ocrx_word' id='word_1_548' title='bbox 2755 5409 2895 5465; x_wconf 81' lang='lat' dir='ltr'><strong>rota,</strong></span> <span class='ocrx_word' id='word_1_549' title='bbox 2927 5399 3160 5470; x_wconf 81' lang='lat' dir='ltr'><strong>Spiritus</strong></span> <span class='ocrx_word' id='word_1_550' title='bbox 3189 5406 3412 5455; x_wconf 80' lang='lat' dir='ltr'><strong>sanctus</strong></span> <span class='ocrx_word' id='word_1_551' title='bbox 3439 5396 3492 5450; x_wconf 89' lang='lat' dir='ltr'><strong>in</strong></span> 
     </span>
    </p>
   </div>
   <div class='ocr_carea' id='block_1_79' title="bbox 1919 5491 3497 5563">
    <p class='ocr_par' dir='ltr' id='par_1_79' title="bbox 1919 5491 3497 5563">
     <span class='ocr_line' id='line_1_80' title="bbox 1919 5491 3497 5563; baseline -0.004 -15"><span class='ocrx_word' id='word_1_552' title='bbox 1919 5494 2206 5563; x_wconf 77' lang='lat' dir='ltr'><strong>Evangelia</strong></span> <span class='ocrx_word' id='word_1_553' title='bbox 2231 5511 2245 5547; x_wconf 91' lang='lat'><strong>:</strong></span> <span class='ocrx_word' id='word_1_554' title='bbox 2269 5492 2399 5547; x_wconf 89' lang='lat' dir='ltr'><strong>Item</strong></span> <span class='ocrx_word' id='word_1_555' title='bbox 2426 5508 2523 5547; x_wconf 80' lang='lat' dir='ltr'><strong>vas</strong></span> <span class='ocrx_word' id='word_1_556' title='bbox 2547 5491 2767 5546; x_wconf 89' lang='lat' dir='ltr'><strong>linteum</strong></span> <span class='ocrx_word' id='word_1_557' title='bbox 2795 5500 2850 5546; x_wconf 89' lang='lat' dir='ltr'><strong>et</strong></span> <span class='ocrx_word' id='word_1_558' title='bbox 2877 5506 3038 5560; x_wconf 87' lang='lat' dir='ltr'><strong>super</strong></span> <span class='ocrx_word' id='word_1_559' title='bbox 3066 5491 3239 5560; x_wconf 85' lang='lat' dir='ltr'><strong>ipsum</strong></span> <span class='ocrx_word' id='word_1_560' title='bbox 3262 5497 3497 5558; x_wconf 88' lang='lat' dir='ltr'><strong>quatuor</strong></span> 
     </span>
    </p>
   </div>
   <div class='ocr_carea' id='block_1_80' title="bbox 1921 5580 3498 5656">
    <p class='ocr_par' dir='ltr' id='par_1_80' title="bbox 1921 5580 3498 5656">
     <span class='ocr_line' id='line_1_81' title="bbox 1921 5580 3498 5656; baseline -0.004 -18"><span class='ocrx_word' id='word_1_561' title='bbox 1921 5584 2077 5640; x_wconf 77' lang='lat' dir='ltr'><strong>linea:</strong></span> <span class='ocrx_word' id='word_1_562' title='bbox 2122 5593 2353 5654; x_wconf 88' lang='lat' dir='ltr'><strong>quatuor</strong></span> <span class='ocrx_word' id='word_1_563' title='bbox 2390 5583 2749 5655; x_wconf 85' lang='lat' dir='ltr'><strong>evangelistas</strong></span> <span class='ocrx_word' id='word_1_564' title='bbox 2797 5583 3135 5656; x_wconf 85' lang='lat' dir='ltr'><strong>signiﬁcant,</strong></span> <span class='ocrx_word' id='word_1_565' title='bbox 3191 5580 3306 5635; x_wconf 62' lang='lat' dir='ltr'><strong>hate</strong></span> <span class='ocrx_word' id='word_1_566' title='bbox 3347 5588 3498 5642; x_wconf 82' lang='lat' dir='ltr'><strong>sunt,</strong></span> 
     </span>
    </p>
   </div>
   <div class='ocr_carea' id='block_1_81' title="bbox 1925 5673 3500 5746">
    <p class='ocr_par' dir='ltr' id='par_1_81' title="bbox 1925 5673 3500 5746">
     <span class='ocr_line' id='line_1_82' title="bbox 1925 5673 3500 5746; baseline -0.006 -14"><span class='ocrx_word' id='word_1_567' title='bbox 1925 5675 2124 5732; x_wconf 86' lang='lat' dir='ltr'><strong>munda</strong></span> <span class='ocrx_word' id='word_1_568' title='bbox 2159 5683 2216 5730; x_wconf 92' lang='lat' dir='ltr'><strong>et</strong></span> <span class='ocrx_word' id='word_1_569' title='bbox 2251 5676 2547 5738; x_wconf 86' lang='lat' dir='ltr'><strong>immunda,</strong></span> <span class='ocrx_word' id='word_1_570' title='bbox 2576 5674 2744 5730; x_wconf 64' lang='lat' dir='ltr'><strong>Judaei</strong></span> <span class='ocrx_word' id='word_1_571' title='bbox 2779 5685 2834 5730; x_wconf 84' lang='lat' dir='ltr'><strong>et</strong></span> <span class='ocrx_word' id='word_1_572' title='bbox 2861 5683 3083 5746; x_wconf 87' lang='lat' dir='ltr'><strong>gentes:</strong></span> <span class='ocrx_word' id='word_1_573' title='bbox 3113 5673 3242 5728; x_wconf 81' lang='lat' dir='ltr'><strong>Item</strong></span> <span class='ocrx_word' id='word_1_574' title='bbox 3268 5679 3500 5740; x_wconf 79' lang='lat' dir='ltr'><strong>quatuor</strong></span> 
     </span>
    </p>
   </div>
   <div class='ocr_carea' id='block_1_82' title="bbox 246 5761 3502 5867">
    <p class='ocr_par' dir='ltr' id='par_1_82' title="bbox 246 5761 3502 5867">
     <span class='ocr_line' id='line_1_83' title="bbox 246 5761 3502 5867; baseline -0.003 -46"><span class='ocrx_word' id='word_1_575' title='bbox 246 5777 370 5824; x_wconf 82' lang='lat' dir='ltr'><strong>tuor</strong></span> <span class='ocrx_word' id='word_1_576' title='bbox 395 5767 701 5841; x_wconf 82' lang='lat' dir='ltr'><strong>signiﬁcant</strong></span> <span class='ocrx_word' id='word_1_577' title='bbox 727 5766 1174 5839; x_wconf 86' lang='lat' dir='ltr'><strong>evangelistas,et</strong></span> <span class='ocrx_word' id='word_1_578' title='bbox 1198 5768 1338 5823; x_wconf 82' lang='lat' dir='ltr'><strong>sicut</strong></span> <span class='ocrx_word' id='word_1_579' title='bbox 1363 5767 1427 5824; x_wconf 88' lang='lat' dir='ltr'><strong>de</strong></span> <span class='ocrx_word' id='word_1_580' title='bbox 1449 5767 1619 5823; x_wconf 79' lang='lat' dir='ltr'><strong>Adam</strong></span> <span class='ocrx_word' id='word_1_581' title='bbox 1648 5768 1821 5824; x_wconf 86' lang='lat' dir='ltr'><strong>omnis</strong></span> <span class='ocrx_word' id='word_1_582' title='bbox 1929 5766 2183 5824; x_wconf 84' lang='lat' dir='ltr'><strong>animalia</strong></span> <span class='ocrx_word' id='word_1_583' title='bbox 2234 5767 2435 5822; x_wconf 82' lang='lat' dir='ltr'><strong>habent</strong></span> <span class='ocrx_word' id='word_1_584' title='bbox 2495 5767 2680 5822; x_wconf 87' lang='lat' dir='ltr'><strong>oculos</strong></span> <span class='ocrx_word' id='word_1_585' title='bbox 2731 5777 2856 5822; x_wconf 84' lang='lat' dir='ltr'><strong>ante</strong></span> <span class='ocrx_word' id='word_1_586' title='bbox 2903 5781 2961 5822; x_wconf 87' lang='lat' dir='ltr'><strong>se</strong></span> <span class='ocrx_word' id='word_1_587' title='bbox 3006 5775 3153 5825; x_wconf 80' lang='lat' dir='ltr'><strong>retro</strong></span> <span class='ocrx_word' id='word_1_588' title='bbox 3203 5761 3502 5867; x_wconf 61' lang='lat' dir='ltr'><strong>clama:th</strong></span> 
     </span>
    </p>
   </div>
  </div>
