3948 6328
388 354 495 409 865

891 342 1282 400 WALAFRIDI
1324 341 1574 398 STRABI
1613 342 1814 397 FULD.
1858 338 2023 395 MON.
2065 337 2215 394 OPP.
2258 337 2437 392 PARS
2473 339 2515 392 l.
2557 367 2627 377 —-
2665 336 3124 393 THEOLOGICA.

3551 336 3664 395 εει

389 467 642 526 Sanctus,
670 468 899 531 quatuor
923 453 1264 526 evangelista!
1299 461 1422 508 sunt
1450 470 1463 506 :
1497 452 1627 506 ltem
1655 449 1962 535 supplanta—
1990 455 2038 515 Α
2066 447 2423 518 evangelistas
2474 447 2744 516 signiﬁcat
2793 446 3077 502 Matthaaus
3131 447 3324 501 faciem
3382 449 3665 512 hominis,

389 557 467 612 vit
495 553 660 610 Iacob
715 560 798 605 ter
844 548 1068 601 fratrem
1119 559 1295 609 suum,
1337 545 1572 614 primum
1618 556 1715 610 per
1752 538 1972 594 benedi-

390 647 646 706 ctionem,
678 640 913 696 secundo
938 653 1035 708 per
1064 637 1284 698 lentem,
1315 633 1479 688 tertio
1506 647 1605 703 per
1631 631 1964 687 benedictio-

391 751 514 792 nem
545 752 556 787 :
583 734 725 788 Esau
751 730 1020 786 diabolum
1056 727 1346 798 signiﬁcat,
1382 723 1549 779 Iacob
1574 722 1845 778 Christum
1877 719 1968 789 qui

393 829 568 898 ipsum
607 834 688 881 ter
714 824 843 879 vicit
883 831 938 878 et
970 820 1359 891 supplantavit,
1392 819 1464 872 ita
1500 826 1555 872 et
1582 831 1681 871 nos
1713 815 1967 869 debemus

389 917 738 989 supplantare
767 913 990 969 fratrem
1029 919 1273 966 nostrum
1298 908 1593 972 diabolum,
1621 915 1731 960 tres
1761 903 1966 958 vicibus

394 1011 450 1066 in
475 1009 817 1079 cogitatione,
837 1008 890 1062 in
907 1006 1074 1062 verbo
1094 1013 1148 1060 et
1173 1005 1224 1058 in
1243 1019 1406 1074 opere
1421 1020 1434 1055 :
1451 1002 1574 1056 ldeo
1597 999 1765 1054 frater
1786 1004 1970 1051 noster
2007 1053 2010 1061 Α

394 1108 496 1164 est,
522 1101 647 1170 quia
671 1099 813 1154 Deus
849 1099 1022 1169 ipsum
1059 1097 1265 1154 creavit
1292 1095 1384 1166 qui
1423 1102 1478 1149 et
1510 1107 1636 1157 nos;
1674 1104 1839 1170 unum
1870 1103 1997 1163 pa-l

395 1199 533 1246 trem
574 1191 837 1246 habemus
866 1190 1054 1254 Deum,
1084 1196 1139 1242 et
1175 1188 1375 1242 bonum
1413 1184 1560 1239 illum
1605 1180 1832 1243 creavit,
1878 1178 1971 1233 sed

393 1297 493 1352 per
521 1296 675 1337 suum
703 1281 892 1337 vitium
929 1279 1291 1351 superbiendo
1320 1292 1377 1332 se
1403 1274 1635 1348 privavit
1678 1289 1691 1326 :
1733 1271 1976 1339 Quatuor

2074 539 2248 593 Lucas
2273 537 2454 602 vituli;
2489 535 2701 591 Marcus
2748 537 2947 604 leonis;
2987 535 3223 592 Joannes
3277 537 3514 607 aquilae:
3551 537 3663 594 De-

2072 631 2252 686 minus
2295 631 2451 686 lesus
2496 631 2748 686 Christus
2805 642 2978 688 totum
3034 633 3295 704 implevit,
3348 635 3516 690 homo
3568 651 3668 690 na-

2072 724 2271 778 scendo
2314 723 2514 778 vitulus
2558 723 2891 780 immolando
2939 744 2950 779 :
2991 725 3099 781 Leo
3133 727 3422 797 surgendo,
3479 729 3665 797 aquila

2073 815 2433 880 ascendendo,
2463 815 2604 870 Rota
2650 816 2704 870 in
2749 829 2897 881 rota,
2931 817 3043 888 lege
3073 819 3127 873 in
3157 820 3356 887 legem,
3398 829 3564 875 vetus
3614 821 3667 873 in

2073 922 2312 961 novum:
2339 922 2438 962 cur
2472 916 2706 977 quatuor
2735 891 3106 979 evangelista),
3147 925 3253 976 non
3282 926 3380 980 per
3417 919 3667 980 quatuor

2075 997 2346 1067 apostolos
2392 998 2740 1063 scribuntur,
2793 999 2896 1053 nisi
2950 1013 3049 1069 per
3091 999 3227 1055 duos
3266 1001 3568 1070 discipulos
3611 1009 3668 1055 et

2077 1091 2214 1146 duos
2243 1090 2555 1160 apostolos;
2579 1092 2707 1161 quia
2739 1090 2831 1146 ﬁlii
2851 1091 3017 1147 Iacob
3042 1093 3108 1147 de
3137 1093 3344 1149 duabus
3369 1093 3581 1158 liberis,
3610 1105 3666 1149 et

2077 1177 2284 1234 duabus
2314 1179 2522 1235 ancillis
2558 1181 2672 1235 nati
2710 1189 2856 1236 sunt.
2900 1181 3182 1239 Mattheus
3228 1182 3337 1239 mel
3383 1201 3398 1237 :
3442 1183 3666 1240 Marcus

2075 1269 2158 1324 lac
2189 1287 2202 1323 :
2237 1269 2412 1326 Lucas
2456 1270 2635 1326 oleum
2673 1289 2686 1326 :
2726 1269 2962 1328 Joannes
2996 1273 3200 1328 vinum.

407 1437 3666 1475 Mm

1308 1544 1414 1624 IN
1474 1537 2147 1622 EVANGELIUM
2208 1535 2724 1616 MATTH/EI.

476 1833 630 1888 Liber
685 1832 1034 1904 generationis
1075 1831 1206 1887 Iesu
1263 1829 1456 1885 Christi
1499 1829 1599 1899 ﬁlii
1637 1827 1827 1892 David,
1867 1827 1966 1896 ﬁlii
1999 1830 2044 1889 Β
2074 1841 2240 1879 unum
2281 1824 2421 1878 forte
2448 1823 2622 1894 vero,)
2669 1837 2914 1878 amarum
2942 1829 3054 1890 est;
3096 1823 3176 1878 sic
3201 1823 3393 1890 Maria,
3423 1826 3483 1881 in
3511 1843 3666 1882 mare

395 1926 638 1980 Abrahaz.
692 1923 814 1978 Ideo
856 1922 989 1978 duos
1029 1933 1208 1993 patres
1252 1923 1514 1985 nominat,
1543 1921 1667 1989 quia
1711 1921 1776 1974 de
1805 1918 1972 1973 David

395 2013 635 2070 dicitur:
681 2012 758 2067 De
803 2012 980 2083 fructu
1020 2012 1210 2066 ventris
1248 2013 1323 2064 tui
1370 2028 1560 2082 ponam
1601 2027 1757 2081 super
1801 2009 1972 2063 sedem

397 2121 589 2159 meam.
629 2101 707 2158 De
732 2101 1002 2158 Abraham
1043 2103 1240 2156 dicitur
1266 2120 1278 2156 :
1306 2100 1374 2155 In
1403 2101 1597 2156 semine
1640 2110 1728 2153 tuo
1770 2099 1975 2154 benedi-

395 2207 576 2250 centur
596 2211 772 2248 omnes
798 2205 992 2264 gentes.
1035 2191 1159 2247 ldeo
1191 2193 1354 2248 David
1385 2203 1510 2247 ante
1540 2191 1812 2245 Abraham
1842 2189 1976 2244 scri-

394 2288 561 2353 bitur,
613 2285 739 2356 quia
767 2279 1142 2356 'propinquior
1185 2293 1268 2340 est
1309 2283 1524 2338 Christo
1556 2268 1621 2336 de
1673 2281 1764 2336 illo
1808 2280 1975 2349 stirpe

395 2382 668 2440 nascendo
703 2397 715 2434 :
743 2377 910 2432 Iacob
940 2381 1114 2448 genuit
1146 2376 1360 2448 Ioseph,
1406 2375 1699 2430 secundum
1738 2372 1974 2428 creatio-

393 2489 516 2528 nem
562 2471 699 2527 dixit
737 2469 961 2524 :Lucas
1003 2468 1296 2523 secundum
1341 2466 1511 2538 legem
1559 2463 1695 2518 dixit
1732 2471 1792 2517 ut
1834 2462 1974 2516 ﬁlius

393 2564 511 2620 Heli
540 2572 714 2630 esset;
753 2562 875 2618 ideo
909 2560 1162 2617 mulieres
1196 2560 1247 2612 in
1278 2555 1586 2629 genealogia
1615 2546 1818 2610 Christi
1849 2561 1974 2608 sunt

392 2635 662 2726 quia‘ipse
689 2653 756 2708 ad
781 2653 944 2706 vitam
970 2661 1228 2706 aeternam
1263 2648 1484 2703 veniunt
1520 2655 1578 2699 ut
1601 2645 1702 2699 viri
1731 2663 1744 2697 ;
1771 2653 1826 2698 et
1854 2643 1974 2698 ideo

392 2754 705 2816 peccatores
751 2743 805 2796 in
833 2741 1144 2813 genealogia
1171 2739 1376 2794 Christi
1423 2736 1804 2799 nominantur;
1846 2733 1972 2804 quia

393 2837 508 2906 ipse
546 2835 720 2889 dixit:
749 2831 872 2887 Non
912 2832 1025 2886 veni
1067 2846 1252 2884 vocare
1289 2829 1486 2898 justas,
1528 2825 1616 2880 sed
1649 2833 1968 2899 peccatores.

394 2926 571 2983 Lucas
618 2926 684 2980 de
708 2922 926 2979 Christo
973 2922 1041 2976 ab
1075 2921 1246 2974 Adam
1296 2919 1498 2980 dicens,
1543 2914 1779 2970 ostendit
1827 2913 1970 2982 quod

393 3033 492 3090 per
517 3016 716 3073 Christi
747 3030 916 3087 genus
939 3013 1070 3068 Adae
1108 3001 1336 3068 solvitur
1364 3024 1394 3062 a
1421 3016 1644 3078 peccato
1689 3005 1802 3059 sive
1827 3002 1970 3074 quod

394 3114 460 3169 de
485 3111 702 3168 Christo
741 3116 942 3164 exeunt
976 3106 1066 3176 qui
1112 3109 1457 3159 revertuntur
1491 3100 1562 3155 ad
1591 3098 1839 3160 Patrem,
1872 3095 1967 3150 Fi-

393 3218 526 3275 gura
577 3200 930 3273 quadraginta
979 3201 1208 3253 duorum
1258 3195 1500 3248 virorum
1550 3191 1604 3244 in
1653 3185 1965 3260 genealogia
1995 3179 2040 3240 C

393 3293 618 3358 Christi,
648 3294 751 3349 hoc
795 3299 877 3347 est
923 3288 1274 3360 quadraginta
1325 3285 1443 3340 duae
1491 3281 1797 3337 mansiones
1845 3277 1969 3332 ﬁliis

390 3387 554 3444 Israel
585 3387 653 3442 ab
673 3384 944 3456 Egypto:
988 3397 1160 3451 usque
1187 3380 1255 3434 ad
1285 3387 1482 3433 terram
1514 3371 1968 3445 repromissionis,

394 3478 445 3533 id
484 3485 589 3542 est,
637 3477 703 3530 de
745 3475 943 3530 mundo
987 3473 1056 3527 ad
1103 3470 1322 3534 coelum,
1366 3467 1510 3537 quod
1558 3465 1826 3535 signiﬁcat
1875 3473 1972 3532 per

393 3581 549 3625 terna
593 3562 792 3640 genera
838 3565 1024 3620 venire
1062 3563 1130 3618 ad
1156 3562 1431 3618 Christum
1479 3574 1577 3629 per
1601 3557 1784 3620 ﬁdem,
1819 3570 1970 3625 spem

390 3669 447 3716 et
471 3660 813 3716 charitatem.
857 3654 996 3722 Quid
1042 3669 1140 3725 per
1164 3650 1570 3721 quatuordecim
1614 3647 1716 3702 nisi
1746 3661 1844 3717 per
1880 3646 1974 3700 de-
2007 3704 2011 3708 _

394 3764 511 3806 cem
541 3747 706 3802 verba
736 3744 870 3812 legis
898 3751 952 3797 et
975 3757 1072 3812 per
1099 3749 1332 3811 quatuor
1360 3739 1617 3802 virtutes;
1648 3737 1819 3805 prima
1846 3749 1972 3804 pru-

393 3837 598 3902 dentia,
636 3834 839 3891 servire
876 3833 986 3886 Deo
1024 3847 1131 3886 non
1168 3828 1325 3884 idolis
1352 3845 1365 3882 :
1390 3826 1626 3884 secunda
1668 3835 1972 3894 temperan-

393 3929 499 3994 tia,
529 3941 636 3982 non
659 3981 661 3983 ,
684 3923 1070 3994 concupiscere
1107 3939 1120 3975 :
1153 3919 1313 3975 tertia
1346 3917 1576 3989 justitia,
1620 3932 1727 3970 non
1761 3914 1969 3970 adulte-

327 4008 331 4012 ”
395 4036 518 4078 rare
547 4039 560 4074 :
594 4025 786 4088 quarta
824 4015 1103 4079 fortitudo,
1136 4014 1408 4069 dimittere
1432 4027 1538 4066 non
1567 4008 1837 4066 occidere.
1870 4007 1971 4062 Per

391 4119 626 4182 quatuor
655 4107 754 4162 fuit
780 4105 1011 4176 perditio
1063 4104 1246 4158 mundi
1285 4117 1383 4173 per
1413 4101 1618 4163 virum,
1649 4114 1746 4169 per
1781 4097 1969 4152 mulie-

391 4215 527 4265 rem,
569 4213 668 4270 per
711 4197 938 4266 lignutn,
978 4209 1076 4264 per
1117 4202 1441 4263 serpentem,
1495 4199 1550 4246 et
1596 4205 1694 4259 per
1737 4196 1971 4258 quatuor

389 4297 750 4353 restauratur,
775 4302 872 4359 per
892 4285 1192 4350 Christum,
1214 4299 1312 4354 per
1337 4282 1582 4346 Mariam,
1608 4297 1704 4350 per
1727 4293 1966 4341 crucem,

389 4397 488 4452 per
517 4381 694 4435 virum
719 4377 942 4448 Ioseph,
967 4391 1190 4446 serpens
1232 4374 1324 4445 qui
1363 4373 1465 4428 fuit
1506 4372 1560 4426 in
1608 4369 1770 4426 Israel
1813 4368 1968 4424 Chri-

394 4483 534 4528 stum
583 4470 908 4542 signiﬁcavit
959 4470 1177 4539 ipsa‘de
1215 4482 1340 4521 aere
1390 4465 1528 4521 facta
1573 4479 1695 4518 cum
1739 4473 1970 4532 quatuor

390 4564 527 4619 rotis
559 4562 804 4617 rotundis
834 4561 927 4632 qui
958 4576 1077 4615 eam
1105 4558 1356 4613 videbant
1385 4555 1734 4616 sanabantur,
1770 4562 1824 4608 et
1851 4553 1966 4608 ele-
1997 4544 2045 4604 D

389 4653 538 4708 vavit
579 4653 725 4708 illum
767 4653 821 4708 in
852 4660 1014 4722 caput
1047 4651 1212 4720 virga:
1253 4657 1311 4702 ut
1356 4647 1452 4702 toti
1481 4645 1724 4701 viderent
1757 4661 1875 4699 eam
1911 4653 1967 4699 et

391 4744 655 4815 fugissent
688 4742 940 4798 animalia
982 4740 1207 4805 deserti,
1235 4755 1348 4809 pra:
1381 4740 1572 4793 timore
1606 4746 1870 4799 rotarum,
1912 4745 1968 4790 et

390 4836 473 4891 sic
497 4827 865 4904 unusquisque
892 4842 1114 4890 sanatus
1141 4842 1244 4897 est,
1274 4831 1318 4886 si
1365 4828 1661 4900 inspexerit
1693 4826 1964 4882 Christum

390 4926 445 4981 in
468 4933 631 4994 caput
653 4924 837 4994 virgae,
867 4924 918 4978 id
937 4933 1020 4978 est
1043 4923 1096 4976 in
1123 4935 1372 4984 crucem;
1404 4927 1635 4988 quatuor
1660 4924 1807 4978 rotae,
1835 4929 1968 4983 qua-

389 5028 514 5073 tuor
533 5015 876 5087 evaugelistze
894 5015 1202 5086 signiﬁcant
1226 5032 1238 5067 :
1265 5014 1344 5068 sic
1372 5011 1510 5082 fugit
1530 5006 1773 5064 diabolus
1794 5005 1967 5060 Evan-

391 5111 589 5182 gelium
616 5108 829 5180 quando
857 5119 1016 5164 sonat
1040 5108 1092 5161 in
1123 5106 1340 5161 cwlum.

453 5200 648 5256 Christi
678 5209 851 5253 autent
880 5200 1144 5270 generatio
1169 5199 1245 5251 sic
1269 5206 1400 5251 erat.
1455 5196 1510 5250 ld
1540 5204 1625 5252 est
1665 5196 1962 5252 secundum

385 5307 626 5357 carnem,
663 5291 916 5347 dixerunt
949 5307 966 5344 :
1003 5291 1128 5347 Ideo
1156 5290 1358 5346 Christi
1389 5289 1606 5355 dicitur,
1637 5297 1698 5343 ut
1731 5289 1799 5346 ab
1844 5290 1961 5360 ipso

383 5381 680 5436 derivativo
703 5380 966 5436 vocabulo
989 5380 1279 5435 Christiani
1319 5388 1582 5434 vocentur
1615 5393 1632 5433 :
1673 5393 1772 5448 per
1812 5379 1945 5434 ethi-

383 5472 668 5544 mologiam
717 5472 912 5527 iterum
938 5469 1202 5534 Christus,
1254 5471 1306 5524 id
1331 5480 1416 5525 est
1461 5479 1674 5535 unctus,
1707 5472 1834 5542 quia
1864 5486 1960 5542 per

383 5563 557 5634 ipsum
585 5572 707 5633 post
731 5563 1003 5618 lavacrum
1031 5563 1231 5616 crisme
1258 5562 1568 5618 unctionem
1597 5563 1955 5634 percepimus.

382 5657 473 5709 Sic
503 5646 621 5710 erat
651 5669 748 5725 per
776 5653 1157 5718 teteruitatem,
1187 5661 1344 5708 sonat
1369 5653 1536 5708 Maria
1568 5653 1720 5709 stella
1757 5653 1955 5719 maris;

379 5749 502 5817 quia
546 5749 696 5804 stella
745 5747 916 5805 dulcis
955 5754 1057 5816 est,
1111 5762 1256 5803 mare
1307 5746 1564 5817 (deletum
1615 5758 1693 5805 cst
1738 5749 1956 5805 verbum

2076 1920 2262 1974 mundi
2304 1919 2405 1974 fuit
2453 1919 2596 1973 inter
2643 1929 2994 1988 peccatores,
3045 1917 3195 1973 velut
3242 1920 3416 1977 stellae
3471 1926 3660 1986 maris.

2075 2013 2202 2084 quia
2248 2027 2368 2066 mos
2415 2020 2537 2066 est:
2579 2010 2734 2066 stella
2774 2010 2919 2066 viros
2960 2011 3026 2065 ad
3068 2021 3282 2080 portum
3320 2012 3581 2074 adducit;
3616 2019 3656 2071 si

2076 2111 2370 2172 sequantur
2405 2101 2570 2167 illam,
2603 2101 2682 2156 sic
2711 2101 2880 2155 Maria
2923 2102 2978 2155 in
3016 2103 3215 2157 mundo
3252 2103 3344 2158 ubi
3379 2115 3544 2161 natus
3580 2118 3657 2162 est

2073 2193 2340 2260 Christus,
2384 2195 2475 2262 qui
2521 2209 2711 2249 omnes
2757 2195 2824 2248 ad
2868 2194 3032 2248 vitam
3078 2195 3225 2250 ducit
3265 2196 3658 2268 si,sequantur

2075 2285 2245 2349 illum,
2274 2285 2596 2353 desponsata
2641 2294 2817 2340 mater
2861 2283 2999 2352 eius,
3045 2285 3098 2340 id
3135 2297 3240 2352 est,
3283 2303 3384 2357 pro
3425 2301 3664 2359 quatuor

2075 2376 2252 2431 causis
2275 2385 2330 2430 ut
2358 2393 2462 2430 non
2486 2377 2817 2446 lapidarctur
2843 2386 2900 2432 ut
2930 2379 3194 2445 adultera,
3219 2389 3276 2434 et
3304 2391 3363 2436 ut
3393 2383 3446 2436 in
3477 2383 3654 2455 fugam

2075 2468 2298 2523 haberet
2345 2467 2616 2534 solatium,
2648 2477 2702 2524 et
2733 2469 3042 2541 genealogia
3075 2469 3275 2526 Christi
3311 2488 3412 2543 per
3434 2473 3653 2544 Ioseph,

2074 2564 2135 2610 ut
2163 2566 2350 2634 partus
2379 2557 2664 2614 caelaretur
2689 2557 2918 2622 diabolo,
2951 2568 3238 2630 antequam
3279 2565 3653 2628 convenirent,
3679 2619 3682 2622 ,

2075 2647 2128 2702 id
2161 2657 2262 2712 est,
2309 2656 2599 2716 antequam
2651 2645 2881 2702 fuissent
2925 2649 2979 2702 in
3026 2664 3131 2718 qua
3171 2650 3532 2714 habitatione,
3579 2654 3653 2706 iu-

2073 2749 2231 2794 venta
2282 2747 2366 2793 est
2421 2739 2488 2793 ab
2524 2737 2723 2808 Ioseph
2786 2739 2841 2793 in
2885 2749 3041 2796 utero
3081 2758 3097 2797 :
3143 2757 3248 2797 non
3301 2743 3354 2797 in
3397 2745 3558 2806 ,vulva
3599 2755 3654 2798 ut

2075 2831 2292 2896 mulier,
2317 2831 2409 2886 sed
2441 2840 2497 2883 ut
2517 2830 2670 2900 virgo
2694 2831 2900 2886 habens
2927 2832 2992 2886 de
3019 2831 3220 2903 Spiritu
3253 2844 3465 2898 sancto,
3497 2834 3549 2890 id
3577 2845 3654 2890 est

2073 2919 2246 2975 factus
2274 2935 2337 2974 ex
2365 2918 2567 2990 Spiritu
2591 2920 2800 2990 Spirius
2823 2921 2962 2992 (sic),
2986 2921 3124 2976 sicut
3148 2924 3260 2993 ipse
3283 2923 3417 2979 facit
3436 2941 3648 2995 pomum

2073 3026 2232 3082 super
2263 3011 2488 3082 lignum,
2520 3021 2575 3066 et
2601 3012 2769 3066 Evam
2799 3013 2865 3069 de
2895 3029 3016 3069 ossa
3041 3014 3171 3070 Adae

2141 3101 2334 3173 Ioseph
2381 3113 2554 3157 autem
2585 3105 2669 3158 vir
2702 3105 2836 3174 ejus.
2888 3104 3011 3160 Ideo
3051 3107 3135 3160 vir
3177 3105 3294 3174 ejus
3335 3109 3559 3172 dicitur.
3600 3121 3650 3164 et

2071 3193 2191 3248 ideo
2211 3193 2412 3262 justus,
2441 3211 2510 3250 ne
2537 3195 2624 3250 alii
2653 3197 3000 3252 humanitatis
3021 3198 3450 3268 conjunctionem
3483 3205 3649 3271 suspi-

2070 3287 2310 3342 caverit:
2341 3305 2357 3337 ι
2390 3285 2571 3342 Noluit
2593 3301 2710 3342 eam
2749 3288 3052 3354 traducere,
3081 3310 3099 3343 ι
3143 3292 3196 3346 id
3227 3301 3312 3348 est
3337 3295 3391 3348 in
3413 3296 3641 3365 judicio;

2071 3394 2139 3434 ne
2175 3379 2350 3449 legem
2390 3379 2713 3434 transisset:
2744 3383 2868 3450 quia
2906 3383 3110 3437 sciebat
3136 3384 3427 3456 virginem,
3459 3397 3517 3441 ut
3543 3388 3646 3441 dia.

2068 3471 2248 3526 bolum
2270 3480 2453 3542 partus
2474 3472 2589 3540 ejus
2611 3473 2816 3527 lateret.
2847 3493 2864 3525 ‹
2898 3473 3029 3528 Hinc
3051 3487 3224 3530 autem
3245 3494 3308 3532 eo
3326 3481 3606 3549 cogitante,
3623 3499 3639 3528 ι

2071 3563 2125 3617 id
2156 3572 2260 3627 est,
2293 3563 2568 3618 dimittere
2604 3579 2670 3618 an
2706 3576 2888 3621 tenere
2927 3567 3223 3638 cegitabat,
3254 3570 3344 3625 hic
3368 3573 3644 3643 prophetia

2071 3651 2342 3721 impletur.
2401 3651 2629 3720 Adjutor
2677 3655 2730 3708 in
2774 3657 3268 3725 Opportunitatibus
3321 3661 3377 3713 in
3427 3661 3645 3715 tribula-

2073 3747 2237 3801 tione.
2300 3746 2528 3817 Angeins
2577 3747 2789 3802 Domini
2829 3749 2884 3803 in
2924 3751 3121 3804 somnis
3176 3751 3356 3822 dixit:
3422 3751 3538 3807 Non
3598 3756 3646 3808 in

2071 3853 2280 3902 somno,
2307 3839 2430 3906 quia
2453 3839 2646 3908 saepius
2671 3838 2746 3892 illi
2768 3839 2989 3910 angelus
3017 3841 3071 3894 in
3101 3843 3304 3896 somnis
3329 3842 3508 3896 ‘venit.
3537 3843 3647 3900 Non

2070 3929 2253 3991 semel,
2286 3931 2411 4000 quia
2438 3932 2753 4001 mysterium
2785 3933 2880 3986 Dei
2907 3948 3010 3986 non
3038 3941 3213 4002 potest
3243 3949 3540 4004 cognosere
3567 3950 3648 3990 se-

2070 4021 2176 4076 mel
2204 4038 2216 4075 :
2242 4012 2456 4092 Ioseph,
2488 4021 2568 4090 fili
2598 4021 2785 4085 David,
2818 4023 2870 4076 id
2897 4031 3000 4087 est,
3032 4024 3312 4092 prophetia
3355 4025 3573 4096 impleta
3601 4028 3652 4080 in

2068 4112 2264 4183 Ioseph
2295 4129 2391 4184 per
2418 4112 2614 4178 David,
2657 4115 2723 4169 de
2758 4113 2934 4169 fructu
2974 4116 3179 4170 ventris
3214 4116 3290 4171 tui
3334 4126 3388 4171 et
3423 4118 3645 4187 reliqua.

2073 4201 2200 4257 Noli
2235 4203 2436 4269 timere,
2483 4203 2534 4258 id
2564 4213 2667 4270 est,
2707 4204 2870 4276 dilige
2908 4213 2964 4260 et
3003 4205 3173 4276 gaude
3207 4207 3498 4275 conjugcm
3548 4226 3651 4263 non

2071 4299 2386 4368 nuptialem,
2423 4313 2597 4368 neque
2642 4300 2996 4365 creationem,
3037 4300 3128 4355 scd
3158 4301 3650 4357 cohabitationem:

2072 4403 2218 4448 tuam
2250 4392 2384 4446 dixit
2412 4411 2423 4446 :
2451 4402 2509 4447 ut
2551 4393 2870 4449 credidisset
2909 4410 3013 4448 non
3047 4396 3114 4450 ab
3144 4395 3270 4460 alio,
3313 4396 3408 4450 sed
3438 4397 3507 4450 de
3536 4396 3653 4466 Spi-

2070 4485 2176 4538 ritu
2221 4493 2408 4538 sancto
2453 4495 2783 4554 conceptus,
2827 4475 3007 4539 Pariet
3052 4484 3280 4549 Filium,
3311 4485 3384 4539 ‘id
3432 4496 3547 4550 cst,
3598 4497 3652 4539 ut

2071 4575 2244 4644 major
2283 4577 2535 4645 gaudium
2577 4587 2721 4631 esset
2752 4578 2826 4632 illi
2869 4577 2934 4633 de
2962 4577 3090 4642 ﬁlio,
3120 4577 3261 4632 sicut
3299 4579 3446 4634 inter
3476 4580 3650 4634 homi-

2072 4682 2167 4720 nes
2202 4682 2316 4720 mos
2350 4675 2452 4730 cst,
2485 4676 2540 4721 et
2563 4667 2782 4722 vocabis
2811 4683 3002 4722 nomen
3038 4667 3172 4737 ejus.
3220 4667 3352 4724 Item
3395 4669 3468 4724 ad
3517 4670 3652 4724 lani-

2073 4759 2203 4813 tiam
2240 4757 2354 4826 ejus
2391 4767 2536 4813 esset
2564 4757 2745 4813 Iesum
2787 4774 2850 4814 ac
2885 4760 3021 4814 dixit
3056 4769 3110 4815 et
3151 4760 3503 4826 salvatorem,
3543 4763 3649 4818 sal-

2071 4865 2197 4904 vum
2237 4849 2367 4904 facit
2397 4849 2650 4919 populum
2681 4865 2858 4916 suum,
2889 4866 2995 4906 non
3025 4852 3160 4906 dixit
3193 4867 3384 4907 omnes
3423 4854 3532 4908 nisi
3561 4854 3649 4922 qui

2069 4941 2295 4996 credunt
2331 4941 2385 4994 in
2412 4956 2535 4995 eum
2573 4956 2602 4994 a
2633 4943 2872 5012 peccatis
2896 4957 3083 4997 eorum
3109 4960 3121 4996 :
3148 4942 3202 4997 id
3232 4953 3336 5008 est,
3369 4945 3516 5014 quod
3546 4962 3653 5000 non

2067 5031 2241 5101 potuit
2283 5031 2422 5086 alius
2464 5032 2704 5087 medicus
2747 5032 2948 5098 facere,
2987 5033 3089 5088 hoc
3129 5043 3308 5089 autem
3348 5043 3523 5089 totum
3568 5034 3643 5088 fa-

2067 5141 2212 5188 ctum
2238 5141 2321 5187 est
2349 5151 2360 5185 :
2389 5133 2442 5188 id
2477 5141 2582 5200 est,
2611 5135 2752 5204 quod
2774 5134 2996 5204 angelus
3037 5135 3173 5189 dixit
3200 5153 3213 5188 :
3241 5144 3300 5190 ut
3328 5135 3651 5208 adimplere-

2068 5244 2156 5290 tur
2177 5236 2319 5306 quod
2339 5235 2542 5292 dictum
2563 5246 2648 5292 est
2691 5254 2720 5292 a
2741 5237 2982 5304 Domino,
3014 5237 3065 5292 id
3081 5247 3182 5304 cst,
3206 5255 3305 5310 per
3330 5240 3649 5310 praphetam

2064 5335 2257 5391 lsaiam
2281 5338 2347 5393 de
2362 5337 2600 5404 Christo,
2622 5339 2712 5394 hic
2739 5339 2806 5394 ad
2826 5339 3063 5394 litteram
3087 5348 3326 5405 tantum;
3354 5357 3486 5398 ecce
3503 5343 3674 5413 virgo,

2064 5439 2119 5493 in
2153 5448 2306 5494 utero
2334 5432 2663 5518 h‘abebit,.et
2690 5441 2902 5498 vocavit
2929 5457 3126 5522 nomen
3155 5441 3273 5511 ejus
3301 5441 3644 5507 Emmanuel,
3671 5417 3674 5422 l

2065 5539 2187 5596 ideo
2224 5541 2327 5597 hoc
2369 5557 2564 5599 nomen
2604 5543 3018 5613 interpretatum
3045 5549 3147 5606 est,
3178 5542 3304 5612 quia
3335 5542 3391 5596 in
3420 5551 3648 5611 utraque

2064 5644 2244 5718 lingua
2282 5646 2556 5703 excelsum
2583 5647 2780 5702 dicitur
2813 5645 3092 5701 nobiscum
3117 5644 3281 5710 Deus,
3311 5644 3364 5698 id
3392 5651 3480 5700 est
3505 5645 3644 5700 Deus

2068 5755 2121 5802 et
2159 5746 2336 5812 homo,
2373 5746 2426 5802 in
2461 5763 2570 5802 una
2599 5746 2704 5803 ﬁde
2739 5747 2829 5813 sit,
2859 5744 2986 5802 fecit
3013 5744 3152 5801 sicut
3180 5743 3441 5816 praecepit
3472 5743 3524 5799 ei
3552 5758 3645 5798 an-
