3948 6328
281 406 381 462 865

1005 397 1378 462 'rxrosmo
1413 408 1492 462 uv-
1517 373 1847 475 Quiruon
1885 405 2295 461 EVANL-ELIA.
2337 439 2407 450 —
2444 410 2512 464 εκ
2546 411 2808 466 manu.

3423 416 3535 492 eos,

279 539 450 597 genus,
479 494 713 581 ostendit
748 523 892 595 quod
938 524 1052 594 ipse
1096 526 1355 580 visionem
1385 525 1596 580 Domini
1644 523 1842 578 meruit
1867 522 1914 582 Α
1935 517 2112 585 jubet,
2151 519 2434 592 diligenter
2470 532 2647 578 tamen
2677 524 2867 580 didicit
2893 525 2961 580 ab
2990 526 3070 582 eis
3096 508 3308 598 tempus
3332 528 3523 595 stellae,

277 614 480 678 videre,
506 615 596 684 qui
629 615 754 670 fecit
787 616 926 671 sicut
946 616 1005 671 ei
1035 614 1312 685 praecepit.

346 705 415 759 Et
445 719 547 760 non
577 707 910 777 cognoscebat
937 723 1052 759 eam
1073 706 1235 759 donec
1253 706 1447 776 peperit
1466 704 1634 773 ﬁlium
1655 720 1807 758 suum
1822 717 1840 754 :

275 800 442 853 donec
467 810 693 867 pronum
721 814 882 868 quam
910 797 1120 870 [Forte,
1139 796 1475 870 priusquam]
1507 795 1704 850 dicitur
1729 784 1843 864 pri-

275 890 578 960 mogenitus
617 890 672 943 in
721 888 838 959 lege
879 889 1096 952 dicitur,
1129 887 1255 956 quia
1296 886 1445 956 prius
1488 884 1699 954 aperuit
1728 882 1841 936 vul-

270 994 414 1033 vam.
462 978 574 1032 Non
605 993 765 1048 quem
791 985 1086 1047 sequuntur
1112 976 1229 1042 ﬁlii,
1253 977 1346 1031 sed
1369 975 1460 1045 qui
1486 975 1636 1043 prius
1661 973 1838 1027 nasci-

273 1077 377 1122 ttrr.
409 1067 653 1123 Christus
677 1084 776 1138 pro
811 1069 984 1122 tribus
1011 1067 1208 1122 dicitur
1232 1067 1646 1137 primogenitus,
1669 1065 1720 1119 in
1754 1079 1839 1118 re-

267 1161 604 1214 surrectione
650 1174 680 1212 a
718 1159 978 1223 mortuis,
1007 1167 1064 1212 et
1106 1173 1136 1212 a
1166 1157 1354 1222 Maria,
1399 1166 1453 1212 et
1485 1173 1516 1211 a
1551 1157 1833 1212 creaturis.

265 1246 400 1303 Cum
429 1265 559 1319 ergo
585 1257 746 1304 natus
773 1257 918 1305 esset
937 1247 1112 1314 Jesus,
1159 1259 1269 1304 tres
1303 1249 1588 1305 conﬁrmat
1622 1263 1834 1313 causas,

263 1338 464 1404 locum,
497 1350 731 1410 tempus,
760 1355 1084 1408 personam:
1117 1339 1175 1394 In
1205 1339 1480 1394 Bethleem
1517 1347 1700 1410 aptum
1739 1338 1837 1394 fuit

260 1430 354 1499 qui
393 1430 583 1484 domus
619 1430 772 1500 panis
815 1431 1220 1501 interpretatur,
1259 1437 1321 1483 ut
1358 1428 1450 1483 ubi
1490 1429 1646 1498 panis
1681 1430 1836 1485 vivus

259 1521 497 1577 caelestis
526 1532 856 1578 nasceretur.
888 1522 1026 1578 Juda
1053 1532 1136 1577 est
1171 1521 1380 1592 respice
1408 1521 1679 1577 Bethleem
1707 1536 1835 1591 gem

260 1610 397 1666 tium
424 1628 436 1663 :
466 1611 523 1666 In
555 1613 740 1667 diebus
769 1613 997 1668 Herodis
1035 1613 1192 1682 regis,
1238 1613 1292 1666 id
1335 1622 1447 1676 est,
1478 1612 1646 1667 refert
1681 1627 1834 1682 reges

258 1709 316 1756 et
341 1701 506 1757 duces
525 1699 730 1768 Judeze,
760 1711 822 1757 ut
843 1702 1046 1758 dictum
1076 1711 1180 1766 est,
1209 1717 1314 1757 non
1343 1701 1559 1757 deﬁciat
1584 1702 1834 1772 princeps

258 1793 327 1849 de
354 1792 522 1860 Juda;
565 1809 664 1849 nec
701 1795 808 1850 dux
847 1794 916 1849 de
954 1793 1248 1848 femoribus
1291 1793 1407 1863 ejus
1445 1794 1616 1849 donec
1654 1795 1834 1847 veniat

1943 609 1995 664 id
2019 619 2125 675 est,
2164 619 2224 664 ut
2255 615 2457 667 cissent
2487 613 2541 668 in
2568 629 2676 684 quo
2705 623 2950 685 tempore
2979 615 3119 672 forte
3147 619 3354 688 putavit
3378 621 3523 691 quod

1940 699 2008 754 ab
2039 699 2155 768 ipso
2178 711 2340 756 natus
2361 712 2507 758 esset
2530 703 2695 767 ﬁlius,
2719 705 2802 760 vel
2829 707 2896 761 de
2926 722 3024 762 suo
3052 723 3272 777 genere.

2012 789 2116 856 Qui
2166 808 2285 846 cum
2326 794 2594 848 audissent
2643 812 2814 866 regem
2856 799 3134 866 abierunt,
3188 800 3404 869 quando
3451 803 3519 856 ad

1939 879 2214 936 Christum
2258 885 2603 952 quaerendum
2674 887 2878 954 mittit,
2949 890 3248 944 audiendus
3294 899 3413 954 est,
3467 899 3522 945 et

1939 971 2152 1039 quando
2187 974 2253 1026 ad
2296 989 2356 1028 se
2393 975 2588 1030 reverti
2617 973 2771 1044 jubet
2800 981 3228 1035 contemnendus
3255 989 3358 1046 est,
3395 997 3517 1035 cum

1937 1065 2082 1118 enim
2129 1065 2449 1120 salvatorem
2505 1067 2560 1121 in
2615 1068 2782 1122 altum
2830 1070 3083 1136 duceret,
3131 1074 3345 1138 renuit,
3399 1074 3516 1140 ipse

1937 1171 2044 1210 non
2071 1158 2267 1220 renuit,
2301 1158 2426 1212 dum
2455 1173 2585 1213 vero
2616 1161 2869 1214 deorsum
2907 1163 3102 1217 dimitti
3125 1173 3178 1218 et
3202 1179 3260 1218 se
3287 1163 3517 1220 adorare

1930 1243 2116 1313 jubet,
2169 1248 2438 1302 recusavit
2490 1247 2756 1318 lcgaliter,
2807 1250 3093 1306 Dominum
3150 1253 3315 1308 Deum
3367 1262 3514 1308 tuum

1935 1335 2185 1390 adorabis
2219 1346 2274 1391 et
2312 1339 2537 1408 reliqua.
2582 1340 2673 1395 Sic
2716 1339 2792 1394 illi
2832 1351 3092 1398 exeuntes
3128 1346 3280 1400 exire
3317 1347 3516 1408 sciunt.

1936 1427 2113 1481 redire
2149 1430 2418 1494 nesciunt,
2457 1439 2512 1485 et
2548 1446 2676 1486 ecce
2712 1433 2892 1497 stella,
2941 1451 3105 1503 quam
3148 1437 3414 1504 viderant,
3461 1447 3520 1493 et

1935 1517 2166 1588 reliqua,
2207 1519 2425 1575 dubium
2470 1521 2531 1575 ﬁt
2574 1523 2664 1576 ubi
2711 1537 2769 1577 se
2817 1523 3118 1590 abscondit,
3162 1528 3377 1596 quando
3425 1527 3516 1582 isti

1932 1606 2202 1669 abierunt,
2255 1608 2457 1678 aliquid
2495 1609 2731 1666 .humani
2779 1613 2992 1668 consilii
3040 1633 3052 1667 :
3096 1616 3227 1687 quia
3255 1615 3516 1672 Dominus

1935 1696 2216 1752 abscondit
2265 1714 2295 1752 a
2337 1701 2593 1756 cordibus
2639 1703 2840 1758 nostris
2891 1713 2950 1758 ut
2995 1707 3159 1760 etiam
3211 1708 3515 1777 inquiratur

1934 1785 2107 1852 stella,
2156 1786 2288 1844 ﬁdes
2327 1804 2394 1843 an
2422 1789 2546 1844 lex?
2592 1793 2937 1862 compunctio
2964 1811 3085 1865 qua:
3133 1812 3232 1851 nos
3261 1799 3408 1852 ducit
3443 1799 3513 1854 ad

255 1884 344 1938 cui
383 1885 770 1954 repromissum
799 1893 901 1950 est,
945 1884 1058 1953 ipse
1091 1885 1195 1939 erit
1225 1886 1526 1954 expectatio
1557 1886 1822 1956 gentium:
1861 1867 1902 1925 Β
1930 1876 2230 1944 Christum,
2281 1882 2635 1938 antecedebat
2676 1898 2771 1939 eos
2795 1925 2811 1949 ,
2876 1885 3090 1954 quando
3136 1897 3400 1943 venerunt
3441 1889 3511 1945 ad

253 1972 385 2028 Ideo
413 1974 548 2028 dixit
572 1972 839 2030 Herodem
868 1990 1048 2046 regem
1090 1985 1278 2029 contra
1307 1975 1538 2040 Judaeos,
1575 1977 1697 2046 quia
1729 1977 1827 2046 ipsi

253 2065 509 2119 dixerunt
547 2068 614 2122 ad
643 2081 881 2132 crucem,
911 2063 1024 2120 Non
1064 2065 1327 2120 habemus
1365 2081 1545 2138 regem
1581 2067 1684 2121 nisi
1713 2066 1803 2121 Cte

252 2171 454 2211 sarem.
493 2157 632 2211 Ecce
676 2158 816 2228 magi
857 2157 926 2211 ab
947 2155 1168 2213 Oriente
1199 2159 1440 2220 veniunt,
1479 2159 1604 2213 dum
1635 2157 1827 2214 Oriens

250 2259 338 2303 est
367 2248 455 2318 qui
487 2248 777 2318 quarritur;
816 2249 936 2302 ideo
959 2249 1027 2302 ab
1049 2247 1270 2304 Oriente
1300 2250 1585 2313 indicatur,
1618 2251 1731 2320 ipse
1758 2251 1826 2305 ad

248 2338 596 2406 semetipsum
632 2352 732 2392 nos
755 2338 922 2402 ducit,
948 2337 1003 2392 in
1028 2337 1359 2410 Jerosolyma
1385 2347 1666 2404 venerunt,
1699 2340 1824 2410 quia

248 2429 318 2484 de
364 2428 493 2483 Sion
546 2429 712 2483 exibit
760 2428 845 2482 lex
897 2417 954 2482 et"
1009 2429 1234 2484 verbum
1284 2429 1496 2484 Domini
1548 2430 1615 2484 de
1672 2428 1849 2485 Jeru-.

246 2518 436 2574 salem.

318 2610 582 2678 Dicentes,
612 2613 699 2667 ubi
729 2622 802 2668 est
837 2613 925 2684 qui
956 2625 1111 2668 natus
1145 2623 1220 2669 est
1258 2632 1350 2670 rex
1368 2614 1720 2670 Judazorum?
1763 2615 1822 2670 Id

243 2710 349 2770 est,
389 2719 485 2759 rex
523 2704 942 2771 confessionum,
977 2705 1181 2760 addunt
1227 2721 1448 2762 causam
1496 2707 1820 2777 inquirenti-

242 2792 369 2856 bus,
398 2793 522 2862 quis
550 2793 685 2847 dixit
709 2793 898 2849 vobis?
936 2794 1166 2850 vidimus
1199 2796 1343 2850 enim
1375 2795 1581 2852 stellam
1612 2797 1728 2867 ejus
1765 2797 1817 2851 in

242 2879 489 2946 Oriente,
531 2883 683 2939 stella
715 2894 885 2950 muta,
923 2885 1017 2941 sed
1059 2885 1258 2952 lucida,
1289 2887 1379 2942 lux
1413 2887 1562 2943 ducit
1605 2889 1671 2944 ad
1699 2905 1820 2944 ver-

241 2971 371 3026 bum
398 2990 410 3024 :
435 2971 567 3027 Item
594 2973 800 3028 stellam
829 2975 900 3037 ei,
929 2984 983 3029 et
1021 2991 1126 3030 non
1163 2977 1287 3032 coeli
1315 2987 1371 3032 et
1395 2987 1576 3043 terrm,
1607 2993 1816 3036 necnon

245 3077 435 3118 eorum
461 3062 580 3128 fuit,
613 3067 706 3120 sed
733 3065 853 3120 Filii
879 3067 972 3122 Dei
997 3087 1008 3122 :
1034 3066 1142 3124 Nec
1172 3068 1271 3123 fuit
1297 3079 1484 3140 postea
1511 3087 1610 3127 nec
1635 3083 1813 3138 antea,

244 3152 436 3208 similis
460 3153 674 3210 Christo
710 3155 762 3210 in
787 3171 968 3218 carne,
1000 3159 1120 3213 ideo
1144 3159 1298 3214 stella
1327 3160 1466 3224 illos,
1499 3171 1555 3216 ut
1581 3165 1816 3220 caelestis

239 3245 491 3304 cdelestes
514 3251 580 3303 ad
601 3249 874 3305 caelestem
896 3250 1157 3318 duxisset,
1183 3260 1240 3306 et
1264 3251 1384 3308 ideo
1412 3269 1517 3308 non
1537 3253 1638 3308 alia
1663 3270 1816 3310 crea-

239 3348 365 3394 tura
391 3340 483 3395 sed
515 3351 681 3408 muta,
711 3350 771 3397 ut
798 3351 977 3398 mutus
1006 3330 1182 3409 inata,
1214 3344 1280 3398 ad
1311 3352 1518 3398 mutum
1550 3346 1810 3410 duxisset,

241 3441 552 3500 munerant,
578 3435 668 3505 qui
697 3435 852 3491 idolis
881 3435 1200 3503 adorabant,
1230 3435 1470 3493 Ilerodes
1502 3453 1595 3493 rex
1623 3441 1814 3494 turba-

239 3535 331 3580 tus
375 3536 477 3591 est,
519 3527 572 3582 id
609 3534 720 3592 est,
764 3543 860 3598 per
897 3528 1151 3583 invidiam
1188 3545 1256 3584 ne
1290 3543 1349 3584 se
1391 3545 1625 3600 suosque
1675 3530 1813 3587 ﬁlios

235 3625 590 3688 superasset:
634 3619 747 3673 sive
797 3619 1091 3675 timuerunt
1141 3635 1352 3684 omnes,
1401 3635 1503 3676 nec
1551 3637 1656 3675 non
1707 3621 1812 3676 illis

233 3710 376 3764 bene
419 3714 539 3765 esse
567 3726 581 3763 :
610 3709 725 3765 Rex
759 3707 938 3777 justus
985 3702 1112 3766 dum
1154 3709 1294 3781 apud
1342 3724 1524 3780 regem
1570 3712 1809 3780 iniquum

233 3801 422 3866 fuerit,
450 3809 507 3854 ut
531 3817 637 3856 non
665 3810 773 3855 tam
805 3801 940 3854 ﬁunt
966 3801 1076 3856 cari
1104 3801 1244 3870 apud
1269 3801 1430 3855 alium
1461 3817 1639 3873 regem
1676 3803 1805 3857 socii

232 3893 402 3962 regis,
428 3893 512 3946 vel
549 3893 669 3947 ideo
699 3892 897 3947 turbati
930 3899 1056 3947 sunt
1079 3901 1139 3946 ut
1163 3893 1274 3963 regi
1298 3893 1646 3963 placuissent,
1679 3895 1806 3949 item

231 3982 302 4038 ad
329 3981 584 4048 litteram,
608 3981 842 4036 turbatio
867 3981 924 4035 lit
943 3981 1098 4036 malis
1119 3983 1356 4037 ostensio
1377 3982 1536 4054 bona,
1556 3993 1611 4038 et
1633 3985 1808 4040 malus

230 4073 423 4129 oculus
447 4072 574 4128 solis
600 4081 720 4127 ortu
747 4071 1010 4126 turbatur.
1072 4068 1074 4070 ’

306 4164 375 4218 Et
412 4181 726 4235 congregans
761 4180 935 4218 omnes
961 4163 1215 4234 principes
1250 4165 1576 4218 sacerdotum
1606 4174 1653 4219 et
1676 4182 1805 4220 scrt-

231 4257 326 4310 bas
347 4254 524 4325 papuli
547 4270 565 4308 :
588 4254 642 4309 id
671 4261 772 4318 est,
805 4269 1028 4324 sperans
1062 4263 1122 4308 ut
1156 4268 1278 4308 eum
1319 4254 1685 4318 advenissent,
1720 4255 1804 4309 vel

230 4347 518 4402 consilium
549 4347 841 4416 recepisset
867 4354 924 4400 ut
950 4345 1092 4402 Deus
1126 4347 1395 4416 interroga
1421 4355 1628 4417 patrem
1654 4357 1802 4403 tuum

230 4447 288 4495 et
326 4438 666 4494 annuu'tiabit
708 4438 821 4501 tibi,
852 4436 1086 4506 majores
1115 4446 1233 4491 tuos
1273 4446 1328 4492 et
1353 4438 1534 4492 dicent
1565 4439 1682 4504 tibi,
1709 4454 1803 4508 pa-

229 4539 346 4584 tres
382 4529 650 4598 principes
686 4527 956 4582 seniorum
997 4535 1050 4582 et
1077 4527 1282 4582 scribas
1313 4528 1401 4582 ubi
1423 4526 1669 4582 Christus
1707 4544 1802 4582 na-

229 4627 513 4675 sceretur:
544 4617 657 4672 Non
688 4618 823 4672 dixit
850 4616 938 4671 ubi
986 4625 1140 4671 natus
1169 4625 1253 4671 est
1281 4616 1370 4671 ubi
1398 4625 1501 4682 est,
1528 4625 1586 4670 at
1613 4616 1688 4670 illi
1717 4618 1800 4672 di-

228 4717 430 4765 xerunt
459 4708 512 4764 in
537 4708 806 4763 Bethleem
834 4705 1006 4771 Judzn,
1029 4707 1208 4784 verbis
1231 4707 1435 4770 dicunt,
1468 4707 1609 4777 quod
1638 4705 1800 4763 factis

229 4811 446 4874 negant,
474 4803 599 4857 caeci
630 4800 846 4871 palpant
867 4810 925 4854 ut
952 4799 1101 4854 Isaac
1126 4798 1292 4854 Iacob
1315 4817 1327 4852 :
1352 4799 1479 4853 dum
1517 4799 1597 4853 ire
1624 4799 1795 4869 negli-

227 4904 383 4961 gunt,
431 4908 591 4964 quem
643 4891 917 4946 adorando
971 4899 1293 4955 monstrant,
1343 4899 1452 4944 tres
1501 4891 1641 4963 magi
1688 4898 1800 4945 tres

228 4983 368 5038 filios
391 4981 522 5046 Noe,
553 4997 674 5037 cum
718 4981 889 5034 tribus
919 4979 1248 5041 muneribus,
1281 4977 1543 5032 'l‘rinitate
1569 4976 1798 5032 adorare

226 5073 530 5147 signiﬁcant
555 5091 568 5127 :
595 5071 743 5127 Tunc
774 5070 1010 5125 Herodes
1053 5070 1189 5124 clam
1221 5069 1442 5132 vocatis,
1484 5069 1570 5123 hic
1598 5068 1794 5121 defecit

227 5164 471 5228 historia,
498 5164 622 5220 dum
652 5163 843 5218 secreti
881 5161 1083 5216 indicat
1119 5171 1326 5228 tempus
1360 5159 1547 5223 stellae,
1576 5169 1796 5229 propter

226 5258 328 5313 hoc
361 5257 525 5312 distat
563 5255 863 5326 opiniones,
906 5251 1121 5323 quando
1160 5251 1300 5321 magi
1346 5258 1624 5304 venerunt.
1656 5248 1790 5304 Nam

224 5358 346 5421 post
391 5365 591 5405 annum
639 5364 804 5405 unum
852 5355 942 5402 aut
990 5345 1160 5410 duos,
1211 5343 1299 5397 alii
1351 5343 1536 5397 dicunt
1584 5357 1689 5396 non
1732 5341 1788 5395 in

222 5441 516 5508 Bethleem,
548 5440 643 5497 sed
691 5440 746 5494 in
767 5438 1023 5510 Egypto,
1060 5435 1341 5491 inveniunt
1379 5447 1535 5498 eum;
1565 5442 1620 5487 et
1648 5433 1692 5487 si
1731 5433 1786 5487 in

225 5532 503 5588 duodecim
547 5531 682 5595 dies,
729 5530 996 5598 quomodo
1030 5527 1096 5582 de
1124 5525 1280 5596 longa
1325 5533 1468 5577 terra
1500 5523 1677 5578 Persae
1704 5522 1787 5578 vel

222 5624 388 5690 Evile,
405 5625 615 5680 Arabiae
637 5623 721 5678 vel
748 5621 919 5678 Cedar
945 5623 997 5675 in
1021 5619 1300 5676 duodecim
1333 5617 1450 5671 dies
1476 5632 1658 5671 ventre
1690 5631 1784 5686 po-

223 5725 458 5780 tuerunt,
489 5715 583 5771 sed
607 5722 782 5785 potest
824 5712 874 5767 id
907 5710 1081 5766 facere
1111 5709 1252 5764 Deus
1287 5709 1439 5776 cujus
1468 5706 1630 5760 verbo
1656 5721 1784 5761 saxa

223 5806 440 5861 volant:
469 5813 676 5860 montes
700 5804 1009 5865 movebunt,
1040 5799 1124 5856 cui
1165 5807 1352 5853 natura
1381 5809 1462 5852 est
1500 5798 1610 5852 ﬁeri
1643 5797 1784 5867 quod

1926 1968 2200 2026 Christum
2249 1973 2403 2029 stella
2449 1989 2543 2030 eos
2583 1977 2884 2045 perduxit:
2931 1994 3055 2033 nam
3103 1981 3171 2034 ad
3207 1979 3500 2044 Herodem,

1925 2061 2079 2116 stella
2108 2077 2202 2118 eos
2228 2080 2335 2119 non
2370 2065 2546 2130 duxit,
2571 2063 2815 2121 Herodes
2851 2068 3123 2122 diabolum
3159 2069 3509 2140 signiﬁcaba-

1926 2162 2031 2219 tur,
2060 2157 2185 2225 quia
2225 2157 2318 2226 qui
2359 2157 2503 2213 exiet
2538 2157 2604 2211 de
2635 2158 2833 2214 diaboli
2874 2162 3221 2232 suggestione
3264 2164 3330 2218 ad
3357 2157 3512 2219 Chri-

1925 2255 2067 2302 stum
2095 2263 2217 2303 cum
2246 2247 2370 2303 ﬁdei
2411 2249 2581 2305 stella:
2615 2251 2783 2315 vadit,
2816 2251 3062 2308 videntes
3099 2253 3310 2311 stellam
3339 2255 3509 2326 gavisi

1924 2347 2067 2403 sunt,
2096 2347 2150 2394 et
2177 2339 2401 2409 reliqua,
2438 2342 2562 2409 quia
2603 2357 2720 2397 mos
2747 2351 2831 2398 est
2859 2344 3130 2410 omnibus,
3171 2347 3400 2416 perditio
3427 2346 3510 2401 in-

1923 2436 2083 2482 venta
2127 2431 2359 2498 gaudere
2409 2428 2715 2498 ejuszldeo
2764 2433 3002 2488 ostendit
3052 2435 3505 2491 etexcelsiorcm

1922 2533 2169 2589 puerum,
2198 2535 2361 2589 quam
2395 2536 2548 2575 suam
2578 2529 2831 2578 matrem.

1991 2607 2062 2662 Et
2091 2609 2346 2664 intrantes
2366 2610 2603 2676 domum,
2637 2619 2692 2665 ct
2718 2612 2945 2684 reliqua,
2976 2623 3157 2670 utrum
3188 2615 3407 2672 domum
3436 2626 3505 2672 an

1922 2697 2319 2754 diversorium?
2344 2697 2412 2754 Et
2438 2700 2783 2770 procidentes
2811 2705 3178 2760 adoraverunt
3202 2721 3350 2769 eum,
3377 2704 3506 2762 ante

1921 2788 2128 2844 stellam
2168 2790 2489 2856 adorabant,
2545 2793 2782 2848 cessavit
2821 2805 3092 2860 creatura,
3122 2797 3248 2852 dum
3288 2807 3505 2854 creator

1919 2885 2196 2950 adorator,
2227 2896 2276 2940 et
2316 2888 2511 2958 apertis
2551 2889 2821 2944 thesauris
2851 2891 2961 2945 suis
2989 2898 3046 2946 et
3066 2890 3292 2962 reliqua,
3310 2907 3501 2949 aurum

1917 2977 2050 3048 regi,
2084 2986 2168 3032 tus
2188 2977 2318 3043 Deo,
2351 2979 2517 3034 mirra
2546 2979 2872 3051 sepulcrum,
2905 2990 3086 3037 utrum
3111 2997 3252 3038 unus
3282 2988 3495 3050 aurum,

1917 3065 2055 3121 alius
2111 3076 2216 3130 tus,
2275 3068 2466 3123 tertius
2512 3070 2679 3124 mirra
2723 3071 2918 3126 obtulit
2960 3089 2974 3124 :
3024 3069 3140 3127 Non
3188 3075 3380 3139 scitur,
3431 3091 3499 3130 an

1917 3157 2288 3227 unusquisque
2329 3157 2432 3212 tria
2466 3157 2660 3214 obtulit
2688 3161 2827 3215 dona
2858 3168 2984 3230 apte
3013 3177 3120 3216 non
3151 3163 3370 3228 dicitur,
3402 3165 3497 3220 sed
3539 3149 3545 3156 ’

1919 3253 2208 3314 utrumque
2239 3245 2292 3298 in
2321 3245 2515 3316 ﬁgura.
2565 3246 2680 3301 Non
2709 3248 3043 3315 discordant,
3073 3250 3199 3319 quia
3237 3259 3344 3307 tres
3372 3252 3504 3308 ﬁded

1915 3335 1996 3391 les
2026 3351 2189 3389 unum
2216 3345 2342 3391 sunt
2368 3346 2425 3390 et
2461 3337 2514 3391 in
2546 3353 2713 3392 unum
2749 3347 2895 3394 esset
2923 3346 3034 3395 tres
3063 3339 3289 3405 fructus,
3325 3343 3491 3398 triceé

1913 3424 2105 3488 simus,
2152 3426 2632 3496 quadragesimus,
2683 3427 3390 3489 centesimus,'tricesimus
3437 3432 3495 3488 in

1915 3518 2018 3572 ﬁde
2039 3515 2339 3580 Trinitatis,
2385 3519 2830 3588 quadragesimus
2861 3519 2914 3573 in
2943 3519 3276 3589 perlectione
3313 3534 3496 3577 actua-

1912 3611 1976 3667 lis
2016 3612 2168 3671 vitae,
2219 3611 2545 3667 centesimus
2589 3620 2805 3666 aeterna:
2847 3612 2972 3666 vitae
3015 3614 3490 3684 contemplatione,

1910 3700 2280 3771 unusquisque
2328 3701 2428 3756 tria
2479 3699 2797 3765 offerebant,
2842 3717 2940 3772 per
2982 3717 3172 3758 aurum
3215 3707 3492 3761 conscien-

1909 3791 2038 3846 tiam
2065 3807 2277 3861 puram,
2311 3807 2411 3862 per
2441 3801 2525 3847 tus
2552 3792 2852 3848 orationem
2885 3801 3108 3860 rectam,
3142 3811 3240 3865 per
3266 3796 3486 3851 mirram

1907 3888 2379 3942 mortiﬁcationem
2409 3887 2744 3942 voluntatum
2770 3905 2782 3941 :
2805 3887 2935 3942 Item
2965 3889 3067 3943 tria
3107 3904 3355 3954 munera,
3399 3905 3493 3945 co-‘

1908 3979 2096 4049 gitatio
2146 3988 2359 4044 sancta,
2389 3979 2612 4034 verbum
2653 3979 2880 4043 bonum,
2907 3987 2965 4032 et
2992 3991 3129 4048 opus
3159 3978 3486 4048 perfectum.

1907 4069 2062 4124 stella
2105 4070 2183 4124 sic
2214 4069 2464 4138 apparuit
2506 4077 2716 4123 tantum
2767 4068 2821 4122 in
2869 4066 2984 4136 ejus
3019 4069 3300 4126 nativitate
3348 4073 3489 4127 sicut

1827 4157 1829 4160 ⁴
1906 4159 2152 4214 columba
2180 4161 2233 4214 in
2256 4159 2542 4228 baptismo.
2562 4157 2694 4211 Nam
2717 4157 2873 4212 stella
2893 4158 3109 4228 quando
3131 4160 3487 4217 antecedebat

1906 4264 2022 4313 cos,
2055 4265 2162 4303 non
2186 4249 2342 4317 longe
2370 4263 2398 4301 a
2434 4255 2598 4303 terra.

1975 4341 2044 4396 Et
2079 4357 2324 4412 responso
2358 4347 2567 4410 accepto
2601 4339 2894 4406 insomnis,
2926 4349 2982 4394 et
3015 4339 3243 4410 reliqua.
3272 4339 3398 4406 Ideo
3427 4342 3480 4398 in

1906 4432 2110 4487 somnis
2150 4430 2308 4487 oculo
2356 4430 2561 4496 clauso,
2605 4437 2666 4485 ut
2717 4430 2884 4485 Deum
2937 4429 3261 4486 invisibilem
3298 4440 3354 4487 et
3395 4433 3482 4487 in-

1906 4522 2443 4592 comprehensibilem
2470 4523 2784 4589 adorarent,
2810 4531 2864 4577 et
2887 4522 3074 4595 vigiles
3103 4538 3208 4579 non
3237 4523 3486 4594 aperian-

1906 4624 1995 4669 tur
2031 4613 2171 4668 oculi
2211 4614 2279 4670 ad
2310 4623 2581 4678 creatura,
2613 4615 2710 4669 sed
2737 4613 2804 4668 ad
2841 4614 3073 4669 creatori
3100 4629 3114 4666 ε
3138 4612 3217 4667 Ne
3246 4611 3485 4670 redirent

1901 4705 1969 4759 ad
1997 4704 2282 4768 Herodem,
2314 4703 2365 4759 id
2389 4711 2491 4768 est,
2522 4711 2646 4774 post
2670 4701 3045 4773 paenitentiam
3075 4701 3143 4755 ad
3173 4700 3476 4756 diabolum:

1905 4810 2002 4864 per
2024 4794 2186 4848 aliam
2215 4793 2356 4847 viam
2387 4793 2589 4848 reversi
2621 4801 2749 4848 sunt
2775 4792 2829 4846 in
2858 4805 3012 4847 suam
3043 4791 3336 4861 regionem.
3369 4789 3480 4846 Re-

1906 4885 1994 4955 gio
2035 4884 2317 4953 paradisus
2358 4891 2460 4938 est.
2501 4882 2594 4938 Ille
2637 4897 2736 4953 per
2780 4881 2940 4936 aliam
2981 4881 3121 4936 viam
3155 4881 3476 4952 regreditur,

1905 4977 1993 5045 qui
2023 4985 2188 5030 totam
2215 4976 2378 5030 vitam
2405 4989 2558 5028 suam
2585 4972 2852 5034 emendat,
2880 4981 2935 5027 et
2956 4973 3023 5028 de
3046 4973 3311 5043 pravitate
3334 4973 3480 5027 venit

1902 5073 1968 5126 ad
2000 5071 2336 5126 sanctitatem
2363 5087 2376 5122 :
2402 5069 2492 5139 qui
2521 5064 2642 5123 eum
2679 5067 3049 5123 recessissent.

1973 5162 2108 5217 Ecce
2129 5161 2354 5232 Angelus
2369 5160 2598 5222 Domini,
2626 5166 2680 5213 ct
2708 5157 2936 5228 reliqua.
2967 5156 3184 5214 Gabriel
3218 5156 3476 5212 fortitudo

1899 5253 1992 5309 Dei
2025 5253 2238 5317 dicitur,
2267 5252 2485 5323 dignum
2515 5260 2651 5316 erat,
2680 5259 2738 5305 ut
2774 5249 3142 5306 inﬁrmitatem
3168 5243 3476 5304 humanita4

1895 5345 1986 5408 tis,
2024 5342 2282 5398 fortitudo
2308 5341 2398 5396 Dei
2427 5339 2773 5403 confortaret,
2825 5349 2880 5396 et
2922 5341 3080 5396 aliter
3124 5357 3140 5397 :
3179 5340 3304 5410 quia
3347 5337 3474 5394 tunc

1893 5435 2115 5505 angelus
2151 5432 2304 5488 nobis
2345 5433 2758 5503 appmpinquat,
2787 5447 2910 5487 cum
2944 5448 3044 5488 nos
3085 5421 3473 5486 recesserimus

1894 5526 1962 5581 ab
1993 5524 2201 5579 Herode
2232 5523 2461 5578 diabolo.
2503 5523 2662 5594 Fugit
2708 5525 2759 5579 in
2783 5521 3099 5596 Egyptum,
3133 5521 3270 5591 fuga:
3298 5516 3467 5573 victo;

1894 5617 2029 5672 riam
2063 5617 2316 5681 ostendit,
2347 5616 2485 5682 sicut
2511 5614 2638 5671 Jesu
2669 5615 2828 5672 Navae
2855 5617 3070 5687 quando
3114 5614 3289 5668 dixit:
3325 5609 3470 5666 Divi-'-

1894 5709 2003 5764 dite
2027 5723 2124 5762 vos
2149 5715 2204 5762 et
2238 5707 2310 5761 ite
2354 5706 2406 5760 in
2445 5704 2625 5779 fugam
2667 5707 2840 5762 donec
2878 5705 3026 5760 cives
3064 5703 3212 5758 foras
3249 5712 3463 5766 exeant,

1896 5810 2080 5870 postea
2120 5799 2434 5864 convertite,
2482 5810 2536 5856 et
2565 5799 2792 5855 vincetis
2819 5787 2912 5853 eos
2943 5816 2954 5850 :
2985 5795 3232 5852 Christus
3261 5798 3464 5866 primus
