  <div class='ocr_page' id='page_1' title='image "/cluster/home/n/w/nwhite01/storage/ocr_20150623/114/hvd.32044018909580/441.png"; bbox 0 0 3948 6328; ppageno 0'>
   <div class='ocr_carea' id='block_1_1' title="bbox 445 423 548 480">
    <p class='ocr_par' dir='ltr' id='par_1_1' title="bbox 445 423 548 480">
     <span class='ocr_line' id='line_1_1' title="bbox 445 423 548 480; baseline -0.01 -1"><span class='ocrx_word' id='word_1_1' title='bbox 445 423 548 480; x_wconf 78' lang='lat'><strong>867</strong></span> 
     </span>
    </p>
   </div>
   <div class='ocr_carea' id='block_1_2' title="bbox 946 403 2007 474">
    <p class='ocr_par' dir='ltr' id='par_1_2' title="bbox 946 408 2007 474">
     <span class='ocr_line' id='line_1_2' title="bbox 946 408 2007 474; baseline -0.009 -1"><span class='ocrx_word' id='word_1_2' title='bbox 946 408 1336 474; x_wconf 42' lang='lat' dir='ltr'><strong>“$1.13?le</strong></span> <span class='ocrx_word' id='word_1_3' title='bbox 1374 413 1621 470; x_wconf 72' lang='lat' dir='ltr'><strong>STRABI</strong></span> <span class='ocrx_word' id='word_1_4' title='bbox 1657 410 1860 467; x_wconf 75' lang='lat' dir='ltr'><strong>FULD.</strong></span> <span class='ocrx_word' id='word_1_5' title='bbox 1901 413 2007 464; x_wconf 71' lang='grc' dir='ltr'><strong>ΜΟ]</strong></span> 
     </span>
    </p>
   </div>
   <div class='ocr_carea' id='block_1_3' title="bbox 2116 403 3164 474">
    <p class='ocr_par' dir='ltr' id='par_1_3' title="bbox 2116 403 3164 466">
     <span class='ocr_line' id='line_1_3' title="bbox 2116 403 3164 466; baseline -0.003 -2"><span class='ocrx_word' id='word_1_6' title='bbox 2116 409 2254 464; x_wconf 83' lang='lat' dir='ltr'><strong>DPP.</strong></span> <span class='ocrx_word' id='word_1_7' title='bbox 2297 407 2476 466; x_wconf 81' lang='lat' dir='ltr'><strong>PARS</strong></span> <span class='ocrx_word' id='word_1_8' title='bbox 2515 408 2558 464; x_wconf 84' lang='grc' dir='ltr'><strong>Ι.</strong></span> <span class='ocrx_word' id='word_1_9' title='bbox 2612 438 2668 449; x_wconf 91' lang='lat'><strong>-—</strong></span> <span class='ocrx_word' id='word_1_10' title='bbox 2704 403 3164 464; x_wconf 75' lang='lat' dir='ltr'><strong>THEOLOGICA.</strong></span> 
     </span>
    </p>
   </div>
   <div class='ocr_carea' id='block_1_4' title="bbox 446 515 3705 609">
    <p class='ocr_par' dir='ltr' id='par_1_4' title="bbox 446 515 3705 609">
     <span class='ocr_line' id='line_1_4' title="bbox 446 515 3705 609; baseline -0.006 -16"><span class='ocrx_word' id='word_1_11' title='bbox 446 538 582 609; x_wconf 89' lang='lat' dir='ltr'><strong>fugit</strong></span> <span class='ocrx_word' id='word_1_12' title='bbox 610 538 780 591; x_wconf 87' lang='lat' dir='ltr'><strong>donec</strong></span> <span class='ocrx_word' id='word_1_13' title='bbox 800 542 946 588; x_wconf 76' lang='lat' dir='ltr'><strong>retro</strong></span> <span class='ocrx_word' id='word_1_14' title='bbox 967 529 1235 586; x_wconf 80' lang='lat' dir='ltr'><strong>diabolum</strong></span> <span class='ocrx_word' id='word_1_15' title='bbox 1261 529 1445 593; x_wconf 91' lang='lat' dir='ltr'><strong>vincit,</strong></span> <span class='ocrx_word' id='word_1_16' title='bbox 1475 527 1554 582; x_wconf 92' lang='lat' dir='ltr'><strong>sic</strong></span> <span class='ocrx_word' id='word_1_17' title='bbox 1575 524 1772 595; x_wconf 89' lang='lat' dir='ltr'><strong>Joseph</strong></span> <span class='ocrx_word' id='word_1_18' title='bbox 1795 525 1846 579; x_wconf 88' lang='lat' dir='ltr'><strong>in</strong></span> <span class='ocrx_word' id='word_1_19' title='bbox 1861 522 2022 592; x_wconf 66' lang='lat' dir='ltr'><strong>Egy-</strong></span> <span class='ocrx_word' id='word_1_20' title='bbox 2051 525 2098 584; x_wconf 84' lang='lat' dir='ltr'><strong>A</strong></span> <span class='ocrx_word' id='word_1_21' title='bbox 2125 520 2369 591; x_wconf 79' lang='lat' dir='ltr'><strong>exemplo</strong></span> <span class='ocrx_word' id='word_1_22' title='bbox 2414 520 2718 576; x_wconf 93' lang='lat' dir='ltr'><strong>conﬁrmet.</strong></span> <span class='ocrx_word' id='word_1_23' title='bbox 2757 515 3023 573; x_wconf 84' lang='lat' dir='ltr'><strong>Vestitum</strong></span> <span class='ocrx_word' id='word_1_24' title='bbox 3049 516 3275 609; x_wconf 88' lang='lat' dir='ltr'><strong>Joannis</strong></span> <span class='ocrx_word' id='word_1_25' title='bbox 3308 517 3375 572; x_wconf 91' lang='lat' dir='ltr'><strong>de</strong></span> <span class='ocrx_word' id='word_1_26' title='bbox 3401 517 3705 584; x_wconf 85' lang='lat' dir='ltr'><strong>camelolis,</strong></span> 
     </span>
    </p>
   </div>
   <div class='ocr_carea' id='block_1_5' title="bbox 443 615 2024 702">
    <p class='ocr_par' dir='ltr' id='par_1_5' title="bbox 443 615 2024 702">
     <span class='ocr_line' id='line_1_5' title="bbox 443 615 2024 702; baseline -0.011 -17"><span class='ocrx_word' id='word_1_27' title='bbox 443 640 538 702; x_wconf 89' lang='lat' dir='ltr'><strong>pto</strong></span> <span class='ocrx_word' id='word_1_28' title='bbox 571 628 786 685; x_wconf 88' lang='lat' dir='ltr'><strong>domina</strong></span> <span class='ocrx_word' id='word_1_29' title='bbox 839 640 934 680; x_wconf 90' lang='lat' dir='ltr'><strong>sua</strong></span> <span class='ocrx_word' id='word_1_30' title='bbox 965 622 1102 694; x_wconf 89' lang='lat' dir='ltr'><strong>fugit</strong></span> <span class='ocrx_word' id='word_1_31' title='bbox 1127 624 1180 677; x_wconf 90' lang='lat' dir='ltr'><strong>in</strong></span> <span class='ocrx_word' id='word_1_32' title='bbox 1209 622 1377 687; x_wconf 88' lang='lat' dir='ltr'><strong>licita,</strong></span> <span class='ocrx_word' id='word_1_33' title='bbox 1406 629 1462 674; x_wconf 88' lang='lat' dir='ltr'><strong>et</strong></span> <span class='ocrx_word' id='word_1_34' title='bbox 1487 627 1609 689; x_wconf 88' lang='lat' dir='ltr'><strong>post</strong></span> <span class='ocrx_word' id='word_1_35' title='bbox 1635 618 1855 672; x_wconf 90' lang='lat' dir='ltr'><strong>modum</strong></span> <span class='ocrx_word' id='word_1_36' title='bbox 1910 615 2024 685; x_wconf 87' lang='lat' dir='ltr'><strong>ipse</strong></span> 
     </span>
    </p>
   </div>
   <div class='ocr_carea' id='block_1_6' title="bbox 445 707 2024 792">
    <p class='ocr_par' dir='ltr' id='par_1_6' title="bbox 445 707 2024 792">
     <span class='ocr_line' id='line_1_6' title="bbox 445 707 2024 792; baseline -0.009 -16"><span class='ocrx_word' id='word_1_37' title='bbox 445 737 607 792; x_wconf 81' lang='lat' dir='ltr'><strong>super</strong></span> <span class='ocrx_word' id='word_1_38' title='bbox 634 719 928 790; x_wconf 65' lang='lat' dir='ltr'><strong>Egyptum</strong></span> <span class='ocrx_word' id='word_1_39' title='bbox 953 732 1046 773; x_wconf 89' lang='lat' dir='ltr'><strong>rex</strong></span> <span class='ocrx_word' id='word_1_40' title='bbox 1069 715 1208 771; x_wconf 87' lang='lat' dir='ltr'><strong>fuit:</strong></span> <span class='ocrx_word' id='word_1_41' title='bbox 1233 727 1404 783; x_wconf 88' lang='lat' dir='ltr'><strong>usque</strong></span> <span class='ocrx_word' id='word_1_42' title='bbox 1429 712 1557 768; x_wconf 90' lang='lat' dir='ltr'><strong>dum</strong></span> <span class='ocrx_word' id='word_1_43' title='bbox 1585 712 1761 767; x_wconf 89' lang='lat' dir='ltr'><strong>dicam</strong></span> <span class='ocrx_word' id='word_1_44' title='bbox 1790 708 1909 772; x_wconf 91' lang='lat' dir='ltr'><strong>tibi,</strong></span> <span class='ocrx_word' id='word_1_45' title='bbox 1935 707 2024 762; x_wconf 88' lang='lat' dir='ltr'><strong>hic</strong></span> 
     </span>
    </p>
   </div>
   <div class='ocr_carea' id='block_1_7' title="bbox 444 796 2020 878">
    <p class='ocr_par' dir='ltr' id='par_1_7' title="bbox 444 796 2020 878">
     <span class='ocr_line' id='line_1_7' title="bbox 444 796 2020 878; baseline -0.01 -13"><span class='ocrx_word' id='word_1_46' title='bbox 444 809 682 865; x_wconf 75' lang='lat' dir='ltr'><strong>ostendit</strong></span> <span class='ocrx_word' id='word_1_47' title='bbox 710 809 852 878; x_wconf 90' lang='lat' dir='ltr'><strong>quod</strong></span> <span class='ocrx_word' id='word_1_48' title='bbox 894 821 1000 861; x_wconf 91' lang='lat' dir='ltr'><strong>non</strong></span> <span class='ocrx_word' id='word_1_49' title='bbox 1037 819 1256 875; x_wconf 82' lang='lat' dir='ltr'><strong>semper</strong></span> <span class='ocrx_word' id='word_1_50' title='bbox 1283 801 1592 873; x_wconf 88' lang='lat' dir='ltr'><strong>fugiendum</strong></span> <span class='ocrx_word' id='word_1_51' title='bbox 1617 807 1701 856; x_wconf 89' lang='lat' dir='ltr'><strong>est</strong></span> <span class='ocrx_word' id='word_1_52' title='bbox 1726 796 2020 861; x_wconf 88' lang='lat' dir='ltr'><strong>diabolum,</strong></span> 
     </span>
    </p>
   </div>
   <div class='ocr_carea' id='block_1_8' title="bbox 443 884 2025 967">
    <p class='ocr_par' dir='ltr' id='par_1_8' title="bbox 443 884 2025 967">
     <span class='ocr_line' id='line_1_8' title="bbox 443 884 2025 967; baseline -0.008 -13"><span class='ocrx_word' id='word_1_53' title='bbox 443 907 504 954; x_wconf 90' lang='lat' dir='ltr'><strong>ut</strong></span> <span class='ocrx_word' id='word_1_54' title='bbox 531 897 731 952; x_wconf 84' lang='lat' dir='ltr'><strong>Paulus</strong></span> <span class='ocrx_word' id='word_1_55' title='bbox 775 895 1046 967; x_wconf 85' lang='lat' dir='ltr'><strong>apostolus</strong></span> <span class='ocrx_word' id='word_1_56' title='bbox 1091 894 1169 948; x_wconf 87' lang='lat' dir='ltr'><strong>ait</strong></span> <span class='ocrx_word' id='word_1_57' title='bbox 1195 910 1208 946; x_wconf 87' lang='lat'><strong>:</strong></span> <span class='ocrx_word' id='word_1_58' title='bbox 1237 892 1494 947; x_wconf 82' lang='lat' dir='ltr'><strong>Resistite</strong></span> <span class='ocrx_word' id='word_1_59' title='bbox 1537 890 1752 946; x_wconf 86' lang='lat' dir='ltr'><strong>diabolo</strong></span> <span class='ocrx_word' id='word_1_60' title='bbox 1777 896 1833 944; x_wconf 92' lang='lat' dir='ltr'><strong>et</strong></span> <span class='ocrx_word' id='word_1_61' title='bbox 1856 884 2025 956; x_wconf 88' lang='lat' dir='ltr'><strong>fugiet</strong></span> 
     </span>
    </p>
   </div>
   <div class='ocr_carea' id='block_1_9' title="bbox 446 980 2021 1052">
    <p class='ocr_par' dir='ltr' id='par_1_9' title="bbox 446 980 2021 1052">
     <span class='ocr_line' id='line_1_9' title="bbox 446 980 2021 1052; baseline -0.006 -8"><span class='ocrx_word' id='word_1_62' title='bbox 446 1004 476 1044; x_wconf 83' lang='lat' dir='ltr'><strong>a</strong></span> <span class='ocrx_word' id='word_1_63' title='bbox 504 989 686 1052; x_wconf 86' lang='lat' dir='ltr'><strong>vobis;</strong></span> <span class='ocrx_word' id='word_1_64' title='bbox 735 986 956 1041; x_wconf 86' lang='lat' dir='ltr'><strong>Noctem</strong></span> <span class='ocrx_word' id='word_1_65' title='bbox 987 985 1096 1050; x_wconf 91' lang='lat' dir='ltr'><strong>hic,</strong></span> <span class='ocrx_word' id='word_1_66' title='bbox 1127 983 1362 1038; x_wconf 82' lang='lat' dir='ltr'><strong>ostendit</strong></span> <span class='ocrx_word' id='word_1_67' title='bbox 1384 981 1530 1052; x_wconf 93' lang='lat' dir='ltr'><strong>quod</strong></span> <span class='ocrx_word' id='word_1_68' title='bbox 1561 981 1787 1036; x_wconf 85' lang='lat' dir='ltr'><strong>secessit</strong></span> <span class='ocrx_word' id='word_1_69' title='bbox 1829 980 2021 1035; x_wconf 74' lang='lat' dir='ltr'><strong>littera:</strong></span> 
     </span>
    </p>
   </div>
   <div class='ocr_carea' id='block_1_10' title="bbox 447 1072 2024 1149">
    <p class='ocr_par' dir='ltr' id='par_1_10' title="bbox 447 1072 2024 1149">
     <span class='ocr_line' id='line_1_10' title="bbox 447 1072 2024 1149; baseline -0.005 -14"><span class='ocrx_word' id='word_1_70' title='bbox 447 1079 679 1135; x_wconf 64' lang='lat' dir='ltr'><strong>tenebrae</strong></span> <span class='ocrx_word' id='word_1_71' title='bbox 718 1078 871 1149; x_wconf 90' lang='lat' dir='ltr'><strong>legis.</strong></span> <span class='ocrx_word' id='word_1_72' title='bbox 913 1077 1068 1148; x_wconf 82' lang='lat' dir='ltr'><strong>Apud</strong></span> <span class='ocrx_word' id='word_1_73' title='bbox 1109 1075 1322 1130; x_wconf 80' lang='lat' dir='ltr'><strong>Jud:eos</strong></span> <span class='ocrx_word' id='word_1_74' title='bbox 1365 1081 1486 1143; x_wconf 88' lang='lat' dir='ltr'><strong>post</strong></span> <span class='ocrx_word' id='word_1_75' title='bbox 1525 1072 1798 1127; x_wconf 85' lang='lat' dir='ltr'><strong>Christum</strong></span> <span class='ocrx_word' id='word_1_76' title='bbox 1849 1086 2024 1140; x_wconf 85' lang='lat' dir='ltr'><strong>usque</strong></span> 
     </span>
    </p>
   </div>
   <div class='ocr_carea' id='block_1_11' title="bbox 446 1163 2016 1239">
    <p class='ocr_par' dir='ltr' id='par_1_11' title="bbox 446 1163 2016 1239">
     <span class='ocr_line' id='line_1_11' title="bbox 446 1163 2016 1239; baseline -0.006 -13"><span class='ocrx_word' id='word_1_77' title='bbox 446 1171 624 1233; x_wconf 84' lang='lat' dir='ltr'><strong>hodie.</strong></span> <span class='ocrx_word' id='word_1_78' title='bbox 651 1183 823 1239; x_wconf 90' lang='lat' dir='ltr'><strong>usque</strong></span> <span class='ocrx_word' id='word_1_79' title='bbox 858 1167 922 1222; x_wconf 88' lang='lat' dir='ltr'><strong>ad</strong></span> <span class='ocrx_word' id='word_1_80' title='bbox 965 1167 1157 1222; x_wconf 90' lang='lat' dir='ltr'><strong>mortis</strong></span> <span class='ocrx_word' id='word_1_81' title='bbox 1201 1165 1466 1220; x_wconf 82' lang='lat' dir='ltr'><strong>Herodem</strong></span> <span class='ocrx_word' id='word_1_82' title='bbox 1508 1171 1780 1233; x_wconf 80' lang='lat' dir='ltr'><strong>expectat,</strong></span> <span class='ocrx_word' id='word_1_83' title='bbox 1825 1163 1879 1216; x_wconf 85' lang='lat' dir='ltr'><strong>id</strong></span> <span class='ocrx_word' id='word_1_84' title='bbox 1915 1172 2016 1226; x_wconf 88' lang='lat' dir='ltr'><strong>est,</strong></span> 
     </span>
    </p>
   </div>
   <div class='ocr_carea' id='block_1_12' title="bbox 447 1254 2014 1330">
    <p class='ocr_par' dir='ltr' id='par_1_12' title="bbox 447 1254 2014 1330">
     <span class='ocr_line' id='line_1_12' title="bbox 447 1254 2014 1330; baseline -0.006 -15"><span class='ocrx_word' id='word_1_85' title='bbox 447 1271 558 1317; x_wconf 88' lang='lat' dir='ltr'><strong>tres</strong></span> <span class='ocrx_word' id='word_1_86' title='bbox 581 1275 774 1324; x_wconf 89' lang='lat' dir='ltr'><strong>annos,</strong></span> <span class='ocrx_word' id='word_1_87' title='bbox 801 1259 1026 1330; x_wconf 75' lang='lat' dir='ltr'><strong>gentiles</strong></span> <span class='ocrx_word' id='word_1_88' title='bbox 1053 1257 1323 1326; x_wconf 79' lang='lat' dir='ltr'><strong>signiﬁcat</strong></span> <span class='ocrx_word' id='word_1_89' title='bbox 1346 1255 1641 1309; x_wconf 81' lang='lat' dir='ltr'><strong>trinitatem</strong></span> <span class='ocrx_word' id='word_1_90' title='bbox 1668 1254 2014 1318; x_wconf 88' lang='lat' dir='ltr'><strong>credendum,</strong></span> 
     </span>
    </p>
   </div>
   <div class='ocr_carea' id='block_1_13' title="bbox 443 1342 2022 1419">
    <p class='ocr_par' dir='ltr' id='par_1_13' title="bbox 443 1342 2022 1419">
     <span class='ocr_line' id='line_1_13' title="bbox 443 1342 2022 1419; baseline -0.006 -14"><span class='ocrx_word' id='word_1_91' title='bbox 443 1360 500 1404; x_wconf 85' lang='lat' dir='ltr'><strong>et</strong></span> <span class='ocrx_word' id='word_1_92' title='bbox 535 1364 640 1404; x_wconf 90' lang='lat' dir='ltr'><strong>non</strong></span> <span class='ocrx_word' id='word_1_93' title='bbox 669 1348 916 1419; x_wconf 80' lang='lat' dir='ltr'><strong>pervenit</strong></span> <span class='ocrx_word' id='word_1_94' title='bbox 957 1362 1126 1415; x_wconf 89' lang='lat' dir='ltr'><strong>usque</strong></span> <span class='ocrx_word' id='word_1_95' title='bbox 1154 1345 1220 1399; x_wconf 87' lang='lat' dir='ltr'><strong>ad</strong></span> <span class='ocrx_word' id='word_1_96' title='bbox 1257 1352 1505 1408; x_wconf 90' lang='lat' dir='ltr'><strong>mortem,</strong></span> <span class='ocrx_word' id='word_1_97' title='bbox 1535 1342 1771 1397; x_wconf 87' lang='lat' dir='ltr'><strong>Herodes</strong></span> <span class='ocrx_word' id='word_1_98' title='bbox 1816 1342 2022 1396; x_wconf 87' lang='lat' dir='ltr'><strong>indicat</strong></span> 
     </span>
    </p>
   </div>
   <div class='ocr_carea' id='block_1_14' title="bbox 440 1432 2020 1507">
    <p class='ocr_par' dir='ltr' id='par_1_14' title="bbox 440 1432 2020 1507">
     <span class='ocr_line' id='line_1_14' title="bbox 440 1432 2020 1507; baseline -0.004 -15"><span class='ocrx_word' id='word_1_99' title='bbox 440 1437 675 1503; x_wconf 71' lang='lat' dir='ltr'><strong>Judteos,</strong></span> <span class='ocrx_word' id='word_1_100' title='bbox 697 1438 788 1507; x_wconf 88' lang='lat' dir='ltr'><strong>qui</strong></span> <span class='ocrx_word' id='word_1_101' title='bbox 810 1438 876 1492; x_wconf 86' lang='lat' dir='ltr'><strong>ad</strong></span> <span class='ocrx_word' id='word_1_102' title='bbox 897 1436 1168 1492; x_wconf 87' lang='lat' dir='ltr'><strong>Christum</strong></span> <span class='ocrx_word' id='word_1_103' title='bbox 1189 1435 1409 1489; x_wconf 89' lang='lat' dir='ltr'><strong>veniunt</strong></span> <span class='ocrx_word' id='word_1_104' title='bbox 1427 1443 1551 1503; x_wconf 89' lang='lat' dir='ltr'><strong>post</strong></span> <span class='ocrx_word' id='word_1_105' title='bbox 1572 1441 1798 1487; x_wconf 90' lang='lat' dir='ltr'><strong>mortem</strong></span> <span class='ocrx_word' id='word_1_106' title='bbox 1822 1432 2020 1487; x_wconf 64' lang='lat' dir='ltr'><strong>littera:</strong></span> 
     </span>
    </p>
   </div>
   <div class='ocr_carea' id='block_1_15' title="bbox 443 1526 2016 1600">
    <p class='ocr_par' dir='ltr' id='par_1_15' title="bbox 443 1526 2016 1600">
     <span class='ocr_line' id='line_1_15' title="bbox 443 1526 2016 1600; baseline -0.001 -17"><span class='ocrx_word' id='word_1_107' title='bbox 443 1528 597 1600; x_wconf 83' lang='lat' dir='ltr'><strong>legis,</strong></span> <span class='ocrx_word' id='word_1_108' title='bbox 627 1545 696 1584; x_wconf 87' lang='lat' dir='ltr'><strong>ex</strong></span> <span class='ocrx_word' id='word_1_109' title='bbox 718 1529 954 1600; x_wconf 62' lang='lat' dir='ltr'><strong>Egypto</strong></span> <span class='ocrx_word' id='word_1_110' title='bbox 994 1529 1178 1584; x_wconf 89' lang='lat' dir='ltr'><strong>vocavi</strong></span> <span class='ocrx_word' id='word_1_111' title='bbox 1218 1527 1386 1582; x_wconf 91' lang='lat' dir='ltr'><strong>ﬁlium</strong></span> <span class='ocrx_word' id='word_1_112' title='bbox 1422 1543 1622 1592; x_wconf 90' lang='lat' dir='ltr'><strong>meum,</strong></span> <span class='ocrx_word' id='word_1_113' title='bbox 1657 1526 1848 1596; x_wconf 85' lang='lat' dir='ltr'><strong>primis</strong></span> <span class='ocrx_word' id='word_1_114' title='bbox 1871 1526 2016 1598; x_wconf 79' lang='lat' dir='ltr'><strong>Moy-</strong></span> 
     </span>
    </p>
   </div>
   <div class='ocr_carea' id='block_1_16' title="bbox 441 1619 1468 1691">
    <p class='ocr_par' dir='ltr' id='par_1_16' title="bbox 441 1619 1468 1691">
     <span class='ocr_line' id='line_1_16' title="bbox 441 1619 1468 1691; baseline -0.006 -14"><span class='ocrx_word' id='word_1_115' title='bbox 441 1635 540 1678; x_wconf 87' lang='lat' dir='ltr'><strong>sen</strong></span> <span class='ocrx_word' id='word_1_116' title='bbox 570 1631 624 1677; x_wconf 92' lang='lat' dir='ltr'><strong>et</strong></span> <span class='ocrx_word' id='word_1_117' title='bbox 649 1623 827 1676; x_wconf 81' lang='lat' dir='ltr'><strong>Aaron</strong></span> <span class='ocrx_word' id='word_1_118' title='bbox 855 1629 1151 1691; x_wconf 85' lang='lat' dir='ltr'><strong>provocant</strong></span> <span class='ocrx_word' id='word_1_119' title='bbox 1173 1619 1468 1674; x_wconf 87' lang='lat' dir='ltr'><strong>Christum.</strong></span> 
     </span>
    </p>
   </div>
   <div class='ocr_carea' id='block_1_17' title="bbox 512 1707 2020 1780">
    <p class='ocr_par' dir='ltr' id='par_1_17' title="bbox 512 1707 2020 1780">
     <span class='ocr_line' id='line_1_17' title="bbox 512 1707 2020 1780; baseline -0.003 -14"><span class='ocrx_word' id='word_1_120' title='bbox 512 1711 656 1766; x_wconf 78' lang='lat' dir='ltr'><strong>Tum:</strong></span> <span class='ocrx_word' id='word_1_121' title='bbox 672 1709 904 1766; x_wconf 77' lang='lat' dir='ltr'><strong>Herodes</strong></span> <span class='ocrx_word' id='word_1_122' title='bbox 928 1710 1124 1776; x_wconf 80' lang='lat' dir='ltr'><strong>videns,</strong></span> <span class='ocrx_word' id='word_1_123' title='bbox 1145 1709 1294 1780; x_wconf 24' lang='lat' dir='ltr'><strong>quod.</strong></span> <span class='ocrx_word' id='word_1_124' title='bbox 1308 1708 1542 1762; x_wconf 81' lang='lat' dir='ltr'><strong>inclusus</strong></span> <span class='ocrx_word' id='word_1_125' title='bbox 1567 1709 1632 1762; x_wconf 82' lang='lat' dir='ltr'><strong>sit</strong></span> <span class='ocrx_word' id='word_1_126' title='bbox 1659 1723 1691 1761; x_wconf 76' lang='grc' dir='ltr'><em>α</em></span> <span class='ocrx_word' id='word_1_127' title='bbox 1711 1709 1899 1778; x_wconf 82' lang='lat' dir='ltr'><strong>magis,</strong></span> <span class='ocrx_word' id='word_1_128' title='bbox 1922 1707 2020 1762; x_wconf 88' lang='lat' dir='ltr'><strong>hic-</strong></span> 
     </span>
    </p>
   </div>
   <div class='ocr_carea' id='block_1_18' title="bbox 439 1797 2012 1872">
    <p class='ocr_par' dir='ltr' id='par_1_18' title="bbox 439 1797 2012 1872">
     <span class='ocr_line' id='line_1_18' title="bbox 439 1797 2012 1872; baseline -0.003 -16"><span class='ocrx_word' id='word_1_129' title='bbox 439 1801 718 1872; x_wconf 86' lang='lat' dir='ltr'><strong>prophetia</strong></span> <span class='ocrx_word' id='word_1_130' title='bbox 749 1800 1017 1871; x_wconf 90' lang='lat' dir='ltr'><strong>impletur,</strong></span> <span class='ocrx_word' id='word_1_131' title='bbox 1048 1800 1210 1855; x_wconf 85' lang='lat' dir='ltr'><strong>draco</strong></span> <span class='ocrx_word' id='word_1_132' title='bbox 1243 1799 1344 1854; x_wconf 90' lang='lat' dir='ltr'><strong>iste</strong></span> <span class='ocrx_word' id='word_1_133' title='bbox 1371 1814 1532 1868; x_wconf 86' lang='lat' dir='ltr'><strong>quem</strong></span> <span class='ocrx_word' id='word_1_134' title='bbox 1557 1797 1800 1853; x_wconf 79' lang='lat' dir='ltr'><strong>formasti</strong></span> <span class='ocrx_word' id='word_1_135' title='bbox 1833 1799 1898 1852; x_wconf 89' lang='lat' dir='ltr'><strong>ad</strong></span> <span class='ocrx_word' id='word_1_136' title='bbox 1929 1798 2012 1852; x_wconf 94' lang='lat' dir='ltr'><strong>in-</strong></span> 
     </span>
    </p>
   </div>
   <div class='ocr_carea' id='block_1_19' title="bbox 2123 608 3706 682">
    <p class='ocr_par' dir='ltr' id='par_1_19' title="bbox 2123 608 3706 682">
     <span class='ocr_line' id='line_1_19' title="bbox 2123 608 3706 682; baseline -0.001 -14"><span class='ocrx_word' id='word_1_137' title='bbox 2123 611 2389 682; x_wconf 87' lang='lat' dir='ltr'><strong>signiﬁcat</strong></span> <span class='ocrx_word' id='word_1_138' title='bbox 2444 611 2743 666; x_wconf 86' lang='lat' dir='ltr'><strong>Ecclesiam</strong></span> <span class='ocrx_word' id='word_1_139' title='bbox 2789 609 3068 680; x_wconf 89' lang='lat' dir='ltr'><strong>gentium,</strong></span> <span class='ocrx_word' id='word_1_140' title='bbox 3115 608 3202 664; x_wconf 91' lang='lat' dir='ltr'><strong>vel</strong></span> <span class='ocrx_word' id='word_1_141' title='bbox 3243 609 3468 665; x_wconf 82' lang='lat' dir='ltr'><strong>divitias</strong></span> <span class='ocrx_word' id='word_1_142' title='bbox 3513 625 3706 667; x_wconf 84' lang='lat' dir='ltr'><strong>eorum</strong></span> 
     </span>
    </p>
   </div>
   <div class='ocr_carea' id='block_1_20' title="bbox 2123 700 3706 772">
    <p class='ocr_par' dir='ltr' id='par_1_20' title="bbox 2123 700 3706 772">
     <span class='ocr_line' id='line_1_20' title="bbox 2123 700 3706 772; baseline 0.001 -14"><span class='ocrx_word' id='word_1_143' title='bbox 2123 703 2264 772; x_wconf 87' lang='lat' dir='ltr'><strong>quod</strong></span> <span class='ocrx_word' id='word_1_144' title='bbox 2287 702 2534 758; x_wconf 88' lang='lat' dir='ltr'><strong>Christus</strong></span> <span class='ocrx_word' id='word_1_145' title='bbox 2579 700 2793 772; x_wconf 87' lang='lat' dir='ltr'><strong>collegit</strong></span> <span class='ocrx_word' id='word_1_146' title='bbox 2820 710 2877 756; x_wconf 78' lang='lat' dir='ltr'><strong>et</strong></span> <span class='ocrx_word' id='word_1_147' title='bbox 2904 702 2962 755; x_wconf 92' lang='lat' dir='ltr'><strong>ﬁt</strong></span> <span class='ocrx_word' id='word_1_148' title='bbox 2991 701 3255 757; x_wconf 83' lang='lat' dir='ltr'><strong>Ecclesia.</strong></span> <span class='ocrx_word' id='word_1_149' title='bbox 3295 703 3467 768; x_wconf 87' lang='lat' dir='ltr'><strong>Zona,</strong></span> <span class='ocrx_word' id='word_1_150' title='bbox 3517 702 3570 757; x_wconf 88' lang='lat' dir='ltr'><strong>id</strong></span> <span class='ocrx_word' id='word_1_151' title='bbox 3623 716 3706 760; x_wconf 87' lang='lat' dir='ltr'><strong>est</strong></span> 
     </span>
    </p>
   </div>
   <div class='ocr_carea' id='block_1_21' title="bbox 2120 790 3703 864">
    <p class='ocr_par' dir='ltr' id='par_1_21' title="bbox 2120 790 3703 864">
     <span class='ocr_line' id='line_1_21' title="bbox 2120 790 3703 864; baseline 0.002 -16"><span class='ocrx_word' id='word_1_152' title='bbox 2120 792 2463 849; x_wconf 84' lang='lat' dir='ltr'><strong>mortiﬁcatio</strong></span> <span class='ocrx_word' id='word_1_153' title='bbox 2488 793 2764 857; x_wconf 86' lang='lat' dir='ltr'><strong>vitiorum,</strong></span> <span class='ocrx_word' id='word_1_154' title='bbox 2794 795 2939 846; x_wconf 89' lang='lat' dir='ltr'><strong>circa</strong></span> <span class='ocrx_word' id='word_1_155' title='bbox 2966 790 3214 848; x_wconf 88' lang='lat' dir='ltr'><strong>lumbos:</strong></span> <span class='ocrx_word' id='word_1_156' title='bbox 3239 792 3296 848; x_wconf 90' lang='lat' dir='ltr'><strong>ld</strong></span> <span class='ocrx_word' id='word_1_157' title='bbox 3322 803 3436 858; x_wconf 89' lang='lat' dir='ltr'><strong>est,</strong></span> <span class='ocrx_word' id='word_1_158' title='bbox 3466 795 3602 864; x_wconf 83' lang='lat' dir='ltr'><strong>quia</strong></span> <span class='ocrx_word' id='word_1_159' title='bbox 3632 795 3703 851; x_wconf 89' lang='lat' dir='ltr'><strong>ibi</strong></span> 
     </span>
    </p>
   </div>
   <div class='ocr_carea' id='block_1_22' title="bbox 2119 883 3701 952">
    <p class='ocr_par' dir='ltr' id='par_1_22' title="bbox 2119 883 3701 952">
     <span class='ocr_line' id='line_1_22' title="bbox 2119 883 3701 952; baseline 0 -12"><span class='ocrx_word' id='word_1_160' title='bbox 2119 893 2204 940; x_wconf 90' lang='lat' dir='ltr'><strong>est</strong></span> <span class='ocrx_word' id='word_1_161' title='bbox 2241 884 2528 943; x_wconf 88' lang='lat' dir='ltr'><strong>fornicatio</strong></span> <span class='ocrx_word' id='word_1_162' title='bbox 2562 884 2666 939; x_wconf 84' lang='lat' dir='ltr'><strong>viri</strong></span> <span class='ocrx_word' id='word_1_163' title='bbox 2703 891 2758 940; x_wconf 86' lang='lat' dir='ltr'><strong>et</strong></span> <span class='ocrx_word' id='word_1_164' title='bbox 2785 883 3070 940; x_wconf 87' lang='lat' dir='ltr'><strong>mulierum</strong></span> <span class='ocrx_word' id='word_1_165' title='bbox 3114 883 3169 939; x_wconf 87' lang='lat' dir='ltr'><strong>in</strong></span> <span class='ocrx_word' id='word_1_166' title='bbox 3205 886 3484 952; x_wconf 65' lang='lat' dir='ltr'><strong>umbilico,</strong></span> <span class='ocrx_word' id='word_1_167' title='bbox 3513 902 3701 942; x_wconf 84' lang='lat' dir='ltr'><strong>escam</strong></span> 
     </span>
    </p>
   </div>
   <div class='ocr_carea' id='block_1_23' title="bbox 2118 975 3702 1045">
    <p class='ocr_par' dir='ltr' id='par_1_23' title="bbox 2118 975 3702 1045">
     <span class='ocr_line' id='line_1_23' title="bbox 2118 975 3702 1045; baseline 0.003 -15"><span class='ocrx_word' id='word_1_168' title='bbox 2118 975 2234 1045; x_wconf 88' lang='lat' dir='ltr'><strong>ejus</strong></span> <span class='ocrx_word' id='word_1_169' title='bbox 2261 975 2478 1030; x_wconf 67' lang='lat' dir='ltr'><strong>locusta:</strong></span> <span class='ocrx_word' id='word_1_170' title='bbox 2506 975 2824 1030; x_wconf 66' lang='lat' dir='ltr'><strong>miserrimae</strong></span> <span class='ocrx_word' id='word_1_171' title='bbox 2845 989 2972 1029; x_wconf 89' lang='lat' dir='ltr'><strong>aves</strong></span> <span class='ocrx_word' id='word_1_172' title='bbox 2993 985 3140 1042; x_wconf 89' lang='lat' dir='ltr'><strong>sunt,</strong></span> <span class='ocrx_word' id='word_1_173' title='bbox 3168 977 3460 1032; x_wconf 89' lang='lat' dir='ltr'><strong>ostendunt</strong></span> <span class='ocrx_word' id='word_1_174' title='bbox 3479 976 3702 1034; x_wconf 71' lang='lat' dir='ltr'><strong>Judaaos</strong></span> 
     </span>
    </p>
   </div>
   <div class='ocr_carea' id='block_1_24' title="bbox 2119 1062 3696 1137">
    <p class='ocr_par' dir='ltr' id='par_1_24' title="bbox 2119 1062 3696 1137">
     <span class='ocr_line' id='line_1_24' title="bbox 2119 1062 3696 1137; baseline 0.003 -19"><span class='ocrx_word' id='word_1_175' title='bbox 2119 1064 2210 1134; x_wconf 90' lang='lat' dir='ltr'><strong>qui</strong></span> <span class='ocrx_word' id='word_1_176' title='bbox 2261 1064 2496 1119; x_wconf 89' lang='lat' dir='ltr'><strong>litteram</strong></span> <span class='ocrx_word' id='word_1_177' title='bbox 2541 1064 2675 1135; x_wconf 87' lang='lat' dir='ltr'><strong>legis</strong></span> <span class='ocrx_word' id='word_1_178' title='bbox 2712 1064 2790 1119; x_wconf 88' lang='lat' dir='ltr'><strong>uti</strong></span> <span class='ocrx_word' id='word_1_179' title='bbox 2821 1063 3042 1119; x_wconf 69' lang='lat' dir='ltr'><strong>locustae</strong></span> <span class='ocrx_word' id='word_1_180' title='bbox 3065 1062 3197 1130; x_wconf 87' lang='lat' dir='ltr'><strong>llos;</strong></span> <span class='ocrx_word' id='word_1_181' title='bbox 3236 1066 3343 1121; x_wconf 90' lang='lat' dir='ltr'><strong>mel</strong></span> <span class='ocrx_word' id='word_1_182' title='bbox 3374 1066 3696 1137; x_wconf 69' lang='lat' dir='ltr'><strong>Sylvestrae,</strong></span> 
     </span>
    </p>
   </div>
   <div class='ocr_carea' id='block_1_25' title="bbox 2119 1154 3705 1227">
    <p class='ocr_par' dir='ltr' id='par_1_25' title="bbox 2119 1154 3705 1227">
     <span class='ocr_line' id='line_1_25' title="bbox 2119 1154 3705 1227; baseline 0.003 -19"><span class='ocrx_word' id='word_1_183' title='bbox 2119 1155 2384 1224; x_wconf 85' lang='lat' dir='ltr'><strong>signiﬁcat</strong></span> <span class='ocrx_word' id='word_1_184' title='bbox 2412 1155 2599 1222; x_wconf 77' lang='lat' dir='ltr'><strong>dulces</strong></span> <span class='ocrx_word' id='word_1_185' title='bbox 2646 1168 2926 1208; x_wconf 83' lang='lat' dir='ltr'><strong>sermones</strong></span> <span class='ocrx_word' id='word_1_186' title='bbox 2947 1154 3066 1218; x_wconf 88' lang='lat' dir='ltr'><strong>Dei,</strong></span> <span class='ocrx_word' id='word_1_187' title='bbox 3098 1155 3182 1208; x_wconf 88' lang='lat' dir='ltr'><strong>vel</strong></span> <span class='ocrx_word' id='word_1_188' title='bbox 3213 1154 3429 1211; x_wconf 70' lang='lat' dir='ltr'><strong>Judaeos</strong></span> <span class='ocrx_word' id='word_1_189' title='bbox 3464 1157 3560 1227; x_wconf 88' lang='lat' dir='ltr'><strong>qui</strong></span> <span class='ocrx_word' id='word_1_190' title='bbox 3605 1173 3705 1212; x_wconf 69' lang='grc' dir='ltr'>διιο-</span> 
     </span>
    </p>
   </div>
   <div class='ocr_carea' id='block_1_26' title="bbox 2117 1241 3696 1313">
    <p class='ocr_par' dir='ltr' id='par_1_26' title="bbox 2117 1241 3696 1313">
     <span class='ocr_line' id='line_1_26' title="bbox 2117 1241 3696 1313; baseline 0.001 -15"><span class='ocrx_word' id='word_1_191' title='bbox 2117 1241 2424 1312; x_wconf 73' lang='grc' dir='ltr'>εεερει-ιιιιι</span> <span class='ocrx_word' id='word_1_192' title='bbox 2451 1242 2664 1298; x_wconf 90' lang='lat' dir='ltr'><strong>dulcem</strong></span> <span class='ocrx_word' id='word_1_193' title='bbox 2710 1241 3153 1313; x_wconf 65' lang='lat' dir='ltr'><strong>praedicationem</strong></span> <span class='ocrx_word' id='word_1_194' title='bbox 3202 1252 3286 1298; x_wconf 66' lang='lat' dir='ltr'><strong>etr-</strong></span> <span class='ocrx_word' id='word_1_195' title='bbox 3307 1255 3578 1300; x_wconf 89' lang='lat' dir='ltr'><strong>venerunt</strong></span> <span class='ocrx_word' id='word_1_196' title='bbox 3629 1247 3696 1300; x_wconf 82' lang='lat' dir='ltr'><strong>ad</strong></span> 
     </span>
    </p>
   </div>
   <div class='ocr_carea' id='block_1_27' title="bbox 2115 1331 2408 1387">
    <p class='ocr_par' dir='ltr' id='par_1_27' title="bbox 2115 1331 2408 1387">
     <span class='ocr_line' id='line_1_27' title="bbox 2115 1331 2408 1387; baseline 0.003 -1"><span class='ocrx_word' id='word_1_197' title='bbox 2115 1331 2408 1387; x_wconf 90' lang='lat' dir='ltr'><strong>Christum.</strong></span> 
     </span>
    </p>
   </div>
   <div class='ocr_carea' id='block_1_28' title="bbox 2129 1412 3693 1498">
    <p class='ocr_par' dir='ltr' id='par_1_28' title="bbox 2129 1412 3693 1498">
     <span class='ocr_line' id='line_1_28' title="bbox 2129 1412 3693 1498; baseline 0.006 -23"><span class='ocrx_word' id='word_1_198' title='bbox 2129 1473 2132 1475; x_wconf 16' lang='grc' dir='ltr'><strong>Α</strong></span> <span class='ocrx_word' id='word_1_199' title='bbox 2187 1421 2230 1475; x_wconf 88' lang='grc' dir='ltr'><em>Τ</em></span> <span class='ocrx_word' id='word_1_200' title='bbox 2233 1439 2331 1483; x_wconf 82' lang='lat' dir='ltr'><strong>unc</strong></span> <span class='ocrx_word' id='word_1_201' title='bbox 2369 1422 2609 1478; x_wconf 70' lang='lat' dir='ltr'><strong>exiebant</strong></span> <span class='ocrx_word' id='word_1_202' title='bbox 2649 1423 2717 1478; x_wconf 86' lang='lat' dir='ltr'><strong>ad</strong></span> <span class='ocrx_word' id='word_1_203' title='bbox 2746 1439 2866 1478; x_wconf 77' lang='lat' dir='ltr'><strong>eum</strong></span> <span class='ocrx_word' id='word_1_204' title='bbox 2890 1422 3218 1494; x_wconf 80' lang='lat' dir='ltr'><strong>Jerosolyma</strong></span> <span class='ocrx_word' id='word_1_205' title='bbox 3263 1435 3321 1480; x_wconf 91' lang='lat' dir='ltr'><strong>et</strong></span> <span class='ocrx_word' id='word_1_206' title='bbox 3349 1412 3582 1498; x_wconf 77' lang='lat' dir='ltr'><strong>reliqua.</strong></span> <span class='ocrx_word' id='word_1_207' title='bbox 3636 1428 3693 1484; x_wconf 83' lang='lat' dir='ltr'><strong>Id</strong></span> 
     </span>
    </p>
   </div>
   <div class='ocr_carea' id='block_1_29' title="bbox 2114 1511 3690 1583">
    <p class='ocr_par' dir='ltr' id='par_1_29' title="bbox 2114 1511 3690 1583">
     <span class='ocr_line' id='line_1_29' title="bbox 2114 1511 3690 1583; baseline 0.006 -15"><span class='ocrx_word' id='word_1_208' title='bbox 2114 1520 2198 1568; x_wconf 86' lang='lat' dir='ltr'><strong>est</strong></span> <span class='ocrx_word' id='word_1_209' title='bbox 2227 1511 2363 1567; x_wconf 91' lang='lat' dir='ltr'><strong>Jude</strong></span> <span class='ocrx_word' id='word_1_210' title='bbox 2393 1521 2571 1579; x_wconf 65' lang='lat' dir='ltr'><strong>terrae,</strong></span> <span class='ocrx_word' id='word_1_211' title='bbox 2616 1527 2716 1582; x_wconf 90' lang='lat' dir='ltr'><strong>pro</strong></span> <span class='ocrx_word' id='word_1_212' title='bbox 2763 1514 3158 1570; x_wconf 84' lang='lat' dir='ltr'><strong>habitatoribus</strong></span> <span class='ocrx_word' id='word_1_213' title='bbox 3201 1516 3420 1583; x_wconf 90' lang='lat' dir='ltr'><strong>dicitur,</strong></span> <span class='ocrx_word' id='word_1_214' title='bbox 3463 1518 3690 1576; x_wconf 84' lang='lat' dir='ltr'><strong>Jeroso-</strong></span> 
     </span>
    </p>
   </div>
   <div class='ocr_carea' id='block_1_30' title="bbox 2116 1601 3689 1677">
    <p class='ocr_par' dir='ltr' id='par_1_30' title="bbox 2116 1601 3689 1677">
     <span class='ocr_line' id='line_1_30' title="bbox 2116 1601 3689 1677; baseline 0.008 -23"><span class='ocrx_word' id='word_1_215' title='bbox 2116 1601 2255 1673; x_wconf 83' lang='lat' dir='ltr'><strong>lyma</strong></span> <span class='ocrx_word' id='word_1_216' title='bbox 2291 1603 2428 1660; x_wconf 80' lang='lat' dir='ltr'><strong>visio</strong></span> <span class='ocrx_word' id='word_1_217' title='bbox 2467 1603 2648 1674; x_wconf 88' lang='lat' dir='ltr'><strong>pacis,</strong></span> <span class='ocrx_word' id='word_1_218' title='bbox 2689 1603 2889 1659; x_wconf 88' lang='lat' dir='ltr'><strong>indicat</strong></span> <span class='ocrx_word' id='word_1_219' title='bbox 2913 1605 3155 1675; x_wconf 86' lang='lat' dir='ltr'><strong>paciﬁcis</strong></span> <span class='ocrx_word' id='word_1_220' title='bbox 3181 1607 3272 1677; x_wconf 88' lang='lat' dir='ltr'><strong>qui</strong></span> <span class='ocrx_word' id='word_1_221' title='bbox 3314 1608 3382 1662; x_wconf 87' lang='lat' dir='ltr'><strong>ad</strong></span> <span class='ocrx_word' id='word_1_222' title='bbox 3408 1610 3689 1666; x_wconf 85' lang='lat' dir='ltr'><strong>Christum</strong></span> 
     </span>
    </p>
   </div>
   <div class='ocr_carea' id='block_1_31' title="bbox 2113 1694 3690 1771">
    <p class='ocr_par' dir='ltr' id='par_1_31' title="bbox 2113 1694 3690 1771">
     <span class='ocr_line' id='line_1_31' title="bbox 2113 1694 3690 1771; baseline 0.009 -24"><span class='ocrx_word' id='word_1_223' title='bbox 2113 1694 2335 1771; x_wconf 86' lang='lat' dir='ltr'><strong>veniunt</strong></span> <span class='ocrx_word' id='word_1_224' title='bbox 2373 1710 2468 1765; x_wconf 87' lang='lat' dir='ltr'><strong>per</strong></span> <span class='ocrx_word' id='word_1_225' title='bbox 2492 1695 2883 1752; x_wconf 82' lang='lat' dir='ltr'><strong>confessionem</strong></span> <span class='ocrx_word' id='word_1_226' title='bbox 2911 1714 2925 1753; x_wconf 92' lang='lat'>:</span> <span class='ocrx_word' id='word_1_227' title='bbox 2954 1697 3224 1764; x_wconf 89' lang='lat' dir='ltr'><strong>Jordanis,</strong></span> <span class='ocrx_word' id='word_1_228' title='bbox 3257 1701 3310 1756; x_wconf 91' lang='lat' dir='ltr'><strong>id</strong></span> <span class='ocrx_word' id='word_1_229' title='bbox 3335 1711 3442 1769; x_wconf 89' lang='lat' dir='ltr'><strong>cst,</strong></span> <span class='ocrx_word' id='word_1_230' title='bbox 3470 1703 3690 1761; x_wconf 52' lang='lat' dir='ltr'><strong>discat.</strong></span> 
     </span>
    </p>
   </div>
   <div class='ocr_carea' id='block_1_32' title="bbox 2113 1785 3685 1857">
    <p class='ocr_par' dir='ltr' id='par_1_32' title="bbox 2113 1785 3685 1857">
     <span class='ocr_line' id='line_1_32' title="bbox 2113 1785 3685 1857; baseline 0.008 -18"><span class='ocrx_word' id='word_1_231' title='bbox 2113 1785 2216 1850; x_wconf 90' lang='lat' dir='ltr'><strong>sio,</strong></span> <span class='ocrx_word' id='word_1_232' title='bbox 2262 1786 2532 1857; x_wconf 86' lang='lat' dir='ltr'><strong>signiﬁcat</strong></span> <span class='ocrx_word' id='word_1_233' title='bbox 2569 1788 2947 1846; x_wconf 85' lang='lat' dir='ltr'><strong>discendentes</strong></span> <span class='ocrx_word' id='word_1_234' title='bbox 2985 1789 3038 1844; x_wconf 93' lang='lat' dir='ltr'><strong>in</strong></span> <span class='ocrx_word' id='word_1_235' title='bbox 3070 1791 3375 1848; x_wconf 85' lang='lat' dir='ltr'><strong>humilitate</strong></span> <span class='ocrx_word' id='word_1_236' title='bbox 3414 1794 3487 1849; x_wconf 88' lang='lat' dir='ltr'><strong>ad</strong></span> <span class='ocrx_word' id='word_1_237' title='bbox 3523 1795 3685 1851; x_wconf 87' lang='lat' dir='ltr'><strong>Chri-</strong></span> 
     </span>
    </p>
   </div>
   <div class='ocr_carea' id='block_1_33' title="bbox 439 1884 2269 1957">
    <p class='ocr_par' dir='ltr' id='par_1_33' title="bbox 439 1884 2269 1957">
     <span class='ocr_line' id='line_1_33' title="bbox 439 1884 2269 1957; baseline -0.004 -12"><span class='ocrx_word' id='word_1_238' title='bbox 439 1889 729 1946; x_wconf 87' lang='lat' dir='ltr'><strong>ludendum</strong></span> <span class='ocrx_word' id='word_1_239' title='bbox 767 1891 866 1953; x_wconf 87' lang='lat' dir='ltr'><strong>eis,</strong></span> <span class='ocrx_word' id='word_1_240' title='bbox 904 1899 950 1944; x_wconf 86' lang='lat' dir='ltr'><strong>et</strong></span> <span class='ocrx_word' id='word_1_241' title='bbox 985 1889 1141 1943; x_wconf 86' lang='lat' dir='ltr'><strong>mittit</strong></span> <span class='ocrx_word' id='word_1_242' title='bbox 1179 1897 1226 1942; x_wconf 86' lang='lat' dir='ltr'><strong>et</strong></span> <span class='ocrx_word' id='word_1_243' title='bbox 1265 1887 1451 1942; x_wconf 85' lang='lat' dir='ltr'><strong>occidit</strong></span> <span class='ocrx_word' id='word_1_244' title='bbox 1481 1903 1658 1941; x_wconf 83' lang='lat' dir='ltr'><strong>omnes</strong></span> <span class='ocrx_word' id='word_1_245' title='bbox 1685 1903 1906 1957; x_wconf 80' lang='lat' dir='ltr'><strong>pueros,</strong></span> <span class='ocrx_word' id='word_1_246' title='bbox 1945 1894 2005 1940; x_wconf 88' lang='lat' dir='ltr'><strong>ut</strong></span> <span class='ocrx_word' id='word_1_247' title='bbox 2036 1886 2080 1944; x_wconf 88' lang='lat' dir='ltr'><strong>B</strong></span> <span class='ocrx_word' id='word_1_248' title='bbox 2109 1884 2269 1930; x_wconf 68' lang='lat' dir='ltr'><strong>Slllm.</strong></span> 
     </span>
    </p>
   </div>
   <div class='ocr_carea' id='block_1_34' title="bbox 439 1977 2007 2052">
    <p class='ocr_par' dir='ltr' id='par_1_34' title="bbox 439 1977 2007 2052">
     <span class='ocr_line' id='line_1_34' title="bbox 439 1977 2007 2052; baseline -0.003 -16"><span class='ocrx_word' id='word_1_249' title='bbox 439 1997 616 2052; x_wconf 76' lang='lat' dir='ltr'><strong>regem</strong></span> <span class='ocrx_word' id='word_1_250' title='bbox 675 1989 860 2036; x_wconf 89' lang='lat' dir='ltr'><strong>natum</strong></span> <span class='ocrx_word' id='word_1_251' title='bbox 897 1980 1193 2041; x_wconf 81' lang='lat' dir='ltr'><strong>inveniret,</strong></span> <span class='ocrx_word' id='word_1_252' title='bbox 1251 1978 1338 2032; x_wconf 91' lang='lat' dir='ltr'><strong>hic</strong></span> <span class='ocrx_word' id='word_1_253' title='bbox 1380 1977 1500 2048; x_wconf 90' lang='lat' dir='ltr'><strong>plus</strong></span> <span class='ocrx_word' id='word_1_254' title='bbox 1546 1977 1823 2040; x_wconf 89' lang='lat' dir='ltr'><strong>inluditur,</strong></span> <span class='ocrx_word' id='word_1_255' title='bbox 1873 1992 2007 2046; x_wconf 90' lang='lat' dir='ltr'><strong>quos</strong></span> 
     </span>
    </p>
   </div>
   <div class='ocr_carea' id='block_1_35' title="bbox 437 2068 2007 2143">
    <p class='ocr_par' dir='ltr' id='par_1_35' title="bbox 437 2068 2007 2143">
     <span class='ocr_line' id='line_1_35' title="bbox 437 2068 2007 2143; baseline -0.006 -14"><span class='ocrx_word' id='word_1_256' title='bbox 437 2074 704 2130; x_wconf 85' lang='lat' dir='ltr'><strong>extinctos</strong></span> <span class='ocrx_word' id='word_1_257' title='bbox 747 2074 956 2143; x_wconf 82' lang='lat' dir='ltr'><strong>putavit</strong></span> <span class='ocrx_word' id='word_1_258' title='bbox 984 2072 1133 2125; x_wconf 90' lang='lat' dir='ltr'><strong>vivos</strong></span> <span class='ocrx_word' id='word_1_259' title='bbox 1173 2070 1224 2124; x_wconf 93' lang='lat' dir='ltr'><strong>in</strong></span> <span class='ocrx_word' id='word_1_260' title='bbox 1253 2069 1505 2138; x_wconf 87' lang='lat' dir='ltr'><strong>paradiso</strong></span> <span class='ocrx_word' id='word_1_261' title='bbox 1548 2068 1712 2122; x_wconf 85' lang='lat' dir='ltr'><strong>misit.</strong></span> <span class='ocrx_word' id='word_1_262' title='bbox 1740 2069 1782 2120; x_wconf 83' lang='lat' dir='ltr'><strong>A</strong></span> <span class='ocrx_word' id='word_1_263' title='bbox 1811 2068 2007 2121; x_wconf 78' lang='lat' dir='ltr'><strong>bimam</strong></span> 
     </span>
    </p>
   </div>
   <div class='ocr_carea' id='block_1_36' title="bbox 436 2157 2006 2232">
    <p class='ocr_par' dir='ltr' id='par_1_36' title="bbox 436 2157 2006 2232">
     <span class='ocr_line' id='line_1_36' title="bbox 436 2157 2006 2232; baseline -0.003 -16"><span class='ocrx_word' id='word_1_264' title='bbox 436 2175 484 2216; x_wconf 73' lang='lat' dir='ltr'><strong>et</strong></span> <span class='ocrx_word' id='word_1_265' title='bbox 510 2162 672 2232; x_wconf 78' lang='lat' dir='ltr'><strong>infra.</strong></span> <span class='ocrx_word' id='word_1_266' title='bbox 713 2163 766 2216; x_wconf 90' lang='lat' dir='ltr'><strong>id</strong></span> <span class='ocrx_word' id='word_1_267' title='bbox 795 2171 899 2226; x_wconf 90' lang='lat' dir='ltr'><strong>est,</strong></span> <span class='ocrx_word' id='word_1_268' title='bbox 932 2163 1001 2216; x_wconf 90' lang='lat' dir='ltr'><strong>ab</strong></span> <span class='ocrx_word' id='word_1_269' title='bbox 1027 2176 1169 2214; x_wconf 90' lang='lat' dir='ltr'><strong>anno</strong></span> <span class='ocrx_word' id='word_1_270' title='bbox 1199 2158 1474 2228; x_wconf 75' lang='lat' dir='ltr'><strong>przeterito</strong></span> <span class='ocrx_word' id='word_1_271' title='bbox 1508 2166 1562 2211; x_wconf 89' lang='lat' dir='ltr'><strong>et</strong></span> <span class='ocrx_word' id='word_1_272' title='bbox 1589 2158 1854 2227; x_wconf 89' lang='lat' dir='ltr'><strong>sequenti,</strong></span> <span class='ocrx_word' id='word_1_273' title='bbox 1881 2157 2006 2226; x_wconf 90' lang='lat' dir='ltr'><strong>quia</strong></span> 
     </span>
    </p>
   </div>
   <div class='ocr_carea' id='block_1_37' title="bbox 438 2246 2008 2307">
    <p class='ocr_par' dir='ltr' id='par_1_37' title="bbox 438 2246 2008 2307">
     <span class='ocr_line' id='line_1_37' title="bbox 438 2246 2008 2307; baseline -0.004 0"><span class='ocrx_word' id='word_1_274' title='bbox 438 2253 678 2307; x_wconf 66' lang='lat' dir='ltr'><strong>infantiae</strong></span> <span class='ocrx_word' id='word_1_275' title='bbox 717 2267 911 2306; x_wconf 87' lang='lat' dir='ltr'><strong>nomen</strong></span> <span class='ocrx_word' id='word_1_276' title='bbox 958 2265 1202 2305; x_wconf 88' lang='lat' dir='ltr'><strong>amorum</strong></span> <span class='ocrx_word' id='word_1_277' title='bbox 1233 2249 1478 2302; x_wconf 90' lang='lat' dir='ltr'><strong>duorum.</strong></span> <span class='ocrx_word' id='word_1_278' title='bbox 1511 2246 1622 2302; x_wconf 82' lang='lat' dir='ltr'><strong>Vox</strong></span> <span class='ocrx_word' id='word_1_279' title='bbox 1674 2247 1727 2302; x_wconf 88' lang='lat' dir='ltr'><strong>in</strong></span> <span class='ocrx_word' id='word_1_280' title='bbox 1770 2262 1918 2301; x_wconf 87' lang='lat' dir='ltr'><strong>rama</strong></span> <span class='ocrx_word' id='word_1_281' title='bbox 1953 2254 2008 2302; x_wconf 90' lang='lat' dir='ltr'><strong>et</strong></span> 
     </span>
    </p>
   </div>
   <div class='ocr_carea' id='block_1_38' title="bbox 440 2338 2001 2414">
    <p class='ocr_par' dir='ltr' id='par_1_38' title="bbox 440 2338 2001 2414">
     <span class='ocr_line' id='line_1_38' title="bbox 440 2338 2001 2414; baseline -0.004 -16"><span class='ocrx_word' id='word_1_282' title='bbox 440 2345 683 2414; x_wconf 86' lang='lat' dir='ltr'><strong>reliqua:</strong></span> <span class='ocrx_word' id='word_1_283' title='bbox 723 2343 921 2398; x_wconf 75' lang='lat' dir='ltr'><strong>Rachel</strong></span> <span class='ocrx_word' id='word_1_284' title='bbox 972 2343 1357 2411; x_wconf 90' lang='lat' dir='ltr'><strong>interpretatur</strong></span> <span class='ocrx_word' id='word_1_285' title='bbox 1404 2340 1521 2394; x_wconf 87' lang='lat' dir='ltr'><strong>ovis</strong></span> <span class='ocrx_word' id='word_1_286' title='bbox 1569 2338 1758 2394; x_wconf 86' lang='lat' dir='ltr'><strong>videns</strong></span> <span class='ocrx_word' id='word_1_287' title='bbox 1801 2339 2001 2393; x_wconf 89' lang='lat' dir='ltr'><strong>Deum:</strong></span> 
     </span>
    </p>
   </div>
   <div class='ocr_carea' id='block_1_39' title="bbox 439 2429 2006 2498">
    <p class='ocr_par' dir='ltr' id='par_1_39' title="bbox 439 2429 2006 2498">
     <span class='ocr_line' id='line_1_39' title="bbox 439 2429 2006 2498; baseline -0.001 -11"><span class='ocrx_word' id='word_1_288' title='bbox 439 2433 609 2488; x_wconf 66' lang='lat' dir='ltr'><strong>[tanta</strong></span> <span class='ocrx_word' id='word_1_289' title='bbox 639 2432 900 2496; x_wconf 76' lang='lat' dir='ltr'><strong>excelsus,</strong></span> <span class='ocrx_word' id='word_1_290' title='bbox 923 2431 1147 2495; x_wconf 81' lang='lat' dir='ltr'><strong>Rachel,</strong></span> <span class='ocrx_word' id='word_1_291' title='bbox 1175 2429 1414 2484; x_wconf 85' lang='lat' dir='ltr'><strong>Ecclesia</strong></span> <span class='ocrx_word' id='word_1_292' title='bbox 1445 2429 1537 2498; x_wconf 93' lang='lat' dir='ltr'><strong>qui</strong></span> <span class='ocrx_word' id='word_1_293' title='bbox 1567 2429 1743 2498; x_wconf 92' lang='lat' dir='ltr'><strong>plorat</strong></span> <span class='ocrx_word' id='word_1_294' title='bbox 1771 2429 1826 2484; x_wconf 90' lang='lat' dir='ltr'><strong>in</strong></span> <span class='ocrx_word' id='word_1_295' title='bbox 1857 2429 2006 2486; x_wconf 66' lang='lat' dir='ltr'><strong>valla!</strong></span> 
     </span>
    </p>
   </div>
   <div class='ocr_carea' id='block_1_40' title="bbox 440 2519 2006 2593">
    <p class='ocr_par' dir='ltr' id='par_1_40' title="bbox 440 2519 2006 2593">
     <span class='ocr_line' id='line_1_40' title="bbox 440 2519 2006 2593; baseline -0.003 -16"><span class='ocrx_word' id='word_1_296' title='bbox 440 2523 816 2593; x_wconf 83' lang='lat' dir='ltr'><strong>lacrymarum,</strong></span> <span class='ocrx_word' id='word_1_297' title='bbox 846 2536 981 2590; x_wconf 89' lang='lat' dir='ltr'><strong>quos</strong></span> <span class='ocrx_word' id='word_1_298' title='bbox 1010 2519 1242 2590; x_wconf 87' lang='lat' dir='ltr'><strong>perdidit</strong></span> <span class='ocrx_word' id='word_1_299' title='bbox 1275 2519 1364 2588; x_wconf 92' lang='lat' dir='ltr'><strong>qui</strong></span> <span class='ocrx_word' id='word_1_300' title='bbox 1400 2527 1527 2573; x_wconf 88' lang='lat' dir='ltr'><strong>ante</strong></span> <span class='ocrx_word' id='word_1_301' title='bbox 1562 2526 1921 2587; x_wconf 87' lang='lat' dir='ltr'><strong>peccaverunt</strong></span> <span class='ocrx_word' id='word_1_302' title='bbox 1941 2520 2006 2574; x_wconf 88' lang='lat' dir='ltr'><strong>de</strong></span> 
     </span>
    </p>
   </div>
   <div class='ocr_carea' id='block_1_41' title="bbox 436 2608 2004 2682">
    <p class='ocr_par' dir='ltr' id='par_1_41' title="bbox 436 2608 2004 2682">
     <span class='ocr_line' id='line_1_41' title="bbox 436 2608 2004 2682; baseline -0.003 -16"><span class='ocrx_word' id='word_1_303' title='bbox 436 2613 629 2682; x_wconf 87' lang='lat' dir='ltr'><strong>quibus</strong></span> <span class='ocrx_word' id='word_1_304' title='bbox 655 2627 758 2667; x_wconf 91' lang='lat' dir='ltr'><strong>non</strong></span> <span class='ocrx_word' id='word_1_305' title='bbox 779 2610 893 2667; x_wconf 88' lang='lat' dir='ltr'><strong>vult</strong></span> <span class='ocrx_word' id='word_1_306' title='bbox 919 2609 1208 2674; x_wconf 88' lang='lat' dir='ltr'><strong>consolari,</strong></span> <span class='ocrx_word' id='word_1_307' title='bbox 1235 2609 1359 2678; x_wconf 85' lang='lat' dir='ltr'><strong>quia</strong></span> <span class='ocrx_word' id='word_1_308' title='bbox 1389 2625 1491 2662; x_wconf 91' lang='lat' dir='ltr'><strong>non</strong></span> <span class='ocrx_word' id='word_1_309' title='bbox 1527 2617 1651 2664; x_wconf 91' lang='lat' dir='ltr'><strong>sunt</strong></span> <span class='ocrx_word' id='word_1_310' title='bbox 1683 2608 2004 2674; x_wconf 87' lang='lat' dir='ltr'><strong>Christiani,</strong></span> 
     </span>
    </p>
   </div>
   <div class='ocr_carea' id='block_1_42' title="bbox 439 2697 2002 2767">
    <p class='ocr_par' dir='ltr' id='par_1_42' title="bbox 439 2697 2002 2767">
     <span class='ocr_line' id='line_1_42' title="bbox 439 2697 2002 2767; baseline -0.003 -11"><span class='ocrx_word' id='word_1_311' title='bbox 439 2701 639 2756; x_wconf 78' lang='lat' dir='ltr'><strong>Rachel</strong></span> <span class='ocrx_word' id='word_1_312' title='bbox 684 2709 858 2754; x_wconf 89' lang='lat' dir='ltr'><strong>mater</strong></span> <span class='ocrx_word' id='word_1_313' title='bbox 907 2699 1006 2753; x_wconf 90' lang='lat' dir='ltr'><strong>fuit</strong></span> <span class='ocrx_word' id='word_1_314' title='bbox 1038 2697 1338 2767; x_wconf 80' lang='lat' dir='ltr'><strong>Betjamiu,</strong></span> <span class='ocrx_word' id='word_1_315' title='bbox 1369 2698 1482 2753; x_wconf 87' lang='lat' dir='ltr'><strong>sive</strong></span> <span class='ocrx_word' id='word_1_316' title='bbox 1525 2698 1655 2767; x_wconf 91' lang='lat' dir='ltr'><strong>quia</strong></span> <span class='ocrx_word' id='word_1_317' title='bbox 1691 2698 1762 2753; x_wconf 91' lang='lat' dir='ltr'><strong>ibi</strong></span> <span class='ocrx_word' id='word_1_318' title='bbox 1794 2708 2002 2754; x_wconf 89' lang='lat' dir='ltr'><strong>mortua</strong></span> 
     </span>
    </p>
   </div>
   <div class='ocr_carea' id='block_1_43' title="bbox 436 2789 2006 2862">
    <p class='ocr_par' dir='ltr' id='par_1_43' title="bbox 436 2789 2006 2862">
     <span class='ocr_line' id='line_1_43' title="bbox 436 2789 2006 2862; baseline -0.003 -15"><span class='ocrx_word' id='word_1_319' title='bbox 436 2802 522 2847; x_wconf 82' lang='lat' dir='ltr'><strong>est</strong></span> <span class='ocrx_word' id='word_1_320' title='bbox 546 2801 601 2847; x_wconf 88' lang='lat' dir='ltr'><strong>et</strong></span> <span class='ocrx_word' id='word_1_321' title='bbox 627 2791 852 2862; x_wconf 89' lang='lat' dir='ltr'><strong>sepulta,</strong></span> <span class='ocrx_word' id='word_1_322' title='bbox 879 2789 969 2844; x_wconf 91' lang='lat' dir='ltr'><strong>ubi</strong></span> <span class='ocrx_word' id='word_1_323' title='bbox 995 2789 1202 2859; x_wconf 86' lang='lat' dir='ltr'><strong>parvuli</strong></span> <span class='ocrx_word' id='word_1_324' title='bbox 1240 2789 1402 2844; x_wconf 87' lang='lat' dir='ltr'><strong>occisi</strong></span> <span class='ocrx_word' id='word_1_325' title='bbox 1433 2796 1580 2853; x_wconf 90' lang='lat' dir='ltr'><strong>sunt,</strong></span> <span class='ocrx_word' id='word_1_326' title='bbox 1611 2789 1850 2844; x_wconf 87' lang='lat' dir='ltr'><strong>defuncti</strong></span> <span class='ocrx_word' id='word_1_327' title='bbox 1879 2797 2006 2844; x_wconf 89' lang='lat' dir='ltr'><strong>sunt</strong></span> 
     </span>
    </p>
   </div>
   <div class='ocr_carea' id='block_1_44' title="bbox 440 2875 1896 2948">
    <p class='ocr_par' dir='ltr' id='par_1_44' title="bbox 440 2875 1896 2948">
     <span class='ocr_line' id='line_1_44' title="bbox 440 2875 1896 2948; baseline -0.005 -12"><span class='ocrx_word' id='word_1_328' title='bbox 440 2881 585 2937; x_wconf 84' lang='lat' dir='ltr'><strong>enim</strong></span> <span class='ocrx_word' id='word_1_329' title='bbox 611 2887 665 2934; x_wconf 89' lang='lat' dir='ltr'><strong>et</strong></span> <span class='ocrx_word' id='word_1_330' title='bbox 695 2879 922 2948; x_wconf 88' lang='lat' dir='ltr'><strong>reliqua.</strong></span> <span class='ocrx_word' id='word_1_331' title='bbox 955 2877 1082 2932; x_wconf 91' lang='lat' dir='ltr'><strong>ldco</strong></span> <span class='ocrx_word' id='word_1_332' title='bbox 1107 2875 1432 2947; x_wconf 85' lang='lat' dir='ltr'><strong>synedoche,</strong></span> <span class='ocrx_word' id='word_1_333' title='bbox 1462 2885 1619 2945; x_wconf 90' lang='lat' dir='ltr'><strong>parte</strong></span> <span class='ocrx_word' id='word_1_334' title='bbox 1647 2890 1743 2944; x_wconf 89' lang='lat' dir='ltr'><strong>pro</strong></span> <span class='ocrx_word' id='word_1_335' title='bbox 1767 2885 1896 2930; x_wconf 87' lang='lat' dir='ltr'><strong>toto.</strong></span> 
     </span>
    </p>
   </div>
   <div class='ocr_carea' id='block_1_45' title="bbox 517 2964 2000 3030">
    <p class='ocr_par' dir='ltr' id='par_1_45' title="bbox 517 2964 2000 3030">
     <span class='ocr_line' id='line_1_45' title="bbox 517 2964 2000 3030; baseline -0.003 -7"><span class='ocrx_word' id='word_1_336' title='bbox 517 2967 666 3023; x_wconf 84' lang='lat' dir='ltr'><strong>Venit</strong></span> <span class='ocrx_word' id='word_1_337' title='bbox 692 2969 747 3022; x_wconf 82' lang='lat' dir='ltr'><strong>in</strong></span> <span class='ocrx_word' id='word_1_338' title='bbox 774 2969 1032 3022; x_wconf 81' lang='lat' dir='ltr'><strong>civitatem</strong></span> <span class='ocrx_word' id='word_1_339' title='bbox 1059 2965 1349 3030; x_wconf 77' lang='lat' dir='ltr'><strong>Nazareth,</strong></span> <span class='ocrx_word' id='word_1_340' title='bbox 1379 2965 1432 3019; x_wconf 91' lang='lat' dir='ltr'><strong>id</strong></span> <span class='ocrx_word' id='word_1_341' title='bbox 1459 2974 1544 3020; x_wconf 92' lang='lat' dir='ltr'><strong>est</strong></span> <span class='ocrx_word' id='word_1_342' title='bbox 1583 2964 1682 3020; x_wconf 91' lang='lat' dir='ltr'><strong>ﬁos</strong></span> <span class='ocrx_word' id='word_1_343' title='bbox 1707 2965 2000 3030; x_wconf 78' lang='lat' dir='ltr'><strong>munditiae,</strong></span> 
     </span>
    </p>
   </div>
   <div class='ocr_carea' id='block_1_46' title="bbox 437 3057 2002 3132">
    <p class='ocr_par' dir='ltr' id='par_1_46' title="bbox 437 3057 2002 3132">
     <span class='ocr_line' id='line_1_46' title="bbox 437 3057 2002 3132; baseline -0.003 -16"><span class='ocrx_word' id='word_1_344' title='bbox 437 3069 622 3132; x_wconf 88' lang='lat' dir='ltr'><strong>aptum</strong></span> <span class='ocrx_word' id='word_1_345' title='bbox 671 3059 790 3124; x_wconf 91' lang='lat' dir='ltr'><strong>fuit,</strong></span> <span class='ocrx_word' id='word_1_346' title='bbox 841 3059 914 3114; x_wconf 88' lang='lat' dir='ltr'><strong>ibi</strong></span> <span class='ocrx_word' id='word_1_347' title='bbox 965 3059 1207 3114; x_wconf 86' lang='lat' dir='ltr'><strong>habitare</strong></span> <span class='ocrx_word' id='word_1_348' title='bbox 1255 3057 1345 3127; x_wconf 90' lang='lat' dir='ltr'><strong>qui</strong></span> <span class='ocrx_word' id='word_1_349' title='bbox 1398 3057 1550 3122; x_wconf 66' lang='lat' dir='ltr'><strong>dixit,</strong></span> <span class='ocrx_word' id='word_1_350' title='bbox 1599 3072 1698 3127; x_wconf 90' lang='lat' dir='ltr'><strong>ego</strong></span> <span class='ocrx_word' id='word_1_351' title='bbox 1742 3073 1858 3113; x_wconf 92' lang='lat' dir='ltr'><strong>sum</strong></span> <span class='ocrx_word' id='word_1_352' title='bbox 1904 3057 2002 3113; x_wconf 90' lang='lat' dir='ltr'><strong>ﬁos</strong></span> 
     </span>
    </p>
   </div>
   <div class='ocr_carea' id='block_1_47' title="bbox 437 3147 2003 3222">
    <p class='ocr_par' dir='ltr' id='par_1_47' title="bbox 437 3147 2003 3222">
     <span class='ocr_line' id='line_1_47' title="bbox 437 3147 2003 3222; baseline -0.004 -14"><span class='ocrx_word' id='word_1_353' title='bbox 437 3151 616 3222; x_wconf 89' lang='lat' dir='ltr'><strong>campi</strong></span> <span class='ocrx_word' id='word_1_354' title='bbox 642 3159 698 3206; x_wconf 90' lang='lat' dir='ltr'><strong>et</strong></span> <span class='ocrx_word' id='word_1_355' title='bbox 726 3150 892 3206; x_wconf 90' lang='lat' dir='ltr'><strong>lilium</strong></span> <span class='ocrx_word' id='word_1_356' title='bbox 920 3149 1242 3205; x_wconf 88' lang='lat' dir='ltr'><strong>convallium</strong></span> <span class='ocrx_word' id='word_1_357' title='bbox 1270 3167 1282 3203; x_wconf 91' lang='lat'>:</span> <span class='ocrx_word' id='word_1_358' title='bbox 1319 3147 1634 3214; x_wconf 86' lang='lat' dir='ltr'><strong>Archelaus,</strong></span> <span class='ocrx_word' id='word_1_359' title='bbox 1665 3149 1748 3205; x_wconf 93' lang='lat' dir='ltr'><strong>leo</strong></span> <span class='ocrx_word' id='word_1_360' title='bbox 1784 3149 2003 3204; x_wconf 88' lang='lat' dir='ltr'><strong>investi-</strong></span> 
     </span>
    </p>
   </div>
   <div class='ocr_carea' id='block_1_48' title="bbox 2178 1964 3686 2046">
    <p class='ocr_par' dir='ltr' id='par_1_48' title="bbox 2178 1964 3686 2046">
     <span class='ocr_line' id='line_1_48' title="bbox 2178 1964 3686 2046; baseline 0.009 -28"><span class='ocrx_word' id='word_1_361' title='bbox 2178 1964 2245 2018; x_wconf 86' lang='lat' dir='ltr'><strong>Et</strong></span> <span class='ocrx_word' id='word_1_362' title='bbox 2282 1966 2612 2036; x_wconf 70' lang='lat' dir='ltr'><strong>baptizabant</strong></span> <span class='ocrx_word' id='word_1_363' title='bbox 2663 1969 2717 2022; x_wconf 81' lang='lat' dir='ltr'><strong>in</strong></span> <span class='ocrx_word' id='word_1_364' title='bbox 2751 1967 3074 2038; x_wconf 74' lang='lat' dir='ltr'><strong>Iordanem,</strong></span> <span class='ocrx_word' id='word_1_365' title='bbox 3129 1973 3368 2029; x_wconf 85' lang='lat' dir='ltr'><strong>ostendit</strong></span> <span class='ocrx_word' id='word_1_366' title='bbox 3417 1975 3564 2044; x_wconf 10' lang='lat' dir='ltr'><strong>quia,</strong></span> <span class='ocrx_word' id='word_1_367' title='bbox 3591 1990 3686 2046; x_wconf 82' lang='lat' dir='ltr'><strong>per</strong></span> 
     </span>
    </p>
   </div>
   <div class='ocr_carea' id='block_1_49' title="bbox 2107 2055 3684 2134">
    <p class='ocr_par' dir='ltr' id='par_1_49' title="bbox 2107 2055 3684 2134">
     <span class='ocr_line' id='line_1_49' title="bbox 2107 2055 3684 2134; baseline 0.009 -26"><span class='ocrx_word' id='word_1_368' title='bbox 2107 2055 2498 2112; x_wconf 90' lang='lat' dir='ltr'><strong>discensionem</strong></span> <span class='ocrx_word' id='word_1_369' title='bbox 2527 2059 2759 2116; x_wconf 89' lang='lat' dir='ltr'><strong>humiles</strong></span> <span class='ocrx_word' id='word_1_370' title='bbox 2783 2070 3047 2116; x_wconf 90' lang='lat' dir='ltr'><strong>venerunt</strong></span> <span class='ocrx_word' id='word_1_371' title='bbox 3073 2062 3142 2117; x_wconf 85' lang='lat' dir='ltr'><strong>ad</strong></span> <span class='ocrx_word' id='word_1_372' title='bbox 3162 2064 3496 2134; x_wconf 86' lang='lat' dir='ltr'><strong>baptismum</strong></span> <span class='ocrx_word' id='word_1_373' title='bbox 3518 2067 3684 2122; x_wconf 84' lang='lat' dir='ltr'><strong>conﬁ-</strong></span> 
     </span>
    </p>
   </div>
   <div class='ocr_carea' id='block_1_50' title="bbox 2110 2153 3679 2224">
    <p class='ocr_par' dir='ltr' id='par_1_50' title="bbox 2110 2153 3679 2224">
     <span class='ocr_line' id='line_1_50' title="bbox 2110 2153 3679 2224; baseline 0.006 -23"><span class='ocrx_word' id='word_1_374' title='bbox 2110 2155 2285 2203; x_wconf 89' lang='lat' dir='ltr'><strong>tentes</strong></span> <span class='ocrx_word' id='word_1_375' title='bbox 2328 2158 2546 2218; x_wconf 87' lang='lat' dir='ltr'><strong>peccata</strong></span> <span class='ocrx_word' id='word_1_376' title='bbox 2590 2167 2712 2217; x_wconf 89' lang='lat' dir='ltr'><strong>sua,</strong></span> <span class='ocrx_word' id='word_1_377' title='bbox 2739 2153 2972 2208; x_wconf 89' lang='lat' dir='ltr'><strong>ostendit</strong></span> <span class='ocrx_word' id='word_1_378' title='bbox 2998 2154 3141 2224; x_wconf 91' lang='lat' dir='ltr'><strong>quod</strong></span> <span class='ocrx_word' id='word_1_379' title='bbox 3176 2163 3389 2223; x_wconf 88' lang='lat' dir='ltr'><strong>oportet</strong></span> <span class='ocrx_word' id='word_1_380' title='bbox 3432 2157 3679 2212; x_wconf 83' lang='lat' dir='ltr'><strong>conﬁteri</strong></span> 
     </span>
    </p>
   </div>
   <div class='ocr_carea' id='block_1_51' title="bbox 2108 2247 3682 2314">
    <p class='ocr_par' dir='ltr' id='par_1_51' title="bbox 2108 2247 3682 2314">
     <span class='ocr_line' id='line_1_51' title="bbox 2108 2247 3682 2314; baseline 0.008 -19"><span class='ocrx_word' id='word_1_381' title='bbox 2108 2251 2328 2311; x_wconf 89' lang='lat' dir='ltr'><strong>peccata</strong></span> <span class='ocrx_word' id='word_1_382' title='bbox 2371 2253 2657 2314; x_wconf 83' lang='lat' dir='ltr'><strong>antequam</strong></span> <span class='ocrx_word' id='word_1_383' title='bbox 2685 2247 2752 2300; x_wconf 93' lang='lat' dir='ltr'><strong>ad</strong></span> <span class='ocrx_word' id='word_1_384' title='bbox 2783 2249 3218 2304; x_wconf 89' lang='lat' dir='ltr'><strong>communionem</strong></span> <span class='ocrx_word' id='word_1_385' title='bbox 3241 2251 3428 2305; x_wconf 85' lang='lat' dir='ltr'><strong>veniat</strong></span> <span class='ocrx_word' id='word_1_386' title='bbox 3452 2269 3467 2306; x_wconf 72' lang='grc' dir='ltr'><strong>ι</strong></span> <span class='ocrx_word' id='word_1_387' title='bbox 3492 2251 3682 2307; x_wconf 86' lang='lat' dir='ltr'><strong>Phari-</strong></span> 
     </span>
    </p>
   </div>
   <div class='ocr_carea' id='block_1_52' title="bbox 2107 2320 3678 2404">
    <p class='ocr_par' dir='ltr' id='par_1_52' title="bbox 2107 2320 3678 2404">
     <span class='ocr_line' id='line_1_52' title="bbox 2107 2320 3678 2404; baseline 0.004 -17"><span class='ocrx_word' id='word_1_388' title='bbox 2107 2332 2222 2397; x_wconf 62' lang='lat' dir='ltr'><strong>smi,</strong></span> <span class='ocrx_word' id='word_1_389' title='bbox 2254 2332 2309 2386; x_wconf 90' lang='lat' dir='ltr'><strong>id</strong></span> <span class='ocrx_word' id='word_1_390' title='bbox 2350 2341 2434 2388; x_wconf 91' lang='lat' dir='ltr'><strong>est</strong></span> <span class='ocrx_word' id='word_1_391' title='bbox 2462 2333 2640 2399; x_wconf 88' lang='lat' dir='ltr'><strong>divisi,</strong></span> <span class='ocrx_word' id='word_1_392' title='bbox 2674 2334 2757 2390; x_wconf 90' lang='lat' dir='ltr'><strong>vel</strong></span> <span class='ocrx_word' id='word_1_393' title='bbox 2799 2320 3048 2391; x_wconf 69' lang='lat' dir='ltr'><strong>Sarabate</strong></span> <span class='ocrx_word' id='word_1_394' title='bbox 3101 2347 3386 2404; x_wconf 87' lang='lat' dir='ltr'><strong>vocantur,</strong></span> <span class='ocrx_word' id='word_1_395' title='bbox 3435 2338 3678 2396; x_wconf 69' lang='lat' dir='ltr'><strong>Saducau&#39;</strong></span> 
     </span>
    </p>
   </div>
   <div class='ocr_carea' id='block_1_53' title="bbox 2101 2421 3780 2497">
    <p class='ocr_par' dir='ltr' id='par_1_53' title="bbox 2101 2421 3780 2497">
     <span class='ocr_line' id='line_1_53' title="bbox 2101 2421 3780 2497; baseline 0.007 -19"><span class='ocrx_word' id='word_1_396' title='bbox 2101 2424 2382 2496; x_wconf 84' lang='lat' dir='ltr'><strong>justiﬁcati</strong></span> <span class='ocrx_word' id='word_1_397' title='bbox 2411 2425 2551 2495; x_wconf 89' lang='lat' dir='ltr'><strong>apud</strong></span> <span class='ocrx_word' id='word_1_398' title='bbox 2577 2428 2914 2497; x_wconf 87' lang='lat' dir='ltr'><strong>semetipsos.</strong></span> <span class='ocrx_word' id='word_1_399' title='bbox 3771 2421 3780 2426; x_wconf 62' lang='grc'><strong><em>’</em></strong></span> 
     </span>
    </p>
   </div>
   <div class='ocr_carea' id='block_1_54' title="bbox 2177 2514 3678 2588">
    <p class='ocr_par' dir='ltr' id='par_1_54' title="bbox 2177 2514 3678 2588">
     <span class='ocr_line' id='line_1_54' title="bbox 2177 2514 3678 2588; baseline 0.005 -20"><span class='ocrx_word' id='word_1_400' title='bbox 2177 2514 2247 2568; x_wconf 87' lang='lat' dir='ltr'><strong>Et</strong></span> <span class='ocrx_word' id='word_1_401' title='bbox 2283 2515 2414 2570; x_wconf 76' lang='lat' dir='ltr'><strong>dixit</strong></span> <span class='ocrx_word' id='word_1_402' title='bbox 2447 2517 2521 2570; x_wconf 87' lang='lat' dir='ltr'><strong>eis</strong></span> <span class='ocrx_word' id='word_1_403' title='bbox 2552 2519 2817 2587; x_wconf 78' lang='lat' dir='ltr'><strong>progenies</strong></span> <span class='ocrx_word' id='word_1_404' title='bbox 2851 2519 3146 2588; x_wconf 79' lang='lat' dir='ltr'><strong>viperarum</strong></span> <span class='ocrx_word' id='word_1_405' title='bbox 3181 2535 3201 2573; x_wconf 92' lang='lat'><strong><em>:</em></strong></span> <span class='ocrx_word' id='word_1_406' title='bbox 3237 2519 3380 2575; x_wconf 88' lang='lat' dir='ltr'><strong>idem</strong></span> <span class='ocrx_word' id='word_1_407' title='bbox 3411 2535 3678 2576; x_wconf 84' lang='lat' dir='ltr'><strong>venenum</strong></span> 
     </span>
    </p>
   </div>
   <div class='ocr_carea' id='block_1_55' title="bbox 2107 2602 3678 2677">
    <p class='ocr_par' dir='ltr' id='par_1_55' title="bbox 2107 2602 3678 2677">
     <span class='ocr_line' id='line_1_55' title="bbox 2107 2602 3678 2677; baseline 0.005 -19"><span class='ocrx_word' id='word_1_408' title='bbox 2107 2603 2160 2658; x_wconf 93' lang='lat' dir='ltr'><strong>in</strong></span> <span class='ocrx_word' id='word_1_409' title='bbox 2191 2602 2372 2673; x_wconf 82' lang='lat' dir='ltr'><strong>lingua</strong></span> <span class='ocrx_word' id='word_1_410' title='bbox 2417 2611 2628 2659; x_wconf 90' lang='lat' dir='ltr'><strong>tantum</strong></span> <span class='ocrx_word' id='word_1_411' title='bbox 2655 2613 2762 2672; x_wconf 92' lang='lat' dir='ltr'><strong>est,</strong></span> <span class='ocrx_word' id='word_1_412' title='bbox 2805 2621 2929 2661; x_wconf 87' lang='lat' dir='ltr'><strong>nam</strong></span> <span class='ocrx_word' id='word_1_413' title='bbox 2966 2608 3231 2677; x_wconf 88' lang='lat' dir='ltr'><strong>patricida</strong></span> <span class='ocrx_word' id='word_1_414' title='bbox 3276 2617 3334 2664; x_wconf 89' lang='lat' dir='ltr'><strong>et</strong></span> <span class='ocrx_word' id='word_1_415' title='bbox 3376 2611 3678 2666; x_wconf 69' lang='lat' dir='ltr'><strong>matricida:</strong></span> 
     </span>
    </p>
   </div>
   <div class='ocr_carea' id='block_1_56' title="bbox 2103 2694 3676 2770">
    <p class='ocr_par' dir='ltr' id='par_1_56' title="bbox 2103 2694 3676 2770">
     <span class='ocr_line' id='line_1_56' title="bbox 2103 2694 3676 2770; baseline 0.004 -20"><span class='ocrx_word' id='word_1_416' title='bbox 2103 2694 2342 2764; x_wconf 82' lang='lat' dir='ltr'><strong>viperam</strong></span> <span class='ocrx_word' id='word_1_417' title='bbox 2368 2711 2381 2747; x_wconf 91' lang='lat'>:</span> <span class='ocrx_word' id='word_1_418' title='bbox 2407 2695 2688 2763; x_wconf 70' lang='lat' dir='ltr'><strong>Phariszei,</strong></span> <span class='ocrx_word' id='word_1_419' title='bbox 2721 2696 2964 2752; x_wconf 68' lang='lat' dir='ltr'><strong>Sadncaai</strong></span> <span class='ocrx_word' id='word_1_420' title='bbox 3009 2699 3263 2754; x_wconf 90' lang='lat' dir='ltr'><strong>simulant</strong></span> <span class='ocrx_word' id='word_1_421' title='bbox 3308 2701 3403 2770; x_wconf 91' lang='lat' dir='ltr'><strong>qui</strong></span> <span class='ocrx_word' id='word_1_422' title='bbox 3451 2711 3676 2756; x_wconf 78' lang='lat' dir='ltr'><strong>matrem</strong></span> 
     </span>
    </p>
   </div>
   <div class='ocr_carea' id='block_1_57' title="bbox 2105 2787 3671 2860">
    <p class='ocr_par' dir='ltr' id='par_1_57' title="bbox 2105 2787 3671 2860">
     <span class='ocr_line' id='line_1_57' title="bbox 2105 2787 3671 2860; baseline 0.003 -19"><span class='ocrx_word' id='word_1_423' title='bbox 2105 2802 2255 2841; x_wconf 89' lang='lat' dir='ltr'><strong>suam</strong></span> <span class='ocrx_word' id='word_1_424' title='bbox 2285 2801 2626 2858; x_wconf 88' lang='lat' dir='ltr'><strong>synagogem,</strong></span> <span class='ocrx_word' id='word_1_425' title='bbox 2657 2795 2712 2844; x_wconf 91' lang='lat' dir='ltr'><strong>et</strong></span> <span class='ocrx_word' id='word_1_426' title='bbox 2735 2787 2923 2845; x_wconf 90' lang='lat' dir='ltr'><strong>Patres</strong></span> <span class='ocrx_word' id='word_1_427' title='bbox 2948 2797 3002 2845; x_wconf 90' lang='lat' dir='ltr'><strong>et</strong></span> <span class='ocrx_word' id='word_1_428' title='bbox 3020 2788 3320 2860; x_wconf 85' lang='lat' dir='ltr'><strong>Prophetas</strong></span> <span class='ocrx_word' id='word_1_429' title='bbox 3341 2791 3671 2848; x_wconf 81' lang='lat' dir='ltr'><strong>occiderunt.</strong></span> 
     </span>
    </p>
   </div>
   <div class='ocr_carea' id='block_1_58' title="bbox 2103 2876 3670 2954">
    <p class='ocr_par' dir='ltr' id='par_1_58' title="bbox 2103 2876 3670 2954">
     <span class='ocr_line' id='line_1_58' title="bbox 2103 2876 3670 2954; baseline 0.004 -23"><span class='ocrx_word' id='word_1_430' title='bbox 2103 2876 2235 2944; x_wconf 85' lang='lat' dir='ltr'><strong>Quis</strong></span> <span class='ocrx_word' id='word_1_431' title='bbox 2259 2878 2650 2934; x_wconf 87' lang='lat' dir='ltr'><strong>demonstravit</strong></span> <span class='ocrx_word' id='word_1_432' title='bbox 2673 2879 2824 2935; x_wconf 84' lang='lat' dir='ltr'><strong>vobis</strong></span> <span class='ocrx_word' id='word_1_433' title='bbox 2849 2889 2905 2936; x_wconf 89' lang='lat' dir='ltr'><strong>et</strong></span> <span class='ocrx_word' id='word_1_434' title='bbox 2933 2881 3138 2951; x_wconf 89' lang='lat' dir='ltr'><strong>reliqua</strong></span> <span class='ocrx_word' id='word_1_435' title='bbox 3164 2899 3177 2934; x_wconf 89' lang='lat'><strong>:</strong></span> <span class='ocrx_word' id='word_1_436' title='bbox 3203 2882 3255 2937; x_wconf 92' lang='lat' dir='ltr'><strong>id</strong></span> <span class='ocrx_word' id='word_1_437' title='bbox 3283 2891 3386 2947; x_wconf 89' lang='lat' dir='ltr'><strong>est,</strong></span> <span class='ocrx_word' id='word_1_438' title='bbox 3421 2885 3546 2954; x_wconf 88' lang='lat' dir='ltr'><strong>quis</strong></span> <span class='ocrx_word' id='word_1_439' title='bbox 3573 2900 3670 2939; x_wconf 89' lang='lat' dir='ltr'><strong>non</strong></span> 
     </span>
    </p>
   </div>
   <div class='ocr_carea' id='block_1_59' title="bbox 2103 2967 3674 3039">
    <p class='ocr_par' dir='ltr' id='par_1_59' title="bbox 2103 2967 3674 3039">
     <span class='ocr_line' id='line_1_59' title="bbox 2103 2967 3674 3039; baseline 0.005 -19"><span class='ocrx_word' id='word_1_440' title='bbox 2103 2982 2198 3038; x_wconf 87' lang='lat' dir='ltr'><strong>pro</strong></span> <span class='ocrx_word' id='word_1_441' title='bbox 2231 2967 2602 3038; x_wconf 89' lang='lat' dir='ltr'><strong>possibilitate,</strong></span> <span class='ocrx_word' id='word_1_442' title='bbox 2649 2969 2743 3025; x_wconf 89' lang='lat' dir='ltr'><strong>sed</strong></span> <span class='ocrx_word' id='word_1_443' title='bbox 2796 2985 2893 3039; x_wconf 92' lang='lat' dir='ltr'><strong>pro</strong></span> <span class='ocrx_word' id='word_1_444' title='bbox 2935 2969 3246 3026; x_wconf 83' lang='lat' dir='ltr'><strong>difﬁcultate</strong></span> <span class='ocrx_word' id='word_1_445' title='bbox 3297 2971 3429 3026; x_wconf 90' lang='lat' dir='ltr'><strong>dum</strong></span> <span class='ocrx_word' id='word_1_446' title='bbox 3481 2974 3674 3028; x_wconf 90' lang='lat' dir='ltr'><strong>dicitur</strong></span> 
     </span>
    </p>
   </div>
   <div class='ocr_carea' id='block_1_60' title="bbox 2103 3058 3670 3132">
    <p class='ocr_par' dir='ltr' id='par_1_60' title="bbox 2103 3058 3670 3132">
     <span class='ocr_line' id='line_1_60' title="bbox 2103 3058 3670 3132; baseline 0.004 -19"><span class='ocrx_word' id='word_1_447' title='bbox 2103 3058 2262 3113; x_wconf 88' lang='lat' dir='ltr'><strong>facile</strong></span> <span class='ocrx_word' id='word_1_448' title='bbox 2305 3058 2511 3114; x_wconf 89' lang='lat' dir='ltr'><strong>fructus</strong></span> <span class='ocrx_word' id='word_1_449' title='bbox 2548 3060 2740 3124; x_wconf 87' lang='lat' dir='ltr'><strong>bonus,</strong></span> <span class='ocrx_word' id='word_1_450' title='bbox 2772 3061 2827 3114; x_wconf 92' lang='lat' dir='ltr'><strong>id</strong></span> <span class='ocrx_word' id='word_1_451' title='bbox 2861 3069 2946 3116; x_wconf 90' lang='lat' dir='ltr'><strong>est</strong></span> <span class='ocrx_word' id='word_1_452' title='bbox 2979 3062 3231 3132; x_wconf 89' lang='lat' dir='ltr'><strong>deponite</strong></span> <span class='ocrx_word' id='word_1_453' title='bbox 3271 3065 3423 3120; x_wconf 91' lang='lat' dir='ltr'><strong>omni</strong></span> <span class='ocrx_word' id='word_1_454' title='bbox 3466 3065 3670 3131; x_wconf 82' lang='lat' dir='ltr'><strong>vitium,</strong></span> 
     </span>
    </p>
   </div>
   <div class='ocr_carea' id='block_1_61' title="bbox 2106 3149 3669 3227">
    <p class='ocr_par' dir='ltr' id='par_1_61' title="bbox 2106 3149 3669 3227">
     <span class='ocr_line' id='line_1_61' title="bbox 2106 3149 3669 3227; baseline 0.004 -24"><span class='ocrx_word' id='word_1_455' title='bbox 2106 3150 2188 3205; x_wconf 88' lang='lat' dir='ltr'><strong>vel</strong></span> <span class='ocrx_word' id='word_1_456' title='bbox 2230 3151 2388 3205; x_wconf 88' lang='lat' dir='ltr'><strong>facite</strong></span> <span class='ocrx_word' id='word_1_457' title='bbox 2431 3149 2663 3207; x_wconf 91' lang='lat' dir='ltr'><strong>fructum</strong></span> <span class='ocrx_word' id='word_1_458' title='bbox 2706 3152 2925 3222; x_wconf 89' lang='lat' dir='ltr'><strong>dignum</strong></span> <span class='ocrx_word' id='word_1_459' title='bbox 2959 3155 3309 3224; x_wconf 63' lang='lat' dir='ltr'><strong>paenitentia},</strong></span> <span class='ocrx_word' id='word_1_460' title='bbox 3357 3157 3412 3211; x_wconf 95' lang='lat' dir='ltr'><strong>id</strong></span> <span class='ocrx_word' id='word_1_461' title='bbox 3453 3167 3559 3223; x_wconf 84' lang='lat' dir='ltr'><strong>est,</strong></span> <span class='ocrx_word' id='word_1_462' title='bbox 3585 3158 3669 3227; x_wconf 88' lang='lat' dir='ltr'><strong>qui</strong></span> 
     </span>
    </p>
   </div>
   <div class='ocr_carea' id='block_1_62' title="bbox 438 3228 3666 3318">
    <p class='ocr_par' dir='ltr' id='par_1_62' title="bbox 438 3228 3666 3318">
     <span class='ocr_line' id='line_1_62' title="bbox 438 3228 3666 3318; baseline 0.001 -20"><span class='ocrx_word' id='word_1_463' title='bbox 438 3258 588 3316; x_wconf 87' lang='lat' dir='ltr'><strong>gans,</strong></span> <span class='ocrx_word' id='word_1_464' title='bbox 639 3240 924 3298; x_wconf 80' lang='lat' dir='ltr'><strong>Nazaraeus</strong></span> <span class='ocrx_word' id='word_1_465' title='bbox 971 3249 1210 3297; x_wconf 88' lang='lat' dir='ltr'><strong>sanctus.</strong></span> <span class='ocrx_word' id='word_1_466' title='bbox 1242 3238 1428 3309; x_wconf 82' lang='lat' dir='ltr'><strong>Surge,</strong></span> <span class='ocrx_word' id='word_1_467' title='bbox 1471 3239 1654 3310; x_wconf 88' lang='lat' dir='ltr'><strong>accipe</strong></span> <span class='ocrx_word' id='word_1_468' title='bbox 1696 3255 1922 3310; x_wconf 87' lang='lat' dir='ltr'><strong>puerum</strong></span> <span class='ocrx_word' id='word_1_469' title='bbox 1951 3247 2005 3294; x_wconf 85' lang='lat' dir='ltr'><strong>et</strong></span> <span class='ocrx_word' id='word_1_470' title='bbox 2031 3228 2074 3290; x_wconf 91' lang='lat' dir='ltr'><strong>C</strong></span> <span class='ocrx_word' id='word_1_471' title='bbox 2105 3242 2272 3297; x_wconf 86' lang='lat' dir='ltr'><strong>habet</strong></span> <span class='ocrx_word' id='word_1_472' title='bbox 2303 3242 2437 3297; x_wconf 89' lang='lat' dir='ltr'><strong>duas</strong></span> <span class='ocrx_word' id='word_1_473' title='bbox 2467 3243 2697 3307; x_wconf 88' lang='lat' dir='ltr'><strong>tunicas,</strong></span> <span class='ocrx_word' id='word_1_474' title='bbox 2728 3243 2817 3298; x_wconf 90' lang='lat' dir='ltr'><strong>det</strong></span> <span class='ocrx_word' id='word_1_475' title='bbox 2853 3258 2959 3299; x_wconf 90' lang='lat' dir='ltr'><strong>non</strong></span> <span class='ocrx_word' id='word_1_476' title='bbox 2991 3245 3231 3312; x_wconf 90' lang='lat' dir='ltr'><strong>habenti,</strong></span> <span class='ocrx_word' id='word_1_477' title='bbox 3257 3245 3352 3318; x_wconf 91' lang='lat' dir='ltr'><strong>qui</strong></span> <span class='ocrx_word' id='word_1_478' title='bbox 3379 3245 3515 3302; x_wconf 89' lang='lat' dir='ltr'><strong>facit</strong></span> <span class='ocrx_word' id='word_1_479' title='bbox 3555 3247 3666 3302; x_wconf 61' lang='lat' dir='ltr'><strong>inti</strong></span> 
     </span>
    </p>
   </div>
   <div class='ocr_carea' id='block_1_63' title="bbox 436 3329 2005 3403">
    <p class='ocr_par' dir='ltr' id='par_1_63' title="bbox 436 3329 2005 3403">
     <span class='ocr_line' id='line_1_63' title="bbox 436 3329 2005 3403; baseline -0.003 -15"><span class='ocrx_word' id='word_1_480' title='bbox 436 3341 663 3388; x_wconf 88' lang='lat' dir='ltr'><strong>matrem</strong></span> <span class='ocrx_word' id='word_1_481' title='bbox 694 3332 831 3403; x_wconf 87' lang='lat' dir='ltr'><strong>ejus,</strong></span> <span class='ocrx_word' id='word_1_482' title='bbox 857 3331 1031 3400; x_wconf 88' lang='lat' dir='ltr'><strong>primo</strong></span> <span class='ocrx_word' id='word_1_483' title='bbox 1057 3344 1216 3400; x_wconf 84' lang='lat' dir='ltr'><strong>surge</strong></span> <span class='ocrx_word' id='word_1_484' title='bbox 1253 3345 1282 3383; x_wconf 93' lang='lat' dir='ltr'><strong>a</strong></span> <span class='ocrx_word' id='word_1_485' title='bbox 1312 3339 1456 3386; x_wconf 90' lang='lat' dir='ltr'><strong>terra</strong></span> <span class='ocrx_word' id='word_1_486' title='bbox 1478 3330 1570 3399; x_wconf 91' lang='lat' dir='ltr'><strong>qui</strong></span> <span class='ocrx_word' id='word_1_487' title='bbox 1597 3337 1811 3384; x_wconf 87' lang='lat' dir='ltr'><strong>terrena</strong></span> <span class='ocrx_word' id='word_1_488' title='bbox 1845 3329 2005 3384; x_wconf 87' lang='lat' dir='ltr'><strong>relin-</strong></span> 
     </span>
    </p>
   </div>
   <div class='ocr_carea' id='block_1_64' title="bbox 434 3421 2008 3496">
    <p class='ocr_par' dir='ltr' id='par_1_64' title="bbox 434 3421 2008 3496">
     <span class='ocr_line' id='line_1_64' title="bbox 434 3421 2008 3496; baseline -0.003 -17"><span class='ocrx_word' id='word_1_489' title='bbox 434 3423 579 3496; x_wconf 89' lang='lat' dir='ltr'><strong>quis,</strong></span> <span class='ocrx_word' id='word_1_490' title='bbox 613 3433 670 3478; x_wconf 89' lang='lat' dir='ltr'><strong>et</strong></span> <span class='ocrx_word' id='word_1_491' title='bbox 703 3439 926 3494; x_wconf 90' lang='lat' dir='ltr'><strong>puerum</strong></span> <span class='ocrx_word' id='word_1_492' title='bbox 953 3432 1138 3493; x_wconf 88' lang='lat' dir='ltr'><strong>postea</strong></span> <span class='ocrx_word' id='word_1_493' title='bbox 1169 3429 1396 3476; x_wconf 88' lang='lat' dir='ltr'><strong>matrem</strong></span> <span class='ocrx_word' id='word_1_494' title='bbox 1428 3421 1582 3491; x_wconf 83' lang='lat' dir='ltr'><strong>jubet</strong></span> <span class='ocrx_word' id='word_1_495' title='bbox 1613 3421 1883 3490; x_wconf 90' lang='lat' dir='ltr'><strong>accipere,</strong></span> <span class='ocrx_word' id='word_1_496' title='bbox 1911 3436 2008 3490; x_wconf 86' lang='lat' dir='ltr'><strong>po-</strong></span> 
     </span>
    </p>
   </div>
   <div class='ocr_carea' id='block_1_65' title="bbox 437 3511 2004 3585">
    <p class='ocr_par' dir='ltr' id='par_1_65' title="bbox 437 3511 2004 3585">
     <span class='ocr_line' id='line_1_65' title="bbox 437 3511 2004 3585; baseline -0.005 -13"><span class='ocrx_word' id='word_1_497' title='bbox 437 3518 546 3573; x_wconf 83' lang='lat' dir='ltr'><strong>tius</strong></span> <span class='ocrx_word' id='word_1_498' title='bbox 590 3517 756 3572; x_wconf 87' lang='lat' dir='ltr'><strong>Deum</strong></span> <span class='ocrx_word' id='word_1_499' title='bbox 811 3530 1016 3580; x_wconf 85' lang='lat' dir='ltr'><strong>amare,</strong></span> <span class='ocrx_word' id='word_1_500' title='bbox 1062 3523 1250 3585; x_wconf 82' lang='lat' dir='ltr'><strong>postea</strong></span> <span class='ocrx_word' id='word_1_501' title='bbox 1303 3514 1606 3584; x_wconf 85' lang='lat' dir='ltr'><strong>proximum</strong></span> <span class='ocrx_word' id='word_1_502' title='bbox 1637 3531 1652 3567; x_wconf 91' lang='lat'>:</span> <span class='ocrx_word' id='word_1_503' title='bbox 1686 3511 2004 3575; x_wconf 81' lang='lat' dir='ltr'><strong>Archelaus,</strong></span> 
     </span>
    </p>
   </div>
   <div class='ocr_carea' id='block_1_66' title="bbox 435 3603 2005 3680">
    <p class='ocr_par' dir='ltr' id='par_1_66' title="bbox 435 3603 2005 3680">
     <span class='ocr_line' id='line_1_66' title="bbox 435 3603 2005 3680; baseline -0.006 -13"><span class='ocrx_word' id='word_1_504' title='bbox 435 3610 678 3675; x_wconf 63' lang='lat' dir='ltr'><strong>haeresis,</strong></span> <span class='ocrx_word' id='word_1_505' title='bbox 719 3610 812 3680; x_wconf 75' lang='lat' dir='ltr'><strong>qui</strong></span> <span class='ocrx_word' id='word_1_506' title='bbox 855 3623 921 3664; x_wconf 83' lang='lat' dir='ltr'><strong>se</strong></span> <span class='ocrx_word' id='word_1_507' title='bbox 942 3617 1133 3678; x_wconf 82' lang='lat' dir='ltr'><strong>putant</strong></span> <span class='ocrx_word' id='word_1_508' title='bbox 1158 3621 1278 3662; x_wconf 77' lang='lat' dir='ltr'><strong>esse</strong></span> <span class='ocrx_word' id='word_1_509' title='bbox 1305 3606 1450 3677; x_wconf 89' lang='lat' dir='ltr'><strong>quod</strong></span> <span class='ocrx_word' id='word_1_510' title='bbox 1483 3621 1590 3661; x_wconf 88' lang='lat' dir='ltr'><strong>non</strong></span> <span class='ocrx_word' id='word_1_511' title='bbox 1611 3615 1760 3671; x_wconf 86' lang='lat' dir='ltr'><strong>sunt,</strong></span> <span class='ocrx_word' id='word_1_512' title='bbox 1791 3613 1847 3659; x_wconf 90' lang='lat' dir='ltr'><strong>et</strong></span> <span class='ocrx_word' id='word_1_513' title='bbox 1876 3603 2005 3657; x_wconf 66' lang='grc' dir='ltr'>ειτεί</span> 
     </span>
    </p>
   </div>
   <div class='ocr_carea' id='block_1_67' title="bbox 436 3709 582 3757">
    <p class='ocr_par' dir='ltr' id='par_1_67' title="bbox 436 3709 582 3757">
     <span class='ocr_line' id='line_1_67' title="bbox 436 3709 582 3757; baseline -0.014 0"><span class='ocrx_word' id='word_1_514' title='bbox 436 3709 582 3757; x_wconf 75' lang='lat' dir='ltr'><strong>sunt.</strong></span> 
     </span>
    </p>
   </div>
   <div class='ocr_carea' id='block_1_68' title="bbox 509 3785 2002 3857">
    <p class='ocr_par' dir='ltr' id='par_1_68' title="bbox 509 3785 2002 3857">
     <span class='ocr_line' id='line_1_68' title="bbox 509 3785 2002 3857; baseline -0.005 -13"><span class='ocrx_word' id='word_1_515' title='bbox 509 3789 577 3844; x_wconf 84' lang='lat' dir='ltr'><strong>In</strong></span> <span class='ocrx_word' id='word_1_516' title='bbox 597 3789 777 3843; x_wconf 78' lang='lat' dir='ltr'><strong>diebus</strong></span> <span class='ocrx_word' id='word_1_517' title='bbox 800 3788 924 3854; x_wconf 85' lang='lat' dir='ltr'><strong>illis,</strong></span> <span class='ocrx_word' id='word_1_518' title='bbox 951 3804 1057 3844; x_wconf 92' lang='lat' dir='ltr'><strong>non</strong></span> <span class='ocrx_word' id='word_1_519' title='bbox 1088 3789 1154 3843; x_wconf 90' lang='lat' dir='ltr'><strong>ad</strong></span> <span class='ocrx_word' id='word_1_520' title='bbox 1182 3803 1359 3857; x_wconf 88' lang='lat' dir='ltr'><strong>regem</strong></span> <span class='ocrx_word' id='word_1_521' title='bbox 1382 3786 1679 3841; x_wconf 87' lang='lat' dir='ltr'><strong>Archelaus</strong></span> <span class='ocrx_word' id='word_1_522' title='bbox 1699 3785 2002 3849; x_wconf 82' lang='lat' dir='ltr'><strong>dicendum,</strong></span> 
     </span>
    </p>
   </div>
   <div class='ocr_carea' id='block_1_69' title="bbox 441 3872 2002 3946">
    <p class='ocr_par' dir='ltr' id='par_1_69' title="bbox 441 3872 2002 3946">
     <span class='ocr_line' id='line_1_69' title="bbox 441 3872 2002 3946; baseline -0.004 -14"><span class='ocrx_word' id='word_1_523' title='bbox 441 3877 536 3932; x_wconf 89' lang='lat' dir='ltr'><strong>sed</strong></span> <span class='ocrx_word' id='word_1_524' title='bbox 567 3891 599 3931; x_wconf 91' lang='lat' dir='ltr'><strong>a</strong></span> <span class='ocrx_word' id='word_1_525' title='bbox 624 3876 814 3946; x_wconf 89' lang='lat' dir='ltr'><strong>quinto</strong></span> <span class='ocrx_word' id='word_1_526' title='bbox 855 3875 1061 3931; x_wconf 89' lang='lat' dir='ltr'><strong>decimo</strong></span> <span class='ocrx_word' id='word_1_527' title='bbox 1101 3890 1243 3931; x_wconf 90' lang='lat' dir='ltr'><strong>anno</strong></span> <span class='ocrx_word' id='word_1_528' title='bbox 1271 3875 1471 3929; x_wconf 90' lang='lat' dir='ltr'><strong>Tiberii</strong></span> <span class='ocrx_word' id='word_1_529' title='bbox 1501 3875 1755 3939; x_wconf 64' lang='lat' dir='ltr'><strong>Caesaris;</strong></span> <span class='ocrx_word' id='word_1_530' title='bbox 1793 3873 1918 3942; x_wconf 89' lang='lat' dir='ltr'><strong>quia</strong></span> <span class='ocrx_word' id='word_1_531' title='bbox 1951 3872 2002 3925; x_wconf 91' lang='lat' dir='ltr'><strong>iu</strong></span> 
     </span>
    </p>
   </div>
   <div class='ocr_carea' id='block_1_70' title="bbox 437 3962 2002 4036">
    <p class='ocr_par' dir='ltr' id='par_1_70' title="bbox 437 3962 2002 4036">
     <span class='ocr_line' id='line_1_70' title="bbox 437 3962 2002 4036; baseline -0.004 -15"><span class='ocrx_word' id='word_1_532' title='bbox 437 3965 556 4036; x_wconf 85' lang='lat' dir='ltr'><strong>ipso</strong></span> <span class='ocrx_word' id='word_1_533' title='bbox 573 3980 716 4021; x_wconf 92' lang='lat' dir='ltr'><strong>anno</strong></span> <span class='ocrx_word' id='word_1_534' title='bbox 736 3965 934 4020; x_wconf 81' lang='lat' dir='ltr'><strong>factum</strong></span> <span class='ocrx_word' id='word_1_535' title='bbox 955 3975 1038 4020; x_wconf 86' lang='lat' dir='ltr'><strong>cst</strong></span> <span class='ocrx_word' id='word_1_536' title='bbox 1058 3965 1279 4021; x_wconf 88' lang='lat' dir='ltr'><strong>verbum</strong></span> <span class='ocrx_word' id='word_1_537' title='bbox 1303 3964 1513 4019; x_wconf 90' lang='lat' dir='ltr'><strong>Domini</strong></span> <span class='ocrx_word' id='word_1_538' title='bbox 1541 3979 1702 4034; x_wconf 89' lang='lat' dir='ltr'><strong>super</strong></span> <span class='ocrx_word' id='word_1_539' title='bbox 1719 3962 2002 4026; x_wconf 83' lang='lat' dir='ltr'><strong>Joannem,</strong></span> 
     </span>
    </p>
   </div>
   <div class='ocr_carea' id='block_1_71' title="bbox 438 4054 2005 4123">
    <p class='ocr_par' dir='ltr' id='par_1_71' title="bbox 438 4054 2005 4123">
     <span class='ocr_line' id='line_1_71' title="bbox 438 4054 2005 4123; baseline -0.003 -13"><span class='ocrx_word' id='word_1_540' title='bbox 438 4063 566 4112; x_wconf 88' lang='lat' dir='ltr'><strong>ante</strong></span> <span class='ocrx_word' id='word_1_541' title='bbox 598 4054 894 4123; x_wconf 89' lang='lat' dir='ltr'><strong>Christum,</strong></span> <span class='ocrx_word' id='word_1_542' title='bbox 937 4071 1037 4111; x_wconf 83' lang='lat' dir='ltr'><strong>vox</strong></span> <span class='ocrx_word' id='word_1_543' title='bbox 1075 4065 1198 4110; x_wconf 91' lang='lat' dir='ltr'><strong>ante</strong></span> <span class='ocrx_word' id='word_1_544' title='bbox 1224 4056 1468 4120; x_wconf 88' lang='lat' dir='ltr'><strong>verbum,</strong></span> <span class='ocrx_word' id='word_1_545' title='bbox 1513 4054 1730 4110; x_wconf 88' lang='lat' dir='ltr'><strong>lucerna</strong></span> <span class='ocrx_word' id='word_1_546' title='bbox 1770 4062 1894 4108; x_wconf 90' lang='lat' dir='ltr'><strong>ante</strong></span> <span class='ocrx_word' id='word_1_547' title='bbox 1919 4067 2005 4108; x_wconf 84' lang='lat' dir='ltr'><strong>so-</strong></span> 
     </span>
    </p>
   </div>
   <div class='ocr_carea' id='block_1_72' title="bbox 437 4140 2003 4218">
    <p class='ocr_par' dir='ltr' id='par_1_72' title="bbox 437 4140 2003 4218">
     <span class='ocr_line' id='line_1_72' title="bbox 437 4140 2003 4218; baseline -0.004 -14"><span class='ocrx_word' id='word_1_548' title='bbox 437 4140 567 4215; x_wconf 83' lang='lat' dir='ltr'><strong>lem,</strong></span> <span class='ocrx_word' id='word_1_549' title='bbox 595 4147 693 4205; x_wconf 88' lang='lat' dir='ltr'><strong>ﬁos</strong></span> <span class='ocrx_word' id='word_1_550' title='bbox 738 4157 866 4204; x_wconf 88' lang='lat' dir='ltr'><strong>ante</strong></span> <span class='ocrx_word' id='word_1_551' title='bbox 913 4146 1164 4211; x_wconf 85' lang='lat' dir='ltr'><strong>fructum,</strong></span> <span class='ocrx_word' id='word_1_552' title='bbox 1205 4147 1579 4218; x_wconf 72' lang='lat' dir='ltr'><strong>prenitentiam</strong></span> <span class='ocrx_word' id='word_1_553' title='bbox 1625 4145 1766 4217; x_wconf 87' lang='lat' dir='ltr'><strong>agite</strong></span> <span class='ocrx_word' id='word_1_554' title='bbox 1805 4153 1860 4198; x_wconf 90' lang='lat' dir='ltr'><strong>et</strong></span> <span class='ocrx_word' id='word_1_555' title='bbox 1897 4159 2003 4198; x_wconf 89' lang='lat' dir='ltr'><strong>non</strong></span> 
     </span>
    </p>
   </div>
   <div class='ocr_carea' id='block_1_73' title="bbox 438 4234 2006 4309">
    <p class='ocr_par' dir='ltr' id='par_1_73' title="bbox 438 4234 2006 4309">
     <span class='ocr_line' id='line_1_73' title="bbox 438 4234 2006 4309; baseline -0.003 -15"><span class='ocrx_word' id='word_1_556' title='bbox 438 4238 762 4309; x_wconf 87' lang='lat' dir='ltr'><strong>operamini,</strong></span> <span class='ocrx_word' id='word_1_557' title='bbox 802 4238 927 4308; x_wconf 80' lang='lat' dir='ltr'><strong>quia</strong></span> <span class='ocrx_word' id='word_1_558' title='bbox 969 4253 1131 4306; x_wconf 88' lang='lat' dir='ltr'><strong>opera</strong></span> <span class='ocrx_word' id='word_1_559' title='bbox 1175 4237 1320 4292; x_wconf 89' lang='lat' dir='ltr'><strong>foras</strong></span> <span class='ocrx_word' id='word_1_560' title='bbox 1356 4250 1580 4307; x_wconf 86' lang='lat' dir='ltr'><strong>corpora</strong></span> <span class='ocrx_word' id='word_1_561' title='bbox 1618 4236 1834 4299; x_wconf 90' lang='lat' dir='ltr'><strong>dicitur,</strong></span> <span class='ocrx_word' id='word_1_562' title='bbox 1865 4234 2006 4305; x_wconf 84' lang='lat' dir='ltr'><strong>agile</strong></span> 
     </span>
    </p>
   </div>
   <div class='ocr_carea' id='block_1_74' title="bbox 437 4327 2006 4397">
    <p class='ocr_par' dir='ltr' id='par_1_74' title="bbox 437 4327 2006 4397">
     <span class='ocr_line' id='line_1_74' title="bbox 437 4327 2006 4397; baseline -0.003 -13"><span class='ocrx_word' id='word_1_563' title='bbox 437 4329 710 4394; x_wconf 86' lang='lat' dir='ltr'><strong>interiore,</strong></span> <span class='ocrx_word' id='word_1_564' title='bbox 735 4328 977 4384; x_wconf 88' lang='lat' dir='ltr'><strong>interiori</strong></span> <span class='ocrx_word' id='word_1_565' title='bbox 1000 4329 1204 4383; x_wconf 90' lang='lat' dir='ltr'><strong>homini</strong></span> <span class='ocrx_word' id='word_1_566' title='bbox 1227 4329 1290 4383; x_wconf 85' lang='lat' dir='ltr'><strong>de</strong></span> <span class='ocrx_word' id='word_1_567' title='bbox 1315 4327 1478 4382; x_wconf 89' lang='lat' dir='ltr'><strong>corde</strong></span> <span class='ocrx_word' id='word_1_568' title='bbox 1507 4334 1719 4397; x_wconf 89' lang='lat' dir='ltr'><strong>agatur,</strong></span> <span class='ocrx_word' id='word_1_569' title='bbox 1741 4327 2006 4396; x_wconf 85' lang='lat' dir='ltr'><strong>poeniten-</strong></span> 
     </span>
    </p>
   </div>
   <div class='ocr_carea' id='block_1_75' title="bbox 438 4414 2005 4487">
    <p class='ocr_par' dir='ltr' id='par_1_75' title="bbox 438 4414 2005 4487">
     <span class='ocr_line' id='line_1_75' title="bbox 438 4414 2005 4487; baseline -0.003 -15"><span class='ocrx_word' id='word_1_570' title='bbox 438 4417 512 4472; x_wconf 90' lang='lat' dir='ltr'><strong>tia</strong></span> <span class='ocrx_word' id='word_1_571' title='bbox 537 4431 662 4476; x_wconf 84' lang='lat' dir='ltr'><strong>vera</strong></span> <span class='ocrx_word' id='word_1_572' title='bbox 699 4426 803 4483; x_wconf 89' lang='lat' dir='ltr'><strong>est,</strong></span> <span class='ocrx_word' id='word_1_573' title='bbox 843 4417 1042 4472; x_wconf 89' lang='lat' dir='ltr'><strong>amissa</strong></span> <span class='ocrx_word' id='word_1_574' title='bbox 1067 4414 1261 4472; x_wconf 80' lang='lat' dir='ltr'><strong>deflere</strong></span> <span class='ocrx_word' id='word_1_575' title='bbox 1295 4427 1349 4471; x_wconf 92' lang='lat' dir='ltr'><strong>et</strong></span> <span class='ocrx_word' id='word_1_576' title='bbox 1377 4416 1688 4487; x_wconf 80' lang='lat' dir='ltr'><strong>paenitendo</strong></span> <span class='ocrx_word' id='word_1_577' title='bbox 1717 4431 1823 4470; x_wconf 88' lang='lat' dir='ltr'><strong>non</strong></span> <span class='ocrx_word' id='word_1_578' title='bbox 1853 4429 2005 4470; x_wconf 92' lang='lat' dir='ltr'><strong>com-</strong></span> 
     </span>
    </p>
   </div>
   <div class='ocr_carea' id='block_1_76' title="bbox 436 4505 668 4562">
    <p class='ocr_par' dir='ltr' id='par_1_76' title="bbox 436 4505 668 4562">
     <span class='ocr_line' id='line_1_76' title="bbox 436 4505 668 4562; baseline -0.009 0"><span class='ocrx_word' id='word_1_579' title='bbox 436 4505 668 4562; x_wconf 88' lang='lat' dir='ltr'><strong>mittere.</strong></span> 
     </span>
    </p>
   </div>
   <div class='ocr_carea' id='block_1_77' title="bbox 2104 3330 2862 3387">
    <p class='ocr_par' dir='ltr' id='par_1_77' title="bbox 2104 3330 2862 3387">
     <span class='ocr_line' id='line_1_77' title="bbox 2104 3330 2862 3387; baseline 0.001 -2"><span class='ocrx_word' id='word_1_580' title='bbox 2104 3331 2209 3386; x_wconf 90' lang='lat' dir='ltr'><strong>cite</strong></span> <span class='ocrx_word' id='word_1_581' title='bbox 2234 3332 2301 3386; x_wconf 91' lang='lat' dir='ltr'><strong>ab</strong></span> <span class='ocrx_word' id='word_1_582' title='bbox 2332 3331 2550 3387; x_wconf 88' lang='lat' dir='ltr'><strong>inlicitis</strong></span> <span class='ocrx_word' id='word_1_583' title='bbox 2575 3330 2862 3386; x_wconf 86' lang='lat' dir='ltr'><strong>abstineat.</strong></span> 
     </span>
    </p>
   </div>
   <div class='ocr_carea' id='block_1_78' title="bbox 2173 3422 3672 3502">
    <p class='ocr_par' dir='ltr' id='par_1_78' title="bbox 2173 3422 3672 3502">
     <span class='ocr_line' id='line_1_78' title="bbox 2173 3422 3672 3502; baseline 0.005 -24"><span class='ocrx_word' id='word_1_584' title='bbox 2173 3422 2350 3480; x_wconf 80' lang='lat' dir='ltr'><strong>Potest</strong></span> <span class='ocrx_word' id='word_1_585' title='bbox 2375 3425 2516 3480; x_wconf 87' lang='lat' dir='ltr'><strong>Deus</strong></span> <span class='ocrx_word' id='word_1_586' title='bbox 2541 3437 2586 3480; x_wconf 88' lang='lat' dir='ltr'><strong>et</strong></span> <span class='ocrx_word' id='word_1_587' title='bbox 2619 3427 2877 3497; x_wconf 83' lang='lat' dir='ltr'><strong>lapidibus</strong></span> <span class='ocrx_word' id='word_1_588' title='bbox 2899 3429 3031 3494; x_wconf 80' lang='lat' dir='ltr'><strong>istis,</strong></span> <span class='ocrx_word' id='word_1_589' title='bbox 3073 3436 3130 3484; x_wconf 89' lang='lat' dir='ltr'><strong>ct</strong></span> <span class='ocrx_word' id='word_1_590' title='bbox 3168 3430 3375 3500; x_wconf 89' lang='lat' dir='ltr'><strong>reliqua</strong></span> <span class='ocrx_word' id='word_1_591' title='bbox 3421 3449 3436 3484; x_wconf 90' lang='lat'><strong>:</strong></span> <span class='ocrx_word' id='word_1_592' title='bbox 3477 3431 3672 3502; x_wconf 76' lang='lat' dir='ltr'><strong>lapides</strong></span> 
     </span>
    </p>
   </div>
   <div class='ocr_carea' id='block_1_79' title="bbox 2104 3516 3671 3590">
    <p class='ocr_par' dir='ltr' id='par_1_79' title="bbox 2104 3516 3671 3590">
     <span class='ocr_line' id='line_1_79' title="bbox 2104 3516 3671 3590; baseline 0.004 -20"><span class='ocrx_word' id='word_1_593' title='bbox 2104 3526 2262 3570; x_wconf 87' lang='lat' dir='ltr'><strong>erant</strong></span> <span class='ocrx_word' id='word_1_594' title='bbox 2302 3517 2428 3586; x_wconf 86' lang='lat' dir='ltr'><strong>quia</strong></span> <span class='ocrx_word' id='word_1_595' title='bbox 2479 3516 2681 3588; x_wconf 88' lang='lat' dir='ltr'><strong>lapides</strong></span> <span class='ocrx_word' id='word_1_596' title='bbox 2733 3518 3002 3584; x_wconf 88' lang='lat' dir='ltr'><strong>colebant,</strong></span> <span class='ocrx_word' id='word_1_597' title='bbox 3056 3521 3152 3575; x_wconf 90' lang='lat' dir='ltr'><strong>sed</strong></span> <span class='ocrx_word' id='word_1_598' title='bbox 3192 3521 3378 3590; x_wconf 88' lang='lat' dir='ltr'><strong>plures</strong></span> <span class='ocrx_word' id='word_1_599' title='bbox 3432 3524 3559 3579; x_wconf 91' lang='lat' dir='ltr'><strong>inde</strong></span> <span class='ocrx_word' id='word_1_600' title='bbox 3612 3526 3671 3577; x_wconf 77' lang='lat' dir='ltr'><strong>ad</strong></span> 
     </span>
    </p>
   </div>
   <div class='ocr_carea' id='block_1_80' title="bbox 2103 3605 3670 3682">
    <p class='ocr_par' dir='ltr' id='par_1_80' title="bbox 2103 3605 3670 3682">
     <span class='ocr_line' id='line_1_80' title="bbox 2103 3605 3670 3682; baseline 0.003 -22"><span class='ocrx_word' id='word_1_601' title='bbox 2103 3605 2304 3661; x_wconf 88' lang='lat' dir='ltr'><strong>Christi</strong></span> <span class='ocrx_word' id='word_1_602' title='bbox 2343 3607 2500 3662; x_wconf 89' lang='lat' dir='ltr'><strong>ﬁdem</strong></span> <span class='ocrx_word' id='word_1_603' title='bbox 2528 3621 2812 3674; x_wconf 81' lang='lat' dir='ltr'><strong>venerunt,</strong></span> <span class='ocrx_word' id='word_1_604' title='bbox 2851 3609 2902 3664; x_wconf 89' lang='lat' dir='ltr'><strong>id</strong></span> <span class='ocrx_word' id='word_1_605' title='bbox 2927 3620 3010 3664; x_wconf 82' lang='lat' dir='ltr'><strong>est</strong></span> <span class='ocrx_word' id='word_1_606' title='bbox 3039 3610 3244 3680; x_wconf 85' lang='lat' dir='ltr'><strong>lapides</strong></span> <span class='ocrx_word' id='word_1_607' title='bbox 3285 3613 3528 3677; x_wconf 81' lang='lat' dir='ltr'><strong>simulat,</strong></span> <span class='ocrx_word' id='word_1_608' title='bbox 3554 3617 3670 3682; x_wconf 79' lang='lat' dir='ltr'><strong>quia</strong></span> 
     </span>
    </p>
   </div>
   <div class='ocr_carea' id='block_1_81' title="bbox 2104 3697 3672 3774">
    <p class='ocr_par' dir='ltr' id='par_1_81' title="bbox 2104 3697 3672 3774">
     <span class='ocr_line' id='line_1_81' title="bbox 2104 3697 3672 3774; baseline 0.007 -24"><span class='ocrx_word' id='word_1_609' title='bbox 2104 3697 2254 3766; x_wconf 83' lang='lat' dir='ltr'><strong>gravi</strong></span> <span class='ocrx_word' id='word_1_610' title='bbox 2279 3706 2335 3752; x_wconf 85' lang='lat' dir='ltr'><strong>et</strong></span> <span class='ocrx_word' id='word_1_611' title='bbox 2363 3698 2480 3752; x_wconf 89' lang='lat' dir='ltr'><strong>duri</strong></span> <span class='ocrx_word' id='word_1_612' title='bbox 2513 3708 2568 3752; x_wconf 89' lang='lat' dir='ltr'><strong>et</strong></span> <span class='ocrx_word' id='word_1_613' title='bbox 2609 3697 2790 3768; x_wconf 85' lang='lat' dir='ltr'><strong>frigidi</strong></span> <span class='ocrx_word' id='word_1_614' title='bbox 2832 3699 2884 3754; x_wconf 89' lang='lat' dir='ltr'><strong>in</strong></span> <span class='ocrx_word' id='word_1_615' title='bbox 2920 3699 3026 3756; x_wconf 80' lang='lat' dir='ltr'><strong>fide</strong></span> <span class='ocrx_word' id='word_1_616' title='bbox 3062 3710 3208 3767; x_wconf 88' lang='lat' dir='ltr'><strong>sunt,</strong></span> <span class='ocrx_word' id='word_1_617' title='bbox 3252 3705 3468 3759; x_wconf 75' lang='lat' dir='ltr'><strong>securis</strong></span> <span class='ocrx_word' id='word_1_618' title='bbox 3505 3707 3672 3774; x_wconf 78' lang='lat' dir='ltr'><strong>posita</strong></span> 
     </span>
    </p>
   </div>
   <div class='ocr_carea' id='block_1_82' title="bbox 2102 3787 3676 3860">
    <p class='ocr_par' dir='ltr' id='par_1_82' title="bbox 2102 3787 3676 3860">
     <span class='ocr_line' id='line_1_82' title="bbox 2102 3787 3676 3860; baseline 0.006 -21"><span class='ocrx_word' id='word_1_619' title='bbox 2102 3795 2205 3852; x_wconf 85' lang='lat' dir='ltr'><strong>est,</strong></span> <span class='ocrx_word' id='word_1_620' title='bbox 2233 3787 2285 3842; x_wconf 91' lang='lat' dir='ltr'><strong>id</strong></span> <span class='ocrx_word' id='word_1_621' title='bbox 2318 3799 2423 3854; x_wconf 91' lang='lat' dir='ltr'><strong>est,</strong></span> <span class='ocrx_word' id='word_1_622' title='bbox 2449 3789 2796 3859; x_wconf 85' lang='lat' dir='ltr'><strong>Evangeliutn</strong></span> <span class='ocrx_word' id='word_1_623' title='bbox 2825 3791 2891 3844; x_wconf 89' lang='lat' dir='ltr'><strong>ad</strong></span> <span class='ocrx_word' id='word_1_624' title='bbox 2923 3791 3155 3846; x_wconf 84' lang='lat' dir='ltr'><strong>radicem</strong></span> <span class='ocrx_word' id='word_1_625' title='bbox 3193 3793 3478 3860; x_wconf 84' lang='lat' dir='ltr'><strong>arborum,</strong></span> <span class='ocrx_word' id='word_1_626' title='bbox 3521 3796 3576 3849; x_wconf 91' lang='lat' dir='ltr'><strong>id</strong></span> <span class='ocrx_word' id='word_1_627' title='bbox 3599 3806 3676 3850; x_wconf 80' lang='lat' dir='ltr'><strong>est</strong></span> 
     </span>
    </p>
   </div>
   <div class='ocr_carea' id='block_1_83' title="bbox 2101 3877 3672 3953">
    <p class='ocr_par' dir='ltr' id='par_1_83' title="bbox 2101 3877 3672 3953">
     <span class='ocr_line' id='line_1_83' title="bbox 2101 3877 3672 3953; baseline 0.006 -24"><span class='ocrx_word' id='word_1_628' title='bbox 2101 3877 2319 3944; x_wconf 77' lang='lat' dir='ltr'><strong>Judaeis,</strong></span> <span class='ocrx_word' id='word_1_629' title='bbox 2355 3880 2582 3944; x_wconf 88' lang='lat' dir='ltr'><strong>securis,</strong></span> <span class='ocrx_word' id='word_1_630' title='bbox 2622 3895 2686 3935; x_wconf 80' lang='lat' dir='ltr'><strong>ex</strong></span> <span class='ocrx_word' id='word_1_631' title='bbox 2720 3879 2866 3935; x_wconf 88' lang='lat' dir='ltr'><strong>ferro</strong></span> <span class='ocrx_word' id='word_1_632' title='bbox 2889 3890 2944 3935; x_wconf 88' lang='lat' dir='ltr'><strong>et</strong></span> <span class='ocrx_word' id='word_1_633' title='bbox 2971 3881 3111 3953; x_wconf 88' lang='lat' dir='ltr'><strong>ligno</strong></span> <span class='ocrx_word' id='word_1_634' title='bbox 3140 3892 3374 3949; x_wconf 87' lang='lat' dir='ltr'><strong>constat,</strong></span> <span class='ocrx_word' id='word_1_635' title='bbox 3417 3884 3498 3938; x_wconf 86' lang='lat' dir='ltr'><strong>sic</strong></span> <span class='ocrx_word' id='word_1_636' title='bbox 3523 3884 3672 3939; x_wconf 82' lang='lat' dir='ltr'><strong>Chri-</strong></span> 
     </span>
    </p>
   </div>
   <div class='ocr_carea' id='block_1_84' title="bbox 2103 3969 3672 4045">
    <p class='ocr_par' dir='ltr' id='par_1_84' title="bbox 2103 3969 3672 4045">
     <span class='ocr_line' id='line_1_84' title="bbox 2103 3969 3672 4045; baseline 0.004 -23"><span class='ocrx_word' id='word_1_637' title='bbox 2103 3979 2216 4024; x_wconf 92' lang='lat' dir='ltr'><strong>stus</strong></span> <span class='ocrx_word' id='word_1_638' title='bbox 2251 3983 2317 4022; x_wconf 83' lang='lat' dir='ltr'><strong>ex</strong></span> <span class='ocrx_word' id='word_1_639' title='bbox 2343 3969 2625 4024; x_wconf 91' lang='lat' dir='ltr'><strong>divinitate</strong></span> <span class='ocrx_word' id='word_1_640' title='bbox 2653 3979 2706 4024; x_wconf 93' lang='lat' dir='ltr'><strong>et</strong></span> <span class='ocrx_word' id='word_1_641' title='bbox 2740 3971 3091 4036; x_wconf 87' lang='lat' dir='ltr'><strong>lnunanitate,</strong></span> <span class='ocrx_word' id='word_1_642' title='bbox 3129 3971 3360 4038; x_wconf 88' lang='lat' dir='ltr'><strong>radices,</strong></span> <span class='ocrx_word' id='word_1_643' title='bbox 3392 3975 3672 4045; x_wconf 84' lang='lat' dir='ltr'><strong>cogitatio-</strong></span> 
     </span>
    </p>
   </div>
   <div class='ocr_carea' id='block_1_85' title="bbox 2103 4055 3670 4132">
    <p class='ocr_par' dir='ltr' id='par_1_85' title="bbox 2103 4055 3670 4132">
     <span class='ocr_line' id='line_1_85' title="bbox 2103 4055 3670 4132; baseline 0.003 -18"><span class='ocrx_word' id='word_1_644' title='bbox 2103 4075 2216 4123; x_wconf 89' lang='lat' dir='ltr'><strong>nes,</strong></span> <span class='ocrx_word' id='word_1_645' title='bbox 2245 4059 2498 4118; x_wconf 88' lang='lat' dir='ltr'><strong>arborum</strong></span> <span class='ocrx_word' id='word_1_646' title='bbox 2519 4055 2899 4132; x_wconf 83' lang='lat' dir='ltr'><strong>&#39;peccatorum,</strong></span> <span class='ocrx_word' id='word_1_647' title='bbox 2928 4063 3009 4117; x_wconf 92' lang='lat' dir='ltr'><strong>vel</strong></span> <span class='ocrx_word' id='word_1_648' title='bbox 3035 4065 3242 4120; x_wconf 88' lang='lat' dir='ltr'><strong>radices</strong></span> <span class='ocrx_word' id='word_1_649' title='bbox 3272 4064 3390 4131; x_wconf 88' lang='lat' dir='ltr'><strong>ﬁlii,</strong></span> <span class='ocrx_word' id='word_1_650' title='bbox 3417 4067 3670 4120; x_wconf 85' lang='lat' dir='ltr'><strong>arborum</strong></span> 
     </span>
    </p>
   </div>
   <div class='ocr_carea' id='block_1_86' title="bbox 2101 4159 2408 4218">
    <p class='ocr_par' dir='ltr' id='par_1_86' title="bbox 2101 4159 2408 4218">
     <span class='ocr_line' id='line_1_86' title="bbox 2101 4159 2408 4218; baseline 0.003 -15"><span class='ocrx_word' id='word_1_651' title='bbox 2101 4159 2408 4218; x_wconf 88' lang='lat' dir='ltr'><strong>parentum.</strong></span> 
     </span>
    </p>
   </div>
   <div class='ocr_carea' id='block_1_87' title="bbox 2175 4239 3674 4314">
    <p class='ocr_par' dir='ltr' id='par_1_87' title="bbox 2175 4239 3674 4314">
     <span class='ocr_line' id='line_1_87' title="bbox 2175 4239 3674 4314; baseline 0.002 -19"><span class='ocrx_word' id='word_1_652' title='bbox 2175 4239 2357 4296; x_wconf 81' lang='lat' dir='ltr'><strong>Omnis</strong></span> <span class='ocrx_word' id='word_1_653' title='bbox 2397 4242 2554 4296; x_wconf 84' lang='lat' dir='ltr'><strong>arbor</strong></span> <span class='ocrx_word' id='word_1_654' title='bbox 2591 4244 2680 4314; x_wconf 82' lang='lat' dir='ltr'><strong>qui</strong></span> <span class='ocrx_word' id='word_1_655' title='bbox 2723 4260 2827 4297; x_wconf 84' lang='lat' dir='ltr'><strong>non</strong></span> <span class='ocrx_word' id='word_1_656' title='bbox 2863 4244 2989 4313; x_wconf 83' lang='lat' dir='ltr'><strong>facit</strong></span> <span class='ocrx_word' id='word_1_657' title='bbox 3033 4244 3261 4310; x_wconf 77' lang='lat' dir='ltr'><strong>fructum</strong></span> <span class='ocrx_word' id='word_1_658' title='bbox 3301 4247 3498 4302; x_wconf 80' lang='lat' dir='ltr'><strong>bonum</strong></span> <span class='ocrx_word' id='word_1_659' title='bbox 3537 4248 3674 4300; x_wconf 73' lang='lat' dir='ltr'><strong>exti-</strong></span> 
     </span>
    </p>
   </div>
   <div class='ocr_carea' id='block_1_88' title="bbox 2101 4321 3672 4407">
    <p class='ocr_par' dir='ltr' id='par_1_88' title="bbox 2101 4321 3672 4407">
     <span class='ocr_line' id='line_1_88' title="bbox 2101 4321 3672 4407; baseline 0.003 -23"><span class='ocrx_word' id='word_1_660' title='bbox 2101 4331 2274 4396; x_wconf 87' lang='lat' dir='ltr'><strong>detur,</strong></span> <span class='ocrx_word' id='word_1_661' title='bbox 2302 4332 2355 4386; x_wconf 91' lang='lat' dir='ltr'><strong>id</strong></span> <span class='ocrx_word' id='word_1_662' title='bbox 2381 4340 2484 4399; x_wconf 90' lang='lat' dir='ltr'><strong>est,</strong></span> <span class='ocrx_word' id='word_1_663' title='bbox 2508 4333 2765 4388; x_wconf 88' lang='lat' dir='ltr'><strong>dividitur</strong></span> <span class='ocrx_word' id='word_1_664' title='bbox 2802 4336 2868 4388; x_wconf 87' lang='lat' dir='ltr'><strong>ab</strong></span> <span class='ocrx_word' id='word_1_665' title='bbox 2894 4321 3138 4390; x_wconf 34' lang='lat' dir='ltr'><strong>Ecclesia:</strong></span> <span class='ocrx_word' id='word_1_666' title='bbox 3164 4355 3177 4389; x_wconf 76' lang='grc' dir='ltr'><strong>ε</strong></span> <span class='ocrx_word' id='word_1_667' title='bbox 3208 4335 3265 4390; x_wconf 93' lang='lat' dir='ltr'><strong>ln</strong></span> <span class='ocrx_word' id='word_1_668' title='bbox 3297 4336 3480 4407; x_wconf 84' lang='lat' dir='ltr'><strong>ignem</strong></span> <span class='ocrx_word' id='word_1_669' title='bbox 3512 4337 3672 4398; x_wconf 77' lang='lat' dir='ltr'><strong>mitti-</strong></span> 
     </span>
    </p>
   </div>
   <div class='ocr_carea' id='block_1_89' title="bbox 2102 4420 3672 4490">
    <p class='ocr_par' dir='ltr' id='par_1_89' title="bbox 2102 4420 3672 4490">
     <span class='ocr_line' id='line_1_89' title="bbox 2102 4420 3672 4490; baseline 0.001 -16"><span class='ocrx_word' id='word_1_670' title='bbox 2102 4428 2214 4486; x_wconf 92' lang='lat' dir='ltr'><strong>tur,</strong></span> <span class='ocrx_word' id='word_1_671' title='bbox 2245 4420 2299 4476; x_wconf 89' lang='lat' dir='ltr'><strong>id</strong></span> <span class='ocrx_word' id='word_1_672' title='bbox 2359 4430 2443 4476; x_wconf 91' lang='lat' dir='ltr'><strong>est</strong></span> <span class='ocrx_word' id='word_1_673' title='bbox 2480 4422 2533 4476; x_wconf 93' lang='lat' dir='ltr'><strong>in</strong></span> <span class='ocrx_word' id='word_1_674' title='bbox 2575 4422 2661 4478; x_wconf 91' lang='lat' dir='ltr'><strong>die</strong></span> <span class='ocrx_word' id='word_1_675' title='bbox 2689 4422 2900 4490; x_wconf 91' lang='lat' dir='ltr'><strong>judicii,</strong></span> <span class='ocrx_word' id='word_1_676' title='bbox 2950 4421 3142 4478; x_wconf 91' lang='lat' dir='ltr'><strong>fortior</strong></span> <span class='ocrx_word' id='word_1_677' title='bbox 3187 4439 3273 4478; x_wconf 91' lang='lat' dir='ltr'><strong>me</strong></span> <span class='ocrx_word' id='word_1_678' title='bbox 3310 4433 3432 4478; x_wconf 86' lang='lat' dir='ltr'><strong>est:</strong></span> <span class='ocrx_word' id='word_1_679' title='bbox 3473 4423 3529 4478; x_wconf 93' lang='lat' dir='ltr'><strong>id</strong></span> <span class='ocrx_word' id='word_1_680' title='bbox 3571 4433 3672 4486; x_wconf 87' lang='lat' dir='ltr'><strong>est,</strong></span> 
     </span>
    </p>
   </div>
   <div class='ocr_carea' id='block_1_90' title="bbox 2105 4512 3670 4580">
    <p class='ocr_par' dir='ltr' id='par_1_90' title="bbox 2105 4512 3670 4580">
     <span class='ocr_line' id='line_1_90' title="bbox 2105 4512 3670 4580; baseline 0.001 -13"><span class='ocrx_word' id='word_1_681' title='bbox 2105 4528 2211 4567; x_wconf 92' lang='lat' dir='ltr'><strong>non</strong></span> <span class='ocrx_word' id='word_1_682' title='bbox 2253 4512 2426 4567; x_wconf 90' lang='lat' dir='ltr'><strong>solum</strong></span> <span class='ocrx_word' id='word_1_683' title='bbox 2462 4513 2528 4568; x_wconf 90' lang='lat' dir='ltr'><strong>de</strong></span> <span class='ocrx_word' id='word_1_684' title='bbox 2558 4512 2783 4580; x_wconf 78' lang='lat' dir='ltr'><strong>Joanne,</strong></span> <span class='ocrx_word' id='word_1_685' title='bbox 2827 4515 2920 4571; x_wconf 90' lang='lat' dir='ltr'><strong>sed</strong></span> <span class='ocrx_word' id='word_1_686' title='bbox 2962 4516 3029 4570; x_wconf 91' lang='lat' dir='ltr'><strong>de</strong></span> <span class='ocrx_word' id='word_1_687' title='bbox 3069 4516 3318 4570; x_wconf 90' lang='lat' dir='ltr'><strong>omnibus</strong></span> <span class='ocrx_word' id='word_1_688' title='bbox 3357 4515 3554 4572; x_wconf 90' lang='lat' dir='ltr'><strong>fortior</strong></span> <span class='ocrx_word' id='word_1_689' title='bbox 3594 4528 3670 4571; x_wconf 88' lang='lat' dir='ltr'><strong>est</strong></span> 
     </span>
    </p>
   </div>
   <div class='ocr_carea' id='block_1_91' title="bbox 506 4573 3671 4675">
    <p class='ocr_par' dir='ltr' id='par_1_91' title="bbox 506 4573 3671 4675">
     <span class='ocr_line' id='line_1_91' title="bbox 506 4573 3671 4675; baseline 0 -19"><span class='ocrx_word' id='word_1_690' title='bbox 506 4601 950 4674; x_wconf 76' lang='lat' dir='ltr'><strong>Appropinquabit</strong></span> <span class='ocrx_word' id='word_1_691' title='bbox 981 4603 1118 4656; x_wconf 84' lang='lat' dir='ltr'><strong>enim</strong></span> <span class='ocrx_word' id='word_1_692' title='bbox 1155 4617 1368 4671; x_wconf 83' lang='lat' dir='ltr'><strong>regnum</strong></span> <span class='ocrx_word' id='word_1_693' title='bbox 1397 4601 1666 4666; x_wconf 63' lang='lat' dir='ltr'><strong>castorum,</strong></span> <span class='ocrx_word' id='word_1_694' title='bbox 1697 4601 1749 4656; x_wconf 90' lang='lat' dir='ltr'><strong>id</strong></span> <span class='ocrx_word' id='word_1_695' title='bbox 1779 4610 1883 4669; x_wconf 92' lang='lat' dir='ltr'><strong>est,</strong></span> <span class='ocrx_word' id='word_1_696' title='bbox 1909 4601 2005 4656; x_wconf 88' lang='lat' dir='ltr'><strong>ha-</strong></span> <span class='ocrx_word' id='word_1_697' title='bbox 2028 4573 2081 4633; x_wconf 80' lang='lat' dir='ltr'><strong>D</strong></span> <span class='ocrx_word' id='word_1_698' title='bbox 2105 4603 2524 4668; x_wconf 88' lang='lat' dir='ltr'><strong>Christus,.ideo</strong></span> <span class='ocrx_word' id='word_1_699' title='bbox 2563 4573 2781 4669; x_wconf 69' lang='lat' dir='ltr'><strong>fortior,</strong></span> <span class='ocrx_word' id='word_1_700' title='bbox 2808 4604 2936 4675; x_wconf 88' lang='lat' dir='ltr'><strong>quia</strong></span> <span class='ocrx_word' id='word_1_701' title='bbox 2977 4604 3032 4658; x_wconf 92' lang='lat' dir='ltr'><strong>in</strong></span> <span class='ocrx_word' id='word_1_702' title='bbox 3058 4603 3260 4673; x_wconf 91' lang='lat' dir='ltr'><strong>Spiritu</strong></span> <span class='ocrx_word' id='word_1_703' title='bbox 3290 4613 3482 4660; x_wconf 89' lang='lat' dir='ltr'><strong>sancto</strong></span> <span class='ocrx_word' id='word_1_704' title='bbox 3524 4615 3580 4660; x_wconf 87' lang='lat' dir='ltr'><strong>et</strong></span> <span class='ocrx_word' id='word_1_705' title='bbox 3623 4606 3671 4658; x_wconf 87' lang='lat' dir='ltr'><strong>in</strong></span> 
     </span>
    </p>
   </div>
   <div class='ocr_carea' id='block_1_92' title="bbox 433 4690 2007 4763">
    <p class='ocr_par' dir='ltr' id='par_1_92' title="bbox 433 4690 2007 4763">
     <span class='ocr_line' id='line_1_92' title="bbox 433 4690 2007 4763; baseline 0 -17"><span class='ocrx_word' id='word_1_706' title='bbox 433 4692 691 4763; x_wconf 80' lang='lat' dir='ltr'><strong>ptismum</strong></span> <span class='ocrx_word' id='word_1_707' title='bbox 737 4692 818 4748; x_wconf 86' lang='lat' dir='ltr'><strong>vel</strong></span> <span class='ocrx_word' id='word_1_708' title='bbox 854 4691 1221 4762; x_wconf 89' lang='lat' dir='ltr'><strong>Evangelium,</strong></span> <span class='ocrx_word' id='word_1_709' title='bbox 1268 4690 1470 4747; x_wconf 88' lang='lat' dir='ltr'><strong>Christi</strong></span> <span class='ocrx_word' id='word_1_710' title='bbox 1521 4693 1866 4763; x_wconf 88' lang='lat' dir='ltr'><strong>martyrium,</strong></span> <span class='ocrx_word' id='word_1_711' title='bbox 1919 4691 2007 4747; x_wconf 90' lang='lat' dir='ltr'><strong>vel</strong></span> 
     </span>
    </p>
   </div>
   <div class='ocr_carea' id='block_1_93' title="bbox 436 4781 2004 4849">
    <p class='ocr_par' dir='ltr' id='par_1_93' title="bbox 436 4781 2004 4849">
     <span class='ocr_line' id='line_1_93' title="bbox 436 4781 2004 4849; baseline -0.001 -9"><span class='ocrx_word' id='word_1_712' title='bbox 436 4783 697 4849; x_wconf 81' lang='lat' dir='ltr'><strong>Ecclesia,</strong></span> <span class='ocrx_word' id='word_1_713' title='bbox 734 4799 834 4840; x_wconf 88' lang='lat' dir='ltr'><strong>vox</strong></span> <span class='ocrx_word' id='word_1_714' title='bbox 881 4784 1169 4838; x_wconf 88' lang='lat' dir='ltr'><strong>clamantis</strong></span> <span class='ocrx_word' id='word_1_715' title='bbox 1215 4784 1270 4838; x_wconf 91' lang='lat' dir='ltr'><strong>in</strong></span> <span class='ocrx_word' id='word_1_716' title='bbox 1295 4783 1530 4848; x_wconf 89' lang='lat' dir='ltr'><strong>deserto,</strong></span> <span class='ocrx_word' id='word_1_717' title='bbox 1558 4781 1780 4838; x_wconf 83' lang='lat' dir='ltr'><strong>Joannis</strong></span> <span class='ocrx_word' id='word_1_718' title='bbox 1805 4781 2004 4838; x_wconf 89' lang='lat' dir='ltr'><strong>Christi</strong></span> 
     </span>
    </p>
   </div>
   <div class='ocr_carea' id='block_1_94' title="bbox 436 4872 2004 4944">
    <p class='ocr_par' dir='ltr' id='par_1_94' title="bbox 436 4872 2004 4944">
     <span class='ocr_line' id='line_1_94' title="bbox 436 4872 2004 4944; baseline -0.003 -16"><span class='ocrx_word' id='word_1_719' title='bbox 436 4875 638 4930; x_wconf 90' lang='lat' dir='ltr'><strong>trinum</strong></span> <span class='ocrx_word' id='word_1_720' title='bbox 667 4875 885 4932; x_wconf 89' lang='lat' dir='ltr'><strong>modum</strong></span> <span class='ocrx_word' id='word_1_721' title='bbox 912 4875 972 4928; x_wconf 91' lang='lat' dir='ltr'><strong>ﬁt</strong></span> <span class='ocrx_word' id='word_1_722' title='bbox 992 4873 1215 4938; x_wconf 88' lang='lat' dir='ltr'><strong>clamor,</strong></span> <span class='ocrx_word' id='word_1_723' title='bbox 1247 4873 1290 4928; x_wconf 93' lang='lat' dir='ltr'><strong>si</strong></span> <span class='ocrx_word' id='word_1_724' title='bbox 1313 4873 1470 4944; x_wconf 90' lang='lat' dir='ltr'><strong>longe</strong></span> <span class='ocrx_word' id='word_1_725' title='bbox 1494 4882 1596 4936; x_wconf 90' lang='lat' dir='ltr'><strong>est,</strong></span> <span class='ocrx_word' id='word_1_726' title='bbox 1629 4872 1783 4943; x_wconf 85' lang='lat' dir='ltr'><strong>longe</strong></span> <span class='ocrx_word' id='word_1_727' title='bbox 1815 4887 1844 4925; x_wconf 88' lang='lat' dir='ltr'><strong>a</strong></span> <span class='ocrx_word' id='word_1_728' title='bbox 1876 4886 2004 4941; x_wconf 86' lang='lat' dir='ltr'><strong>pec-</strong></span> 
     </span>
    </p>
   </div>
   <div class='ocr_carea' id='block_1_95' title="bbox 435 4963 2004 5034">
    <p class='ocr_par' dir='ltr' id='par_1_95' title="bbox 435 4963 2004 5034">
     <span class='ocr_line' id='line_1_95' title="bbox 435 4963 2004 5034; baseline -0.003 -14"><span class='ocrx_word' id='word_1_729' title='bbox 435 4964 711 5020; x_wconf 87' lang='lat' dir='ltr'><strong>catoribus</strong></span> <span class='ocrx_word' id='word_1_730' title='bbox 731 4965 893 5030; x_wconf 84' lang='lat' dir='ltr'><strong>salus,</strong></span> <span class='ocrx_word' id='word_1_731' title='bbox 919 4964 1152 5020; x_wconf 84' lang='lat' dir='ltr'><strong>secunda</strong></span> <span class='ocrx_word' id='word_1_732' title='bbox 1177 4980 1206 5018; x_wconf 88' lang='lat' dir='ltr'><strong>a</strong></span> <span class='ocrx_word' id='word_1_733' title='bbox 1225 4966 1445 5020; x_wconf 91' lang='lat' dir='ltr'><strong>surdum</strong></span> <span class='ocrx_word' id='word_1_734' title='bbox 1465 4965 1510 5020; x_wconf 87' lang='lat' dir='ltr'><strong>si</strong></span> <span class='ocrx_word' id='word_1_735' title='bbox 1535 4979 1657 5019; x_wconf 92' lang='lat' dir='ltr'><strong>cum</strong></span> <span class='ocrx_word' id='word_1_736' title='bbox 1679 4965 1823 5034; x_wconf 88' lang='lat' dir='ltr'><strong>aspis</strong></span> <span class='ocrx_word' id='word_1_737' title='bbox 1847 4963 2004 5017; x_wconf 91' lang='lat' dir='ltr'><strong>surde</strong></span> 
     </span>
    </p>
   </div>
   <div class='ocr_carea' id='block_1_96' title="bbox 434 5051 2003 5123">
    <p class='ocr_par' dir='ltr' id='par_1_96' title="bbox 434 5051 2003 5123">
     <span class='ocr_line' id='line_1_96' title="bbox 434 5051 2003 5123; baseline -0.001 -16"><span class='ocrx_word' id='word_1_738' title='bbox 434 5061 489 5108; x_wconf 84' lang='lat' dir='ltr'><strong>et</strong></span> <span class='ocrx_word' id='word_1_739' title='bbox 513 5051 741 5122; x_wconf 87' lang='lat' dir='ltr'><strong>reliqua,</strong></span> <span class='ocrx_word' id='word_1_740' title='bbox 778 5053 936 5107; x_wconf 90' lang='lat' dir='ltr'><strong>tertia</strong></span> <span class='ocrx_word' id='word_1_741' title='bbox 975 5052 1296 5123; x_wconf 89' lang='lat' dir='ltr'><strong>indignatur,</strong></span> <span class='ocrx_word' id='word_1_742' title='bbox 1340 5053 1394 5108; x_wconf 89' lang='lat' dir='ltr'><strong>id</strong></span> <span class='ocrx_word' id='word_1_743' title='bbox 1421 5061 1526 5116; x_wconf 91' lang='lat' dir='ltr'><strong>est,</strong></span> <span class='ocrx_word' id='word_1_744' title='bbox 1556 5051 1862 5122; x_wconf 88' lang='lat' dir='ltr'><strong>indignatus</strong></span> <span class='ocrx_word' id='word_1_745' title='bbox 1897 5059 2003 5117; x_wconf 90' lang='lat' dir='ltr'><strong>est,</strong></span> 
     </span>
    </p>
   </div>
   <div class='ocr_carea' id='block_1_97' title="bbox 434 5139 2004 5211">
    <p class='ocr_par' dir='ltr' id='par_1_97' title="bbox 434 5139 2004 5211">
     <span class='ocr_line' id='line_1_97' title="bbox 434 5139 2004 5211; baseline -0.003 -14"><span class='ocrx_word' id='word_1_746' title='bbox 434 5141 587 5198; x_wconf 86' lang='lat' dir='ltr'><strong>furor</strong></span> <span class='ocrx_word' id='word_1_747' title='bbox 608 5149 728 5198; x_wconf 88' lang='lat' dir='ltr'><strong>tuus</strong></span> <span class='ocrx_word' id='word_1_748' title='bbox 745 5156 759 5198; x_wconf 87' lang='lat'><strong>:</strong></span> <span class='ocrx_word' id='word_1_749' title='bbox 778 5142 835 5196; x_wconf 92' lang='lat' dir='ltr'><strong>In</strong></span> <span class='ocrx_word' id='word_1_750' title='bbox 853 5141 1087 5209; x_wconf 88' lang='lat' dir='ltr'><strong>deserto,</strong></span> <span class='ocrx_word' id='word_1_751' title='bbox 1114 5142 1168 5198; x_wconf 91' lang='lat' dir='ltr'><strong>id</strong></span> <span class='ocrx_word' id='word_1_752' title='bbox 1185 5151 1268 5197; x_wconf 89' lang='lat' dir='ltr'><strong>est</strong></span> <span class='ocrx_word' id='word_1_753' title='bbox 1289 5141 1406 5196; x_wconf 91' lang='lat' dir='ltr'><strong>sine</strong></span> <span class='ocrx_word' id='word_1_754' title='bbox 1428 5139 1562 5211; x_wconf 87' lang='lat' dir='ltr'><strong>lege,</strong></span> <span class='ocrx_word' id='word_1_755' title='bbox 1584 5141 1700 5196; x_wconf 89' lang='lat' dir='ltr'><strong>sine</strong></span> <span class='ocrx_word' id='word_1_756' title='bbox 1722 5155 1866 5210; x_wconf 90' lang='lat' dir='ltr'><strong>rege,</strong></span> <span class='ocrx_word' id='word_1_757' title='bbox 1887 5139 2004 5194; x_wconf 87' lang='lat' dir='ltr'><strong>sine</strong></span> 
     </span>
    </p>
   </div>
   <div class='ocr_carea' id='block_1_98' title="bbox 435 5227 2003 5304">
    <p class='ocr_par' dir='ltr' id='par_1_98' title="bbox 435 5227 2003 5304">
     <span class='ocr_line' id='line_1_98' title="bbox 435 5227 2003 5304; baseline -0.003 -14"><span class='ocrx_word' id='word_1_758' title='bbox 435 5231 738 5298; x_wconf 83' lang='lat' dir='ltr'><strong>sacerdote,</strong></span> <span class='ocrx_word' id='word_1_759' title='bbox 765 5231 850 5288; x_wconf 88' lang='lat' dir='ltr'><strong>vel</strong></span> <span class='ocrx_word' id='word_1_760' title='bbox 865 5229 1175 5304; x_wconf 86' lang='lat' dir='ltr'><strong>Prophetia,</strong></span> <span class='ocrx_word' id='word_1_761' title='bbox 1213 5239 1368 5286; x_wconf 89' lang='lat' dir='ltr'><strong>erant</strong></span> <span class='ocrx_word' id='word_1_762' title='bbox 1395 5227 1588 5296; x_wconf 56' lang='lat' dir='ltr'><strong>Judaei,</strong></span> <span class='ocrx_word' id='word_1_763' title='bbox 1619 5239 1673 5286; x_wconf 90' lang='lat' dir='ltr'><strong>et</strong></span> <span class='ocrx_word' id='word_1_764' title='bbox 1701 5229 1793 5301; x_wconf 90' lang='lat' dir='ltr'><strong>qui</strong></span> <span class='ocrx_word' id='word_1_765' title='bbox 1818 5244 2003 5285; x_wconf 90' lang='lat' dir='ltr'><strong>amore</strong></span> 
     </span>
    </p>
   </div>
   <div class='ocr_carea' id='block_1_99' title="bbox 435 5317 2003 5394">
    <p class='ocr_par' dir='ltr' id='par_1_99' title="bbox 435 5317 2003 5394">
     <span class='ocr_line' id='line_1_99' title="bbox 435 5317 2003 5394; baseline -0.003 -16"><span class='ocrx_word' id='word_1_766' title='bbox 435 5321 609 5378; x_wconf 86' lang='lat' dir='ltr'><strong>amico</strong></span> <span class='ocrx_word' id='word_1_767' title='bbox 656 5319 935 5394; x_wconf 88' lang='lat' dir='ltr'><strong>conjugem</strong></span> <span class='ocrx_word' id='word_1_768' title='bbox 970 5320 1297 5392; x_wconf 87' lang='lat' dir='ltr'><strong>conjungere</strong></span> <span class='ocrx_word' id='word_1_769' title='bbox 1345 5334 1615 5390; x_wconf 89' lang='lat' dir='ltr'><strong>sponsam,</strong></span> <span class='ocrx_word' id='word_1_770' title='bbox 1663 5317 1742 5390; x_wconf 87' lang='lat' dir='ltr'><strong>sic</strong></span> <span class='ocrx_word' id='word_1_771' title='bbox 1767 5317 2003 5375; x_wconf 82' lang='lat' dir='ltr'><strong>Joannes</strong></span> 
     </span>
    </p>
   </div>
   <div class='ocr_carea' id='block_1_100' title="bbox 436 5395 1999 5481">
    <p class='ocr_par' dir='ltr' id='par_1_100' title="bbox 436 5395 1999 5481">
     <span class='ocr_line' id='line_1_100' title="bbox 436 5395 1999 5481; baseline -0.004 -9"><span class='ocrx_word' id='word_1_772' title='bbox 436 5413 727 5472; x_wconf 75' lang='lat' dir='ltr'><strong>Ecclesium</strong></span> <span class='ocrx_word' id='word_1_773' title='bbox 769 5412 985 5472; x_wconf 86' lang='lat' dir='ltr'><strong>Christo</strong></span> <span class='ocrx_word' id='word_1_774' title='bbox 1027 5412 1356 5481; x_wconf 87' lang='lat' dir='ltr'><strong>conjunxit:</strong></span> <span class='ocrx_word' id='word_1_775' title='bbox 1395 5411 1518 5466; x_wconf 88' lang='lat' dir='ltr'><strong>Ideo</strong></span> <span class='ocrx_word' id='word_1_776' title='bbox 1563 5411 1771 5466; x_wconf 91' lang='lat' dir='ltr'><strong>amicus</strong></span> <span class='ocrx_word' id='word_1_777' title='bbox 1816 5395 1999 5480; x_wconf 81' lang='lat' dir='ltr'><strong>sponsi</strong></span> 
     </span>
    </p>
   </div>
   <div class='ocr_carea' id='block_1_101' title="bbox 432 5499 1996 5570">
    <p class='ocr_par' dir='ltr' id='par_1_101' title="bbox 432 5499 1996 5570">
     <span class='ocr_line' id='line_1_101' title="bbox 432 5499 1996 5570; baseline -0.002 -12"><span class='ocrx_word' id='word_1_778' title='bbox 432 5504 650 5569; x_wconf 88' lang='lat' dir='ltr'><strong>dicitur,</strong></span> <span class='ocrx_word' id='word_1_779' title='bbox 670 5502 905 5559; x_wconf 81' lang='lat' dir='ltr'><strong>Joannes</strong></span> <span class='ocrx_word' id='word_1_780' title='bbox 934 5502 1164 5558; x_wconf 88' lang='lat' dir='ltr'><strong>habebat</strong></span> <span class='ocrx_word' id='word_1_781' title='bbox 1186 5510 1390 5556; x_wconf 88' lang='lat' dir='ltr'><strong>vestem</strong></span> <span class='ocrx_word' id='word_1_782' title='bbox 1413 5500 1478 5555; x_wconf 92' lang='lat' dir='ltr'><strong>de</strong></span> <span class='ocrx_word' id='word_1_783' title='bbox 1499 5499 1623 5570; x_wconf 91' lang='lat' dir='ltr'><strong>pilis</strong></span> <span class='ocrx_word' id='word_1_784' title='bbox 1648 5501 1996 5568; x_wconf 89' lang='lat' dir='ltr'><strong>camelorum,</strong></span> 
     </span>
    </p>
   </div>
   <div class='ocr_carea' id='block_1_102' title="bbox 432 5589 1993 5664">
    <p class='ocr_par' dir='ltr' id='par_1_102' title="bbox 432 5589 1993 5664">
     <span class='ocr_line' id='line_1_102' title="bbox 432 5589 1993 5664; baseline -0.002 -16"><span class='ocrx_word' id='word_1_785' title='bbox 432 5593 547 5664; x_wconf 86' lang='lat' dir='ltr'><strong>ipse</strong></span> <span class='ocrx_word' id='word_1_786' title='bbox 574 5594 627 5648; x_wconf 83' lang='lat' dir='ltr'><strong>in</strong></span> <span class='ocrx_word' id='word_1_787' title='bbox 651 5591 856 5664; x_wconf 88' lang='lat' dir='ltr'><strong>jejunio</strong></span> <span class='ocrx_word' id='word_1_788' title='bbox 880 5600 1038 5648; x_wconf 89' lang='lat' dir='ltr'><strong>natus</strong></span> <span class='ocrx_word' id='word_1_789' title='bbox 1062 5598 1166 5656; x_wconf 91' lang='lat' dir='ltr'><strong>est,</strong></span> <span class='ocrx_word' id='word_1_790' title='bbox 1205 5598 1260 5645; x_wconf 90' lang='lat' dir='ltr'><strong>et</strong></span> <span class='ocrx_word' id='word_1_791' title='bbox 1287 5589 1520 5645; x_wconf 89' lang='lat' dir='ltr'><strong>habebat</strong></span> <span class='ocrx_word' id='word_1_792' title='bbox 1555 5591 1807 5646; x_wconf 90' lang='lat' dir='ltr'><strong>vestitum</strong></span> <span class='ocrx_word' id='word_1_793' title='bbox 1835 5602 1889 5646; x_wconf 88' lang='lat' dir='ltr'><strong>et</strong></span> <span class='ocrx_word' id='word_1_794' title='bbox 1915 5591 1993 5645; x_wconf 88' lang='lat' dir='ltr'><strong>ci-</strong></span> 
     </span>
    </p>
   </div>
   <div class='ocr_carea' id='block_1_103' title="bbox 433 5679 1997 5757">
    <p class='ocr_par' dir='ltr' id='par_1_103' title="bbox 433 5679 1997 5757">
     <span class='ocr_line' id='line_1_103' title="bbox 433 5679 1997 5757; baseline -0.003 -18"><span class='ocrx_word' id='word_1_795' title='bbox 433 5685 557 5739; x_wconf 91' lang='lat' dir='ltr'><strong>hum</strong></span> <span class='ocrx_word' id='word_1_796' title='bbox 574 5683 783 5757; x_wconf 87' lang='lat' dir='ltr'><strong>jejunii,</strong></span> <span class='ocrx_word' id='word_1_797' title='bbox 811 5693 995 5754; x_wconf 89' lang='lat' dir='ltr'><strong>aptum</strong></span> <span class='ocrx_word' id='word_1_798' title='bbox 1027 5679 1131 5735; x_wconf 88' lang='lat' dir='ltr'><strong>fuit</strong></span> <span class='ocrx_word' id='word_1_799' title='bbox 1154 5679 1303 5743; x_wconf 87' lang='lat' dir='ltr'><strong>dum,</strong></span> <span class='ocrx_word' id='word_1_800' title='bbox 1326 5680 1696 5748; x_wconf 80' lang='lat' dir='ltr'><strong>paenitentiam</strong></span> <span class='ocrx_word' id='word_1_801' title='bbox 1725 5681 1907 5736; x_wconf 90' lang='lat' dir='ltr'><strong>docuit</strong></span> <span class='ocrx_word' id='word_1_802' title='bbox 1936 5690 1997 5736; x_wconf 91' lang='lat' dir='ltr'><strong>ut</strong></span> 
     </span>
    </p>
   </div>
   <div class='ocr_carea' id='block_1_104' title="bbox 433 5771 1992 5846">
    <p class='ocr_par' dir='ltr' id='par_1_104' title="bbox 433 5771 1992 5846">
     <span class='ocr_line' id='line_1_104' title="bbox 433 5771 1992 5846; baseline -0.001 -18"><span class='ocrx_word' id='word_1_803' title='bbox 433 5777 580 5846; x_wconf 81' lang='lat' dir='ltr'><strong>prius</strong></span> <span class='ocrx_word' id='word_1_804' title='bbox 610 5777 660 5829; x_wconf 90' lang='lat' dir='ltr'><strong>in</strong></span> <span class='ocrx_word' id='word_1_805' title='bbox 690 5791 747 5829; x_wconf 84' lang='lat' dir='ltr'><strong>se</strong></span> <span class='ocrx_word' id='word_1_806' title='bbox 775 5775 1041 5843; x_wconf 88' lang='lat' dir='ltr'><strong>impleret,</strong></span> <span class='ocrx_word' id='word_1_807' title='bbox 1075 5781 1130 5826; x_wconf 89' lang='lat' dir='ltr'><strong>ut</strong></span> <span class='ocrx_word' id='word_1_808' title='bbox 1154 5771 1329 5826; x_wconf 88' lang='lat' dir='ltr'><strong>omnis</strong></span> <span class='ocrx_word' id='word_1_809' title='bbox 1357 5771 1446 5840; x_wconf 88' lang='lat' dir='ltr'><strong>qui</strong></span> <span class='ocrx_word' id='word_1_810' title='bbox 1476 5773 1692 5828; x_wconf 83' lang='lat' dir='ltr'><strong>verbum</strong></span> <span class='ocrx_word' id='word_1_811' title='bbox 1721 5774 1992 5843; x_wconf 69' lang='lat' dir='ltr'><strong>prmdicat,</strong></span> 
     </span>
    </p>
   </div>
   <div class='ocr_carea' id='block_1_105' title="bbox 2103 4693 3670 4767">
    <p class='ocr_par' dir='ltr' id='par_1_105' title="bbox 2103 4693 3670 4767">
     <span class='ocr_line' id='line_1_105' title="bbox 2103 4693 3670 4767; baseline -0.001 -19"><span class='ocrx_word' id='word_1_812' title='bbox 2103 4693 2225 4764; x_wconf 90' lang='lat' dir='ltr'><strong>igne</strong></span> <span class='ocrx_word' id='word_1_813' title='bbox 2247 4694 2506 4764; x_wconf 86' lang='lat' dir='ltr'><strong>baptizat,</strong></span> <span class='ocrx_word' id='word_1_814' title='bbox 2533 4694 2884 4750; x_wconf 87' lang='lat' dir='ltr'><strong>calciamenta</strong></span> <span class='ocrx_word' id='word_1_815' title='bbox 2905 4703 3143 4765; x_wconf 87' lang='lat' dir='ltr'><strong>portare,</strong></span> <span class='ocrx_word' id='word_1_816' title='bbox 3171 4697 3291 4750; x_wconf 89' lang='lat' dir='ltr'><strong>ideo</strong></span> <span class='ocrx_word' id='word_1_817' title='bbox 3323 4711 3429 4750; x_wconf 91' lang='lat' dir='ltr'><strong>non</strong></span> <span class='ocrx_word' id='word_1_818' title='bbox 3455 4712 3670 4767; x_wconf 75' lang='lat' dir='ltr'><strong>possunt</strong></span> 
     </span>
    </p>
   </div>
   <div class='ocr_carea' id='block_1_106' title="bbox 2102 4785 3193 4856">
    <p class='ocr_par' dir='ltr' id='par_1_106' title="bbox 2102 4785 3193 4856">
     <span class='ocr_line' id='line_1_106' title="bbox 2102 4785 3193 4856; baseline -0.002 -15"><span class='ocrx_word' id='word_1_819' title='bbox 2102 4786 2524 4842; x_wconf 89' lang='lat' dir='ltr'><strong>incarnationem</strong></span> <span class='ocrx_word' id='word_1_820' title='bbox 2553 4785 2670 4856; x_wconf 89' lang='lat' dir='ltr'><strong>ejus</strong></span> <span class='ocrx_word' id='word_1_821' title='bbox 2695 4785 2909 4855; x_wconf 87' lang='lat' dir='ltr'><strong>plenius’</strong></span> <span class='ocrx_word' id='word_1_822' title='bbox 2930 4786 3193 4840; x_wconf 90' lang='lat' dir='ltr'><strong>enarrari.</strong></span> 
     </span>
    </p>
   </div>
   <div class='ocr_carea' id='block_1_107' title="bbox 2173 4875 3669 4948">
    <p class='ocr_par' dir='ltr' id='par_1_107' title="bbox 2173 4875 3669 4948">
     <span class='ocr_line' id='line_1_107' title="bbox 2173 4875 3669 4948; baseline -0.001 -17"><span class='ocrx_word' id='word_1_823' title='bbox 2173 4877 2293 4948; x_wconf 85' lang='lat' dir='ltr'><strong>Ipse</strong></span> <span class='ocrx_word' id='word_1_824' title='bbox 2316 4895 2401 4932; x_wconf 82' lang='lat' dir='ltr'><strong>vos</strong></span> <span class='ocrx_word' id='word_1_825' title='bbox 2429 4878 2654 4948; x_wconf 77' lang='lat' dir='ltr'><strong>baptisat</strong></span> <span class='ocrx_word' id='word_1_826' title='bbox 2691 4879 2808 4948; x_wconf 87' lang='lat' dir='ltr'><strong>igne</strong></span> <span class='ocrx_word' id='word_1_827' title='bbox 2843 4892 2860 4928; x_wconf 91' lang='lat'><strong><em>:</em></strong></span> <span class='ocrx_word' id='word_1_828' title='bbox 2902 4878 2954 4932; x_wconf 88' lang='lat' dir='ltr'><strong>id</strong></span> <span class='ocrx_word' id='word_1_829' title='bbox 2991 4886 3076 4932; x_wconf 90' lang='lat' dir='ltr'><strong>est</strong></span> <span class='ocrx_word' id='word_1_830' title='bbox 3121 4879 3174 4931; x_wconf 91' lang='lat' dir='ltr'><strong>in</strong></span> <span class='ocrx_word' id='word_1_831' title='bbox 3208 4875 3432 4945; x_wconf 91' lang='lat' dir='ltr'><strong>judicio,</strong></span> <span class='ocrx_word' id='word_1_832' title='bbox 3487 4877 3570 4932; x_wconf 87' lang='lat' dir='ltr'><strong>vel</strong></span> <span class='ocrx_word' id='word_1_833' title='bbox 3621 4877 3669 4929; x_wconf 87' lang='lat' dir='ltr'><strong>in</strong></span> 
     </span>
    </p>
   </div>
   <div class='ocr_carea' id='block_1_108' title="bbox 2105 4963 3672 5036">
    <p class='ocr_par' dir='ltr' id='par_1_108' title="bbox 2105 4963 3672 5036">
     <span class='ocr_line' id='line_1_108' title="bbox 2105 4963 3672 5036; baseline -0.004 -15"><span class='ocrx_word' id='word_1_834' title='bbox 2105 4965 2307 5036; x_wconf 90' lang='lat' dir='ltr'><strong>Spiritu</strong></span> <span class='ocrx_word' id='word_1_835' title='bbox 2350 4976 2538 5020; x_wconf 84' lang='lat' dir='ltr'><strong>sancto</strong></span> <span class='ocrx_word' id='word_1_836' title='bbox 2578 4974 2633 5019; x_wconf 91' lang='lat' dir='ltr'><strong>et</strong></span> <span class='ocrx_word' id='word_1_837' title='bbox 2677 4965 2816 5036; x_wconf 90' lang='lat' dir='ltr'><strong>igne,</strong></span> <span class='ocrx_word' id='word_1_838' title='bbox 2860 4963 3012 5034; x_wconf 91' lang='lat' dir='ltr'><strong>cujus</strong></span> <span class='ocrx_word' id='word_1_839' title='bbox 3047 4965 3405 5018; x_wconf 85' lang='lat' dir='ltr'><strong>ventilabrum</strong></span> <span class='ocrx_word' id='word_1_840' title='bbox 3453 4975 3513 5018; x_wconf 87' lang='lat' dir='ltr'><strong>et</strong></span> <span class='ocrx_word' id='word_1_841' title='bbox 3554 4963 3672 5017; x_wconf 83' lang='lat' dir='ltr'><strong>reli-</strong></span> 
     </span>
    </p>
   </div>
   <div class='ocr_carea' id='block_1_109' title="bbox 2104 5051 3669 5126">
    <p class='ocr_par' dir='ltr' id='par_1_109' title="bbox 2104 5051 3669 5126">
     <span class='ocr_line' id='line_1_109' title="bbox 2104 5051 3669 5126; baseline -0.004 -18"><span class='ocrx_word' id='word_1_842' title='bbox 2104 5071 2231 5126; x_wconf 87' lang='lat' dir='ltr'><strong>qua,</strong></span> <span class='ocrx_word' id='word_1_843' title='bbox 2279 5056 2328 5109; x_wconf 91' lang='lat' dir='ltr'><strong>id</strong></span> <span class='ocrx_word' id='word_1_844' title='bbox 2383 5065 2468 5111; x_wconf 89' lang='lat' dir='ltr'><strong>est</strong></span> <span class='ocrx_word' id='word_1_845' title='bbox 2506 5055 2711 5124; x_wconf 89' lang='lat' dir='ltr'><strong>justum</strong></span> <span class='ocrx_word' id='word_1_846' title='bbox 2750 5052 3013 5121; x_wconf 90' lang='lat' dir='ltr'><strong>judicium</strong></span> <span class='ocrx_word' id='word_1_847' title='bbox 3059 5053 3112 5106; x_wconf 94' lang='lat' dir='ltr'><strong>in</strong></span> <span class='ocrx_word' id='word_1_848' title='bbox 3159 5067 3338 5116; x_wconf 91' lang='lat' dir='ltr'><strong>manu,</strong></span> <span class='ocrx_word' id='word_1_849' title='bbox 3393 5051 3443 5105; x_wconf 90' lang='lat' dir='ltr'><strong>id</strong></span> <span class='ocrx_word' id='word_1_850' title='bbox 3492 5060 3578 5106; x_wconf 87' lang='lat' dir='ltr'><strong>est</strong></span> <span class='ocrx_word' id='word_1_851' title='bbox 3620 5051 3669 5102; x_wconf 92' lang='lat' dir='ltr'><strong>in</strong></span> 
     </span>
    </p>
   </div>
   <div class='ocr_carea' id='block_1_110' title="bbox 2105 5138 3666 5215">
    <p class='ocr_par' dir='ltr' id='par_1_110' title="bbox 2105 5138 3666 5215">
     <span class='ocr_line' id='line_1_110' title="bbox 2105 5138 3666 5215; baseline -0.008 -15"><span class='ocrx_word' id='word_1_852' title='bbox 2105 5152 2370 5215; x_wconf 89' lang='lat' dir='ltr'><strong>potestate</strong></span> <span class='ocrx_word' id='word_1_853' title='bbox 2411 5159 2532 5210; x_wconf 88' lang='lat' dir='ltr'><strong>sua,</strong></span> <span class='ocrx_word' id='word_1_854' title='bbox 2580 5156 2728 5208; x_wconf 89' lang='lat' dir='ltr'><strong>area,</strong></span> <span class='ocrx_word' id='word_1_855' title='bbox 2779 5142 2832 5196; x_wconf 91' lang='lat' dir='ltr'><strong>id</strong></span> <span class='ocrx_word' id='word_1_856' title='bbox 2878 5150 2963 5197; x_wconf 90' lang='lat' dir='ltr'><strong>est</strong></span> <span class='ocrx_word' id='word_1_857' title='bbox 3002 5140 3232 5196; x_wconf 90' lang='lat' dir='ltr'><strong>mundus</strong></span> <span class='ocrx_word' id='word_1_858' title='bbox 3273 5140 3357 5194; x_wconf 90' lang='lat' dir='ltr'><strong>vel</strong></span> <span class='ocrx_word' id='word_1_859' title='bbox 3406 5138 3666 5198; x_wconf 83' lang='lat' dir='ltr'><strong>Ecclesia,</strong></span> 
     </span>
    </p>
   </div>
   <div class='ocr_carea' id='block_1_111' title="bbox 2104 5229 3668 5299">
    <p class='ocr_par' dir='ltr' id='par_1_111' title="bbox 2104 5229 3668 5299">
     <span class='ocr_line' id='line_1_111' title="bbox 2104 5229 3668 5299; baseline -0.006 -12"><span class='ocrx_word' id='word_1_860' title='bbox 2104 5233 2374 5299; x_wconf 89' lang='lat' dir='ltr'><strong>triticum,</strong></span> <span class='ocrx_word' id='word_1_861' title='bbox 2425 5233 2479 5288; x_wconf 90' lang='lat' dir='ltr'><strong>id</strong></span> <span class='ocrx_word' id='word_1_862' title='bbox 2521 5240 2604 5288; x_wconf 91' lang='lat' dir='ltr'><strong>est</strong></span> <span class='ocrx_word' id='word_1_863' title='bbox 2646 5239 2929 5298; x_wconf 91' lang='lat' dir='ltr'><strong>sanctum,</strong></span> <span class='ocrx_word' id='word_1_864' title='bbox 2975 5229 3028 5286; x_wconf 94' lang='lat' dir='ltr'><strong>in</strong></span> <span class='ocrx_word' id='word_1_865' title='bbox 3071 5229 3356 5295; x_wconf 89' lang='lat' dir='ltr'><strong>horreum,</strong></span> <span class='ocrx_word' id='word_1_866' title='bbox 3404 5229 3460 5285; x_wconf 90' lang='lat' dir='ltr'><strong>in</strong></span> <span class='ocrx_word' id='word_1_867' title='bbox 3508 5243 3668 5298; x_wconf 85' lang='lat' dir='ltr'><strong>regna</strong></span> 
     </span>
    </p>
   </div>
   <div class='ocr_carea' id='block_1_112' title="bbox 2103 5319 3666 5394">
    <p class='ocr_par' dir='ltr' id='par_1_112' title="bbox 2103 5319 3666 5394">
     <span class='ocr_line' id='line_1_112' title="bbox 2103 5319 3666 5394; baseline -0.006 -15"><span class='ocrx_word' id='word_1_868' title='bbox 2103 5323 2362 5380; x_wconf 63' lang='lat' dir='ltr'><strong>caelorum</strong></span> <span class='ocrx_word' id='word_1_869' title='bbox 2399 5341 2414 5376; x_wconf 91' lang='lat'><strong>:</strong></span> <span class='ocrx_word' id='word_1_870' title='bbox 2451 5323 2638 5394; x_wconf 72' lang='lat' dir='ltr'><strong>paleae,</strong></span> <span class='ocrx_word' id='word_1_871' title='bbox 2681 5331 3015 5394; x_wconf 90' lang='lat' dir='ltr'><strong>peccatores,</strong></span> <span class='ocrx_word' id='word_1_872' title='bbox 3047 5322 3172 5393; x_wconf 92' lang='lat' dir='ltr'><strong>quia</strong></span> <span class='ocrx_word' id='word_1_873' title='bbox 3206 5321 3360 5392; x_wconf 89' lang='lat' dir='ltr'><strong>palea</strong></span> <span class='ocrx_word' id='word_1_874' title='bbox 3401 5319 3536 5376; x_wconf 89' lang='lat' dir='ltr'><strong>levis</strong></span> <span class='ocrx_word' id='word_1_875' title='bbox 3565 5328 3666 5379; x_wconf 84' lang='lat' dir='ltr'><strong>est,</strong></span> 
     </span>
    </p>
   </div>
   <div class='ocr_carea' id='block_1_113' title="bbox 2101 5412 3668 5486">
    <p class='ocr_par' dir='ltr' id='par_1_113' title="bbox 2101 5412 3668 5486">
     <span class='ocr_line' id='line_1_113' title="bbox 2101 5412 3668 5486; baseline -0.005 -15"><span class='ocrx_word' id='word_1_876' title='bbox 2101 5427 2154 5471; x_wconf 91' lang='lat' dir='ltr'><strong>et</strong></span> <span class='ocrx_word' id='word_1_877' title='bbox 2179 5424 2424 5486; x_wconf 89' lang='lat' dir='ltr'><strong>portatur</strong></span> <span class='ocrx_word' id='word_1_878' title='bbox 2456 5431 2486 5469; x_wconf 92' lang='lat' dir='ltr'><strong>a</strong></span> <span class='ocrx_word' id='word_1_879' title='bbox 2515 5422 2692 5478; x_wconf 91' lang='lat' dir='ltr'><strong>vento,</strong></span> <span class='ocrx_word' id='word_1_880' title='bbox 2736 5422 2792 5469; x_wconf 91' lang='lat' dir='ltr'><strong>et</strong></span> <span class='ocrx_word' id='word_1_881' title='bbox 2826 5412 2965 5485; x_wconf 92' lang='lat' dir='ltr'><strong>ignis</strong></span> <span class='ocrx_word' id='word_1_882' title='bbox 3001 5413 3288 5479; x_wconf 89' lang='lat' dir='ltr'><strong>comburit,</strong></span> <span class='ocrx_word' id='word_1_883' title='bbox 3319 5412 3398 5467; x_wconf 90' lang='lat' dir='ltr'><strong>sic</strong></span> <span class='ocrx_word' id='word_1_884' title='bbox 3423 5417 3668 5483; x_wconf 85' lang='lat' dir='ltr'><strong>peccato-</strong></span> 
     </span>
    </p>
   </div>
   <div class='ocr_carea' id='block_1_114' title="bbox 2100 5498 3667 5574">
    <p class='ocr_par' dir='ltr' id='par_1_114' title="bbox 2100 5498 3667 5574">
     <span class='ocr_line' id='line_1_114' title="bbox 2100 5498 3667 5574; baseline -0.007 -14"><span class='ocrx_word' id='word_1_885' title='bbox 2100 5519 2209 5571; x_wconf 90' lang='lat' dir='ltr'><strong>res,</strong></span> <span class='ocrx_word' id='word_1_886' title='bbox 2249 5503 2350 5574; x_wconf 88' lang='lat' dir='ltr'><strong>ipsi</strong></span> <span class='ocrx_word' id='word_1_887' title='bbox 2389 5503 2701 5559; x_wconf 90' lang='lat' dir='ltr'><strong>custodiunt</strong></span> <span class='ocrx_word' id='word_1_888' title='bbox 2742 5501 2950 5572; x_wconf 88' lang='lat' dir='ltr'><strong>ignem,</strong></span> <span class='ocrx_word' id='word_1_889' title='bbox 2989 5501 3114 5573; x_wconf 87' lang='lat' dir='ltr'><strong>quia</strong></span> <span class='ocrx_word' id='word_1_890' title='bbox 3159 5517 3265 5556; x_wconf 91' lang='lat' dir='ltr'><strong>non</strong></span> <span class='ocrx_word' id='word_1_891' title='bbox 3300 5500 3484 5557; x_wconf 91' lang='lat' dir='ltr'><strong>deﬁcit</strong></span> <span class='ocrx_word' id='word_1_892' title='bbox 3533 5498 3667 5568; x_wconf 80' lang='lat' dir='ltr'><strong>ignis</strong></span> 
     </span>
    </p>
   </div>
   <div class='ocr_carea' id='block_1_115' title="bbox 2099 5596 2687 5668">
    <p class='ocr_par' dir='ltr' id='par_1_115' title="bbox 2099 5596 2687 5668">
     <span class='ocr_line' id='line_1_115' title="bbox 2099 5596 2687 5668; baseline -0.003 -16"><span class='ocrx_word' id='word_1_893' title='bbox 2099 5596 2204 5653; x_wconf 91' lang='lat' dir='ltr'><strong>nisi</strong></span> <span class='ocrx_word' id='word_1_894' title='bbox 2238 5596 2489 5653; x_wconf 88' lang='lat' dir='ltr'><strong>deﬁciant</strong></span> <span class='ocrx_word' id='word_1_895' title='bbox 2524 5597 2687 5668; x_wconf 89' lang='lat' dir='ltr'><strong>ligna.</strong></span> 
     </span>
    </p>
   </div>
   <div class='ocr_carea' id='block_1_116' title="bbox 2173 5683 3669 5754">
    <p class='ocr_par' dir='ltr' id='par_1_116' title="bbox 2173 5683 3669 5754">
     <span class='ocr_line' id='line_1_116' title="bbox 2173 5683 3669 5754; baseline -0.003 -15"><span class='ocrx_word' id='word_1_896' title='bbox 2173 5685 2315 5740; x_wconf 80' lang='lat' dir='ltr'><strong>Tunc</strong></span> <span class='ocrx_word' id='word_1_897' title='bbox 2344 5687 2474 5740; x_wconf 83' lang='lat' dir='ltr'><strong>venit</strong></span> <span class='ocrx_word' id='word_1_898' title='bbox 2495 5684 2650 5740; x_wconf 78' lang='lat' dir='ltr'><strong>Iesus</strong></span> <span class='ocrx_word' id='word_1_899' title='bbox 2695 5685 2764 5739; x_wconf 83' lang='lat' dir='ltr'><strong>ad</strong></span> <span class='ocrx_word' id='word_1_900' title='bbox 2786 5683 3062 5740; x_wconf 63' lang='lat' dir='ltr'><strong>Galilaeam</strong></span> <span class='ocrx_word' id='word_1_901' title='bbox 3103 5695 3156 5738; x_wconf 85' lang='lat' dir='ltr'><strong>ut</strong></span> <span class='ocrx_word' id='word_1_902' title='bbox 3203 5685 3570 5754; x_wconf 70' lang='lat' dir='ltr'><strong>baptiseretur,</strong></span> <span class='ocrx_word' id='word_1_903' title='bbox 3616 5693 3669 5736; x_wconf 88' lang='lat' dir='ltr'><strong>et</strong></span> 
     </span>
    </p>
   </div>
   <div class='ocr_carea' id='block_1_117' title="bbox 2104 5770 3667 5845">
    <p class='ocr_par' dir='ltr' id='par_1_117' title="bbox 2104 5770 3667 5845">
     <span class='ocr_line' id='line_1_117' title="bbox 2104 5770 3667 5845; baseline -0.002 -17"><span class='ocrx_word' id='word_1_904' title='bbox 2104 5774 2327 5845; x_wconf 86' lang='lat' dir='ltr'><strong>reliqua.</strong></span> <span class='ocrx_word' id='word_1_905' title='bbox 2365 5774 2613 5831; x_wconf 86' lang='lat' dir='ltr'><strong>Christus</strong></span> <span class='ocrx_word' id='word_1_906' title='bbox 2649 5776 2714 5830; x_wconf 87' lang='lat' dir='ltr'><strong>ad</strong></span> <span class='ocrx_word' id='word_1_907' title='bbox 2743 5773 3004 5830; x_wconf 87' lang='lat' dir='ltr'><strong>Joannem</strong></span> <span class='ocrx_word' id='word_1_908' title='bbox 3049 5776 3214 5842; x_wconf 87' lang='lat' dir='ltr'><strong>venit,</strong></span> <span class='ocrx_word' id='word_1_909' title='bbox 3257 5777 3314 5830; x_wconf 89' lang='lat' dir='ltr'><strong>id</strong></span> <span class='ocrx_word' id='word_1_910' title='bbox 3341 5785 3446 5842; x_wconf 88' lang='lat' dir='ltr'><strong>est,</strong></span> <span class='ocrx_word' id='word_1_911' title='bbox 3476 5770 3667 5845; x_wconf 71' lang='lat' dir='ltr'><strong>sponsa</strong></span> 
     </span>
    </p>
   </div>
  </div>
