3948 6328
243 427 346 486 869

985 427 1350 487 EXPOSI'HO
1383 429 1456 486 IN
1493 428 1801 500 QUATUOI

1908 427 2274 484 VANGELIA.
2318 459 2373 469 —
2409 427 2476 484 ΙΝ
2518 429 2774 484 ΜΑΤΤΙΙ.

3379 400 3484 486 sio

243 546 521 603 osculatur
567 559 822 616 sponsum
846 585 862 612 ,
930 547 1057 617 quia
1111 548 1335 604 Joannis
1373 563 1475 620 per
1515 547 1811 604 Ecclesiam
1838 549 1889 609 Α
1918 545 2100 615 gulam
2149 544 2298 607 vicit,
2327 560 2358 597 a
2397 544 2631 599 secundo
2659 558 2759 614 per
2806 541 3184 598 abstinentiam
3225 543 3482 600 vincitur.

243 651 472 708 sponsus
501 645 607 703 εει,
638 637 726 692 hic
752 637 902 702 dicit,
928 637 1202 694 osculetur
1228 654 1316 695 me
1337 638 1522 694 osculo
1564 638 1676 694 oris
1701 638 1807 703 sui,

240 727 324 781 vel
361 726 480 781 ideo
498 725 747 782 Christus
779 728 847 783 ad
871 726 1133 784 Joannem
1179 730 1507 800 baptizatur,
1537 737 1597 784 ut
1623 743 1810 784 servus

240 835 347 876 non
385 835 446 876 se
481 829 702 876 excuset
734 835 832 877 suo
861 821 1088 877 Domino
1128 822 1426 892 baptizari,
1455 822 1539 878 vel
1573 823 1811 878 Domnus

241 928 348 968 non
394 913 714 984 dedignetur
754 928 785 968 a
829 928 986 969 servo
1038 929 1137 970 suo
1176 914 1439 985 baptizari
1482 931 1496 967 :
1541 928 1642 984 ego
1681 928 1716 968 a
1756 921 1810 970 te

239 1005 409 1060 debeo
450 1004 738 1075 baptizari,
788 1020 884 1075 per
933 1006 1035 1060 ista
1086 1020 1247 1061 causa
1290 1005 1512 1062 Joannis
1554 1006 1811 1076 cognovit

228 1093 515 1149 Christum
557 1095 705 1150 inter
749 1095 978 1161 multos,
1010 1096 1135 1151 dum
1162 1095 1413 1152 Jordanis
1454 1096 1588 1164 fugit
1635 1095 1805 1163 illum,

237 1195 294 1242 et
333 1195 545 1242 montes
591 1187 996 1253 exultaverunt;
1046 1188 1171 1258 quia
1215 1198 1464 1244 creatura
1501 1197 1806 1245 creatorem

237 1277 456 1346 agnovit
498 1284 554 1331 et
598 1277 720 1332 ideo
762 1277 831 1331 ad
872 1277 1135 1334 Joannem
1178 1279 1362 1345 venit,
1417 1291 1478 1335 ut
1522 1281 1809 1336 mandaret

237 1381 427 1437 aquas,
455 1376 511 1423 et
536 1374 596 1423 ut
617 1367 819 1438 Spiritu
846 1377 1033 1426 sancto
1055 1371 1554 1427 demonstraretur:
1577 1382 1810 1444 quatuor

227 1474 429 1516 causas
471 1460 589 1516 sine
626 1462 806 1527 modo,
853 1462 910 1517 id
953 1469 1058 1527 est,
1107 1463 1279 1520 donec
1321 1463 1579 1535 baptizati
1625 1473 1808 1521 essent

231 1553 418 1615 ambo,
445 1552 498 1608 id
526 1561 629 1620 est,
657 1554 726 1609 ab
754 1553 912 1609 undis
934 1552 1205 1620 Christus,
1230 1554 1314 1611 vel
1339 1555 1618 1629 martyrio,
1652 1556 1718 1611 ad
1754 1564 1806 1612 te

232 1641 483 1712 pervenit
515 1657 730 1699 omnem
757 1641 1024 1712 justitiam
1051 1653 1107 1698 et
1137 1644 1340 1715 reliqua
1361 1663 1381 1698 τ
1408 1645 1462 1700 id
1498 1655 1603 1710 est,
1632 1645 1804 1717 legem

230 1740 466 1799 naturae,
493 1733 579 1788 vel
623 1732 798 1804 legem
833 1733 1052 1800 litteras,
1082 1736 1205 1805 quia
1236 1751 1353 1792 mos
1390 1735 1495 1790 fuit
1534 1736 1590 1791 in
1633 1738 1714 1792 eis
1749 1736 1805 1792 in

231 1825 480 1881 seniores
502 1825 789 1892 honorare,
825 1826 1152 1896 baptismum
1182 1826 1404 1884 Joannis
1430 1827 1565 1883 nihil
1603 1827 1806 1898 profuit

230 1915 342 1970 nisi
387 1912 638 1986 ﬁguravit
670 1889 992 1985 baptismum
1022 1915 1244 1984 Christi,
1291 1925 1352 1972 ut
1394 1932 1502 1972 non
1529 1889 1802 1973 dili'errent
1833 1889 1882 1949 Β

228 2006 562 2078 baptismum
602 2005 826 2062 Joannis
859 2007 925 2062 de
952 2008 1219 2078 baptismo
1261 2008 1459 2064 Christi
1505 2009 1631 2079 quia
1665 2024 1805 2081 aqua

230 2095 383 2151 lavat
413 2095 707 2166 extinguit;
746 2096 868 2152 ideo
890 2111 989 2168 per
1017 2112 1184 2168 aquas
1211 2099 1534 2169 baptismum
1565 2098 1665 2155 fuit
1692 2119 1704 2154 :
1731 2101 1805 2155 ita

229 2183 467 2240 Joannes
514 2183 660 2239 lavat
705 2193 762 2240 et
803 2185 1069 2256 extinguit
1103 2196 1419 2258 peccatum,
1469 2188 1706 2244 viviﬁcat
1748 2196 1807 2244 et

229 2276 420 2341 satiat,
443 2275 518 2331 ita
544 2275 842 2345 baptismus
869 2276 1026 2342 mari,
1051 2285 1106 2330 et
1133 2277 1259 2348 quia
1287 2276 1495 2333 duobus
1521 2277 1804 2333 substantii

226 2365 600 2436 baptizantur,
633 2365 686 2421 id
712 2374 821 2432 est,
849 2381 989 2436 aqua
1017 2374 1073 2420 et
1094 2381 1196 2421 vox
1223 2366 1520 2422 sacerdotis
1540 2366 1805 2422 visibilem

225 2465 288 2513 et
317 2456 642 2512 invisibilem
670 2471 866 2526 corpus
893 2464 948 2510 et
974 2457 1233 2521 animam,
1261 2458 1552 2512 ascendent
1574 2457 1641 2513 de
1667 2472 1806 2528 aqua

227 2544 574 2616 signiﬁcant,
630 2553 814 2615 postea
864 2546 1154 2601 ascendere
1205 2561 1304 2616 per
1348 2547 1487 2601 bona
1540 2561 1702 2616 opera
1753 2556 1810 2603 et

226 2635 402 2707 gradu
432 2635 748 2691 humilitatis
773 2636 1086 2692 discendere
1110 2639 1234 2707 quia
1261 2637 1511 2694 Jordanis
1539 2639 1808 2695 disceusio

233 2726 470 2792 dicitur;
509 2740 636 2781 ecce
689 2727 867 2796 aperti
904 2735 1029 2781 sunt
1063 2727 1207 2794 caeli,
1256 2728 1310 2783 id
1336 2737 1441 2795 est,
1482 2729 1805 2801 baptismum

227 2815 486 2880 ostendit,
518 2814 711 2869 coelum
741 2826 985 2886 apertum
1013 2825 1113 2883 est,
1160 2817 1252 2873 uni
1281 2819 1474 2889 cuique
1497 2829 1621 2890 post
1649 2821 1805 2892 culpa

225 2904 381 2971 Adae,
410 2914 466 2960 et
501 2906 639 2960 vidit
683 2908 930 2975 spiritum
974 2908 1381 2965 discendentem
1423 2912 1566 2967 sicut
1604 2913 1807 2968 colum-

227 2995 378 3061 bam,
405 2997 642 3052 ostendit
670 2999 813 3068 quod
843 2999 896 3052 in
927 2997 1097 3053 forma
1127 3000 1387 3056 columba:
1418 3011 1647 3070 tantum,
1680 3005 1805 3074 quia

227 3087 301 3142 ab
321 3102 449 3142 aere
475 3089 717 3157 spiritum
745 3105 940 3160 corpus
964 3093 1206 3161 accepit:
1229 3094 1522 3150 similitudo
1547 3096 1806 3154 columbae

223 3176 300 3231 ad
335 3177 440 3232 hoc
473 3177 617 3232 facta
655 3187 754 3241 est,
801 3195 924 3233 nam
967 3191 1125 3235 antea
1161 3198 1266 3238 non
1305 3184 1444 3239 fuit:
1476 3185 1600 3240 Ideo
1633 3187 1688 3240 in
1713 3202 1804 3242 co-

1912 636 1970 689 Si
1995 633 2163 688 Filius
2194 634 2290 688 Dei
2316 649 2398 697 es,
2419 634 2591 699 dic,ut
2620 632 2846 704 lapides,
2867 642 2922 690 et
2947 633 3154 704 reliqua
3180 649 3195 688 :
3226 649 3325 704 per
3347 634 3486 691 ethi-

1916 725 2226 796 mologiam,
2256 726 2412 795 panis
2438 741 2469 780 a
2497 727 2789 796 pascendo,
2817 734 2877 780 ut
2895 725 3104 784 videret
3133 742 3194 783 se
3222 727 3288 782 de
3330 735 3480 796 petra

1909 816 2174 887 potuisset
2200 817 2303 872 hoc
2323 814 2524 881 facere,
2559 816 2642 871 vel
2672 816 2796 886 quia
2819 816 3044 888 mystice
3068 816 3268 873 diaboli
3299 817 3480 881 cibus,

1909 909 2156 966 homines
2189 910 2398 979 lapidzei
2435 918 2492 966 et
2533 911 2678 976 duri,
2707 911 2762 966 in
2807 920 3064 982 peccato;
3107 914 3202 969 sed
3249 912 3358 979 ille,
3389 913 3482 982 qui

1910 1001 1977 1056 de
2021 1015 2160 1071 aqua
2204 1001 2492 1066 vinum,et
2521 999 2589 1056 de
2615 1009 2767 1071 petra
2811 1016 2950 1072 aqua
2995 1001 3269 1072 produxit,
3309 1000 3486 1072 potuit

1908 1091 2014 1148 hoc
2041 1093 2088 1147 si
2115 1092 2391 1148 voluisset.

1978 1183 2102 1238 Non
2144 1184 2200 1237 in
2223 1183 2335 1238 solo
2376 1199 2510 1254 pane
2540 1184 2659 1238 uiuit
2701 1183 2856 1238 homo
2893 1199 2912 1238 :
2949 1194 3007 1239 et
3031 1184 3260 1256 reliqua,
3285 1184 3338 1240 id
3370 1194 3476 1250 est,

1907 1288 2016 1328 non
2046 1273 2272 1328 vixisset
2310 1273 2492 1338 homo,
2521 1274 2568 1328 si
2621 1288 2729 1329 non
2774 1273 3032 1330 voluisset
3075 1275 3239 1342 Deus,
3266 1285 3322 1332 et
3361 1276 3475 1347 jam

1907 1379 2101 1435 panem
2138 1364 2537 1429 manducasset,
2564 1364 2688 1419 etsi
2733 1379 2840 1420 non
2869 1366 3250 1422 manducasset
3285 1382 3479 1438 panem

1908 1457 1955 1511 si
1982 1455 2263 1523 voluisset,
2293 1456 2538 1522 vixisset,
2569 1456 2710 1511 sicut
2753 1456 2950 1529 Moysaa
2969 1465 3025 1512 ct
3052 1457 3203 1524 Elite,
3239 1459 3480 1528 quadra-

1907 1549 2054 1619 ginta
2102 1548 2329 1614 diebus;
2360 1550 2585 1604 verbum
2634 1548 2729 1605 Dei
2759 1550 2972 1616 animas,
2998 1550 3051 1606 id
3092 1561 3194 1615 est,
3221 1559 3482 1606 aeternam

1905 1639 2074 1694 vitam
2119 1639 2175 1694 in
2223 1646 2410 1695 sancta
2458 1639 2698 1705 civitate,
2729 1639 2783 1694 id
2823 1647 2910 1695 est
2931 1639 3269 1706 Jerusalem,
3315 1655 3480 1712 super

1906 1730 2128 1800 pinnam
2155 1729 2360 1801 templi,
2385 1730 2437 1784 id
2460 1738 2545 1785 est
2575 1744 2737 1800 super
2762 1745 2974 1786 murum
3004 1732 3184 1788 arabas
3209 1731 3480 1798 maceriae,

1906 1819 2194 1875 elationem
2231 1819 2538 1890 significant
2569 1838 2582 1874 :
2613 1835 2720 1876 non
2751 1828 2857 1887 est,
2888 1828 2950 1876 ut
2993 1836 3024 1875 a
3065 1821 3241 1890 capite
3263 1836 3321 1878 se
3345 1828 3482 1876 tem-

1906 1919 2060 1983 ptare
2098 1911 2323 1978 dimisit,
2350 1912 2440 1982 qui
2480 1927 2578 1982 per
2607 1913 2910 1969 membrum
2953 1927 2986 1968 a
3024 1912 3200 1968 Pilato
3237 1913 3481 1985 cruciﬁgi

1905 2004 2184 2074 permisit;
2233 2005 2348 2061 haec
2393 2013 2505 2060 tres
2551 2005 2933 2076 temptationes
2958 2047 2975 2073 ,
3005 2006 3059 2061 in
3095 2005 3266 2062 Adam
3292 2007 3482 2077 ,prins

1905 2092 2153 2148 diabolus
2193 2094 2382 2165 exigit,
2406 2109 2504 2165 per
2545 2093 2726 2163 gulam
2769 2093 3124 2165 dixit,‘gusta,
3153 2109 3251 2165 per
3284 2109 3480 2151 vanam

1905 2183 2152 2254 gloriam,
2183 2185 2338 2239 eritis
2365 2184 2508 2239 sicut
2528 2183 2624 2250 dii,
2656 2198 2754 2253 per
2771 2185 3079 2251 avaritiam,
3111 2186 3343 2242 scientes
3386 2187 3479 2242 bo-

1906 2288 2035 2328 num
2061 2281 2118 2327 et
2157 2273 2394 2339 malum;
2427 2273 2521 2328 sed
2550 2289 2648 2344 per
2673 2275 2772 2328 has
2798 2283 2928 2340 tres,
2961 2275 3158 2330 iterum
3199 2277 3483 2347 temptavit

1906 2361 2200 2430 Christum,
2224 2363 2369 2434 gula,
2393 2364 2458 2418 de
2484 2373 2636 2433 petra
2657 2364 2772 2420 fieri
2795 2379 3006 2435 panem,
3032 2381 3129 2436 per
3148 2379 3344 2421 vanam
3369 2366 3483 2437 glo-

1906 2452 2068 2518 riam,
2091 2455 2247 2507 mitte
2295 2461 2346 2508 te
2381 2454 2656 2519 deorsum,
2682 2469 2779 2524 per
2828 2455 3130 2522 avaritiam,
3157 2456 3340 2510 omnia
3383 2457 3482 2512 tibi

1907 2542 2046 2597 dabo
2092 2551 2148 2596 et
2177 2541 2382 2612 reliqua
2420 2560 2432 2596 :
2467 2543 2562 2598 sed
2612 2544 2704 2612 qui
2745 2559 2868 2599 eum
2917 2545 2971 2598 in
3017 2545 3292 2616 abyssum,
3315 2547 3483 2602 verbo

1906 2633 2324 2703 praedicationis,
2349 2633 2483 2688 dicit
2511 2651 2524 2687 :
2551 2634 2786 2690 ostendit
2825 2649 2921 2706 per
2957 2636 3056 2692 has
3093 2644 3216 2692 tres
3263 2639 3483 2693 vincere

1908 2723 2204 2790 diabolum,
2224 2723 2314 2780 hic
2337 2725 2573 2780 ostendit
2596 2740 2784 2780 verum
2817 2726 2986 2781 Deum
3015 2734 3071 2782 et
3093 2742 3282 2784 verum
3309 2727 3483 2784 homi-

1909 2832 2031 2873 nem
2061 2858 2076 2882 ,
2105 2819 2268 2873 homo
2313 2833 2472 2888 quem
2527 2825 2754 2888 temptat
2792 2818 3059 2886 diabolus,
3083 2821 3224 2877 Deus
3265 2829 3370 2887 est,
3393 2823 3479 2878 cui

1907 2908 2083 2979 angeli
2122 2909 2524 2976 ministrabant,
2557 2910 2908 2982 quadraginta
2952 2911 3092 2977 dies,
3118 2911 3325 2967 decima
3353 2919 3480 2968 sunt

1907 2998 2058 3064 anni,
2078 3005 2138 3053 ut
2155 2998 2296 3055 sicut
2321 3000 2392 3055 ab
2414 3000 2666 3055 omnibus
2693 3001 2857 3056 rebus
2902 3001 3140 3058 decimas
3165 3003 3296 3058 dare
3317 3001 3481 3059 debe-

1907 3104 2051 3154 mus,
2072 3090 2147 3144 ita
2167 3099 2224 3146 et
2235 3090 2445 3146 dierum
2465 3091 2589 3145 vita:
2605 3099 2808 3148 nostra:
2828 3093 2941 3148 Deo
2961 3093 3200 3150 decimas
3223 3093 3352 3148 dare
3370 3103 3485 3150 stu.

1907 3176 2150 3233 deamus.

211 3262 412 3339 .lulnba
450 3268 600 3322 venit
643 3269 862 3339 spiritus
905 3271 960 3325 in
1005 3268 1296 3340 Christum,
1343 3275 1470 3345 quia
1511 3276 1628 3332 avis
1655 3279 1801 3334 mitis

1972 3268 2233 3336 Quoniam
2260 3269 2457 3341 angelis
2481 3272 2614 3338 suis,
2631 3279 2686 3328 et
2713 3272 2922 3342 reliqua
2957 3289 2972 3328 :
2997 3281 3058 3328 ut
3078 3273 3299 3329 vicisset
3326 3272 3490 3330 Cbri-‘

224 3354 332 3421 est,
364 3356 439 3411 ita
459 3356 705 3414 Christus
731 3361 878 3416 mitis
903 3360 1020 3417 sine
1049 3363 1277 3419 macula.
1310 3365 1443 3422 Nam
1485 3368 1679 3424 aliter:
1713 3386 1804 3426 sc-

223 3453 373 3517 ptem
402 3445 601 3518 ﬁguras
629 3449 792 3505 habet
819 3451 1085 3530 columba,
1123 3463 1330 3524 septem
1353 3456 1557 3513 'l'ormis
1583 3460 1803 3530 spiritus

225 3537 558 3615 significant,
593 3549 648 3596 et
687 3542 808 3598 ideo
831 3557 930 3611 per
969 3528 1271 3601 columbam
1301 3549 1449 3604 venit
1479 3528 1712 3620 Spiritus
1748 3552 1801 3607 in

222 3625 463 3695 Christo,
480 3629 783 3687 sicutstella
797 3648 916 3703 quae
938 3649 1038 3690 nec
1060 3644 1219 3691 antea
1247 3634 1346 3692 fuit
1371 3653 1471 3694 nec
1493 3651 1701 3710 postea,
1719 3644 1801 3698 vel

222 3718 349 3774 ideo
375 3721 501 3791 quia
530 3721 671 3778 ﬁlius
699 3725 754 3778 in
779 3739 1024 3795 corpore,
1054 3728 1179 3797 quia
1204 3729 1342 3785 sicut
1369 3747 1474 3786 non
1503 3735 1802 3803 potuissent

221 3810 474 3867 homines
499 3815 844 3883 praesentiam
869 3815 964 3870 ﬁlii
990 3817 1084 3872 Dei
1114 3819 1380 3876 sustinere
1405 3823 1521 3878 sine
1551 3839 1797 3894 corpore,

220 3901 303 3958 ita
331 3917 431 3958 nec
456 3903 678 3974 spiritus
700 3906 816 3961 sine
841 3907 1102 3962 columba!
1125 3912 1359 3980 speciem
1388 3915 1795 3972 sustinuissent:

215 3991 334 4050 Cur
364 4009 530 4065 super
566 3997 837 4066 apostolos
867 3999 919 4052 in
945 3999 1088 4070 igne,
1118 4008 1173 4056 et
1199 4001 1414 4080 Christo
1445 4005 1498 4059 in
1531 4006 1796 4073 columba,

215 4085 290 4141 ad
317 4085 553 4140 litteram
580 4087 864 4142 dicendum
894 4090 1204 4156 ostendunt,
1235 4102 1282 4145 et
1307 4110 1404 4147 uox
1423 4093 1488 4148 de
1519 4095 1682 4161 caelis,
1711 4096 1800 4151 hic

217 4175 465 4231 Trinitas
501 4186 886 4246 comparatur:
926 4179 1042 4235 Vox
1069 4180 1247 4237 Patris
1271 4181 1467 4238 Filium
1497 4185 1650 4251 dicit,
1692 4187 1800 4256 spi-

217 4265 360 4319 ritus
396 4280 494 4338 per
519 4267 854 4334 columbam;
884 4270 970 4323 hic
1001 4282 1073 4324 est
1095 4271 1238 4340 ﬁlius
1267 4289 1432 4339 meus,
1467 4284 1524 4330 et
1560 4275 1795 4346 reliqua:

214 4353 350 4422 quia
390 4355 541 4424 prius
581 4356 722 4412 illius
740 4357 912 4414 Adam
954 4361 1242 4430 displicuit,
1275 4364 1330 4418 in
1355 4365 1571 4422 Christo
1616 4379 1797 4424 autem

209 4445 569 4514 complacuit.

1903 3371 2046 3418 stum
2074 3361 2339 3431 exemplo,
2363 3363 2468 3418 hoc
2494 3362 2634 3418 sicut
2660 3361 2910 3418 Christus
2929 3362 3084 3418 illum
3105 3364 3356 3434 exemplo
3381 3379 3481 3420 suo

1901 3452 2036 3506 vicit
2058 3467 2155 3522 per
2173 3453 2532 3523 scripturam;
2566 3454 2662 3510 sed
2684 3452 2930 3510 diabolus
2959 3471 3066 3510 non
3095 3463 3304 3510 rectum
3329 3456 3480 3511 illum

1901 3542 2169 3614 psalmum
2218 3545 2284 3599 de
2327 3544 2545 3600 Christo
2593 3545 2897 3616 intellegit;
2937 3547 3014 3601 ait
3042 3547 3117 3602 illi
3161 3546 3341 3613 Jesus,
3373 3563 3479 3603 non

1903 3635 2192 3703 temptabis
2241 3635 2528 3692 Dominum
2576 3635 2745 3691 Deum
2797 3645 2980 3702 tuum,
3008 3637 3095 3694 hic
3138 3638 3267 3692 dicit
3301 3656 3314 3691 :
3350 3639 3478 3693 dum

1901 3738 2000 3796 ego
2031 3739 2150 3781 sum
2169 3727 2447 3800 _Dominus
2473 3727 2616 3783 Deus
2647 3735 2770 3783 tuus
2795 3743 2892 3783 cur
2919 3743 3006 3783 me
3037 3729 3304 3800 temptas?

1969 3817 2036 3872 Et
2061 3820 2285 3875 ostendit
2311 3821 2358 3876 ei
2378 3822 2555 3875 omnia
2600 3837 2760 3892 regna
2802 3821 2986 3876 mundi
3013 3835 3032 3874 :
3066 3822 3116 3876 id
3147 3832 3248 3887 est,
3282 3837 3472 3876 aurum

1902 3921 2186 3981 argentum
2206 3901 2326 3971 ihzec
2349 3913 2530 3967 omnia
2561 3912 2658 3967 tibi
2687 3911 2846 3978 dabo,
2869 3921 2924 3968 et
2949 3913 3155 3983 reliqua
3187 3930 3199 3966 :
3229 3927 3355 3968 vere
3381 3927 3477 3966 ca-

1903 3998 2002 4066 dit,
2018 4001 2110 4070 qui
2139 4001 2329 4056 adorat
2349 4001 2642 4066 diabolum,
2662 4003 2990 4072 quicumque
3013 4003 3308 4056 monachus
3327 4001 3480 4070 prin-

1901 4091 2007 4161 cipi
2028 4101 2249 4161 propter
2277 4092 2580 4146 mercedem
2606 4093 2898 4160 curaverit,
2925 4108 2984 4148 se
3014 4093 3228 4149 diabolo
3269 4094 3475 4148 manci-

1898 4189 2080 4251 patur,
2103 4182 2230 4236 vade
2260 4191 2420 4247 retro,
2451 4181 2505 4236 id
2534 4191 2636 4248 est,
2667 4198 2890 4255 regnum
2935 4192 3084 4239 tuum
3112 4200 3256 4258 nunc
3306 4186 3389 4240 vel
3421 4189 3475 4242 in

1894 4278 2100 4350 judicio
2128 4278 2182 4332 in
2210 4277 2502 4334 infernum.

1969 4369 2252 4425 Dominum
2297 4381 2445 4428 tuum
2496 4373 2742 4428 adorabis
2767 4413 2782 4441 ,
2824 4383 2880 4431 et
2923 4375 3125 4446 reliqua
3167 4393 3180 4429 :
3216 4391 3314 4448 per
3365 4379 3471 4434 tria

1902 4462 2147 4532 exempla
2179 4462 2594 4520 Deuteronomio
2623 4465 2718 4544 qui
2749 4466 3056 4538 signiﬁcant
3097 4468 3470 4541 Evangelium,

292 4535 440 4592 Tunc
477 4539 633 4594 Iesus
680 4542 866 4598 ductus
909 4554 1006 4610 est,
1057 4545 1112 4600 id
1157 4554 1260 4613 εει,
1300 4562 1330 4601 a
1359 4549 1562 4618 Spiritu
1608 4562 1796 4609 sancto
1821 4591 1873 4650 Β
1903 4550 1959 4604 id
1987 4561 2090 4616 est,
2117 4553 2330 4608 iteratio
2359 4552 2512 4624 legis,
2539 4535 3092 4614 Dominus'diabolum
3131 4535 3308 4615 vicit':
3343 4561 3474 4618 item

209 4627 415 4684 ductus
448 4631 503 4686 in
539 4632 754 4690 deserto
793 4644 914 4704 post
949 4636 1294 4705 baptismum,
1331 4640 1621 4694 ostendunt
1651 4643 1794 4712 quod
1821 4627 1872 4650 ”
1898 4641 2188 4712 signiﬁcat,
2212 4643 2265 4698 id
2289 4651 2389 4710 est,
2420 4647 2699 4716 temptatio
2725 4648 2780 4702 in
2803 4647 2970 4702 David
2995 4657 3051 4704 et
3079 4647 3274 4705 Goliat.
3303 4651 3471 4718 Quin-

210 4735 318 4792 ρει*
347 4721 608 4792 jejunium
639 4735 693 4782 et
723 4729 1024 4786 orationem
1063 4732 1298 4786 vincitur
1335 4732 1601 4800 diabolus,
1634 4733 1794 4790 debe-

215 4831 342 4871 mus
369 4825 423 4872 et
450 4833 552 4875 nos
591 4821 643 4875 in
671 4822 942 4876 desertum
973 4825 1095 4879 duci
1141 4840 1171 4878 a
1206 4825 1374 4890 vitiis,
1417 4834 1476 4880 ut
1512 4827 1791 4882 vincamus

211 4905 364 4976 ipsa;
410 4917 470 4963 ut
506 4918 862 4981 temptaretur
897 4927 927 4967 a
956 4914 1187 4981 diabolo,
1219 4916 1270 4970 id
1301 4926 1403 4982 est,
1435 4925 1494 4972 ut
1517 4917 1787 4973 diabolum

211 5001 478 5069 vinceret,
519 5005 870 5076 quadraginta
912 5008 1102 5064 diebus
1140 5018 1194 5064 et
1224 5009 1576 5081 quadraginta
1619 5011 1790 5066 nocti-

212 5095 336 5162 bus,
366 5111 435 5151 ne
469 5097 705 5153 haeretici
743 5099 984 5154 dicerent
1013 5101 1154 5170 quod
1191 5111 1348 5158 nocte
1387 5103 1789 5171 manducasset,

211 5188 571 5260 quadraginta
600 5191 811 5262 signum
835 5193 977 5263 quod
1000 5191 1211 5265 Moyses
1225 5192 1490 5264 jejunavit
1511 5194 1565 5249 in
1587 5204 1788 5262 monte,

213 5286 271 5344 et
309 5279 664 5350 quadraginta
711 5281 900 5338 Elias:
942 5291 999 5338 et
1035 5283 1136 5338 fuit
1180 5298 1308 5347 cum
1353 5283 1631 5356 discipulis
1677 5285 1792 5340 suis

213 5369 570 5440 quadraginta
611 5371 799 5427 diebus
820 5383 942 5444 post
970 5375 1445 5442 resurrectionem,
1477 5384 1534 5432 et
1556 5377 1790 5448 quadra-

211 5457 362 5526 ginta
390 5459 599 5516 dierum
627 5461 906 5531 diluvium,
935 5465 1060 5536 quia
1088 5480 1188 5536 per
1213 5467 1329 5522 haec
1355 5477 1635 5538 peccatum
1661 5467 1790 5524 Adae

210 5547 394 5604 delere
429 5550 640 5618 debuit;
681 5563 868 5622 postea
907 5555 1118 5621 esuriit,
1164 5555 1371 5612 indicat
1400 5573 1589 5613 verum
1616 5557 1789 5614 homi-

213 5653 359 5706 nem,
391 5649 448 5696 ut
469 5641 713 5699 diabolus
743 5643 952 5700 falleret
979 5647 1097 5717 ejus
1127 5646 1425 5702 nativitate.

283 5731 543 5788 Accedens
583 5744 878 5804 temptator,
904 5737 958 5793 id
1005 5747 1109 5805 est,
1142 5746 1400 5810 tanquam
1445 5739 1610 5811 piscis
1655 5749 1789 5796 tem-

209 5829 332 5891 ptat
354 5838 555 5892 amum,
579 5835 634 5882 et
654 5829 908 5894 vincitur,
931 5841 990 5884 ut
1018 5831 1108 5900 qui
1133 5831 1366 5901 primum
1394 5831 1668 5886 hominem
1693 5847 1789 5902 per

1898 4743 2003 4798 que
2027 4728 2253 4799 lapides,
2275 4731 2513 4802 quinque
2538 4733 2662 4789 libri
2694 4735 2882 4806 Moysi,
2913 4736 3004 4805 qui
3035 4735 3103 4791 de
3135 4751 3242 4792 uno
3275 4739 3475 4796 occidit

1896 4819 2188 4887 diabolum,
2217 4821 2269 4875 id
2316 4832 2422 4888 est,
2453 4840 2617 4880 unum
2663 4824 2857 4880 librum
2889 4836 2949 4880 ut
2993 4825 3189 4896 lapide,
3219 4844 3313 4900 per
3364 4837 3474 4887 tres

1896 4913 2292 4980 temptationes,
2321 4914 2373 4970 id
2400 4923 2505 4982 est,
2529 4919 2823 4988 suggestio,
2850 4917 3471 4990 delectatio,conscnsio,

1894 5003 1986 5058 sed
2027 5002 2299 5060 Christum
2334 5021 2430 5075 per
2466 5007 2578 5062 sola
2627 5009 2969 5080 suggestione
3012 5015 3310 5083 temptavit,
3344 5015 3470 5084 quia

1893 5095 2183 5166 suggestio,
2207 5111 2275 5151 ex
2303 5097 2515 5154 diabolo
2544 5099 2621 5154 iit.

1958 5186 2090 5242 Cum
2113 5199 2285 5244 autem
2324 5190 2552 5245 audisset
2585 5191 2743 5248 Iesus
2771 5195 2910 5265 quod
2955 5194 3191 5251 Joannes
3240 5198 3470 5251 traditus

1893 5285 2359 5348 esset,secessit‘in
2377 5283 2656 5340 Galilaeam
2693 5303 2712 5342 :
2750 5288 2804 5343 id
2839 5298 2944 5355 est,
2975 5287 3195 5357 Judaeis,
3233 5290 3368 5344 abiit
3395 5291 3465 5346 ad

1894 5381 2104 5443 gentes,
2129 5373 2214 5429 vel
2245 5373 2432 5430 relicta
2475 5391 2746 5448 synagoga
2777 5391 2897 5434 cum
2928 5379 3046 5451 lege
3080 5395 3201 5446 sua,
3236 5380 3469 5436 colloca-

1894 5463 1976 5518 vit
2016 5465 2312 5521 Ecclesiam
2357 5475 2414 5522 et
2458 5466 2830 5540 Evangelium.
2882 5469 3099 5526 Galilzea
3125 5470 3471 5538 ,volubilitas

1895 5560 2094 5617 dieitur
2117 5580 2130 5616 :
2155 5562 2223 5618 ad
2249 5577 2342 5618 eos
2363 5563 2510 5619 venit
2537 5549 2720 5635 qui‘de
2747 5567 2888 5622 malo
2905 5561 2972 5621 ad
2995 5568 3194 5622 bonum
3217 5566 3464 5631 veniunt,

1893 5661 1949 5708 et
1977 5654 2104 5724 quia
2127 5669 2224 5724 pro
2255 5654 2487 5710 sanitate
2513 5656 2702 5727 puella:
2728 5659 2894 5722 venit,
2917 5666 2971 5712 et
2992 5655 3270 5711 mulierem
3298 5655 3350 5711 in
3381 5658 3466 5712 via

1897 5746 2129 5810 sanavit,
2163 5744 2432 5816 significat
2462 5762 2788 5820 synagogam
2812 5758 2866 5804 et
2896 5733 3193 5804 Ecclesiam
3227 5762 3241 5801 :
3280 5745 3466 5803 relicta

1899 5836 2119 5891 civitate
2149 5835 2389 5904 Calil:ea-,
2419 5840 2562 5894 venit
2592 5839 2644 5894 in
2685 5839 3034 5905 (Jafarnaum,
3068 5837 3191 5892 villa
3223 5837 3470 5911 pulcher-
