3948 6328
475 429 576 486 ετι

976 424 1371 484 WALAFRlDl
1408 426 1657 483 suum
1693 426 1897 484 rum.
1940 396 2104 482 mou;
2145 422 2295 481 ore.
2334 424 2515 480 PARS
2551 423 2592 478 ι.
2635 455 2703 465 -
2737 418 3195 483 ΤεεοιοσιεΑ;

3641 427 3739 484 87!

473 541 636 604 rima,
656 537 862 609 figurat
879 537 1201 601 Ecclesium,
1227 537 1499 594 Nazareth
1526 538 1624 594 llos
1646 539 1845 594 dicitur
1876 556 1890 593 :
1922 539 2048 609 quia
2069 542 2127 601 ,Α
2155 538 2243 591 nia
2270 538 2528 593 habebant
2559 557 2571 592 :
2608 538 2660 593 id
2687 547 2793 603 est,
2820 540 2873 594 in
2899 541 3079 595 anima
3108 540 3267 596 idolis
3291 542 3541 597 creditur
3589 541 3736 596 lm-

380 615 387 622 ’
472 631 542 688 de
576 630 706 686 flore
744 628 979 685 fructum
1009 629 1103 693 fit;
1152 629 1479 685 Cafarnaum
1520 631 1647 686 villa
1687 630 2047 701 pinguedinis,

472 722 568 775 lux
589 720 875 774 inluminat
899 728 955 774 et
981 720 1249 790 pinguedo
1291 721 1551 792 sanguine
1572 724 1743 785 earet,
1768 721 2004 776 ostendit
2032 740 2045 774 :

474 811 617 883 quod
659 809 904 867 Christus
926 825 955 863 a
979 808 1111 865 flore
1157 809 1352 865 littera:
1381 811 1532 881 legis,
1565 813 1810 882 pervenit
1830 812 1897 866 ad
1931 810 2047 865 fru-

471 911 620 959 ctum
646 901 987 974 pinguedinis
1012 902 1285 972 Evangelii
1317 902 1473 968 lucis,
1504 903 1559 958 id
1587 911 1670 958 est
1697 904 1958 959 scientiae.
1988 904 2048 958 ln

472 991 800 1150 ὕηὲῗιῖῗιοη,
831 1094 879 1139 et
932 1084 1237 1155 Nephtalim
1276 1102 1290 1138 :
1324 1084 1566 1140 Zabulon
1589 1125 1605 1149 ,
1632 1083 1898 1139 habitatio
1924 1084 2047 1154 pul-

468 1178 791 1233 chritudinis
819 1178 1053 1232 dicitur:
1085 1177 1411 1247 Nephtalim,
1437 1176 1637 1231 oblivio
1678 1175 1876 1231 dicitur
1906 1190 1921 1227 :
1947 1174 2046 1229 Hic
2079 1246 2086 1255 θ

469 1268 706 1325 ostendit
748 1269 874 1338 quia
905 1269 994 1338 qui
1026 1268 1364 1322 obliviscitur
1411 1277 1633 1337 peccata
1681 1282 1801 1330 sua,
1830 1266 1944 1335 ipse
1990 1266 2044 1320 in

470 1360 869 1431 pulchritudine
884 1361 1110 1421 habitat,
1129 1368 1279 1413 trans
1289 1357 1580 1414 Iordanem
1601 1358 1871 1428 etreliqua
1889 1375 1903 1410 :
1920 1356 2044 1426 quia

471 1467 572 1524 pro
595 1452 789 1507 timore
815 1451 1056 1522 gentium
1083 1448 1425 1521 populorum,
1456 1448 1558 1504 iste
1579 1449 1634 1503 in
1664 1455 1822 1504 nocte
1851 1460 2043 1502 mane-

466 1540 563 1595 bat
592 1539 646 1593 in
678 1554 890 1611 campo.

547 1629 689 1685 Vidit
711 1634 877 1686 tacent
917 1648 1186 1702 magnam,
1215 1640 1276 1686 ut
1314 1631 1446 1687 dicit
1475 1646 1491 1685 :
1521 1630 1613 1685 lux
1657 1639 1777 1686 orta
1808 1637 1894 1685 est
1936 1629 2040 1695 eis,

468 1719 728 1777 sedebant
754 1721 806 1777 in
836 1721 1092 1785 tenebris,
1120 1721 1174 1775 id
1207 1729 1293 1776 est
1332 1721 1648 1792 ignorantiae
1671 1729 2040 1791 peccatorum,

468 1808 561 1865 lux
591 1819 712 1866 orta
746 1821 828 1867 est
855 1813 955 1877 eis,
980 1812 1034 1866 id
1055 1821 1140 1867 est
1164 1812 1432 1868 Christus.

528 1900 894 1957 Pmuiteutiam
921 1904 1077 1973 agite,
1104 1903 1157 1958 id
1178 1912 1282 1967 est,
1307 1903 1490 1957 vinum
1520 1902 1572 1958 in
1603 1902 1823 1957 Vulnere
1847 1901 2033 1973 ponit;
2062 1903 2112 1964 Β

467 1994 901 2065 appropinquabit
932 1996 1071 2049 enim
1111 2011 1324 2066 regnum
1350 1994 1618 2059 caelorum,
1648 1995 1702 2050 id
1731 2003 1836 2059 est,
1856 1995 2035 2049 oleum

465 2082 522 2138 in
550 2082 762 2148 vulnus,
787 2085 1210 2140 consolationem
1238 2085 1355 2149 dat,
1381 2085 1507 2154 quia
1536 2085 1591 2138 in
1634 2085 1803 2139 veteri
1843 2099 2039 2153 pecora

463 2168 834 2234 immolabant,
867 2173 919 2227 in
965 2188 1104 2227 novo
1136 2174 1505 2242 unusquisque
1554 2174 1778 2229 Domino
1806 2171 1995 2228 offeret
2022 2189 2037 2235 ;

468 2259 798 2326 ambulabat,
826 2263 1061 2317 ostendit
1087 2264 1245 2319 nobis
1288 2263 1341 2317 in
1373 2263 1573 2318 mundo
1599 2279 1718 2318 esse
1764 2264 2039 2333 praesenti,

465 2351 780 2407 trausiendo
803 2367 906 2407 non
935 2354 1198 2418 amando;
1223 2352 1377 2421 juxta
1403 2370 1551 2409 mare
1565 2354 1831 2409 mundana
1854 2369 2039 2417 carne.

466 2452 618 2494 mare
656 2438 900 2506 Galilzea,
932 2441 1047 2511 ipse
1074 2450 1159 2496 est
1206 2452 1456 2508 stagnum
1502 2443 1856 2506 Geuezaretb,
1890 2444 2042 2500 lacus

465 2527 760 2585 salinarqu
791 2539 847 2585 et
873 2546 1022 2587 mare
1045 2532 1358 2589 Tiberiades
1382 2541 1437 2588 et
1466 2533 1616 2589 lacus
1655 2535 1894 2590 Cineret.

543 2617 725 2674 Venite
750 2631 864 2690 post
886 2638 987 2688 me,
1009 2632 1064 2676 et
1094 2623 1300 2693 reliqua
1338 2641 1353 2677 :
1393 2623 1445 2679 id
1465 2633 1571 2688 est,
1586 2624 1799 2680 animas
1820 2625 2040 2680 trahere

462 2709 531 2767 de
549 2711 741 2782 pelago
774 2714 983 2782 peccati
1016 2715 1083 2771 ad
1114 2714 1263 2780 litus,
1299 2716 1482 2784 requie
1511 2725 1749 2781 aternte,
1770 2718 1899 2787 quia
1922 2733 2041 2773 mos

462 2811 548 2859 est
572 2803 906 2872 piscantibus
938 2819 1129 2860 navem
1157 2813 1212 2860 et
1239 2815 1413 2861 retem
1455 2806 1509 2860 in
1537 2822 1688 2862 mare
1716 2808 1935 2874 habere,
1964 2808 2039 2864 ita

462 2893 706 2963 Apostoli
736 2894 1052 2958 Ecclesiam,
1086 2895 1374 2966 Evangelia
1398 2937 1414 2961 ,
1441 2907 1497 2952 et
1540 2900 1830 2962 mundum;
1861 2899 2042 2969 pisces

463 2984 736 3049 homines,
758 2985 1038 3042 mittentes
1060 2987 1225 3042 retias
1246 2986 1299 3041 in
1328 3002 1497 3055 mare,
1520 2989 1959 3058 pmdieationem
1981 2991 2035 3046 in

462 3076 741 3133 mundum.
1508 3128 1509 3131 η

531 3165 624 3221 Illi
644 3168 838 3223 relictis
868 3171 1061 3225 retibus
1086 3180 1135 3226 et
1163 3181 1330 3243 patre,
1360 3173 1522 3228 secuti
1551 3184 1669 3228 sunt
1697 3190 1813 3228 eum
1838 3188 1856 3226 :
1884 3173 2028 3229 Iden

458 3266 615 3329 patre
645 3259 876 3325 diabolo,
912 3262 1077 3318 retias
1100 3264 1456 3331 habitationis
1485 3275 1541 3321 et
1582 3267 1792 3338 negotia
1822 3266 2025 3331 sazculi,
2058 3252 2102 3311 Ο

457 3348 658 3406 Petrus
683 3359 738 3407 et
769 3351 1051 3420 Andrteas,
1086 3354 1251 3411 retias
1281 3358 1547 3411 miserunt
1569 3356 1621 3411 in
1652 3372 1829 3422 mare,
1844 3365 2032 3412 osten-

460 3441 630 3519 dunt,
660 3445 803 3514 quod
854 3445 1111 3501 Dominus
1157 3446 1317 3516 elegit
1361 3447 1496 3504 alios
1526 3449 1804 3519 cupientes
1826 3489 1842 3514 ,
1871 3449 2034 3505 rebus

456 3517 645 3589 mundi
670 3535 1038 3600 adhzerentes;
1086 3534 1320 3592 lacubus
1347 3545 1402 3591 et
1435 3517 1669 3594 Joannes
1696 3539 1861 3593 retias
1891 3537 2033 3595 refe-

456 3631 758 3689 cerunt,'ut
780 3622 1057 3680 mitterent
1082 3639 1177 3680 eas
1204 3625 1256 3679 in
1280 3640 1450 3690 mare,
1483 3628 1536 3681 id
1562 3635 1667 3693 est,
1699 3628 1843 3697 quod
1871 3628 2033 3712 elegit

450 3712 595 3791 alios
620 3716 896 3785 cupientes
917 3717 1193 3771 adhaerere
1225 3717 1386 3771 rebus
1415 3718 1623 3783 mundi,
1653 3720 1775 3788 quis
1796 3719 1915 3789 plus
1947 3735 2032 3775 re-

469 3804 627 3875 liquit
648 3805 716 3860 de
745 3805 831 3860 his
851 3815 1086 3875 quatuor
1111 3807 1135 3860 Ἰ
1163 3806 1356 3862 Petrus
1382 3816 1439 3863 et
1457 3807 1735 3876 Andratas,
1766 3811 1887 3881 plus
1908 3812 2032 3866 reli-

461 3882 714 3963 querunt,
745 3895 870 3965 quia
894 3896 1108 3966 propria
1132 3911 1319 3953 eorum
1352 3907 1497 3966 sunt,
1527 3914 1652 3955 nant
1689 3901 1773 3957 his
1810 3901 2019 3958 duabus

456 3987 580 4045 aliis
606 3987 710 4044 fuit
742 4004 849 4044 non
871 4005 988 4045 sua.

523 4080 746 4137 Faciam
772 4099 878 4148 vos,
908 4093 965 4140 et
991 4084 1215 4155 reliqua,
1245 4086 1472 4141 mutavit
1500 4084 1750 4142 affectum
1776 4103 1882 4143 non
1911 4087 2027 4142 olli-

454 4174 621 4241 cium,
644 4174 738 4230 sed
762 4174 848 4254 his
871 4183 1135 4245 quatuor,
1148 4178 1264 4232 hrec
1289 4186 1375 4233 est
1395 4179 1568 4250 prima
1584 4180 1868 4253 quadriga,
1886 4198 2029 4238 nunc

457 4271 570 4328 bini
617 4279 673 4327 et
700 4260 824 4327 bini
852 4271 1141 4327 mittuntur
1170 4273 1222 4327 in
1274 4273 1594 4341 Ecclesiam,
1631 4276 1773 4332 sicut
1800 4278 1854 4332 in
1900 4293 2029 4333 arca

452 4361 568 4417 Noe
595 4361 706 4416 bini
730 4368 786 4416 et
830 4360 957 4439 bina
998 4361 1271 4427 animalia,
1303 4373 1538 4432 quatuor
1564 4364 1815 4425 ,virtutes
1858 4366 2028 4437 signi-

455 4448 650 4515 ficant;
678 4451 886 4521 justitia
914 4491 929 4516 ,
957 4452 1242 4522 prudentia
1266 4492 1282 4515 ,
1312 4452 1591 4519 fortitudo,
1615 4457 1967 4524 temperantia
2011 4474 2025 4510 :

453 4557 552 4613 per
596 4550 708 4598 tres
733 4542 1046 4599 vocationes
1089 4544 1262 4599 vocati
1294 4552 1420 4598 sunt
1462 4544 1640 4615 populi
1676 4562 1689 4599 :
1721 4546 1894 4615 prima
1930 4562 2029 4616 per

451 4632 736 4699 Joannem,
765 4634 833 4688 ad
868 4632 1189 4697 amicitiam,
1214 4646 1341 4689 ecce
1379 4648 1551 4703 agnus
1594 4633 1689 4690 Dei
1718 4650 1732 4689 :
1765 4637 2024 4701 secunda,

452 4721 520 4777 ad
532 4721 930 4788 credulitatem,
944 4720 1159 4795 Joanne
1173 4722 1410 4789 dicente,
1429 4723 1533 4779 hoc
1551 4724 1785 4794 primum
1812 4727 2026 4797 signum

454 4812 584 4870 fecit
624 4810 785 4868 Jesus
816 4813 870 4867 iu
920 4800 1067 4870 cana
1117 4811 1357 4880 Galileze,
1380 4825 1440 4870 ut
1467 4816 1753 4871 crederent
1798 4817 1850 4871 in
1899 4830 2049 4873 eum'

453 4902 700 4983 discipuli
727 4902 844 4972 ejus
873 4923 886 4958 :
915 4904 1072 4960 tertia
1099 4906 1311 4961 vocatio
1341 4906 1409 4961 ad
1435 4907 1815 4978 apostolatum,
1844 4912 2024 4966 venite

450 5004 576 5064 post
604 5008 709 5058 me,
734 5002 790 5048 et
808 4994 1038 5071 reliqua.

523 5081 790 5135 Circuibat
831 5082 987 5138 Iesus
1022 5093 1185 5138 totam
1220 5083 1496 5141 Galilteam
1530 5101 1546 5141 :
1575 5097 1631 5144 et
1661 5089 1865 5160 reliqua
1900 5110 1913 5146 :
1953 5093 2002 5146 si

453 5179 545 5224 cut
566 5169 787 5227 Gedeon
816 5172 1065 5230 vincebat
1091 5173 1431 5239 Philistinos,
1459 5178 1535 5232 ita
1560 5178 1810 5235 Christus
1829 5181 2028 5237 daemo-

451 5258 566 5323 nia,
596 5258 817 5324 docens,
846 5260 898 5315 id
929 5269 1030 5328 est,
1057 5278 1120 5318 ea
1147 5278 1268 5333 quas
1298 5264 1434 5335 legis
1460 5275 1635 5331 erant,
1650 5270 1943 5338 praedicat,
1974 5273 2028 5329 id

450 5355 559 5411 est,
580 5346 955 5422 Evangelium,
978 5368 1193 5408 omnem
1227 5353 1562 5425 languorem,
1588 5358 1641 5414 id
1663 5368 1749 5414 est
1789 5363 2029 5420 medicus

380 5468 387 5477 ι
451 5439 553 5497 fuit
582 5442 828 5513 populus,
859 5445 911 5501 id
959 5454 1040 5513 est
1084 5446 1267 5509 Israel,
1300 5446 1530 5519 languor
1575 5453 1844 5521 corporis,
1875 5454 2025 5510 inﬁr-

451 5532 614 5589 mitas
638 5535 852 5593 animat.

518 5623 591 5679 Et
629 5625 758 5682 abiit
802 5628 977 5698 opinio
1014 5628 1126 5696 ejus
1156 5629 1210 5682 in
1257 5639 1419 5683 totam
1470 5631 1682 5702 Syriam
1716 5652 1729 5689 :
1757 5635 1809 5691 id
1837 5646 1940 5702 est,
1972 5638 2024 5693 in

446 5728 637 5773 omnes
664 5725 872 5786 gentes,
894 5732 1084 5774 omnes
1129 5716 1271 5772 male
1311 5719 1594 5788 habentes,
1628 5724 1678 5777 id
1706 5733 1811 5789 est,
1844 5726 2027 5781 multis

448 5805 682 5862 neccatis
713 5807 886 5862 insani
936 5806 1149 5862 fuerunt
1192 5807 1272 5862 vel
1306 5809 1444 5864 mala
1487 5810 1611 5877 fide,
1642 5825 1688 5868 et
1714 5817 1804 5882 qui
1833 5817 2026 5872 da'mo-

2154 629 2308 693 ticos,
2336 629 2390 684 id
2432 637 2536 696 est,
2565 628 2788 686 lunatiei
2812 631 3098 701 putabant,
3129 633 3197 688 de
3222 640 3349 687 ortu
3387 633 3537 687 luna:
3587 633 3734 687 inﬁr-

2151 720 2363 775 mitate.

2223 810 2535 868 Obtulerunt
2561 815 2611 867 ei
2653 814 2971 884 paralyticos
2997 831 3018 869 :
3051 815 3106 870 id
3135 823 3240 881 est,
3270 815 3410 887 pigri
3436 816 3513 871 ad
3540 817 3731 871 bonum

2150 904 2438 972 agendum,
2459 913 2515 957 et
2557 905 2729 958 secuti
2760 914 2888 959 sunt
2915 920 3040 959 eum
3088 906 3260 960 turba:
3288 906 3494 971 multae,
3523 906 3581 960 id
3610 917 3729 961 est:

2148 993 2326 1062 primo
2353 993 2598 1063 discipuli
2629 995 2696 1048 ad
2724 993 2885 1050 fidem
2918 1014 2931 1050 :
2958 996 3181 1051 secundi
3213 997 3414 1051 inﬁrmi
3452 1013 3564 1068 pro
3603 999 3734 1054 sani—

2148 1092 2259 1139 tate
2283 1102 2296 1137 :
2334 1086 2487 1140 tertii
2517 1085 2653 1156 legis
2673 1087 2858 1155 periti,
2887 1087 2956 1141 ad
2980 1088 3482 1156 reprehendendum
3507 1091 3691 1159 quarti
3716 1106 3729 1142 ε

2146 1191 2451 1245 pauperes,
2504 1192 2603 1246 pro
2648 1176 2947 1248 elimosyna
2987 1193 3004 1231 :
3048 1179 3270 1247 quintas
3315 1179 3626 1243 mulieres,
3672 1197 3731 1235 ne

2149 1268 2291 1337 ipsas
2313 1268 2656 1338 disperarent
2684 1287 2698 1323 :
2726 1271 2868 1325 sexti
2896 1270 3261 1340 parvulorum.

2216 1376 2287 1431 Ut
2312 1378 2486 1432 dixit:
2509 1379 2664 1445 sinite
2690 1378 2936 1449 parvulos
2977 1380 3184 1445 venire;
3220 1381 3458 1452 decapoli
3485 1397 3510 1436 :
3542 1382 3601 1436 id
3632 1390 3727 1445 est,

2144 1467 2237 1538 qui
2263 1469 2427 1523 verba
2480 1468 2615 1541 legis
2659 1469 2968 1533 observant,
2999 1480 3048 1524 et
3087 1471 3151 1525 de
3196 1471 3526 1539 Jerusalem,
3558 1473 3726 1537 idest.

2145 1561 2287 1629 quod
2312 1561 2556 1617 videntes
2587 1577 2775 1633 pacem
2805 1562 3081 1618 Christum
3125 1565 3296 1619 secuti
3334 1572 3552 1631 essent,
3588 1576 3635 1619 et
3671 1567 3726 1619 de

2142 1650 2335 1705 Iudaea
2361 1665 2380 1703 :
2411 1653 2465 1707 id
2511 1661 2614 1719 est,
2646 1653 2739 1724 qui
2785 1668 2886 1725 per
2925 1654 3323 1711 confessionem
3370 1658 3561 1711 secuti
3613 1666 3726 1711 sunt

2142 1739 2439 1796 Christum.

2222 1851 2416 1907 Videas
2442 1863 2617 1909 autem
2660 1855 2814 1911 Iesus
2845 1856 3026 1911 turbas
3064 1874 3084 1912 :
3111 1857 3237 1913 item
3262 1867 3506 1928 quatuor
3549 1860 3727 1916 turbas

2141 1952 2323 1999 secuta
2369 1954 2455 2000 est
2509 1944 2821 2013 Christum,
2867 1955 2923 2002 et
2976 1950 3090 2018 ipse
3136 1959 3369 2020 quatuor
3425 1962 3727 2023 sequuntur

2141 2034 2441 2092 Ecclesiam
2473 2057 2487 2092 :
2518 2040 2691 2109 prima
2722 2051 2782 2095 ut
2805 2038 3081 2096 Christum
3096 2057 3192 2112 per
3222 2043 3473 2100 timorem
3506 2054 3568 2101 et
3597 2062 3725 2100 amo-

2141 2141 2278 2194 rem,
2307 2129 2432 2183 item
2464 2131 2531 2183 ad
2575 2129 2873 2187 Ecclesium
2921 2133 3143 2188 veniunt
3174 2153 3187 2188 :
3217 2136 3455 2191 secunda
3484 2139 3590 2208 qui
3642 2155 3724 2209 pro

2142 2219 2436 2288 cupiditate
2465 2221 2567 2276 cibi
2598 2230 2691 2276 aut
2718 2232 2880 2293 potus
2910 2241 2923 2276 :
2953 2226 3136 2291 tertia,
3165 2241 3263 2296 pro
3293 2225 3528 2292 invidia,
3558 2239 3619 2284 ut
3642 2230 3723 2284 ha.

2140 2309 2306 2365 beant
2347 2313 2491 2380 quod
2546 2324 2799 2369 accusent
2835 2332 2850 2368 :
2893 2326 3085 2386 quarta
3134 2318 3411 2375 doctores.
3477 2319 3723 2378 Christus

2144 2402 2246 2455 tria
2285 2402 2490 2471 refugia
2520 2403 2727 2469 habuit,
2757 2413 2815 2459 ut
2845 2403 3055 2477 fugeret
3085 2407 3291 2474 turbas,
3321 2412 3377 2465 in
3434 2424 3653 2473 monte.
3672 2415 3716 2468 ia

2141 2491 2378 2559 deserto,
2406 2493 2461 2547 in
2488 2509 2624 2549 nave
2652 2510 2812 2564 super
2842 2514 3027 2565 mare;
3060 2499 3177 2555 haec
3223 2502 3323 2556 tria
3354 2504 3520 2558 nobis
3574 2505 3721 2560 telis-

2140 2591 2260 2659 quit
2309 2608 2323 2643 :
2365 2589 2419 2644 in
2466 2590 2806 2647 altitudinem
2850 2594 3233 2651 mandatorum
3258 2637 3274 2662 ,
3301 2597 3632 2654 discendere
3675 2601 3720 2653 in

2140 2676 2379 2743 deserto,
2409 2678 2660 2736 deserere
2696 2680 2847 2744 vitia,
2875 2692 2929 2736 et
2977 2683 3031 2737 in
3077 2684 3285 2739 unitate
3327 2685 3601 2742 Ecclesia:
3653 2689 3720 2741 in-

2141 2776 2330 2824 trare:
2370 2771 2523 2825 navis
2563 2769 2860 2827 Ecclesium
2905 2773 3174 2845 signiﬁcat
3222 2793 3236 2829 :
3289 2786 3347 2831 ut
3400 2777 3498 2846 qui
3566 2778 3719 2833 habet

2139 2858 2557 2930 gubernatorem
2602 2870 2657 2916 et
2685 2863 3047 2934 navigatores,
3072 2875 3127 2920 et
3173 2882 3314 2937 aqua
3356 2868 3456 2938 qui
3491 2870 3717 2939 iactant,

2138 2950 2194 3005 hi
2241 2951 2307 3007 de
2350 2968 2508 3009 nave.
2551 2952 2695 3008 Idem
2732 2953 3009 3025 Episcopi,
3031 2966 3087 3011 et
3130 2956 3495 3024 laboratores,
3530 2970 3591 3015 et
3636 2962 3718 3030 qui

2137 3040 2437 3096 ministeria
2486 3043 2631 3098 intus
2675 3042 2918 3111 faciunt,
2960 3054 3015 3101 et
3058 3056 3168 3103 tres
3202 3047 3489 3104 oﬂ‘enduut
3541 3066 3718 3113 naves,

2138 3130 2436 3199 periculum
2472 3132 2524 3186 in
2557 3132 2737 3200 undis,
2766 3134 2817 3189 in
2847 3145 3031 3202 vento,
3054 3136 3105 3191 in
3138 3138 3313 3205 cilicc,
3348 3140 3432 3194 sic
3484 3141 3716 3197 Ecclesia

2136 3221 2433 3290 periculum
2463 3263 2478 3289 ,
2520 3225 2678 3280 undis
2706 3266 2744 3291 ,.
2774 3229 3154 3297 temptationes
3202 3230 3428 3297 diaboli,
3460 3232 3516 3286 in
3564 3242 3719 3305 verpe

2135 3322 2501 3382 peccatorum,
2528 3315 2578 3369 in
2610 3315 2762 3373 cilicc
2795 3316 2946 3373 falsis
2972 3316 3253 3385 fratribus,
3278 3323 3504 3392 quando
3531 3326 3731 3379 ascen-'

2134 3408 2332 3463 debent
2353 3409 2407 3465 in
2445 3420 2682 3467 montem
2727 3411 3065 3484 signiﬁcabat
3095 3414 3359 3479 tbeorica,
3389 3416 3449 3470 id
3480 3426 3568 3470 est
3594 3432 3715 3471 con-

2135 3502 2443 3573 templativa
2476 3522 2491 3560 :
2535 3504 2753 3573 quando
2798 3504 3107 3573 descendit,
3137 3506 3293 3561 docet
3346 3507 3597 3577 practica
3624 3549 3640 3573 ,
3667 3507 3715 3561 id

2132 3603 2237 3660 est,
2273 3594 2506 3662 actuale,
2533 3605 2593 3651 et
2618 3612 2739 3652 cum
2767 3598 3017 3663 sedisset,
3049 3598 3251 3654 indicat
3278 3598 3717 3657 incarnationem

2133 3684 2250 3754 ejus
2298 3702 2404 3741 non
2453 3687 2792 3757 apparuisse,
2823 3688 2948 3760 quia
2995 3689 3089 3759 qui
3133 3689 3297 3755 sedit,
3327 3691 3715 3748 vestimentum

2133 3791 2332 3848 corpus
2361 3793 2517 3832 suum
2549 3779 2804 3834 defendit.

2203 3887 2542 3943 Accesserant
2569 3889 2638 3944 ad
2663 3906 2784 3953 eum
2815 3892 3060 3965 discipuli
3096 3896 3212 3966 ejus
3241 3915 3259 3951 :
3284 3898 3339 3953 id
3383 3906 3498 3963 est,
3523 3913 3715 3971 corpus

2131 3987 2187 4035 et
2232 3981 2433 4046 anima,
2462 3989 2518 4037 et
2556 3983 2808 4053 aperiens
2846 4001 2910 4041 os
2938 4001 3116 4050 suum,
3146 3987 3200 4044 id
3233 3997 3340 4056 est,
3369 3992 3468 4060 qui
3508 3994 3717 4063 aperuit

2131 4085 2225 4125 ora
2251 4070 2645 4142 Prophetarum
2675 4089 2691 4129 :
2724 4075 2859 4131 beati
2889 4094 3142 4149 pauperes
3166 4082 3379 4149 spiritu,
3409 4082 3470 4136 id
3496 4092 3604 4149 est,
3626 4084 3714 4153 qui

2129 4177 2231 4232 pro
2260 4162 2461 4233 Spiritu
2498 4174 2687 4221 sancto
2731 4182 3000 4238 pauperes
3039 4179 3166 4227 sunt
3196 4186 3323 4240 cum
3360 4172 3569 4231 divites
3601 4190 3712 4231 esse

2131 4261 2355 4323 possunt
2385 4272 2398 4308 :
2428 4255 2565 4309 beati
2604 4257 2774 4322 mites,
2806 4259 2861 4313 id
2901 4262 3123 4331 est,qui
3164 4261 3298 4317 nulli
3361 4263 3573 4337 malum
3620 4281 3712 4336 pro

2132 4344 2272 4399 malo
2306 4343 2483 4401 reddit
2515 4365 2528 4401 :
2560 4350 2806 4417 quoniam
2845 4351 2947 4420 ipsi
2987 4353 3323 4422 possidebunt
3368 4365 3570 4410 terram
3601 4399 3617 4423 ,
3649 4359 3710 4412 de

2130 4452 2242 4507 qua
2280 4437 2479 4493 dicitur
2507 4456 2523 4492 :
2555 4440 2719 4496 credo
2741 4442 2949 4508 videre,
2981 4451 3037 4498 et
3063 4444 3289 4514 reliqua.
3326 4443 3487 4500 Beati
3513 4451 3607 4519 qui
3635 4449 3709 4501 ls-

2128 4538 2246 4599 geut
2277 4546 2436 4595 nunc,
2457 4546 2565 4586 non
2609 4532 2676 4588 de
2700 4534 2847 4588 omni
2874 4533 3001 4591 fletu
3029 4537 3135 4592 hoc
3173 4537 3306 4593 dicit
3334 4556 3351 4591 :
3388 4540 3490 4595 sed
3522 4543 3593 4597 de
3620 4543 3709 4596 tri-

2055 4599 2107 4659 Ῐ)
2132 4618 2232 4674 bus
2260 4619 2494 4688 ﬂetibus,
2519 4637 2628 4692 quo
2657 4624 2915 4680 saeculum
2940 4635 3153 4699 oportet
3182 4628 3386 4685 habere
3423 4648 3439 4683 :
3479 4632 3706 4701 primum

2127 4706 2311 4762 fletum
2350 4725 2447 4780 pro
2491 4721 2714 4780 peccato
2758 4729 2859 4770 suo
2907 4732 2921 4769 :
2963 4718 3297 4783 secundum,
3339 4733 3445 4788 pro
3490 4732 3719 4791 peccato,

2127 4799 2360 4867 proximi
2393 4815 2410 4854 :
2441 4801 2621 4868 tertio,
2654 4818 2978 4873 pro-amore
3026 4806 3234 4862 ctelesti
3266 4825 3281 4862 :
3316 4807 3582 4880 laeryma:
3606 4820 3708 4866 tres

2130 4897 2352 4944 naturas
2369 4890 2591 4958 habent,
2617 4908 2822 4958 amara,
2836 4910 2936 4965 pro
2956 4905 3180 4965 peccato
3201 4913 3306 4953 non
3328 4897 3491 4964 ﬂere,
3516 4901 3717 4965 calida,

2125 4994 2224 5050 per
2248 4980 2481 5037 calorem
2509 4985 2749 5039 caritatis
2795 4986 3028 5054 proximi
3073 4985 3269 5043 deflere
3286 4988 3511 5054 delicta,
3534 4990 3707 5059 jaceat

2130 5086 2164 5151 a
2184 5073 2325 5130 caelo
2349 5089 2450 5144 pro
2473 5074 2591 5144 ejus
2615 5092 2802 5131 amore
2830 5076 2994 5143 ﬂere;
3035 5078 3211 5134 tribus
3237 5081 3425 5137 causis
3454 5081 3706 5154 lacrymis

2130 5162 2444 5231 funduntur,
2472 5181 2576 5238 pro
2600 5169 2996 5234 recordatione,
3022 5168 3111 5224 alii
3134 5182 3234 5240 pro
3275 5170 3475 5228 timore
3519 5172 3703 5235 futun‘,

2130 5269 2230 5325 pro
2253 5257 2714 5328 peregrinatione.

2201 5370 2354 5426 Beati
2394 5373 2483 5442 qui
2527 5374 2797 5439 esuriant,
2824 5381 2879 5429 et
2929 5375 3133 5447 reliqua
3169 5392 3183 5430 :
3221 5376 3276 5431 id
3329 5386 3432 5440 est,
3467 5380 3575 5432 cui
3605 5394 3687 5433 nm

2130 5459 2326 5515 suﬂieit
2343 5461 2602 5532 quidquid
2628 5462 2752 5517 boni
2779 5460 2927 5530 facit,
2956 5465 3059 5521 nisi
3087 5466 3321 5536 amplius
3342 5466 3533 5523 facere
3560 5469 3673 5522 vult
3697 5486 3703 5492 '

2128 5551 2227 5622 ipsi
2254 5553 2658 5620 saturabuntur,
2689 5555 2743 5610 id
2771 5564 2876 5621 est,
2905 5557 2958 5611 in
2998 5572 3166 5628 regno
3195 5556 3311 5613 Dei.
3358 5558 3516 5614 Beati
3558 5564 3681 5613 κύει

2130 5641 2360 5695 ricardes
2404 5658 2422 5696 :
2456 5642 2507 5696 id
2532 5652 2634 5706 est,
2670 5646 2761 5713 qui
2806 5646 3065 5711 misertis‘,
3094 5647 3161 5702 de
3206 5648 3428 5703 miseria
3470 5649 3681 5704 liberas

2132 5742 2237 5794 tur,
2266 5741 2320 5787 et
2350 5748 2471 5788 eum
2493 5734 2634 5790 dono
2658 5749 2756 5801 suo
2793 5736 2849 5791 in
2875 5737 3070 5791 caelum
3096 5738 3294 5793 vadent
3317 5756 3330 5792 :
3352 5739 3492 5792 beati
3513 5740 3701 5793 ωηατ

2131 5821 2306 5887 corde,
2342 5823 2392 5877 id
2416 5834 2521 5887 est,
2549 5824 2639 5893 qui
2686 5839 2822 5896 puro
2852 5826 3034 5895 corde,
3062 5843 3168 5882 non
3203 5828 3375 5899 tangit
3430 5829 3538 5883 ulla
3580 5844 3665 5883 eor
