3948 6328
175 358 278 418 873

919 353 1285 415 EXPOSITIO
1319 353 1388 413 1N
1427 352 1763 426 cunnos
1796 306 2210 410 EVANGELIA.
2248 383 2318 395 _
2353 353 2422 410 IN
2459 351 2718 410 nuru.

3335 355 3442 414 874

177 475 402 536 scientia
440 473 676 546 peccati,
707 475 835 546 quia
886 477 1120 531 mundus
1169 475 1333 541 Deus,
1361 475 1560 531 mundo
1587 471 1749 529 corde
1776 475 1828 535 Α
1853 486 2021 525 unum
2066 469 2320 535 diximus,
2346 488 2481 526 unus
2512 488 2662 542 apex,
2695 485 2804 527 uno
2823 479 3049 541 puncto,
3082 472 3149 528 ad
3181 453 3459 541 litteram,

176 567 415 626 resoicit.

241 586 264 624 s
303 584 415 623 lett.

241 584 393 713 genti
438 656 644 727 paciﬁci
673 674 694 712 :
720 658 774 713 id
819 665 940 723 est,
986 659 1039 713 in
1088 665 1322 728 quatuor
1367 665 1573 728 partes,
1609 657 1755 712 inter

181 751 375 812 Deum,
404 757 461 801 et
498 747 794 814 hominem,
826 749 969 802 inter
997 763 1192 819 corpus
1235 757 1291 802 et
1317 749 1577 814 animam,
1611 747 1770 802 inter

175 839 447 895 hominem
487 845 542 892 et
583 839 1054 909 proximuminter,
1099 840 1370 895 hominem
1415 847 1472 894 et
1519 839 1754 894 amicum

175 946 370 998 suum;
413 939 631 1000 oportet
675 931 868 986 vitium
900 930 1073 998 odire,
1101 940 1156 988 et
1193 932 1467 988 hominem
1506 932 1752 1002 diligere.

241 1041 392 1097 Beati
415 1043 505 1096 aui
526 1043 930 1115 persecutionem
951 1044 1222 1113 patiuntur
1243 1054 1452 1116 propter
1461 1046 1750 1116 justitiam,

173 1133 226 1189 id
263 1141 368 1199 est,
396 1134 451 1188 in
502 1132 762 1190 Christo:
795 1135 895 1190 has
939 1143 1064 1191 octo
1112 1136 1496 1201 beatitudiues,
1525 1136 1593 1191 ad
1630 1145 1753 1192 octo

171 1226 418 1282 homines
461 1226 770 1296 pertinent,
802 1227 893 1297 qui
937 1225 1154 1282 fuerunt
1193 1228 1247 1282 in
1294 1243 1422 1283 arca
1447 1269 1462 1293 ,
1491 1237 1546 1283 et
1587 1229 1748 1284 modo

171 1321 371 1376 debent
405 1333 542 1374 esse-
572 1319 629 1374 in
664 1318 902 1375 Ecclesia
942 1337 956 1374 :
985 1328 1040 1375 et
1087 1328 1290 1390 septem
1331 1329 1557 1390 possunt
1609 1336 1751 1387 esse,

170 1429 275 1485 qua
304 1421 511 1485 septem
539 1413 816 1481 mulieres,
842 1431 1006 1470 unum
1033 1415 1212 1471 virum
1254 1415 1559 1471 habuerunt
1597 1415 1754 1472 Chri-

170 1512 310 1560 stum
337 1523 350 1558 :
376 1504 429 1560 id
450 1513 552 1572 est,
577 1505 631 1559 in
661 1506 1079 1562 resurrectione.
1104 1505 1230 1562 Haec
1248 1517 1370 1562 octo
1390 1508 1752 1564 heatitudines

169 1596 220 1651 in
247 1594 464 1652 Christo
490 1596 863 1666 complentur:
893 1599 1032 1653 beati
1059 1613 1321 1670 pauperes
1347 1599 1537 1670 spiritu
1564 1617 1577 1653 :
1609 1598 1751 1654 filius

167 1684 406 1740 hominis
433 1700 540 1741 non
579 1686 769 1742 habuit
787 1687 876 1742 ubi
897 1697 1058 1758 caput
1084 1689 1346 1753 reclinet;
1378 1689 1520 1744 beati
1567 1689 1748 1756 mites,

167 1777 372 1833 discate
395 1791 427 1831 a
451 1793 558 1844 me,
571 1779 698 1849 quia
715 1779 860 1835 mitis
880 1795 998 1835 sum
1022 1794 1038 1834 :
1061 1781 1203 1834 beati
1220 1782 1309 1851 qui
1339 1780 1540 1852 lugent,
1559 1782 1749 1838 videns

163 1869 440 1927 civitatem
463 1870 610 1927 ﬂevit
643 1887 806 1943 super
835 1889 986 1938 eam;
1016 1873 1159 1928 beati
1184 1873 1274 1942 qui
1303 1875 1569 1940 esuriunt,
1595 1889 1748 1930 meus

1856 560 1927 615 ad
1984 575 2202 615 sensum
2251 569 2433 616 autem
2483 562 2705 616 minima
2755 563 3015 618 mandata
3066 562 3443 633 legis,donec

1855 651 2035 704 omnia
2083 649 2234 715 ﬁant,
2271 651 2396 720 quia
2438 666 2558 722 quze
2599 652 2718 720 lege
2759 654 2979 707 minima
3023 653 3260 721 fuerunt,
3281 656 3441 726 plena

1855 742 2130 813 mysteriis
2167 741 2333 808 fiunt;
2364 743 2475 797 iota
2497 744 2788 810 vetuslex,
2822 760 2960 815 apex
2994 760 3189 800 novus.

1929 854 2032 920 Qui
2072 855 2208 908 enim
2234 854 2443 909 solverit
2466 872 2626 910 unum
2661 856 2723 910 de
2746 857 3008 911 mandatis
3035 858 3148 912 istis
3179 859 3435 915 minimis.

1854 944 1912 1000 Id
1941 952 2045 1011 est,
2077 945 2168 1016 qui
2199 945 2426 1000 nmitum
2457 947 2632 1011 docet,
2667 955 2721 1001 et
2746 947 2970 1003 minime
3009 948 3216 1018 implet,
3242 947 3437 1004 Phari-

1855 1035 1978 1091 satis
2019 1036 2331 1091 excolentes
2353 1036 2605 1103 culicem,
2637 1045 2695 1092 et
2723 1038 2986 1093 camelum
3017 1038 3304 1108 glutientes
3335 1056 3348 1094 :
3381 1039 3436 1095 id

1855 1136 1957 1193 est,
1986 1127 2078 1196 qui
2111 1126 2231 1181 aliis
2256 1127 2477 1181 minime
2507 1128 2785 1196 praedicat,
2813 1137 2870 1183 et
2897 1129 3001 1184 sibi
3037 1129 3243 1200 majora
3289 1146 3438 1186 com-

1855 1217 2043 1284 mittit,
2069 1218 2324 1271 minimus
2351 1218 2637 1272 vocabitur
2676 1219 2729 1270 in
2760 1234 2925 1289 regno
2955 1219 3236 1286 cmlorum,
3267 1220 3320 1275 id
3349 1229 3436 1276 est

1855 1307 1910 1362 in
1945 1307 2186 1361 Ecclesia
2233 1324 2251 1361 :_
2285 1306 2405 1360 Nisi
2451 1307 2788 1360 abundaverit
2824 1308 3038 1377 justitia
3084 1319 3252 1363 vestra
3294 1311 3438 1381 plus-

1851 1418 2012 1472 quam
2055 1399 2362 1455 Scribarum
2392 1408 2440 1453 et
2481 1397 2878 1454 Phariswornm
2913 1419 2925 1454 :
2958 1403 3080 1470 quia
3114 1402 3189 1456 illi
3241 1418 3436 1475 magna

1855 1493 2141 1561 docebant,
2169 1501 2223 1548 et
2254 1493 2522 1548 modicum
2556 1492 2846 1560 faciebant,
2877 1494 2963 1549 vel
3001 1495 3095 1565 qui
3140 1496 3244 1550 alia
3277 1512 3436 1550 man-

1855 1586 1974 1640 data
1990 1586 2055 1640 de
2070 1585 2206 1656 lege,
2223 1585 2598 1655 repudiabant,
2617 1580 2734 1655 qum
2753 1601 2856 1640 non
2881 1587 3156 1651 amabant,
3173 1602 3277 1641 non
3293 1587 3411 1642 dice
3430 1616 3437 1622 -

1853 1677 2002 1744 bant,
2027 1686 2081 1732 et
2097 1694 2215 1748 quae
2237 1679 2492 1734 amabant
2517 1678 2788 1733 dicebant.

1926 1790 2161 1843 Audistis
2197 1790 2321 1860 quia
2372 1789 2568 1843 dictum
2615 1801 2686 1844 est
2731 1791 2996 1861 antiquis,
3028 1807 3132 1845 non
3181 1791 3383 1845 occides
3412 1807 3433 1845 :

1852 1883 1909 1939 Id
1939 1892 2042 1950 est,
2072 1899 2178 1940 non
2212 1883 2422 1940 solvere
2449 1884 2623 1957 legem
2655 1903 2668 1938 :
2700 1886 2789 1956 qui
2831 1886 3080 1940 irascitur
3107 1886 3266 1956 fratri
3310 1903 3428 1940 suo.

162 1962 314 2016 cibus
340 1970 424 2017 est
449 1971 508 2017 ut
529 1961 722 2018 faciam
757 1963 1088 2020 voluntatem
1112 1964 1282 2034 patris
1303 1966 1406 2019 mei
1436 1983 1448 2018 :
1474 1966 1617 2020 beati
1642 1967 1750 2021 mi-
1851 1979 1907 2032 Id
1948 1987 2050 2044 est,
2083 1979 2163 2033 ira
2203 1978 2258 2032 in
2285 1982 2448 2034 corde
2475 1978 2591 2033 sine
2622 1994 2770 2043 voce,
2805 1993 2930 2033 reus
2959 1979 3062 2032 erit
3086 1977 3140 2032 in
3176 1977 3382 2046 judicio
3415 1996 3428 2032 ;

161 2051 484 2117 sericordes,
505 2051 558 2106 id
580 2059 685 2118 est,
715 2052 1141 2108 misericordiam
1166 2053 1291 2109 volo
1315 2063 1370 2109 et
1402 2070 1508 2110 non
1533 2054 1745 2110 sacrifi-

169 2142 318 2198 cium
368 2161 381 2198 :
418 2143 566 2200 beati
610 2145 812 2200 mundo
855 2147 1042 2212 corde,
1075 2145 1130 2202 id
1173 2154 1285 2211 est,
1323 2155 1496 2202 estote
1546 2147 1742 2231 sancti,

157 2234 414 2305 quoniam
459 2249 560 2307 ego
599 2243 820 2292 sanctus
862 2251 981 2292 sum
1033 2254 1046 2290 :
1089 2236 1234 2292 beati
1273 2237 1485 2308 paciﬁci
1513 2278 1528 2305 ,
1552 2253 1742 2308 pacem

156 2339 336 2381 meam
365 2325 435 2382 do
466 2325 619 2382 vobis
644 2367 661 2391 ,
683 2334 740 2382 et
788 2326 997 2398 reliqua
1039 2345 1053 2381 :
1086 2329 1231 2382 beati
1277 2329 1367 2397 qui
1411 2331 1740 2398 persecutio-

154 2430 277 2472 nem
321 2417 627 2488 patiuntur,
660 2417 717 2472 id
745 2425 853 2485 est,
881 2418 930 2474 si
956 2433 1044 2474 me
1069 2420 1336 2489 persecuti
1356 2405 1525 2487 sunt,
1555 2429 1610 2476 et
1647 2436 1744 2477 vos

152 2518 579 2580 persequuntur.
1357 2526 1364 2534 ·

228 2621 337 2677 Vos
367 2624 491 2678 estis
536 2620 620 2677 sat
658 2631 813 2678 terra:
843 2636 862 2675 :
890 2621 945 2678 id
983 2631 1083 2688 est,
1115 2623 1341 2694 apostoli
1390 2633 1446 2680 et
1487 2625 1741 2683 doctores

149 2716 405 2772 dicuntur
431 2732 446 2772 :
479 2727 640 2774 terra:
661 2716 823 2788 hujus
849 2717 1033 2773 mundi
1061 2718 1426 2790 dicitur,quod
1450 2719 1495 2774 si
1518 2719 1597 2775 sal
1623 2735 1741 2775 eva-

149 2809 352 2875 nuerit,
382 2816 436 2866 et
462 2809 669 2881 reliqua
699 2828 713 2864 :
740 2809 785 2866 si
810 2809 1000 2866 doctor
1027 2811 1296 2866 erraverit
1332 2813 1386 2865 in
1417 2827 1524 2881 quo
1553 2827 1741 2868 emen-

147 2899 330 2956 datur.
364 2900 457 2957 Sal
496 2910 736 2972 saporat,
763 2917 976 2959 vermes
1004 2903 1227 2969 occidit,
1260 2901 1491 2974 projecit
1519 2913 1574 2959 et
1602 2920 1735 2961 con-

147 2991 395 3048 culcetur
419 2992 488 3047 ab
533 2992 861 3057 hominibus,
893 2993 946 3047 id
988 3001 1094 3058 est,
1122 3003 1320 3048 exeant
1360 3002 1514 3049 extra
1553 2995 1738 3050 Eccle-

145 3085 289 3140 siam
316 3091 370 3139 et
391 3091 708 3154 reputentur
737 3079 791 3138 in
823 3092 974 3154 parte
1005 3085 1284 3154 gentilium
1316 3103 1329 3139 :
1368 3084 1466 3139 Vos
1501 3089 1621 3140 estis
1645 3087 1737 3142 lux

143 3177 334 3232 mundi
367 3189 385 3228 :
425 3175 478 3230 id
513 3184 617 3243 est,
646 3175 773 3246 quia
800 3175 889 3231 lux
917 3175 1182 3233 absconsa
1215 3177 1440 3242 revelat,
1470 3187 1527 3234 et
1576 3188 1731 3234 tene-
1759 3212 1804 3274 ρ

147 3270 285 3326 bras
309 3267 615 3335 inluminat,
648 3269 722 3323 ita
755 3277 809 3324 et
849 3285 963 3334 vos,
1004 3269 1257 3326 tenebras
1284 3277 1630 3340 peccatorum
1657 3272 1735 3326 in-

144 3361 410 3416 luminate
437 3375 453 3414 :
476 3359 609 3416 alias
629 3376 779 3428 vero,
801 3362 940 3417 sicut
959 3361 1040 3417 sol
1063 3375 1276 3432 semper
1292 3362 1346 3416 in
1369 3362 1506 3419 coelo
1526 3372 1730 3428 manet,

147 3453 222 3508 ita
253 3461 312 3508 et
337 3468 436 3509 vos
461 3441 534 3507 ibi
565 3463 801 3508 manete.

217 3564 345 3620 Non
372 3575 538 3636 potest
561 3565 740 3620 civitas
765 3565 1038 3630 abscondi,
1071 3565 1126 3619 id
1153 3573 1256 3632 est,
1281 3565 1526 3621 Ecclesia
1569 3581 1731 3636 super

146 3667 404 3724 montem,
436 3647 488 3715 id
525 3668 628 3726 est,
660 3674 822 3730 super
870 3657 1144 3714 Christum
1177 3674 1192 3714 :
1223 3673 1396 3729 neque
1429 3661 1733 3716 accendunt

144 3749 391 3816 lucerna,
423 3751 477 3806 id
518 3759 604 3806 est
646 3750 921 3821 apostolos
955 3759 1011 3805 et
1057 3750 1310 3807 doctores
1340 3793 1353 3806 .
1382 3769 1486 3806 non
1525 3761 1731 3810 nouunt

145 3843 246 3897 sub
272 3842 474 3905 modio,
501 3842 555 3898 id
605 3852 718 3908 est;
749 3845 850 3898 sub
880 3843 1075 3899 timore
1123 3843 1206 3898 vel
1235 3860 1438 3899 amore.
1488 3845 1732 3910 Quatuor

145 3933 529 3989 similitudines
573 3933 774 3989 habent
823 3933 1094 4004 apostoli:
1139 3932 1272 3999 Sal,
1320 3934 1441 3999 sol,
1487 3934 1728 4000 lucerna,

145 4025 339 4080 civitas
373 4043 384 4079 :
420 4040 582 4096 super
610 4024 1018 4090 candelabrum,
1047 4024 1101 4078 id
1127 4032 1210 4079 est
1243 4024 1508 4088 Ecclesia,
1547 4036 1606 4078 ut
1646 4026 1728 4079 lu-

144 4123 304 4171 ceant
329 4113 583 4171 omnibus
608 4113 700 4184 qui
730 4114 785 4168 in
809 4114 970 4169 domo
992 4124 1118 4169 sunt
1147 4129 1162 4167 :
1197 4114 1250 4173 id
1273 4124 1356 4170 est
1385 4115 1441 4170 in
1465 4115 1726 4180 Ecclesia,

144 4209 229 4264 vel
253 4210 312 4264 in
336 4208 539 4264 mundo
567 4225 579 4260 :
613 4209 692 4264 sic
715 4207 892 4263 luceat
925 4207 1015 4262 lux
1044 4215 1248 4274 vestra,
1273 4208 1325 4263 id
1348 4217 1432 4264 est
1459 4208 1728 4278 doctrina,

145 4306 257 4364 sive
285 4309 430 4363 bona
478 4320 664 4378 Opera,
693 4313 749 4360 et
792 4304 1095 4376 glorificent
1136 4314 1346 4375 patrem
1384 4318 1647 4372 vestrum,
1678 4306 1731 4362 id

146 4406 247 4464 est,
277 4397 334 4452 in
357 4395 657 4452 benefactis
687 4395 902 4451 vestris.

216 4512 400 4569 Nolite
429 4521 638 4584 putare,
664 4512 792 4584 quia
819 4528 923 4566 non
949 4511 1062 4566 veni
1085 4511 1281 4567 solvere
1307 4513 1470 4584 legem
1495 4529 1514 4570 :
1547 4514 1602 4570 Id
1624 4521 1731 4581 est,

147 4607 526 4677 quodcumque
552 4620 688 4675 opus
709 4605 910 4660 factum
947 4617 1032 4662 est
1061 4607 1177 4676 ipse
1196 4608 1440 4679 implevit
1470 4628 1483 4664 :
1514 4613 1732 4682 quando

149 4696 243 4751 tilii
280 4696 448 4751 Israel
474 4705 856 4766 peccaverunt,
885 4697 1096 4769 Moyses
1120 4707 1176 4754 et
1217 4699 1369 4765 Levi,
1394 4711 1505 4755 tres
1525 4701 1734 4770 gladios

147 4791 212 4841 ad
254 4786 549 4841 vindictam
603 4802 766 4856 super
805 4802 900 4842 eos
932 4788 1268 4856 acciperunt,
1305 4789 1449 4859 quod
1481 4790 1732 4847 Christus

148 4876 274 4934 fecit
302 4892 425 4933 cum
447 4877 598 4944 dicit,
615 4893 722 4933 non
747 4877 869 4933 veni
886 4893 1074 4948 pacem
1099 4877 1334 4943 mittere,
1356 4880 1449 4934 sed
1466 4879 1728 4951 gladium,

149 4978 202 5025 et
230 4970 477 5041 implere,
509 4969 565 5025 id
593 4978 696 5034 est,
729 4970 872 5040 quod
902 4970 1081 5026 minus
1108 4979 1252 5035 erat,
1277 4971 1403 5040 quia
1427 4979 1587 5026 vetus
1617 4971 1726 5037 lex,

149 5063 194 5120 si
220 5063 346 5136 quis
363 5061 724 5118 adulterasset
754 5062 935 5134 puniri
959 5062 1206 5133 jubebat,
1235 5078 1381 5118 nunc
1402 5073 1586 5118 autem
1617 5079 1727 5118 non

151 5158 376 5214 solvitur
419 5157 514 5214 sed
540 5155 819 5228 impletur,
851 5171 975 5211 cum
1019 5157 1234 5220 dicitur,
1267 5157 1573 5226 quividerit
1610 5173 1730 5211 mu-

150 5249 338 5307 lierem
378 5249 447 5305 ad
473 5248 956 5319 concupiscendam
987 5262 1128 5312 eam,
1161 5257 1212 5302 et
1250 5248 1455 5317 reliqua
1484 5267 1497 5302 :
1529 5257 1584 5304 et
1624 5249 1726 5304 ite-

89 5357 99 5377 ο
153 5358 274 5398 rum
318 5342 427 5398 :de
468 5340 618 5397 omni
660 5341 827 5395 verbo
863 5340 1063 5404 otioso,
1093 5340 1357 5394 rationem
1401 5341 1626 5396 reddere
1673 5341 1727 5395 in

156 5435 240 5490 die
256 5434 446 5506 iudicii
477 5450 492 5488 :
522 5445 653 5488 ecce
675 5447 782 5486 non
806 5431 929 5486 veni
957 5429 1167 5486 solvere
1189 5429 1388 5501 legem,
1411 5431 1506 5487 sed
1531 5446 1730 5504 augere

156 5526 297 5598 quod
325 5535 482 5581 vetus
509 5539 616 5579 non
639 5523 776 5578 dixit
808 5540 822 5576 :
847 5522 1020 5577 Amen
1046 5523 1167 5578 dico
1199 5523 1372 5579 vobis.

230 5616 410 5680 Amen,
437 5613 491 5668 id
526 5621 630 5678 est,
661 5626 788 5666 vere
820 5613 932 5668 sive
974 5613 1202 5669 fideliter
1232 5631 1245 5668 :
1283 5613 1403 5669 Iota
1431 5631 1614 5682 unum,
1636 5629 1736 5672 no-

159 5722 280 5762 men
305 5706 496 5760 litterae
535 5723 548 5759 :
586 5703 678 5773 qui
703 5718 812 5758 uno
843 5705 1005 5760 ducto
1032 5705 1111 5769 fit,
1142 5706 1274 5761 deca
1305 5707 1516 5772 littera,
1544 5709 1596 5762 id
1626 5717 1731 5775 est,

159 5799 340 5859 decem
366 5802 530 5856 verba
561 5799 716 5869 legis,
742 5799 882 5870 apud
909 5799 1128 5856 Graecos
1159 5823 1189 5856 κ
1218 5800 1428 5865 litteras,
1455 5802 1598 5872 quod
1639 5819 1737 5859 nos

436 5895 707 5956 Par-non.
753 5892 972 5955 CXIV.

1759 4567 1810 4629 D

1850 2069 1904 2126 id
1939 2081 2041 2138 est,
2073 2072 2127 2126 in
2157 2071 2449 2141 diejudicii
2483 2090 2495 2125 :
2527 2071 2726 2138 Racha,
2760 2073 2813 2127 id
2849 2082 2951 2138 est,
2980 2087 3180 2128 vacuus
3209 2073 3292 2128 vel
3316 2074 3431 2127 ina-

1847 2163 1953 2218 nis.
1984 2161 2177 2227 Fatue,
2210 2163 2264 2218 id
2303 2171 2389 2218 est
2417 2163 2536 2218 sine
2575 2164 2842 2220 cerebro:
2886 2181 3002 2219 reus
3043 2164 3140 2219 erit
3182 2164 3430 2234 gehennae

1846 2257 2007 2326 ignis,
2035 2256 2088 2310 id
2117 2264 2220 2323 est,
2247 2256 2489 2327 gehenna
2520 2255 2712 2326 duplex
2738 2271 2916 2326 poena,
2933 2271 3000 2311 eo
3026 2256 3168 2326 quod
3193 2256 3430 2336 animam

1847 2355 1901 2402 et
1931 2362 2128 2419 corpus
2162 2349 2335 2418 punit.
2785 2354 2793 2358 ’

1918 2437 1977 2494 Si
2007 2440 2193 2510 offeres
2225 2457 2412 2494 munus
2434 2449 2580 2493 tuum
2609 2441 2676 2494 ad
2717 2438 2908 2504 altare,
2934 2446 2990 2494 et
3014 2437 3222 2508 reliqua
3253 2455 3266 2493 :
3300 2438 3428 2492 vade

1846 2533 2176 2588 reconciliari
2226 2534 2381 2604 fratri
2419 2544 2529 2597 tuo,
2569 2534 2623 2589 id
2667 2540 2749 2588 est
2799 2547 3037 2599 munus,
3093 2533 3424 2597 orationem,

1843 2626 2176 2682 oblationem
2199 2635 2294 2682 aut
2319 2627 2570 2697 teipsum,
2604 2627 2671 2681 ad
2711 2626 3144 2682 communionem
3173 2625 3368 2681 offeres
3399 2639 3414 2677 :

1842 2735 2124 2791 nunquam
2167 2720 2235 2776 ad
2279 2719 2580 2775 Ecelesiam
2636 2717 2960 2774 veniendum
3004 2725 3109 2782 est,
3141 2730 3422 2786 usquequo

1841 2815 1997 2870 fratri
2021 2831 2127 2871 non
2159 2813 2598 2870 reconciliaberis
2627 2828 2642 2867 :
2669 2811 2900 2882 relinque
2919 2811 2990 2866 ibi
3001 2827 3193 2866 munus
3223 2821 3409 2864 tuum:

1839 2905 2109 2976 quomodo
2130 2905 2233 2960 hoc
2258 2903 2538 2975 impletum
2557 2904 2682 2969 erit,
2705 2903 2912 2973 pariter
2936 2902 3126 2958 ambos
3157 2901 3418 2970 increpat,

1839 2998 1886 3055 si
1911 2999 2074 3054 estin
2117 2997 2423 3068 propinquo
2459 2997 2618 3062 bene,
2642 3004 2697 3050 et
2738 2995 2784 3051 si
2813 2995 2988 3064 longe,
3015 3002 3195 3050 mente
3238 3001 3420 3049 tamen

1840 3090 2000 3144 debet
2047 3087 2434 3152 reconciliare,
2479 3094 2536 3141 et
2575 3085 2687 3156 jam
2717 3086 2861 3156 quod
2891 3087 3096 3141 dictum
3143 3093 3264 3150 est,
3295 3099 3420 3140 cum

1838 3183 2092 3239 omnibus
2125 3181 2435 3238 hominibus
2480 3196 2668 3250 pacem
2705 3179 2927 3236 habere.

1911 3295 2040 3350 Esto
2056 3304 2378 3349 consentiens
2409 3292 2831 3347 adversariotuo.
2855 3290 2910 3344 Id
2933 3297 3017 3345 est
3046 3288 3420 3361 Evangelium,

1838 3389 1964 3443 dum
1988 3405 2042 3442 es
2067 3387 2122 3441 in
2150 3387 2230 3441 ria
2252 3403 2370 3440 cum
2393 3403 2471 3449 eo,
2499 3385 2552 3439 id
2583 3392 2667 3439 est
2694 3384 2750 3439 in
2778 3383 2882 3439 ista
2918 3383 3045 3447 vita,
3080 3384 3195 3438 sive
3222 3385 3418 3440 adver-

1837 3481 1984 3536 sario
2013 3488 2106 3535 tuo
2133 3478 2370 3542 diabolo,
2399 3485 2457 3532 ut
2483 3493 2588 3533 non
2622 3475 2792 3531 facias
2834 3475 2978 3546 quod
3017 3477 3264 3548 suggerit
3299 3477 3418 3543 tibi,

1835 3585 1906 3626 ne
1931 3570 2031 3625 sibi
2056 3579 2248 3641 augeat
2277 3583 2436 3639 paena
2468 3583 2566 3638 pro
2602 3576 2692 3622 tuo
2720 3576 2946 3636 peccato
2980 3581 2996 3620 :
3031 3567 3076 3621 si
3107 3566 3284 3622 infans
3307 3569 3420 3638 gla-

1835 3664 1986 3719 dium
2029 3664 2186 3734 pctit,
2211 3679 2315 3718 non
2347 3663 2397 3718 ei
2431 3661 2698 3731 porrigas,
2731 3660 2873 3714 unde
2905 3675 2963 3715 se
3003 3668 3225 3731 pungat,
3257 3669 3312 3714 et
3341 3662 3420 3716 sic

1835 3756 1885 3811 ei
1913 3755 2208 3818 consentis,
2239 3771 2302 3807 ne
2331 3753 2466 3822 forte
2493 3752 2829 3806 adversarius
2857 3751 3036 3805 tradat
3060 3761 3110 3805 te
3140 3750 3336 3821 judici,
3365 3751 3421 3806 id

1835 3861 1922 3910 est
1947 3867 2014 3908 ne
2045 3851 2136 3906 lex
2180 3847 2458 3919 Evangelii
2490 3847 2669 3902 tradat
2701 3855 2751 3901 te
2797 3845 3014 3901 Christo
3038 3845 3206 3917 judici
3243 3863 3257 3900 :
3288 3845 3417 3916 quia

1836 3958 1945 3998 non
1976 3939 2323 3996 consentistis
2348 3936 2664 4006 Evangelia,
2692 3935 2964 4000 ministro,
2999 3935 3051 3989 id
3081 3944 3165 3990 est
3195 3936 3410 4007 angelo,

1834 4034 1928 4103 qui
1968 4033 2178 4086 animas
2209 4031 2261 4085 in
2309 4044 2525 4100 poenam
2555 4029 2724 4082 mittit
2756 4027 2812 4083 in
2843 4042 3142 4092 carcerem,
3177 4027 3229 4082 id
3254 4036 3339 4084 est
3364 4029 3420 4083 in

1837 4121 2127 4177 infernum.

1911 4237 2035 4294 Non
2073 4238 2212 4293 exies
2241 4236 2382 4300 inde,
2416 4235 2467 4290 id
2493 4242 2577 4290 est
2605 4234 2731 4305 quia
2767 4234 2834 4290 de
2864 4232 3074 4289 inferno
3104 4247 3264 4288 nemo
3292 4233 3417 4299 erit,

1836 4331 2010 4388 donec
2052 4329 2406 4385 novissimum
2445 4329 2800 4397 quadrantem
2836 4327 3032 4382 reddat
3063 4344 3075 4380 :
3108 4326 3292 4391 donec,
3322 4342 3418 4397 pro

1836 4441 2040 4496 semper
2065 4424 2361 4494 accipitur;
2392 4423 2669 4494 quadrans
2689 4431 2794 4487 est,
2817 4431 3008 4493 quarta
3034 4437 3162 4492 pars
3185 4423 3418 4488 nummi.

1836 4533 1956 4589 quae
1975 4533 2072 4587 pro
2093 4517 2362 4571 lavatione
2391 4516 2444 4570 in
2473 4516 2720 4572 mercede
2751 4515 2930 4578 datur,
2956 4515 3039 4569 vel
3071 4531 3167 4585 pro
3195 4516 3419 4570 minimo

1837 4616 2062 4681 peccato
2102 4606 2301 4662 dicitur
2333 4625 2345 4660 :
2380 4605 2734 4677 quadrantem
2785 4605 3010 4660 reddere
3057 4605 3110 4658 in
3148 4604 3417 4658 infernum

1840 4699 2007 4765 mitti,
2036 4697 2120 4753 vel
2166 4697 2291 4768 quia
2337 4698 2499 4752 homo
2535 4697 2602 4752 de
2647 4705 2880 4766 quatuor
2927 4697 3209 4751 elementis
3245 4694 3422 4752 factus

1838 4800 1943 4847 est.
1989 4789 2230 4845 Audistis
2260 4789 2385 4860 quia
2429 4789 2633 4844 dictum
2660 4797 2743 4842 est
2782 4787 3038 4858 antiquis,
3067 4802 3171 4842 non
3204 4789 3418 4842 mecha-

1837 4882 2020 4946 heris,
2075 4880 2126 4935 id
2164 4889 2246 4934 est
2287 4895 2393 4934 non
2447 4879 2816 4933 adulterabiS'
2848 4878 2939 4948 qui
2986 4877 3184 4933 viderit
3229 4879 3422 4933 mulie-

1837 4989 1952 5030 rem
1985 4974 2052 5028 ad
2095 4972 2582 5042 concupiscendum
2631 4985 2774 5034 eam,
2816 4969 2922 5024 duo
2965 4972 3420 5040 concupiscentiae

1834 5073 1994 5130 sunt,
2022 5062 2197 5134 prima
2228 5077 2390 5132 quam
2435 5061 2480 5114 si
2519 5059 2854 5129 possibilitas
2882 5069 3141 5130 sequatur
3171 5060 3418 5124 aﬂ'ectus,

1841 5159 2022 5229 operis
2045 5173 2154 5212 non
2179 5155 2426 5226 sequitur
2460 5167 2474 5205 :
2507 5151 2747 5207 secunda
2783 5166 2904 5223 qua:
2930 5163 3344 5208 consummatur
3372 5155 3418 5208 si

1833 5246 2163 5319 possibilitas
2211 5252 2445 5314 supetat,
2483 5242 2790 5298 moechatus
2816 5283 2832 5309 ,
2876 5243 2931 5296 in
2969 5258 3222 5315 corpore,
3257 5251 3313 5298 et
3362 5243 3416 5298 in

1835 5337 2000 5392 corde
2037 5334 2112 5388 fit.

1898 5425 1957 5483 Si
1995 5407 2326 5480 oculustuus
2369 5423 2551 5478 dexter
2578 5423 2907 5494 scandalizat
2950 5433 3019 5489 te,
3045 5440 3170 5479 erue
3208 5439 3325 5479 eum
3367 5433 3418 5478 et

1837 5520 2036 5592 projice
2059 5518 2150 5572 abs
2173 5525 2240 5571 te.
2268 5515 2324 5571 ld
2351 5523 2456 5583 est,
2475 5516 2729 5588 princeps
2754 5518 2839 5572 vel
2873 5517 3064 5573 doctor
3089 5525 3230 5580 tuus,
3263 5502 3428 5583 erue,

1837 5613 1893 5669 id
1923 5621 2008 5667 est
2033 5625 2224 5681 separa
2255 5624 2379 5664 eum
2406 5623 2437 5662 a
2479 5617 2551 5674 te,
2590 5609 2634 5663 si
2669 5617 2720 5664 te
2751 5609 2816 5665 de
2843 5608 2938 5663 Dei
2968 5607 3190 5662 servitio
3231 5605 3423 5676 probi—-

1836 5710 2052 5775 huerit;
2083 5724 2248 5763 unum
2278 5708 2580 5763 membrum
2610 5713 2780 5766 tuum,
2811 5701 2864 5754 id
2885 5708 2967 5754 est
2995 5697 3189 5752 melius
3214 5707 3298 5753 est
3321 5697 3414 5754 tibi

1839 5813 1900 5859 ut
1940 5803 2192 5873 princeps
2225 5809 2433 5873 pereat,
2463 5812 2624 5870 quam
2681 5808 2802 5849 cum
2837 5792 2928 5845 illo
2957 5791 3118 5844 vadas
3165 5789 3218 5844 in
3251 5788 3420 5849 infer-

2817 5879 2898 5942 28
