3948 6328
497 365 602 423 875

995 350 1389 413 WALAFBIDI
1429 350 1679 408 STRABI
1718 346 1923 406 FULD.
1961 343 2130 401 MON.
2175 341 2326 397 Li’i’.
2370 337 2551 395 PARS
2590 337 2633 394 l.
2670 368 2740 379 —-
2779 330 3242 394 THEOLOGICA.

3682 334 3775 392 876

497 493 630 535 num
656 493 667 528 :
702 472 904 537 oculus,
935 469 986 523 id
1015 478 1118 534 est,
1147 464 1476 521 desiderium
1514 471 1685 527 tuum,
1717 462 1842 531 quia
1880 472 2076 526 corpus
2103 461 2155 519 Α
2184 461 2303 517 tor,
2335 458 2391 505 et
2428 450 2709 506 mendicus
2735 466 2749 501 τ
2783 450 2914 504 dicit
2948 451 3243 513 Dominus,
3274 450 3333 505 et
3368 462 3598 514 servus,
3628 450 3776 509 simul

498 586 597 643 pro
643 568 791 622 illum
839 563 890 619 in
918 563 1163 633 gelienna
1211 557 1441 613 mittitur
1476 573 1488 609 :
1534 556 1746 609 dextera
1777 570 1985 616 manus,
2027 551 2080 605 id

494 674 601 731 est,
647 661 896 716 minister
943 664 1037 711 aut
1084 655 1163 708 ira
1214 662 1304 708 tua
1348 669 1361 704 :
1404 648 1729 705 scandalizat
1774 658 1841 712 te,
1892 646 1944 701 id
1975 652 2078 710 est,

496 754 725 814 emenda
762 768 793 805 a
823 759 914 806 te:
955 763 1164 809 manus,
1192 745 1246 799 id
1280 751 1378 807 est,
1418 757 1550 815 opus
1576 740 1777 795 malum
1806 738 2042 793 abscide.

572 846 696 901 Non
736 845 942 915 jurare,
988 839 1041 893 id
1086 846 1204 901 est,
1252 850 1356 890 non
1407 832 1713 904 perjurare;
1758 846 1862 884 non
1895 829 2082 899 jurare

498 941 731 1002 omnino,
780 935 831 989 id
863 941 947 988 est
990 944 1261 998 nunquam
1288 925 1512 996 jut‘are;
1558 940 1719 995 neque
1764 938 1854 993 per
1894 919 2080 974 (celum

497 1032 620 1103 quia
652 1028 788 1083 sedis
823 1035 895 1079 est
928 1022 1058 1086 Dei,
1093 1019 1251 1074 aliter
1297 1026 1399 1082 est,
1434 1024 1551 1081 est;
1598 1030 1700 1067 non
1748 1028 1874 1103 non,
1917 1009 1971 1063 id
1998 1016 2082 1064 est

498 1101 719 1179 verbum
754 1116 858 1174 dici
904 1117 955 1171 in
988 1129 1082 1168 ore
1111 1120 1167 1167 et
1205 1110 1258 1164 in
1296 1109 1493 1173 corde;
1531 1104 1670 1177 quod
1714 1101 1936 1173 amplius
1980 1110 2079 1164 est,

497 1234 531 1270 a
560 1214 699 1268 molo
722 1223 817 1277 est,
843 1210 894 1265 id
924 1216 1025 1271 est,
1060 1221 1123 1261 ex
1158 1202 1476 1273 indignitate
1506 1198 1668 1264 illius,
1699 1195 1785 1252 cui
1826 1210 1931 1249 non
1961 1207 2083 1248 cre-

498 1309 663 1363 ditur.

572 1396 797 1454 Oculum
828 1411 921 1466 pro
945 1390 1117 1457 oculo,
1143 1390 1317 1453 idest,
1346 1403 1452 1442 non
1482 1384 1708 1441 reddere
1740 1382 1939 1437 malum
1980 1394 2082 1450 pro

501 1495 643 1551 malo
669 1511 681 1547 :
705 1493 749 1546 si
771 1490 886 1561 quis
906 1484 1215 1558 percusserit
1247 1492 1294 1535 te
1324 1482 1376 1535 in
1399 1481 1667 1534 dexteram
1691 1475 1986 1538 maxillam,
2026 1473 2080 1528 id

499 1597 615 1651 est,
632 1585 677 1640 si
709 1580 992 1637 haereticus
1023 1572 1351 1647 percusserit
1382 1578 1433 1627 te
1461 1571 1511 1624 in
1534 1569 1726 1637 dogma
1756 1566 1909 1621 malae
1938 1565 2079 1621 scri-

499 1686 693 1750 pturie,
728 1672 907 1743 praebe
947 1669 1023 1723 illi
1063 1667 1167 1721 alia
1206 1666 1396 1735 dogma
1440 1660 1634 1717 divina:
1676 1658 1980 1750 scripturae,
2013 1653 2082 1709 ad

499 1748 789 1823 vivendum
830 1778 843 1816 :
882 1762 971 1832 qui
1006 1758 1110 1814 vult
1147 1756 1378 1810 tunicam
1418 1760 1563 1806 tuam
1610 1748 1823 1813 tollere,
1879 1748 1933 1801 id
1972 1753 2079 1810 est,

2185 543 2370 599 dicunt
2404 541 2564 596 Pater
2594 553 2790 607 noster,
2828 557 2958 611 ergo
2985 542 3075 612 qui
3105 559 3271 596 unum
3304 551 3521 613 patrem
3563 545 3775 610 habent,

2183 635 2383 692 fratres
2418 643 2542 692 sunt
2572 653 2584 689 :
2621 635 2742 690 ideo
2778 646 2882 690 non
2912 637 3233 705 dedignetur
3266 635 3538 691 Dominus
3571 651 3775 695 servum

2186 741 2344 783 suum
2371 728 2593 780 fratrem
2617 725 2841 790 habere,
2866 738 3026 795 quem
3050 725 3314 780 Dominus
3333 724 3595 781 Christus
3621 726 3781 784 frater

2184 816 2353 873 voluit
2390 832 2531 881 esse,
2564 823 2619 870 et
2644 814 2725 870 sic
2756 814 3041 880 faciamus,
3073 826 3134 869 ut
3158 815 3405 873 haeredes
3424 818 3581 888 patri
3610 821 3776 888 possi-

2185 926 2306 967 mus
2354 925 2503 976 esse,
2548 925 2676 964 nam
2728 916 2786 964 et
2829 908 2913 964 lex
2968 910 3234 976 humana,
3285 909 3623 967 baereditare
3662 912 3779 970 facit

2186 1005 2349 1061 ﬁlios.

2256 1098 2627 1168 Sanctiﬁcetur
2652 1115 2843 1154 nomen
2871 1109 3022 1154 tuum
3046 1113 3064 1152 :
3094 1101 3184 1155 hic
3210 1117 3489 1175 rogamus,
3523 1112 3587 1160 ut
3617 1107 3676 1161 in
3704 1123 3778 1163 no-

2183 1191 2272 1248 bis
2310 1190 2712 1257 sanctiﬁcetur,
2761 1189 2814 1244 id
2854 1199 2939 1246 est
2979 1191 3033 1246 in
3073 1193 3330 1262 operibus
3370 1197 3616 1264 nostris;
3669 1215 3778 1253 nam

2185 1278 2303 1349 ejus
2349 1296 2547 1336 nomen
2592 1294 2808 1351 semper
2854 1290 3106 1337 sanctum
3154 1292 3269 1350 est,
3330 1284 3520 1341 Veniat
3572 1305 3778 1359 regunt

2184 1382 2357 1438 tuum,
2394 1373 2449 1428 id
2486 1382 2572 1428 est
2606 1374 2746 1428 sicut
2778 1383 2969 1444 Optant
2999 1375 3096 1432 lilii
3130 1392 3354 1450 regnum
3396 1384 3549 1450 patri
3584 1399 3711 1451 suo,
3735 1396 3781 1441 et

2185 1460 2261 1516 ita
2281 1469 2338 1516 et
2360 1477 2461 1518 nos
2485 1477 2728 1528 oramus,
2751 1472 2812 1519 ut
2840 1464 2933 1520 ille
2957 1477 3145 1537 regnet
3177 1468 3232 1523 in
3259 1470 3420 1526 nobis
3446 1482 3506 1527 et
3540 1490 3653 1530 non
3677 1478 3781 1532 dia-

2156 1551 2343 1622 ,bolus
2386 1570 2397 1606 :
2444 1552 2535 1608 ille
2574 1562 2629 1608 et
2673 1568 2781 1611 non
2815 1565 3135 1624 peccatum,
3185 1560 3303 1616 sive
3341 1561 3633 1630 Ecclesia,
3676 1567 3779 1623 sive

2183 1642 2558 1715 Evangelium.

2253 1731 2380 1788 Fiat
2414 1734 2653 1790 voluntas
2678 1745 2796 1803 tua,
2821 1745 2879 1793 et
2916 1738 3153 1810 reliqua,
3175 1752 3281 1797 etc.
3321 1741 3478 1801 Sicut
3514 1749 3700 1820 angeli
3732 1751 3779 1805 in

500 1860 706 1916 crimen
737 1825 959 1926 quodin
994 1860 1046 1905 te
1070 1847 1319 1904 homines
1350 1836 1530 1900 sciunt
1557 1843 1623 1898 de
1655 1850 1729 1907 te,
1755 1838 2077 1910 dispoliare:
2110 1825 2327 1926 B‘ctlilo
2354 1826 2473 1926 sine
2495 1826 2653 1926 culpa
2682 1827 3016 1926 l'amulautur
3043 1832 3212 1926 itaet
3244 1851 3376 1905 nos;
3416 1838 3506 1894 vel
3555 1842 3701 1897 δῆσαι
3732 1845 3779 1897 in

430 1938 431 1941 η
499 1953 703 2006 dimitte
739 1958 786 2002 et
824 1943 1066 2016 pallium,
1098 1942 1153 1995 id
1180 1946 1262 1994 est
1300 1938 1527 2000 crimen,
1573 1933 1728 2003 cujus
1762 1933 1909 1989 solus
1953 1945 2081 1986 con-

499 2042 646 2098 scius
674 2054 735 2093 es
767 2037 834 2092 da
867 2035 919 2090 ei
946 2030 1348 2088 confessionem
1375 2044 1388 2080 :
1416 2036 1462 2080 et
1487 2025 1531 2080 si
1575 2024 1691 2095 quis
1736 2034 1786 2078 te
1832 2022 2082 2093 angaria-

499 2133 630 2187 oerit
671 2127 830 2182 millia
869 2139 1075 2195 passus,
1106 2119 1237 2174 vade
1265 2132 1384 2172 cum
1421 2115 1513 2170 illo
1555 2114 1664 2169 alia
1706 2112 1871 2178 mille,
1913 2111 1968 2167 id
1998 2120 2084 2167 est

500 2231 562 2276 ut
589 2218 788 2281 uieris
827 2226 1074 2284 corpore,
1102 2211 1236 2265 vade
1263 2218 1320 2263 et
1356 2214 1537 2262 mente
1563 2224 1576 2259 :
1610 2205 1700 2275 qui
1730 2204 1854 2275 petit
1880 2221 1915 2257 a
1939 2211 1988 2256 te
2011 2202 2082 2255 da

500 2317 569 2383 ei,
606 2315 655 2369 id
689 2320 774 2368 est
808 2309 899 2381 qui
942 2308 1229 2375 interogat,
1269 2303 1352 2358 dic
1382 2303 1433 2357 ei
1470 2319 1482 2353 :
1513 2300 1629 2355 sive
1672 2298 1920 2370 pauperi,
1948 2297 2082 2369 sely-

502 2410 730 2463 mosina.

572 2502 779 2553 Dictum
803 2505 878 2551 est
901 2492 1152 2563 antiquis,
1177 2488 1352 2559 diligis
1375 2485 1671 2557 proximum
1694 2491 1864 2546 tuum,
1888 2489 1938 2536 et
1960 2480 2082 2534 odio

508 2588 718 2643 habebis
756 2584 1027 2640 inimicum
1048 2592 1195 2634 tuum
1216 2594 1235 2633 :
1257 2575 1527 2647 quomodo
1552 2574 1710 2639 dixit,
1732 2586 1841 2628 non
1870 2570 2083 2627 solvere

500 2681 669 2750 legem
713 2693 726 2729 :
774 2683 919 2730 recte
958 2669 1162 2741 implet,
1192 2668 1319 2739 quia
1351 2666 1407 2720 in
1447 2673 1630 2720 vetere
1658 2662 1811 2730 dicit,
1854 2661 1923 2718 de
1961 2660 2081 2717 dia-

499 2772 642 2835 bolo,
680 2768 959 2824 inimicum
997 2763 1155 2818 odire
1186 2777 1200 2813 :
1238 2760 1328 2815 hic
1367 2766 1548 2814 autem
1591 2755 1659 2813 de
1693 2765 1926 2825 utroque
1968 2762 2081 2809 tres

501 2864 677 2919 modis
705 2861 977 2931 diligimus
998 2855 1277 2919 inimicos;
1306 2850 1487 2918 corde,
1510 2850 1602 2921 qui
1633 2864 1731 2904 nos
1750 2848 1914 2906 corde
1944 2846 2078 2913 odit;

501 2973 663 3029 opere
706 2956 843 3010 bene
881 2952 1082 3017 facere,
1130 2949 1204 3005 illi
1250 2949 1343 3021 qui
1392 2962 1492 3002 nos
1535 2961 1667 3017 oper
1703 2942 2078 3016 persequitur;

500 3064 659 3107 orare
682 3048 879 3112 verbo;
916 3044 1008 3117 qui
1043 3057 1142 3097 nos
1170 3042 1338 3095 verbo
1366 3038 1658 3094 criminant
1690 3053 1705 3090 :
1745 3034 2083 3091 calumnian-

504 3141 643 3194 tibus
668 3137 839 3202 vobis,
880 3134 932 3189 id
966 3141 1071 3198 est,
1102 3130 1238 3185 falsa
1278 3128 1574 3193 accusatio,
1604 3134 1666 3182 ut
1701 3125 1822 3183 sitis
1856 3124 1955 3180 lilii
1984 3138 2081 3194 pa-

2186 1918 2494 1985 animabus,
2522 1917 2598 1974 ita
2617 1927 2672 1974 et
2698 1921 2751 1974 in
2783 1935 3033 1991 corpore,
3063 1924 3149 1979 vel
3179 1927 3323 1982 sicut
3349 1928 3685 1998 Christiani,
3712 1935 3778 1989 ita

2183 2009 2449 2076 haeretici,
2483 2009 2624 2066 sicut
2662 2010 2924 2080 Ecclesia,
2954 2014 3029 2069 ita
3059 2030 3355 2091 synagoga,
3383 2021 3535 2077 sicut
3555 2020 3774 2091 iustitia,

2183 2102 2258 2158 ita
2280 2111 2587 2173 peccatum,
2610 2115 2953 2173 convertant,
2980 2117 3039 2162 ut
3066 2108 3173 2165 illis
3184 2111 3294 2182 θῆαι
3310 2112 3578 2171 voluntas
3603 2126 3714 2172 tua.

2256 2195 2459 2254 Panem
2489 2208 2725 2255 nostrum
2745 2201 3109 2271 quotidianum
3134 2219 3153 2258 :
3181 2205 3237 2261 id
3275 2216 3361 2263 est
3395 2212 3554 2266 omni
3580 2212 3671 2268 die
3693 2229 3777 2269 us-

2184 2303 2292 2359 que
2331 2291 2400 2346 ad
2438 2300 2603 2360 caput
2630 2292 2754 2347 anui
2791 2310 2807 2345 :
2841 2292 3029 2362 hodie,
3066 2295 3120 2349 id
3148 2305 3233 2351 est
3268 2314 3537 2371 semper:
3574 2321 3771 2375 panem,

2186 2380 2245 2435 id
2276 2389 2363 2436 est
2392 2380 2674 2437 Christum
2694 2423 2710 2449 ,
2742 2383 2823 2438 sic
2857 2399 3022 2456 agere
3048 2387 3344 2457 debemus,
3377 2402 3441 2447 ut
3480 2409 3615 2450 eum
3653 2416 3777 2469 quo.

2186 2472 2319 2527 tidie
2357 2473 2630 2542 possimus
2676 2475 2925 2545 accipere
2970 2478 3038 2533 ad
3088 2480 3419 2537 remedium.
3470 2486 3547 2540 Et
3587 2490 3777 2547 dimitts

2186 2563 2365 2633 nobis,
2397 2572 2453 2620 et
2480 2565 2728 2637 reliqua:
2762 2568 2850 2622 hic
2879 2571 3186 2629 cautionem
3214 2590 3339 2635 cun
3361 2576 3485 2636 Deo
3514 2579 3742 2641 laciniis

2184 2653 2229 2710 si
2266 2655 2602 2713 dimittimiui
2631 2657 2925 2715 dimittitur
2952 2662 3126 2720 vobis.

2260 2748 2331 2802 Et
2368 2766 2432 2804 ne
2466 2767 2560 2804 nos
2587 2750 2807 2805 inducas
2835 2752 2890 2806 in
2923 2756 3281 2812 tentationem.
3320 2759 3485 2818 Sicut
3518 2766 3775 2825 seduxiin

2186 2840 2434 2898 homines
2462 2842 2516 2898 in
2545 2842 2774 2910 diluvio,
2802 2845 2889 2899 vel
2913 2844 3035 2903 illos
3064 2848 3121 2904 in
3148 2848 3389 2908 Sodoma
3407 2895 3425 2920 ,
3462 2859 3557 2912 vel
3587 2859 3775 2919 Farau-

2183 2952 2312 2992 nem
2340 2937 2396 2992 in
2425 2953 2607 3004 mare,
2643 2938 2759 2996 sive
2788 2940 2843 2996 in
2875 2942 3180 3000 tentatioue
3203 2946 3446 3016 diaboli,
3482 2962 3589 3008 aut
3612 2956 3774 3012 δοιῇ-

2185 3044 2314 3084 num
2342 3030 2586 3087 insidias.

2257 3118 2361 3176 Sed
2391 3121 2556 3178 libera
2577 3140 2671 3181 nos
2703 3141 2737 3181 a
2766 3127 2930 3181 malo.
2961 3127 3019 3183 ld
3041 3137 3125 3185 est
3146 3145 3181 3187 a
3204 3131 3449 3202 diabolo,
3479 3151 3512 3192 a
3535 3150 3773 3208 peccato,

502 3234 602 3289 iris
630 3194 901 3296 vestri,'et
936 3194 1164 3296 reliqua,
1204 3223 1256 3278 id
1282 3230 1386 3288 est,
1425 3220 1580 3292 quasi
1614 3219 1809 3292 aliquis
1833 3225 2080 3290 portasse
2107 3194 2153 3257 C
2185 3214 2254 3270 ab
2300 3214 2520 3271 homine
2558 3217 2702 3272 malo
2739 3236 2752 3273 :
2796 3220 2914 3276 haec
2963 3230 3171 3293 septem
3216 3227 3505 3285 orationes
3554 3243 3773 3302 quatuor

423 3344 435 3356 ··
503 3340 701 3381 aurum
735 3330 1016 3394 argentum
1058 3317 1219 3373 nobis
1251 3331 1263 3367 :
1299 3322 1357 3369 et
1393 3312 1438 3367 si
1477 3311 1848 3368 maledixisset
1885 3324 1985 3365 nos
2026 3315 2082 3362 et

498 3416 875 3489 percussisset,
911 3409 1261 3467 dilexerimus
1299 3419 1447 3469 eum,
1480 3412 1683 3458 etcum
1721 3401 1811 3457 illa
1845 3399 2077 3456 defecis-

499 3521 637 3586 sent,
671 3518 727 3563 et
764 3521 863 3562 nos
898 3501 1315 3564 delecessimus,
1356 3497 1477 3552 ideo
1507 3493 1934 3586 nonﬂdeliciente
1968 3494 2080 3586 vita

496 3584 855 3672 promittitur,
899 3595 991 3666 qui
1039 3591 1209 3648 solem
1254 3603 1409 3644 suum
1452 3594 1508 3642 et
1554 3585 1763 3657 reliqua
1799 3599 1814 3639 :
1851 3593 1907 3640 et
1946 3584 2082 3657 pluit

499 3707 662 3761 super
692 3688 900 3758 iustos,
944 3684 1070 3754 quia
1111 3684 1164 3737 in
1202 3689 1433 3749 utroque
1462 3685 1607 3732 totus
1645 3676 1877 3730 mundus
1907 3677 2079 3731 conti-

499 3789 658 3835 netur
690 3795 704 3831 :
743 3777 799 3831 in
838 3773 973 3839 sole,
1000 3772 1171 3835 arida,
1199 3778 1254 3824 et
1278 3768 1451 3824 calida
1484 3784 1501 3823 :
1538 3766 1592 3821 in
1625 3764 1826 3837 pluvia,
1858 3765 2077 3821 humida

498 3879 554 3924 et
588 3867 803 3938 grigida
832 3883 847 3919 :
884 3865 951 3920 de
978 3862 1064 3919 his
1092 3869 1327 3932 quatuor
1368 3857 1545 3913 factus
1589 3865 1675 3911 est
1708 3855 1972 3923 mundus;
1999 3855 2078 3911 sic

498 3976 599 4019 nos
632 3960 887 4015 debemus
914 3956 1042 4011 dare
1080 3951 1314 4008 inimicis
1348 3950 1548 4005 nostris
1578 3948 1756 4004 cibum
1783 3957 1838 4004 et
1864 3960 2073 4019 powm,

494 4053 873 4110 vestimentum
903 4056 957 4103 et
981 4047 1225 4109 verbum,
1254 4043 1577 4098 dilectionis.

567 4143 625 4201 Si
652 4143 789 4197 enim
820 4138 1038 4209 diligitis
1075 4152 1181 4201 eos,
1209 4144 1265 4191 et
1294 4134 1501 4205 reliqua
1539 4148 1553 4187 :
1585 4132 1912 4188 Pnblicanus
1942 4132 2076 4187 dici-

494 4247 606 4304 tur,
664 4234 791 4306 quia
838 4230 1049 4303 publice
1099 4234 1325 4298 peccat,
1373 4234 1467 4279 aut
1509 4226 1603 4295 qui
1651 4240 1764 4280 rem
1806 4224 2074 4296 publicam

496 4330 609 4401 agit
649 4345 662 4380 :
706 4324 930 4389 ethnici,
973 4320 1222 4393 gentilis;
1262 4326 1434 4373 estote
1484 4316 1736 4387 perfecti,
1786 4316 1839 4371 id
1877 4326 1982 4383 est,
2015 4324 2075 4372 ut

494 4418 746 4494 perfecta:
774 4417 889 4470 haec
928 4410 1219 4483 impleatis,
1260 4408 1313 4462 in
1352 4407 1729 4478 eleemosynis,
1759 4407 1811 4462 in
1832 4405 2072 4477 jejuniis,

497 4513 548 4567 in
594 4506 969 4566 orationibus:
1012 4520 1073 4557 ne
1102 4516 1279 4555 coram
1329 4498 1625 4552 hominibus
1669 4499 1965 4565 videamini,
2018 4498 2072 4555 id
2101 4542 2131 4567 _.

2184 3320 2501 3361 communes
2528 3315 2654 3363 sunt
2681 3310 2955 3376 omnibus,
2988 3320 3046 3367 ut
3078 3323 3284 3384 septem
3317 3321 3517 3388 gratia:
3549 3322 3771 3395 Spiritus

2182 3394 2358 3449 sancti
2390 3405 2599 3452 orasset
2638 3417 2651 3452 :
2697 3408 2805 3456 tres
2848 3402 3136 3472 petitiones
3163 3408 3230 3463 ad
3260 3394 3772 3487 cmlestiamiperti-

2182 3494 2338 3553 nent,
2391 3488 2446 3543 id
2499 3499 2584 3547 est
2623 3493 2993 3550 sanctiﬁcetur
3043 3512 3241 3555 nomen
3298 3511 3477 3572 tuum,
3532 3510 3769 3565 adveniat

2179 3590 2405 3649 regnum
2449 3584 2621 3647 tuum,
2654 3582 2748 3637 ﬁat
2784 3583 3036 3644 voluntas
3074 3597 3195 3659 tua;
3227 3600 3469 3663 quatuor
3505 3597 3582 3653 ad
3624 3601 3769 3658 istam

2178 3670 2366 3728 vitam.

2250 3763 2381 3817 Cum
2429 3775 2601 3820 autem
2637 3767 2982 3839 jejunaverit,
3027 3782 3083 3829 et
3125 3774 3381 3847 reliqua:
3423 3787 3766 3840 exterminant

2177 3855 2340 3926 facies
2370 3874 2512 3912 suas.
2529 3859 2586 3913 ld
2609 3872 2693 3915 est
2714 3863 3105 3936 transﬁgurant
3123 3883 3203 3936 se,
3220 3867 3275 3924 id
3298 3882 3465 3928 estut
3492 3877 3765 3934 videantur

2178 3950 2246 4005 ab
2281 3951 2591 4008 hominibus
2619 3954 2745 4024 quia
2773 3954 3032 4026 'jejunant
3071 3973 3085 4012 :
3127 3976 3260 4031 unge
3302 3976 3467 4036 caput
3506 3979 3691 4035 tuum,
3724 3982 3760 4024 et

2176 4041 2295 4098 lava
2323 4044 2512 4115 faciem
2538 4057 2682 4104 tuam
2700 4089 2715 4115 ,
2748 4049 2800 4106 id
2829 4060 2913 4107 est
2939 4053 3081 4122 quod
3110 4054 3340 4112 Domino
3374 4059 3512 4115 dare
3544 4064 3659 4128 vis,
3687 4065 3763 4134 qui

2177 4144 2261 4190 est
2295 4148 2455 4206 caput
2487 4147 2656 4208 tuum,
2688 4143 2935 4213 proximo
2966 4153 3061 4201 tuo
3102 4147 3171 4202 da
3200 4163 3216 4202 :
3256 4150 3367 4205 noli
3406 4152 3761 4213 rhenum:

2175 4227 2232 4280 in
2257 4237 2396 4283 terra
2416 4270 2429 4296 ,
2458 4230 2510 4285 id
2545 4240 2629 4288 est
2654 4233 2708 4288 in
2734 4236 2904 4303 cmlo,
2938 4253 3007 4294 ne
3040 4254 3244 4310 erugo,
3278 4243 3336 4300 id
3358 4256 3451 4302 est
3493 4263 3639 4305 vana
3666 4252 3758 4323 glo-

2177 4318 2281 4384 ria,
2312 4330 2405 4375 aut
2427 4321 2529 4389 ira,
2562 4324 2730 4393 tinea,
2769 4327 2967 4386 invidia
3002 4342 3094 4388 aut
3129 4337 3410 4407 superbia,
3456 4341 3637 4411 fures,
3662 4318 3755 4402 da:-

2177 4428 2381 4482 mones,
2412 4431 2622 4487 aurum,
2654 4430 2891 4491 sensum,
2922 4427 3168 4494 mundus,
3199 4433 3624 4507 vestimentum,
3650 4457 3756 4497 nan

2178 4504 2350 4571 cibus,
2378 4509 2688 4576 praedicatio
2714 4512 2915 4570 divina.
3609 4504 3675 4549 "

493 4558 803 4671 est:
835 4596 974 4651 bona
1013 4606 1177 4664 opera
1225 4603 1322 4661 per
1368 4588 1581 4642 laudem
1619 4580 1921 4644 humanam
1960 4604 2067 4647 non
2098 4558 2155 4623 Β
2247 4597 2483 4655 Lucerna
2526 4606 2759 4675 corporis
2791 4607 2912 4661 tui:
2940 4608 2995 4666 id
3032 4620 3116 4668 est
3145 4614 3352 4685 doctor,
3384 4621 3478 4677 vel
3517 4628 3753 4700 princeps

494 4695 697 4839 ﬁeiitum
737 4760 859 4853 ergo
891 4777 1025 4851 facis
1059 4774 1432 4846 elymosynam,
1474 4788 1529 4827 io
1565 4779 1649 4827 est
1696 4773 1984 4841 sacerdoti,
2012 4782 2067 4830 et

416 4918 417 4921 η
493 4874 734 4948 pauperi,
766 4884 819 4928 et
849 4868 1089 4932 inimico,
1118 4866 1388 4937 hypocrita
1416 4864 1615 4920 dicitur
1641 4864 1798 4920 ﬁctus
1828 4867 2062 4937 percipe-

491 4978 607 5022 runt
640 4963 923 5020 mercedem
962 4975 1133 5021 suam,
1180 4972 1285 5012 non
1318 4956 1409 5010 Dei
1437 4972 1449 5008 :
1482 4957 1680 5010 nesciat
1716 4954 1926 5010 sinistra
1951 4967 2058 5022 tua,

490 5062 541 5115 id
569 5068 671 5124 est,
722 5070 859 5111 vana
900 5052 1066 5127 gloria
1105 5067 1118 5101 :
1166 5049 1401 5114 dextera,
1439 5048 1615 5104 omnia
1645 5058 1869 5121 propter
1896 5048 2061 5107 Deum

490 5153 611 5206 fac:
651 5151 789 5203 intra
834 5147 889 5199 in
933 5138 1263 5205 cubiculum,
1333 5140 1385 5194 id
1434 5148 1555 5206 est,
1599 5141 1777 5197 cordis
1827 5154 2059 5211 secreta,

486 5242 669 5296 clauso
695 5238 849 5301 ostio,
876 5233 928 5288 id
953 5240 1057 5298 est,
1082 5232 1266 5286 contra
1294 5246 1485 5285 vanam
1506 5232 1750 5303 gloriam.

558 5328 738 5386 Nolite
751 5325 973 5379 multum
1001 5321 1162 5393 loqui,
1179 5321 1232 5375 id
1253 5330 1338 5378 est
1360 5337 1425 5377 ne
1441 5323 1637 5379 multas
1655 5325 1942 5398 petitiones
1967 5334 2062 5382 aut

484 5422 655 5480 multa
679 5419 841 5475 verba
866 5413 1072 5469 discere
1098 5411 1210 5468 sive
1229 5429 1328 5484 per
1352 5413 1685 5471 altitudinem
1716 5416 1864 5472 vocis
1888 5417 2058 5473 Deum

483 5528 676 5587 rogare
707 5529 719 5564 :
751 5509 846 5565 scit
876 5506 1012 5562 enim
1040 5515 1189 5575 pater
1217 5506 1352 5578 quod
1384 5506 1521 5560 vobis
1552 5522 1681 5577 opus
1708 5516 1804 5574 est,
1840 5509 1917 5564 sic
1937 5525 2073 5581 ergo

482 5614 648 5669 orate,
687 5599 843 5654 Pater
876 5606 1066 5660 noster,
1107 5595 1156 5649 id
1185 5607 1267 5650 est
1304 5595 1546 5651 vivamus
1573 5597 1626 5650 in
1658 5604 1824 5664 terra,
1859 5607 1917 5653 ut
1959 5614 2057 5669 pa-

483 5704 621 5751 trem
654 5694 947 5749 habeamus
975 5692 1026 5745 in
1058 5689 1223 5756 caelo;
1264 5690 1539 5745 caritatem
1578 5701 1631 5746 et
1664 5690 2055 5749 fraternitatem

485 5786 835 5843 ostendimus.
859 5783 983 5837 dum
1019 5781 1248 5839 dicimus
1287 5792 1481 5847 noster,
1509 5781 1611 5837 hoc
1648 5783 1783 5839 dicit
1822 5785 2056 5857 impera-

2177 4700 2330 4758 tuus;
2358 4695 2632 4763 corporis,
2658 4695 2711 4751 id
2738 4705 2823 4753 est
2847 4699 3079 4758 hominis
3114 4704 3419 4777 interioris,
3460 4715 3508 4768 si
3538 4695 3750 4790 simplex

2171 4781 2359 4849 fuerit,
2385 4784 2543 4839 unius
2578 4786 2657 4840 rei
2686 4800 2700 4840 :
2736 4786 2906 4843 Nemo
2938 4801 3099 4862 potest
3133 4795 3336 4855 duobus
3373 4801 3615 4863 domim's
3649 4781 3746 4865 ξεν.

2171 4875 2299 4941 vire,
2328 4875 2418 4930 ubi
2445 4875 2602 4946 fuerit
2627 4877 2900 4934 thesaurus
2925 4891 3067 4950 tuus,
3096 4893 3151 4941 et
3179 4887 3385 4961 reliqua
3418 4912 3434 4947 :
3470 4906 3571 4951 aut
3602 4916 3747 4954 unum

2170 4964 2294 5019 odio
2332 4965 2572 5033 habebit,
2603 4966 2656 5022 id
2680 4977 2767 5023 est
2802 4970 2895 5041 qui
2933 4984 3034 5028 nec
3061 4973 3169 5029 sibi
3195 4978 3398 5049 bonus;
3433 4984 3607 5042 alium
3644 4991 3748 5047 dili-

2165 5056 2278 5148 git,
2308 5057 2399 5127 qui
2441 5056 2542 5113 sibi
2585 5058 2789 5126 bonus,
2832 5060 2889 5118 id
2915 5073 2997 5119 est
3036 5066 3307 5124 diabolum
3339 5080 3742 5148 eontempnere,

2165 5146 2334 5202 Deum
2382 5164 2594 5216 amare,
2633 5151 2726 5221 qui
2769 5153 2972 5211 divitiis
3017 5158 3207 5225 servit,
3260 5160 3514 5224 diabolus
3555 5146 3740 5227 eruit?

2166 5251 2472 5292 mammona
2502 5234 2698 5296 dicitur
2724 5240 2958 5311 divitias,
2988 5246 3101 5302 sive
3130 5264 3323 5308 nomen
3352 5254 3577 5313 diaboli.

2237 5327 2428 5383 Nonne
2456 5326 2635 5385 animo
2669 5332 2787 5403 plus
2817 5345 3075 5408 estquam
3114 5357 3251 5396 esca.
3290 5342 3353 5398 Μ
3388 5360 3476 5403 est
3518 5354 3613 5421 qui
3652 5342 3738 5407 mi-

2163 5436 2297 5505 nora
2327 5422 2421 5476 dat
2455 5420 2587 5489 Deo,
2624 5431 2680 5479 et
2720 5422 2922 5497 ma’j‘ora
2955 5430 3190 5488 diabolo.
3221 5432 3488 5503 Respicite
3514 5420 3735 5497 volatilis

2161 5511 2299 5579 cali,
2321 5521 2379 5567 et
2406 5513 2631 5583 reliqua.
2663 5510 2799 5583 Quia
2824 5530 2942 5575 mos
2968 5531 3052 5575 est
3076 5522 3254 5579 avium
3283 5527 3336 5581 in
3364 5529 3538 5586 altum
3562 5534 3737 5589 velare

2159 5610 2212 5662 et
2262 5604 2531 5662 canticum
2576 5617 2818 5677 cantare,
2862 5619 2918 5667 et
2966 5613 3168 5685 aliquid
3219 5619 3321 5673 sibi
3371 5624 3639 5681 voluerint
3683 5628 3731 5683 in

2158 5707 2322 5765 terra,
2369 5699 2642 5769 accipiunt
2691 5716 2719 5755 a
2768 5703 3011 5773 Domino,
3053 5708 3127 5763 ita
3164 5719 3220 5764 et
3257 5712 3509 5773 homines
3545 5720 3729 5776 debent

2157 5789 2397 5846 coelestia
2425 5792 2677 5862 cogitare,
2713 5798 2767 5850 et
2795 5793 2963 5851 Deum
3004 5797 3244 5868 laudare,
3272 5811 3327 5858 et
3370 5820 3494 5862 cum
3529 5810 3727 5869 αἰγίδας
