3948 6328
228 382 340 472 ἐτ-ι

974 378 1342 473 εΧΡοειτιο
1376 380 1448 471 tu
1485 410 1820 483 cunnos
1854 376 2266 475 nvANGELu.
2305 445 2378 458 —
2413 414 2483 477 m
2520 412 2779 471 narra.

3396 415 3503 478 878

235 529 480 601 indigent
524 544 557 584 a
598 527 824 583 Domino
854 527 907 581 in
951 534 1094 583 terra
1125 506 1397 601 accipiunt
1429 528 1822 602 reparationem
1851 532 1898 592 Α
1927 538 2010 584 εει
2034 530 2098 584 de
2135 536 2401 600 potestate
2440 530 2674 596 diaboli,
2702 531 2924 585 veniunt
2957 530 3025 617 ad
3063 531 3255 599 ﬁdem,
3291 549 3510 594 recum-

233 617 554 685 diviuitatis,
573 629 773 688 quanto
802 620 973 691 magis
1002 626 1156 692 pater
1178 632 1378 685 vester,
1412 624 1503 692 qui
1531 624 1706 677 bonus
1732 632 1815 678 est

233 722 460 777 natura,
493 712 636 766 dabit
668 712 801 767 bona
841 713 1127 783 petentibus
1165 730 1249 779 se,
1292 712 1346 768 id
1389 721 1473 770 est
1516 714 1674 770 ﬁdem
1721 730 1818 786 per

228 806 537 862 Caritatem.
583 804 788 859 Intrate
826 819 923 875 per
965 812 1249 875 angustam
1292 814 1521 875 portam,
1568 806 1657 861 ubi
1710 822 1816 861 non

229 904 429 965 capent
463 903 798 965 peccatores,
828 896 931 951 nisi
961 897 1229 969 deponant
1256 909 1467 968 portam
1509 898 1640 953 ﬁdes
1665 898 1817 968 pala-

218 984 399 1042 ‘sticas
422 986 483 1040 ll.
516 985 571 1041 ld
598 994 681 1041 est
711 986 995 1041 caritatem
1027 987 1120 1043 Dei
1144 996 1197 1042 et
1224 989 1491 1058 proximi,
1521 991 1625 1045 duo
1661 989 1817 1045 lumi-

226 1077 414 1143 naria,
442 1079 691 1147 superior
714 1077 1065 1146 Evangelium
1085 1120 1100 1145 ,
1132 1078 1356 1134 inferior
1385 1088 1538 1135 vetus
1578 1080 1661 1135 lex
1679 1121 1693 1144 ,
1726 1078 1817 1135 ubi

222 1170 353 1240 quis
377 1168 612 1225 oﬁ'endat
640 1185 746 1226 non
774 1170 959 1236 intrat,
985 1187 1147 1242 quant
1175 1171 1282 1226 lata
1308 1183 1462 1242 porta
1488 1181 1540 1226 ct
1570 1172 1812 1247 reliqua;

222 1259 280 1315 id
310 1271 395 1316 est
425 1261 631 1317 divitiis
657 1270 712 1316 et
740 1262 955 1333 propria
988 1261 1261 1316 voluntate
1290 1262 1614 1318 servientes.

297 1352 562 1406 Attendite
590 1353 762 1419 vobis,
798 1353 851 1407 id
886 1363 969 1409 est
1003 1368 1034 1407 a
1069 1352 1221 1408 falsis
1250 1354 1561 1410 doctoribus
1588 1362 1775 1409 cavete
1796 1396 1811 1422 ,

217 1443 279 1500 in
322 1445 633 1499 uestimentis
671 1445 875 1513 ovjum,
907 1445 962 1500 id
992 1456 1075 1501 est
1102 1445 1226 1502 boni
1268 1446 1549 1513 doctores,
1581 1446 1690 1518 lupi
1725 1463 1813 1501 ra-

219 1554 410 1610 paces,
449 1538 501 1592 id
529 1547 613 1594 est
640 1540 848 1594 animas
872 1538 926 1593 in
955 1538 1257 1609 perditione
1281 1539 1526 1609 rapiunt;
1560 1558 1591 1594 a
1624 1539 1813 1609 fructi-

219 1629 319 1685 bus
357 1647 569 1697 eorum,
602 1631 654 1685 id
694 1638 776 1685 est
822 1646 887 1684 ex
925 1630 1179 1700 operibus
1219 1631 1555 1702 cognoscetis
1592 1647 1721 1697 eos,
1764 1632 1815 1688 id

217 1733 305 1780 est
361 1724 595 1796 nunquid
641 1724 889 1795 colligunt
929 1726 992 1778 de
1028 1726 1189 1796 spinis
1216 1766 1231 1790 ,
1276 1725 1330 1779 id
1360 1734 1443 1779 est
1490 1723 1558 1779 de
1598 1725 1812 1780 lucreti-

217 1802 301 1872 cis
341 1832 508 1882 uvas,
541 1815 594 1871 id
635 1825 720 1872 est
758 1816 1154 1887 virginitatem,
1188 1816 1252 1871 de
1295 1817 1499 1872 tribulis
1535 1818 1671 1887 ﬁcus
1703 1835 1722 1872 :
1760 1818 1813 1874 id

1918 621 2079 687 bent,
2110 621 2161 676 id
2192 630 2275 676 est
2302 621 2607 677 inhabitant
2636 643 2648 679 :
2682 640 2851 695 quare
2887 639 3010 679 cum
3055 626 3226 682 tribus
3261 635 3468 684 tantum
3488 670 3507 697 ,

1919 712 1973 771 id
2014 724 2095 771 est
2125 724 2344 785 propter
2376 717 2771 771 remissionem.
2798 717 2899 785 Qui
2930 720 3352 789 concupiscunt,
3381 721 3510 780 illuc

1902 805 2122 887 ﬂebunt
2150 827 2162 862 :
2198 807 2303 862 illis
2328 816 2410 863 est
2437 808 2637 862 stridor
2659 810 2919 877 dentium,
2951 825 3182 880 quorum
3211 812 3353 869 Deus
3377 829 3511 877 ven-

1920 904 2004 955 ter
2041 909 2125 956 est
2166 920 2179 956 :
2230 916 2444 955 socrum
2484 898 2630 955 Petri
2668 900 3069 959 febricitantem
3103 922 3115 959 :
3156 904 3211 959 id
3246 913 3333 960 est
3383 921 3511 978 syn-

1918 1007 2102 1064 agogae
2129 994 2396 1050 dubietas.
3480 986 3485 990 ’

1992 1084 2176 1156 Tetigit
2203 1103 2437 1141 manum.
2462 1086 2748 1142 Praestavit
2773 1088 3059 1155 auxilium,
3081 1090 3304 1146 dimissa
3335 1089 3508 1156 febre,

1918 1177 1971 1232 id
2000 1188 2081 1233 est
2107 1177 2304 1233 desinit
2334 1178 2712 1243 incredulitas,
2740 1179 3088 1236 ministrabat
3113 1181 3200 1248 ei,
3231 1181 3284 1237 id
3306 1191 3389 1237 est
3420 1183 3512 1237 be—

1916 1269 2200 1327 nedicebat
2217 1272 2265 1327 ei
2284 1289 2297 1339 ;
2322 1287 2420 1342 per
2441 1288 2746 1342 vesperum,
2770 1273 3007 1329 ostendit
3026 1276 3076 1330 ei
3102 1275 3265 1332 ﬁnem
3289 1276 3506 1331 mundi:

1917 1360 2211 1428 daemonia,
2251 1362 2302 1418 id
2336 1372 2419 1419 est
2440 1374 2660 1434 peccata
2696 1378 2710 1418 :
2742 1380 2840 1435 per
2869 1365 3089 1435 vulpes.
3121 1367 3172 1421 id
3216 1376 3299 1423 est
3338 1369 3512 1423 homi~

1918 1468 2015 1509 nes
2044 1452 2349 1511 incredulos
2374 1474 2387 1510 :
2425 1472 2523 1526 per
2550 1458 2817 1523 volucres,
2844 1457 3095 1513 homines
3127 1459 3322 1514 divites
3352 1477 3364 1512 :
3401 1476 3510 1514 non

1919 1545 2143 1600 reclinet
2179 1557 2344 1616 caput
2376 1588 2392 1614 ,
2429 1548 2516 1602 ubi
2558 1563 2665 1602 non
2706 1556 2793 1603 est
2832 1548 2965 1605 ﬁdes
3009 1568 3022 1603 :
3071 1558 3318 1605 mortuus
3364 1566 3512 1606 mor-

1920 1642 2068 1690 tuum
2092 1638 2355 1707 sepelire,
2383 1638 2434 1692 id
2459 1648 2541 1695 est
2568 1655 2768 1711 corpus
2793 1641 3032 1701 animam
3049 1682 3065 1707 ,
3092 1640 3287 1698 aliter:
3313 1643 3513 1713 sipec-

1916 1736 2090 1791 cator,
2126 1727 2311 1783 laudat
2343 1739 2707 1799 peccatorem.
3229 1741 3249 1757 '

1991 1818 2157 1876 Navis
2186 1838 2203 1876 :
2238 1821 2289 1876 id
2319 1832 2403 1878 est
2433 1822 2729 1879 Ecclesirc:
2762 1837 2934 1880 motus
2969 1834 3018 1880 et
3057 1827 3287 1896 ﬂuctus,
3332 1828 3386 1884 id
3425 1838 3514 1886 est

216 1920 306 1968 est
339 1909 623 1982 conjugem
652 1910 718 1965 de
748 1911 1019 1966 haereticis
1053 1929 1066 1965 :
1108 1912 1270 1965 arbor
1294 1911 1466 1978 bona,
1509 1911 1671 1966 homo
1710 1910 1807 1966 bo-
1838 1894 1887 1958 Β
1916 1913 2197 1983 temptatio
2222 1931 2233 1967 :
2263 1913 2586 1969 dormitatus
2609 1955 2624 1981 ,
2664 1915 2717 1968 id
2752 1923 2836 1970 est
2859 1894 3173 1971 incarnatus
3200 1917 3315 1975 sive
3337 1908 3515 1976 cruci.-

215 2023 344 2071 nus,
377 2007 539 2062 arbor
568 2005 727 2070 mala,
762 2006 923 2061 homo
950 2004 1123 2060 malus
1157 2022 1170 2058 :
1202 2005 1296 2075 qui
1322 2005 1431 2076 agit
1454 2020 1618 2075 opera
1648 2005 1809 2060 mala.

293 2097 422 2153 Non
452 2099 619 2153 omnis
650 2099 740 2169 qui
768 2097 894 2152 dicit
929 2096 1076 2163 mihi,
1114 2096 1337 2151 Domine
1365 2095 1611 2161 Domine,
1642 2105 1695 2149 et
1726 2111 1812 2150 rc-

211 2186 390 2265 liqua.
425 2192 500 2246 De
527 2189 631 2245 illis
660 2188 793 2245 dicit
817 2188 909 2258 qui
939 2195 1124 2242 amant
1160 2187 1213 2241 in
1244 2186 1453 2258 angulis
1480 2175 1626 2240 stare
1655 2202 1815 2241 oran-

214 2292 324 2350 tes,
363 2281 453 2337 sed
492 2281 582 2353 qui
621 2281 749 2352 facit
797 2280 1112 2335 voluntatem
1163 2277 1340 2332 Patris
1381 2278 1511 2343 mei,
1541 2279 1592 2333 id
1620 2277 1815 2348 estqui

212 2381 405 2430 servat
442 2372 725 2437 mandata,
759 2369 914 2425 multi
954 2368 1087 2424 mihi
1123 2367 1311 2422 dicunt
1349 2367 1605 2433 Domine,
1645 2368 1697 2423 id
1730 2377 1818 2424 est

216 2465 379 2525 multi
408 2473 534 2523 sunt
569 2463 662 2534 qui
692 2464 897 2517 intrant
920 2475 1017 2532 per
1046 2474 1197 2525 eam,
1227 2460 1354 2531 quia
1390 2475 1664 2530 nunquam
1691 2459 1816 2514 novi

214 2578 349 2627 vos,
380 2562 433 2616 id
460 2569 543 2617 est
577 2562 776 2616 bonum
806 2558 893 2614 vel
932 2556 1173 2613 haeretici
1203 2573 1217 2611 :
1251 2554 1509 2611 discedite
1547 2570 1577 2608 a
1614 2569 1730 2617 me,
1762 2552 1817 2609 id

213 2660 306 2712 est
337 2652 429 2724 qui
463 2659 683 2725 sperant
722 2667 832 2707 non
861 2665 981 2706 esse
1015 2647 1397 2705 remissionem
1424 2653 1810 2718 peccatorum:

214 2744 402 2802 omnis
433 2743 527 2815 qui
554 2740 708 2798 audit
748 2741 915 2797 verba
963 2754 1086 2794 mea
1121 2747 1176 2794 et
1218 2734 1423 2808 reliqua
1456 2754 1469 2790 :
1502 2736 1592 2807 qui
1625 2744 1815 2790 contra

214 2836 661 2908 praedicationem
698 2849 806 2889 non
840 2833 950 2905 agit
980 2830 1372 2887 assimilabitur
1400 2828 1517 2883 viro
1557 2826 1812 2899 sapienti,

217 2929 317 3002 qui
362 2927 649 2989 aediﬁcavit
692 2926 912 2981 domum
952 2939 1114 2994 super
1150 2932 1394 2993 petram,
1428 2920 1483 2975 id
1526 2927 1612 2976 εει
1652 2934 1815 2990 super

214 3036 360 3095 opus
402 3019 639 3082 bonum,
670 3033 738 3073 ne
772 3017 1004 3072 intraret
1045 3016 1224 3086 pluvia
1270 3016 1322 3068 in
1358 3030 1456 3078 ea,
1498 3012 1552 3067 id
1596 3021 1681 3067 est
1714 3011 1811 3066 d0-

217 3112 401 3170 ctrina
426 3109 705 3175 haeretica,
728 3107 971 3174 ﬁumina,
990 3105 1405 3185 persecutiones
1430 3104 1815 3159 hazreticorum

222 3203 395 3269 venti,
436 3203 731 3266 daemones,
769 3199 961 3264 nubes,
994 3198 1268 3269 accipiunt
1306 3196 1487 3269 pluvia
1533 3197 1599 3253 de
1641 3211 1812 3263 mare,

218 3289 465 3363 haretici
495 3294 742 3351 doctrina
774 3294 841 3348 de
881 3276 1105 3357 mundo,
1134 3299 1190 3346 et
1230 3304 1339 3345 non
1368 3289 1563 3344 cecidit
1599 3290 1810 3356 domus,

218 3387 277 3445 id
302 3396 387 3445 est
416 3401 527 3443 non
550 3386 717 3452 cadit,
744 3384 834 3456 qui
868 3399 1029 3454 super
1058 3381 1218 3437 ﬁdem
1248 3389 1355 3436 stat
1390 3380 1443 3434 in
1472 3378 1711 3436 Christo.

291 3476 363 3533 Et
402 3479 569 3533 omnis
600 3476 689 3550 qui
719 3475 867 3530 audit
898 3472 1053 3527 verba
1083 3489 1199 3528 mea
1238 3480 1286 3526 et
1326 3488 1430 3526 non
1457 3470 1614 3541 faciet
1641 3487 1723 3525 ea.
1757 3468 1816 3527 Id

217 3579 305 3628 est
337 3587 453 3627 nios
494 3548 683 3624 fuitin
717 3568 834 3639 lcge
870 3569 1014 3638 quod
1052 3582 1159 3623 non
1185 3575 1332 3623 esset
1373 3565 1427 3620 in
1457 3564 1688 3637 populo,
1719 3548 1813 3634 qui

218 3681 332 3722 non
359 3672 504 3720 esset
535 3663 789 3729 mundus,
815 3671 870 3719 et
894 3661 941 3717 si
966 3661 1257 3717 sanitatem
1285 3659 1605 3731 accepisset,
1629 3666 1813 3713 osten-

218 3744 396 3819 disset
420 3776 451 3815 a
477 3759 765 3826 sacerdoti,
788 3768 843 3814 et
867 3757 1196 3815 offerebatur
1218 3771 1315 3828 pro
1341 3770 1407 3811 eo
1428 3770 1648 3818 munus,
1676 3754 1812 3811 duos

218 3863 498 3920 turtures,
546 3862 640 3909 aut
685 3832 819 3908 duos
865 3851 1040 3923 pullos
1083 3850 1489 3916 columbarum,
1532 3856 1590 3904 et
1636 3845 1815 3902 fuerat

218 3964 350 4005 cum
384 3948 466 4003 eis
491 3945 647 4016 juxta
679 3946 784 4000 hoc
807 3960 964 4015 opus,
1004 3942 1208 4015 lignum
1240 3944 1521 4013 bysopem,
1549 3949 1604 3996 et
1630 3939 1812 3995 cocci-

217 4055 374 4104 num,
418 4054 545 4108 erga
588 4052 849 4092 cacumen
892 4034 1059 4106 ipsius
1106 4033 1259 4107 ligni,
1305 4042 1359 4088 et
1403 4031 1815 4103 dispergebatur

220 4133 448 4203 sanguis
474 4130 700 4186 alterius
734 4128 851 4184 avis
885 4143 1048 4198 super
1087 4127 1231 4182 istud
1268 4125 1471 4197 lignum
1503 4142 1515 4178 :
1557 4134 1614 4178 et
1651 4137 1816 4193 super

218 4224 458 4297 alterum
486 4237 666 4290 avem,
695 4229 752 4277 et
779 4221 892 4290 ipse
929 4219 1303 4274 dimittebatur
1338 4218 1391 4271 in
1428 4230 1574 4280 aere,
1609 4214 1814 4286 lignum

219 4330 363 4375 crux
390 4314 615 4381 Christi,
641 4313 943 4377 coccinum,
973 4311 1156 4383 passio
1186 4309 1326 4379 ejus,
1347 4318 1404 4364 et
1429 4317 1642 4379 oportet
1671 4323 1815 4362 mar-

219 4410 427 4484 tyrium
466 4409 565 4475 ire,
588 4423 683 4479 per
712 4406 1017 4477 passionem
1043 4403 1268 4468 Christi,
1294 4410 1349 4459 et
1378 4387 1599 4470 sanguis
1630 4408 1816 4456 noster

220 4508 533 4577 spargatur,
588 4512 753 4568 super
804 4510 1020 4552 crucem
1069 4492 1208 4571 ejus,
1259 4508 1386 4547 nam
1434 4491 1698 4546 ascendat
1745 4489 1816 4553 ad

220 4590 548 4657 Ecclesium,
590 4596 714 4660 post
746 4586 1059 4661 passionem
1091 4584 1335 4655 corporis
1367 4581 1540 4639 nostri
1579 4581 1633 4635 in
1660 4595 1811 4636 mar-
1838 4580 1894 4688 ὖ

224 4687 387 4749 tyrio.
878 4722 884 4727 -
902 4744 907 4749 .

245 4727 247 4735 π
282 4703 387 4743 rio.
878 4722 884 4727 -

245 4703 276 4760 ³
292 4748 742 4837 Intestintonium
765 4744 973 4831 illisrld
998 4781 1082 4828 est
1101 4780 1159 4827 ut
1182 4786 1289 4828 non
1315 4770 1564 4828 solvisset
1601 4767 1811 4845 legem,

222 4874 311 4935 vel
340 4872 605 4929 vidissent
633 4869 773 4941 quod
802 4876 962 4923 natus
988 4874 1133 4924 esset
1159 4882 1191 4920 a
1227 4865 1376 4935 lepra
1402 4879 1416 4918 :
1453 4863 1700 4919 centurio
1754 4861 1816 4939 ﬁ-

225 4972 386 5035 gurat
410 4963 683 5025 doctores,
711 4974 845 5031 puer
873 4956 1209 5028 paralyticus
1244 4962 1580 5021 contractus,
1610 4951 1818 5025 signiﬁ-

226 5066 314 5127 cat
347 5069 519 5128 genus
546 5055 865 5116 humanum,
891 5050 946 5105 in
976 5049 1216 5121 peccatis
1242 5049 1580 5106 conclusum.
1606 5045 1819 5113 Invenit

227 5146 387 5206 Iesus
419 5149 473 5204 in
503 5146 822 5204 centurione
857 5144 996 5198 trina
1025 5142 1303 5213 mysteria,
1336 5141 1566 5212 primam
1598 5138 1815 5196 humili-

233 5245 401 5311 tatem
438 5237 553 5305 ubi,
590 5237 666 5291 ait
697 5250 713 5290 :
754 5233 982 5291 Domine
1020 5249 1126 5291 non
1160 5247 1283 5288 sum
1319 5232 1511 5304 dignus
1550 5242 1608 5287 ut
1644 5230 1817 5289 intres

231 5332 331 5387 sub
368 5340 573 5389 testam
608 5343 785 5403 meum
824 5344 839 5382 :
883 5324 1121 5405 sewnda
1158 5324 1317 5392 ﬁdes,
1342 5325 1432 5379 ubi
1471 5326 1570 5400 ait,
1608 5314 1815 5383 tantum

232 5424 322 5480 dic
346 5422 596 5497 verbum,
623 5431 680 5476 et
716 5420 1000 5485 sanabitur
1031 5436 1045 5473 :
1088 5418 1264 5483 tertia,
1296 5418 1351 5472 id
1380 5426 1463 5473 est
1505 5415 1814 5493 prudentia,

234 5515 325 5573 ubi
350 5515 505 5581 dixit,
531 5515 693 5570 homo
718 5514 817 5571 sub
844 5519 1133 5582 potestate.
1167 5509 1397 5565 Miratur.
1418 5504 1574 5564 Jcsus
1604 5508 1658 5564 in
1688 5523 1814 5565 con.-

232 5607 485 5671 turione,
511 5605 565 5661 id
592 5612 676 5660 est
704 5604 908 5659 invenit
942 5604 995 5679 in
1022 5618 1144 5661 eum
1173 5600 1495 5673 sapientiam
1514 5641 1529 5665 ,
1558 5615 1664 5670 qua
1704 5598 1817 5657 lue.-

236 5710 322 5758 rat
361 5702 554 5765 doctus
592 5715 690 5772 per
733 5697 1171 5771 praedicationem
1207 5697 1475 5762 divinam;
1518 5695 1583 5749 ab
1608 5694 1819 5749 oriente

238 5796 509 5859 conversi,
541 5795 595 5849 id
625 5802 709 5849 est
732 5796 800 5849 ab
831 5792 1090 5859 infantia;
1122 5793 1190 5848 ab
1214 5790 1493 5849 occidente
1516 5830 1533 5856 ,
1569 5789 1620 5844 id
1665 5797 1749 5844 est
1779 5804 1818 5869 .a

235 5898 543 5956 senectute:
574 5904 603 5944 a
646 5888 892 5947 meridie.
920 5902 950 5940 a
975 5887 1292 5958 juventute;
1331 5885 1399 5939 ab
1437 5882 1722 5949 Aquilone,
1765 5880 1820 5936 id

1841 3234 1888 3326 ε

1917 2001 2057 2058 ﬁxus
2091 2021 2103 2057 :
2147 2012 2373 2071 ventus,
2415 2006 2468 2060 id
2504 2014 2587 2061 est
2622 2006 2905 2063 subitanea
2951 2010 3233 2077 temptatio
3263 2027 3275 2062 :
3312 2001 3515 2066 (tremo?

1917 2093 2122 2158 niacus,
2152 2096 2391 2166 gentilis,
2420 2111 2551 2166 gens
2580 2113 2703 2152 cum
2735 2096 2981 2167 perfidia;
3002 2114 3109 2169 per
3137 2111 3508 2170 monumenta,

1917 2181 2021 2239 hoc
2051 2194 2178 2240 sunt
2204 2202 2464 2257 corpora;
2495 2203 2592 2258 per
2620 2188 2764 2243 viam
2794 2204 2902 2243 non
2936 2186 3148 2246 transiit
3173 2232 3189 2258 ,
3224 2193 3276 2247 Id
3310 2205 3395 2261 est
3416 2211 3514 2266 per

1917 2278 2277 2349 gentilitatem
2313 2282 2380 2337 ad
2428 2297 2676 2355 regnum,
2719 2296 2847 2354 grex
2895 2299 3181 2353 porcorum
3218 2288 3514 2345 ostendunt

1918 2368 2167 2425 homines
2204 2379 2330 2426 ante
2355 2373 2764 2427 conversionem
2793 2390 2804 2425 :
2834 2372 3047 2428 dimersi
3072 2375 3125 2427 in
3146 2392 3319 2440 mare,
3350 2375 3403 2431 id
3429 2354 3515 2433 est

1919 2456 1974 2514 in
2007 2457 2353 2530 profundum;
2393 2476 2490 2531 per
2531 2470 2802 2532 pastorem
2848 2462 3090 2517 ostendit
3129 2464 3503 2535 philosophos.

1992 2547 2232 2604 Surrexit
2259 2564 2277 2601 :
2306 2549 2358 2605 id
2391 2558 2496 2617 est,
2527 2542 2749 2607 curatus
2777 2560 2861 2607 est
2891 2570 2903 2606 :
2943 2568 3175 2608 reversus
3201 2554 3257 2609 in
3295 2554 3511 2610 domum

1917 2658 2070 2697 suam
2107 2659 2125 2696 :
2170 2641 2225 2697 id
2269 2650 2351 2697 εει
2409 2643 2476 2697 ad
2525 2643 2760 2713 primam
2812 2642 3146 2699 creationem
3189 2662 3202 2698 :
3242 2660 3510 2715 sponsus,

1917 2730 2166 2789 Christus
2197 2742 2278 2790 est
2310 2754 2322 2788 :
2358 2751 2554 2806 sponsa
2585 2733 2827 2790 Ecclesia
2864 2754 2875 2789 :
2911 2735 3006 2791 ﬁlii
3038 2737 3240 2806 sponsi,
3267 2737 3514 2809 Apostoli

1917 2834 2075 2894 sunt;
2124 2824 2272 2882 rudis
2316 2827 2503 2897 panis,
2551 2827 2795 2882 doctrina
2852 2824 3207 2900 Evangelium
3261 2847 3273 2882 :
3328 2816 3513 2888 scissis

1917 2912 2131 2995 pannis,
2166 2919 2269 2976 hoc
2308 2928 2435 2988 sunt
2470 2918 2720 2975 homines
2753 2930 2964 2977 veteres
3009 2938 3023 2974 ε
3062 2922 3247 2977 vinum
3285 2934 3509 2993 novum,

1917 3026 1971 3074 et
2002 3026 2152 3073 utres
2179 3028 2412 3085 veteres,
2446 3033 2582 3073 nova
2618 3017 2953 3088 przcdicatio,
2993 3017 3059 3073 ad
3092 3019 3340 3076 homines
3362 3028 3513 3091 vete-

1917 3122 2040 3173 res,
2072 3109 2354 3179 princeps,
2390 3108 2615 3178 ﬁguram
2650 3116 2797 3163 tenet
2840 3107 3263 3179 prophetarum,
3294 3109 3378 3164 vel
3412 3126 3512 3181 pa-

1919 3199 2303 3267 triarcharum;
2336 3200 2512 3270 puella
2548 3201 2663 3255 huic
2701 3208 2786 3255 est
2823 3215 3117 3271 synagoga,
3150 3201 3326 3256 tenuit
3353 3198 3512 3259 Iesus

1921 3308 2141 3346 manum
2176 3290 2417 3361 ejusdem
2458 3291 2650 3362 puellae
2671 3332 2685 3354 .
2716 3289 2767 3345 id
2802 3299 2887 3345 est
2915 3290 3175 3345 auxilium
3206 3291 3256 3347 ei
3294 3293 3511 3363 praesti-

1921 3381 2014 3446 tit,
2061 3394 2265 3436 messes
2304 3379 2502 3447 multa,
2549 3378 2601 3434 id
2646 3387 2731 3434 est
2769 3381 2931 3434 corda
2971 3388 3183 3451 parata,
3220 3396 3510 3449 messores,

1918 3473 2201 3540 doctores,
2227 3490 2334 3530 non
2364 3474 2501 3529 duas
2526 3460 2739 3529 tunicas
2758 3514 2774 3540 ,
2794 3473 2849 3527 id
2877 3482 2960 3529 est
2983 3490 3091 3529 non
3118 3475 3277 3546 dupla
3306 3484 3511 3546 mente,

1918 3578 2018 3621 nec
2041 3557 2201 3634 dupla
2232 3563 2447 3629 ﬁducia,
2474 3564 2526 3618 in
2551 3578 2750 3618 novum
2776 3581 2790 3617 :
2820 3571 2915 3618 aut
2939 3564 2991 3619 in
3012 3564 3179 3620 Vetus
3195 3564 3515 3642 Testamen-

1918 3655 2217 3719 tum,'non
2265 3653 2720 3720 calciamentum,
2760 3653 2813 3709 id
2858 3662 2943 3710 est
2984 3670 3091 3710 non
3142 3642 3514 3714 testimonium

1916 3744 2183 3802 malorum
2209 3788 2222 3813 ,
2263 3764 2437 3819 neque
2472 3747 2704 3818 virgam,
2737 3748 2788 3802 id
2824 3756 2909 3804 est
2946 3765 3053 3804 non
3097 3748 3513 3831 fortitudinem,

1917 3836 2013 3892 sed
2062 3852 2160 3908 per
2187 3837 2527 3908 patientiam.
2561 3835 2671 3892 Pax
2704 3852 2923 3893 reversa
2944 3881 2958 3902 ,
2991 3840 3047 3895 id.
3077 3849 3159 3896 est
3186 3841 3385 3897 mercis
3422 3857 3513 3898 re-

1917 3937 2098 3999 cepta,
2147 3945 2245 3998 per
2288 3931 2564 3999 pulverem
2616 3929 3116 3999 inquinamentum;
3164 3934 3268 3989 hoc
3319 3942 3447 3990 sunt
3493 3953 3510 3991 :

1917 4020 2044 4090 quia
2074 4019 2250 4090 pulvis
2281 4022 2454 4075 trihus
2496 4021 2673 4077 modis
2711 4022 2995 4091 impendit,
3029 4038 3248 4093 gressus
3284 4025 3509 4096 obligat,

1917 4110 2106 4166 oculus
2132 4111 2407 4176 obscurat,
2443 4112 2764 4166 vestimenta
2797 4113 3047 4182 inquinat
3078 4161 3087 4166 -
3127 4131 3352 4186 serpens
3390 4133 3513 4172 cru-

1918 4203 2059 4260 ciata
2089 4204 2375 4260 abscondit
2401 4214 2565 4275 caput
2598 4220 2778 4271 suum,
2812 4205 2865 4261 id
2890 4217 2973 4261 est
3000 4208 3226 4278 apostoli
3257 4210 3509 4278 cruciati,

1917 4312 2023 4351 non
2069 4304 2329 4367 negantes
2371 4295 2646 4352 Christum
2692 4312 2707 4352 :
2757 4299 3212 4368 persecutionem,
3241 4301 3343 4357 hoc
3382 4308 3510 4359 sunt

1918 4390 2171 4444 haereses.
2222 4384 2557 4469 Decivitate
2596 4390 2649 4445 in
2692 4389 2884 4457 aliam,
2927 4391 2979 4445 id
3016 4401 3100 4447 est
3138 4398 3236 4464 per
3267 4393 3507 4464 singulas

1915 4481 2239 4550 quaestiones
2266 4480 2553 4535 librorum.

1992 4569 2144 4628 Nihil
2184 4585 2418 4645 opertum
2459 4572 2599 4644 quod
2631 4592 2735 4631 non
2778 4566 3029 4630 reveletur
3059 4593 3078 4631 :
3118 4577 3169 4633 id
3207 4587 3290 4633 est
3326 4578 3507 4648 passio

1919 4667 2121 4723 Christi
2145 4676 2199 4722 et
2223 4667 2465 4722 omnium
2492 4666 2776 4723 doctorum
2803 4687 2815 4722 :
2845 4669 2989 4737 quod
3016 4668 3135 4723 dico
3164 4670 3217 4724 in
3244 4672 3509 4739 tenebris,

1920 4764 1973 4822 id
2012 4773 2098 4821 est
2140 4764 2208 4820 ad
2241 4762 2483 4829 Iudaeos,
2515 4764 2680 4820 dicite
2710 4763 2763 4818 in
2793 4763 3028 4829 lumine,
3060 4763 3112 4819 id
3141 4765 3297 4819 estin
3324 4765 3511 4823 Eccle-

1920 4859 2032 4927 sia,
2059 4859 2165 4914 duo
2199 4872 2469 4928 passeres,
2502 4857 2556 4911 id
2584 4865 2668 4913 est
2690 4870 2887 4927 corpus
2914 4864 2970 4912 et
3003 4854 3205 4923 anima,
3231 4872 3322 4912 seu
3351 4858 3511 4913 Chri-

1920 4965 2037 5027 stus
2062 4954 2321 5009 Barabias
2351 4971 2363 5007 :
2406 4967 2548 5017 asse,
2589 4951 2642 5007 id
2681 4960 2764 5006 est
2800 4950 2957 5017 ﬁdes,
2990 4966 3086 5023 per
3108 4950 3367 5023 gladium,
3403 4953 3510 5010 hoc

1922 5060 2050 5106 sunt
2084 5049 2308 5104 verbum
2340 5045 2780 5118 prmdicationis:
2815 5038 2993 5110 aliter,
3025 5045 3131 5099 duo
3157 5061 3422 5117 passeres,
3457 5045 3513 5101 id

1917 5128 2001 5198 est
2040 5140 2146 5195 duo
2180 5144 2499 5195 testamenta
2542 5150 2679 5199 esse,
2714 5136 2817 5193 hoc
2841 5145 2925 5190 est
2953 5133 3224 5205 Christus,
3255 5149 3512 5209 separare

1915 5240 2129 5306 patrem
2155 5246 2186 5285 a
2214 5228 2340 5291 ﬁlio,
2373 5229 2477 5282 hoc
2504 5233 2609 5292 est,
2641 5225 2826 5282 ﬁdeles
2851 5226 2919 5283 ah
2942 5226 3268 5293 inﬁdelibus,
3303 5228 3514 5299 accepit

1921 5336 2173 5386 crucem,
2226 5318 2279 5376 id
2329 5326 2433 5374 est.
2467 5317 2647 5377 crucia
2697 5314 2927 5388 teipsum
2975 5335 2990 5372 :
3043 5314 3412 5373 scandalizare
3453 5317 3515 5375 in

1918 5402 2173 5481 Christo,
2205 5400 2261 5468 id
2288 5419 2371 5468 est
2412 5396 2610 5489 negare
2634 5398 2960 5489 Christum:
2995 5406 3314 5489 arundinem
3344 5417 3510 5469 vento

1918 5494 2203 5582 agitatam,
2237 5506 2341 5562 hoc
2369 5482 2503 5560 sunt
2526 5482 2773 5558 homines
2799 5482 3129 5566 aduiaiores,
3158 5494 3356 5554 vacuos
3391 5499 3513 5557 sine

1918 5578 2106 5661 fructu
2136 5620 2151 5658 :
2186 5615 2411 5671 regnum
2454 5588 2715 5654 caelorum
2750 5594 2860 5650 vim
2902 5582 3123 5665 patitur,
3156 5584 3243 5647 llic
3276 5600 3360 5647 est
3383 5593 3513 5663 quia

1925 5714 2024 5770 per
2065 5686 2427 5750 cruciationés
2467 5689 2646 5746 carnis
2683 5696 2739 5742 et
2776 5682 3133 5759 paenitentiae,
3159 5681 3403 5755 pervenit
3442 5685 3511 5742 ad

1927 5802 2150 5859 regnum
2197 5784 2311 5842 Dei.
2358 5784 2475 5858 Ipse
2517 5791 2600 5838 est
2644 5774 2787 5835 Elias
2828 5778 2919 5849 qui
2965 5775 3209 5842 Joamiis,
3238 5777 3363 5846 quia
3398 5778 3515 5849 ipse

1929 5881 2152 5953 spiritus
2198 5888 2318 5935 erat
2366 5879 2416 5934 in
2472 5877 2620 5933 Elia.
2652 5875 2706 5930 in
2745 5871 2981 5929 secundo
3024 5870 3287 5927 adventu.
3318 5872 3408 5945 qui
3456 5874 3511 5941 in
