3948 6328
459 339 566 411 879
959 341 1352 402 WALAFRIDI
1387 344 1632 404 STRABI
1669 347 1875 408 FULD.
1916 348 2084 410 MON.
2125 349 2276 410 OPP.
2313 349 2494 410 PARS
2531 351 2575 409 l.
2612 379 2684 393 --
2722 349 3180 420 THEOLOGICA.
3635 357 3744 415 880

427 449 664 510 ’Joanne
693 451 861 510 fuitin
882 454 1066 526 primo
1098 439 1362 525 adventu;
1385 461 1537 532 pueri
1561 463 1809 519 sedentes
1829 464 1884 519 in
1908 464 2044 529 foro,
2073 467 2129 529 Α
2151 464 2375 521 verbum
2401 466 2493 522 Dei
2522 474 2577 523 et
2605 468 2813 538 accepit
2846 467 3016 534 illum,
3043 477 3097 524 et
3127 467 3395 527 accedens
3433 474 3747 542 temptatio.

439 543 564 600 'hnc
598 553 724 599 sunt
752 546 1084 618 prophetas:
1118 548 1453 605 cantavimus
1478 552 1631 608 vobis
1655 561 1709 607 et
1745 568 1848 608 non
1880 554 2047 611 salta-
2148 565 2310 628 negat
2338 556 2508 623 illum,
2537 558 2591 612 in
2628 557 2820 629 spinis,
2851 559 2903 612 id
2939 566 3026 613 est
3052 558 3202 613 audit
3243 559 3492 622 verbum,
3526 571 3586 614 et
3624 578 3744 632 pro-

457 637 555 689 stis
585 635 768 702 tibias,
795 636 846 690 id
869 644 952 692 est
975 638 1344 695 nuntiavimus
1370 641 1523 697 vobis
1547 644 1836 700 adventum
1863 656 1917 700 et
1939 660 2048 700 non
2146 656 2266 718 pter
2286 649 2502 705 divitias
2538 647 2766 704 sul'focat
2801 649 2930 705 illud
2960 667 2973 705 :
3009 650 3064 707 in
3091 659 3294 706 terram
3323 650 3551 718 bonam,
3583 653 3638 708 id
3666 663 3748 712 est

457 726 795 792 credidistis;
839 726 1256 785 lamentavimus
1288 741 1343 786 et
1371 748 1479 786 non
1510 733 1826 803 planxistis,
1869 735 1922 789 id
1963 742 2050 791 est
2144 739 2235 808 qui
2268 741 2418 795 audit
2445 749 2500 795 et
2531 740 2800 812 intelligit.

455 821 896 877 adnuntiavimus
916 823 1068 882 vobis
1090 824 1486 892 paenitentiam,
1512 825 1810 896 expavistis
1833 824 2048 880 confes-

454 912 617 977 sioni,
645 923 878 983 quatuor
906 915 1081 969 modis
1109 925 1234 970 sunt
1267 915 1628 973 laudationes.

526 1003 826 1073 Conﬁtebor
845 1005 962 1071 tibi,
985 1005 1206 1060 Domine
1235 1021 1254 1058 :
1282 1006 1447 1062 Pater
1468 1007 1588 1061 coeli
1621 1005 1768 1072 ﬁdei,
1797 1007 1958 1062 credo
1987 1006 2042 1062 in

450 1096 621 1151 Deum
652 1095 867 1151 Patrem
898 1116 910 1150 :
947 1107 1270 1170 martyrum,
1303 1099 1394 1168 qui
1427 1098 1715 1154 conﬁtetur
1747 1112 1833 1152 me
1857 1113 2042 1153 coram

447 1187 782 1252 hominibus,
832 1197 1202 1259 peccatorum,
1250 1187 1584 1242 conﬁtemini
1635 1187 1862 1243 Domino
1901 1202 2041 1256 quo-

448 1281 598 1336 niam
645 1283 821 1335 bonus
863 1299 875 1334 ε
915 1280 1235 1335 abscondisti
1272 1299 1305 1334 a
1349 1279 1694 1352 sapientibus,
1736 1280 1787 1335 id
1829 1291 1912 1335 est
1946 1281 2039 1351 qui

450 1373 716 1443 sapientia
745 1374 905 1444 hujus
945 1373 1130 1427 mundi
1156 1380 1399 1437 utuntur,
1432 1371 1674 1426 revelain
1700 1371 1954 1442 parvulis,
1985 1371 2040 1426 id

448 1474 532 1520 est
572 1464 850 1535 discipulis
898 1482 910 1517 :
947 1461 1174 1518 Vocatio
1213 1471 1445 1533 quatuor
1475 1464 1652 1518 modis
1682 1460 1828 1516 facta
1869 1469 1954 1515 est
1982 1461 2037 1515 in

449 1572 611 1612 "0V0.

527 1647 709 1720 Venite
741 1647 810 1700 ad
839 1663 937 1712 me,
978 1662 1155 1702 omnes
1185 1646 1276 1719 qui
1300 1645 1553 1701 laboratis
1580 1664 1598 1702 :
1627 1645 1686 1702 ln
1711 1654 1915 1714 vetere,
1937 1662 2035 1703 ve-

445 1743 580 1809 nite,
614 1740 729 1806 filii,
760 1739 942 1795 audite
968 1755 1056 1794 me
1089 1753 1104 1793 :
1142 1739 1196 1794 in
1236 1738 1440 1803 futuro,
1473 1740 1674 1805 venite,
1710 1738 1979 1794 benedicti
2013 1755 2028 1792 :

2218 827 2286 881 Et
2334 830 2462 898 facit
2507 829 2773 899 fructum;
2810 831 3168 898 tricesimum,
3203 833 3445 888 ostendit
3491 834 3743 891 ordinem

2144 919 2551 990 conjugatorum
2603 935 2618 974 :
2663 929 2950 992 sequentes
2993 924 3309 978 mandatum
3360 925 3478 990 Dei,
3528 925 3744 984 fructus

2141 1007 2254 1062 LX.
2298 1011 2486 1066 ordine
2529 1011 2834 1077 viduarum,
2858 1015 3317 1085 perseverentiam
3365 1017 3419 1070 in
3474 1017 3741 1085 Domino;

2143 1100 2354 1158 fructus
2393 1104 2758 1170 centesimus,
2813 1106 2918 1161 hoc
2961 1116 3089 1162 sunt
3127 1108 3347 1163 ordines
3393 1120 3738 1182 martyrum,

2141 1195 2529 1248 monachorum
2581 1196 2663 1250 vel
2709 1197 2976 1266 virginum
3013 1217 3025 1252 :
3064 1199 3154 1268 qui
3201 1200 3366 1255 habet
3407 1201 3638 1255 dabitur
3672 1204 3739 1268 ei,

2139 1285 2378 1338 ostendit
2403 1286 2662 1356 apostolis
2685 1288 2776 1356 qui
2803 1290 3006 1344 habent
3027 1290 3303 1346 Christum
3331 1293 3560 1347 dabitur
3585 1295 3668 1348 eis
3689 1305 3740 1350 et

2140 1373 2497 1443 intellectum,
2521 1386 2576 1432 et
2602 1379 2692 1449 qui
2726 1394 2831 1434 non
2861 1380 3026 1435 habet
3054 1382 3227 1452 ipsum
3257 1383 3403 1453 quod
3439 1385 3613 1440 habet
3647 1401 3740 1440 au-

2139 1463 2346 1520 feretur
2384 1467 2450 1520 ab
2480 1481 2569 1532 eo,
2611 1469 2846 1524 ostendit
2881 1469 3117 1536 Judmos,
3157 1472 3329 1542 ipsam
3366 1473 3545 1544 legem
3574 1490 3736 1544 quam

2138 1555 2436 1620 habebant,
2489 1557 2763 1614 auferetur
2805 1561 2874 1615 ab
2894 1561 3003 1627 eis;
3049 1562 3295 1618 videntes
3339 1580 3451 1618 non
3496 1566 3732 1632 videant,

2136 1646 2241 1702 hoc
2271 1657 2397 1703 sunt
2418 1646 2652 1715 Iudaeos,
2684 1650 2776 1720 qui
2797 1652 2972 1707 oculis
2995 1653 3177 1708 vident
3199 1663 3256 1709 et
3280 1657 3452 1712 corde
3479 1673 3594 1712 non
3617 1675 3732 1714 αε-

2140 1737 2337 1793 debant
2362 1756 2375 1792 :
2407 1740 2688 1796 audientes
2719 1756 2827 1796 non
2851 1743 3078 1799 audiunt
3107 1762 3122 1798 :
3161 1747 3405 1802 ostendit
3433 1751 3590 1803 curis
3617 1765 3734 1805 cor-

443 1833 661 1907 Jugum,
703 1834 754 1889 id
793 1843 878 1890 est
920 1833 1185 1898 doctrina,
1223 1831 1358 1887 levis
1381 1841 1467 1887 est
1503 1831 1825 1898 volentibus,
1854 1831 2039 1902 gravis
2066 1829 2114 1889 B
2141 1829 2306 1898 poris,
2332 1831 2624 1886 audiebant
2645 1842 2700 1888 et
2725 1835 2950 1892 duribus
2973 1837 3149 1892 cordis
3180 1855 3288 1894 non
3314 1840 3728 1912 intelligebant:

443 1925 753 1982 nolentibus
787 1941 872 1981 ea.
895 1924 1164 1980 Perfectio
1186 1932 1297 1978 tres
1321 1925 1494 1980 modis
1517 1924 1853 1995 intelligitur,
1877 1925 1929 1978 id
1952 1931 2036 1980 est

444 2017 853 2090 discipulorum,
890 2031 988 2086 per
1012 2015 1338 2086 baptismum
1371 2033 1384 2068 :
1416 2023 1784 2086 peccatorum,
1816 2028 1912 2085 per
1951 2029 2037 2070 re-

438 2109 762 2165 missionem
821 2127 834 2163 :
893 2105 1233 2173 Iudaeorum,
1290 2123 1389 2177 per
1451 2107 1860 2163 renovationem
1900 2106 2034 2162 Novi

442 2197 800 2264 Testamenti,
829 2211 927 2268 per
956 2207 1090 2260 sata,
1140 2196 1193 2251 id
1238 2205 1321 2252 est
1361 2197 1556 2253 messis
1588 2198 1731 2268 quod
1769 2196 2036 2268 signiﬁcat

439 2290 623 2364 legem
656 2303 930 2348 veterem:
968 2289 1244 2347 Sabbatho
1270 2292 1487 2359 requies
1516 2289 1650 2346 Novi
1677 2288 2030 2356 Testamenti,

447 2386 696 2458 discipuli
722 2385 984 2442 vellentes
1012 2385 1210 2456 spicas,
1236 2385 1290 2440 id
1320 2393 1403 2440 est
1431 2385 1704 2440 trahentes
1725 2383 2032 2438 testimonia

445 2482 514 2536 de
553 2479 769 2546 Veteri,
800 2479 867 2534 ad
911 2478 1342 2535 conﬁrmandum
1380 2476 1621 2545 Novum,
1668 2475 2031 2532 confricantes

439 2568 715 2640 manibus,
749 2573 801 2628 id
838 2582 923 2628 est
958 2572 1324 2644 exprimentes
1361 2571 1413 2626 in
1442 2586 1658 2626 sensum
1684 2569 2024 2641 spiritalem:

432 2649 602 2724 homo
624 2680 843 2720 manum
864 2665 1070 2720 aridam
1097 2665 1324 2730 habens,
1352 2664 1591 2719 ostendit
1609 2662 1914 2726 avaritiam,
1937 2661 2028 2730 qui

439 2747 670 2829 cupidus
702 2765 786 2811 est
825 2757 878 2811 in
919 2755 1324 2826 accipiendum,
1367 2769 1564 2809 avarus
1593 2754 1664 2809 ad
1691 2752 2027 2824 largiendum

438 2849 535 2921 qui
566 2846 778 2903 solebat
804 2862 1017 2918 rapere,
1045 2847 1218 2902 discat
1244 2846 1472 2919 largire;
1502 2846 1746 2902 extendit
1771 2861 1987 2900 manum
2007 2885 2024 2913 ,

437 2939 501 3010 id
540 2947 625 2995 est
653 2939 904 3010 purgavit
936 2937 1123 3002 corde,
1156 2937 1405 2992 restituta
1427 2945 1526 3000 est,
1577 2936 1848 3008 signiﬁcat
1888 2949 2020 2990 con-

435 3033 745 3105 versionem
767 3031 836 3086 ad
865 3030 1058 3097 ﬁdem;
1097 3029 1301 3101 lignum
1325 3028 1626 3100 fumigans,
1659 3028 1712 3083 id
1750 3035 1834 3082 est
1853 3027 2017 3082 corda

437 3125 686 3196 gentium
720 3132 910 3194 parata
940 3123 1009 3178 ad
1041 3122 1202 3177 ﬁdem
1223 3162 1239 3188 ,
1283 3122 1556 3178 hominem
1597 3121 2020 3186 daemoniacum,

2136 1921 2311 1976 simile
2330 1931 2415 1977 est
2439 1938 2659 1994 regnum
2685 1926 2945 1981 caelorum
2973 1929 3178 1983 homini
3206 1930 3302 1999 qui
3329 1933 3629 1988 seminavit
3649 1949 3728 1988 se-

2135 2025 2258 2065 men
2284 2013 2483 2067 bonum
2515 2014 2567 2068 in
2598 2030 2727 2086 agro
2755 2031 2855 2072 suo
2879 2034 2896 2083 ;
2925 2019 3018 2088 qui
3049 2021 3282 2074 seminat
3324 2021 3473 2077 filius
3499 2023 3729 2081 hominis

2134 2112 2235 2170 est,
2261 2120 2446 2162 semen
2471 2109 2694 2163 verbum
2717 2109 2814 2165 Dei
2836 2111 2890 2165 in
2921 2113 3082 2167 corda
3109 2115 3479 2180 credentium,
3499 2118 3560 2170 in
3585 2133 3724 2189 agro,

2134 2195 2186 2250 id
2216 2204 2299 2251 est
2335 2197 2389 2252 in
2417 2200 2696 2266 mundum,
2729 2202 2962 2269 zizania,
2991 2203 3087 2258 ﬁlii
3121 2220 3379 2275 nequam,
3405 2207 3462 2262 id
3493 2217 3584 2263 est
3610 2225 3728 2280 οι»

2133 2286 2260 2340 rarii
2291 2286 2619 2357 iniquitatis,
2644 2289 2898 2346 inimicus
2928 2293 3020 2362 qui
3060 2295 3376 2360 seminavit,
3407 2297 3462 2352 id
3505 2307 3592 2351 est
3617 2301 3724 2352 dia-

2130 2376 2327 2433 bolus:
2361 2377 2588 2446 Messes,
2629 2383 3022 2440 consummatio
3049 2384 3230 2440 saeculi
3261 2394 3347 2441 est
3381 2403 3396 2440 :
3431 2385 3723 2457 Messores,

2129 2469 2304 2541 angeli
2346 2479 2491 2534 sunt,
2539 2488 2638 2543 pro
2671 2473 2801 2544 quid
2842 2473 3134 2532 fasciculus
3175 2477 3399 2543 dicitur,
3443 2481 3578 2550 quia
3623 2497 3722 2538 non

2129 2576 2319 2619 omnes
2343 2564 2624 2634 tequaliter
2646 2567 2976 2636 judicantur,
3009 2569 3103 2624 sed
3144 2570 3377 2626 adulteri
3416 2588 3550 2628 cum
3578 2575 3722 2629 adut.

2128 2656 2284 2720 teris,
2313 2664 2369 2712 et
2411 2671 2601 2713 omnes
2646 2673 2805 2729 pares
2849 2661 3173 2730 aequaliter:
3215 2679 3449 2736 granum
3499 2668 3718 2739 sinapis,

2128 2747 2396 2819 signiﬁcat
2425 2749 2720 2818 Christum,
2749 2752 2911 2808 homo
2945 2756 3220 2813 seminans
3250 2757 3398 2813 Deus
3424 2759 3599 2816 Pater
3623 2773 3718 2829 est,

2127 2837 2184 2893 in
2209 2855 2358 2910 agro,
2391 2842 2444 2896 id
2469 2852 2556 2898 est
2585 2844 2638 2898 in
2670 2845 2950 2900 mundum.

2200 2931 2481 2988 Minimum
2501 2936 2738 2991 omnibus
2761 2938 3044 2992 seminibus
3072 2957 3083 2992 :
3113 2938 3401 3012 Signiﬁcat
3421 2942 3715 3012 Christum,

2128 3021 2419 3079 refutatum
2443 3041 2472 3078 a
2493 3025 2691 3081 Judaeis
2716 3044 2729 3080 :
2761 3042 2884 3082 cum
2913 3037 3095 3084 autem
3126 3033 3389 3097 creverit,
3414 3034 3470 3088 id
3498 3043 3588 3090 est
3610 3051 3719 3090 sur-

2128 3119 2331 3170 rexerit
2373 3117 2453 3171 sic
2489 3117 2672 3183 arbor,
2717 3118 2769 3173 id
2812 3129 2898 3175 est
2939 3123 3184 3178 ascendit
3225 3123 3292 3178 ad
3331 3125 3563 3193 caelum,
3591 3129 3717 3184 rami

435 3226 646 3273 mutum
689 3224 743 3272 et
784 3229 1020 3280 caecum,
1065 3213 1336 3286 signiﬁcat
1379 3215 1677 3270 humanum
1720 3229 1926 3286 genus,
1968 3215 2024 3271 in
2051 3198 2099 3264 Ο
2130 3207 2268 3278 ejus,
2304 3209 2407 3264 hoc
2447 3219 2573 3264 sunt
2610 3211 2861 3281 apostoli,
2907 3213 3156 3269 volucres
3197 3215 3251 3269 in
3279 3218 3454 3272 ramis
3496 3219 3638 3290 ejus,
3669 3219 3716 3274 id

436 3315 598 3370 domo
623 3310 863 3383 alligavit
887 3308 1082 3366 fortem
1102 3351 1118 3376 ,
1146 3309 1199 3364 id
1235 3317 1320 3364 est
1348 3307 1599 3364 Christus
1623 3307 1866 3382 alligavit
1907 3309 2027 3364 dia-
2130 3309 2257 3354 sum
2292 3302 2487 3368 sane“.
2521 3303 2612 3373 qui
2652 3313 2866 3360 terrena
2892 3305 3215 3377 despiciunt,
3244 3309 3498 3366 caelestia
3529 3328 3718 3367 concu-

430 3405 646 3470 bolum,
669 3422 797 3461 vasa
821 3403 961 3474 ejus,
986 3406 1089 3460 hoc
1107 3413 1234 3459 sunt
1247 3405 1409 3460 corda
1433 3404 1674 3476 gentium
1698 3421 1710 3458 :
1737 3406 2025 3478 progenies

2134 3392 2362 3462 piscunt.
2390 3393 2562 3450 Aliter
2597 3410 2766 3466 grano
2795 3398 3019 3468 sinapis,
3052 3414 3236 3457 sermo
3259 3405 3442 3459 sancti
3475 3404 3717 3478 Evange—

435 3499 780 3570 viperarum,
826 3498 1097 3566 quomodo
1132 3497 1362 3568 potestis
1402 3495 1549 3567 loqui
1578 3498 1719 3552 bona
1748 3513 1874 3554 cum
1904 3499 2026 3556 sitis

433 3590 607 3646 mali?
637 3604 733 3661 per
761 3590 976 3661 vipera,
999 3591 1239 3645 ostendit
1270 3605 1575 3662 synagoga;
1612 3591 1932 3661 progenies,
1970 3591 2024 3647 id

433 3690 564 3737 sunt
583 3680 775 3747 Judazi,
799 3682 935 3736 sicut
957 3681 1155 3736 occidit
1175 3680 1316 3736 ﬁlius
1338 3681 1576 3750 viperam
1596 3689 1823 3735 matrem
1847 3697 2018 3745 suam,

432 3773 512 3827 sic
539 3771 708 3827 ,ἰυάωὶ
735 3771 1011 3828 Christum
1039 3772 1131 3842 qui
1153 3780 1237 3827 est
1260 3771 1524 3841 sapientia
1550 3772 1792 3826 omnium
1827 3779 2022 3839 mater,

433 3863 718 3932 generatio
749 3863 889 3917 mala
914 3871 968 3918 et
989 3862 1254 3929 adultera,
1287 3862 1430 3918 idem
1452 3863 1767 3919 deserentes
1785 3862 2023 3932 Domini,

439 3955 784 4024 adlimrentes
813 3957 986 4015 idolis.

508 4047 712 4121 Regina
737 4050 904 4104 austri
939 4049 1072 4105 venit
1101 4068 1134 4105 a
1158 4051 1350 4120 ﬁnibus
1377 4059 1566 4106 terrte:
1597 4052 1863 4124 signiﬁcat
1888 4067 2021 4123 gen-

437 4149 516 4196 tes
536 4182 552 4208 ,
585 4141 774 4197 audire
798 4141 1124 4212 sapientiam
1155 4141 1463 4200 Salomonis
1483 4185 1498 4210 ,
1525 4144 1578 4200 id
1604 4152 1688 4200 est
1717 4145 2021 4201 doctrinam

441 4219 666 4289 Christi.
706 4219 1024 4288 immundus
1071 4234 1293 4304 spiritus
1321 4235 1453 4290 exiit
1481 4237 1552 4291 ab
1573 4236 1816 4300 homine,
1849 4235 1902 4290 id
1940 4243 2024 4291 est

434 4344 466 4382 a
503 4325 733 4392 Judmis,
780 4326 913 4381 abiit
951 4343 1050 4400 per
1085 4327 1238 4382 arida
1277 4328 1430 4395 loca,
1469 4328 1524 4384 id
1556 4339 1640 4385 est
1672 4346 1770 4401 per
1797 4337 2020 4402 gentes,

433 4416 659 4470 revertit
705 4415 760 4471 in
793 4418 1047 4482 domum,
1086 4417 1140 4473 id
1175 4425 1259 4473 est
1283 4417 1352 4473 ad
1377 4417 1629 4475 Iudaeos:
1662 4420 1870 4475 invenit
1897 4435 2022 4477 eam

433 4506 612 4577 scopis
652 4508 998 4582 mundatam,
1034 4508 1086 4564 id
1124 4519 1208 4566 est
1247 4510 1598 4567 traditionum
1629 4521 2016 4584 paternarum;

432 4598 735 4670 adsumpsit
767 4614 951 4655 secum
1000 4616 1097 4655 vn.
1135 4601 1360 4672 spiritus
1406 4603 1727 4673 nequiores,
1762 4607 1864 4661 hoc
1893 4615 2022 4662 sunt

429 4704 620 4767 names
643 4689 758 4745 dies
786 4706 974 4747 eorum
1003 4694 1058 4746 in
1098 4691 1243 4748 malo
1266 4709 1431 4766 opere
1462 4697 1641 4761 versi,
1673 4697 1939 4767 intrantes
1963 4699 2017 4754 in

431 4766 673 4844 domum,
697 4781 751 4835 id
777 4790 858 4837 est
880 4783 934 4836 in
957 4784 1119 4838 corda
1141 4795 1572 4854 persecutorum,
1599 4787 1725 4857 quia
1739 4787 2019 4843 Christum

431 4873 860 4947 persecutisunt
882 4882 937 4929 et
961 4874 1262 4944 Prophetas
1291 4893 1302 4930 :
1337 4875 1509 4932 Mater
1531 4885 1587 4932 et
1613 4877 1832 4943 fratres,
1861 4879 1912 4934 id
1933 4888 2019 4934 est

432 4980 708 5038 synanoga
734 4975 787 5020 et
805 4966 1048 5032 .Iudaeos,
1082 4967 1228 5023 foras
1253 4977 1460 5024 stantes
1481 5009 1496 5034 ,
1537 4970 1588 5023 id
1617 4979 1701 5024 est
1735 4979 1884 5023 extra
1910 4969 2015 5024 Ec-

433 5060 689 5128 clesium,
745 5067 1052 5130 qumrentes
1105 5062 1356 5132 conloqui
1410 5072 1635 5116 tecum:
1679 5062 1916 5118 ostendit
1964 5063 2017 5118 in

432 5151 616 5206 futuro
640 5154 1046 5208 conversionem
1067 5152 1374 5210 Judzeorum
1398 5155 1466 5209 ad
1487 5154 1668 5210 ﬁdem.
1697 5154 1841 5210 Exiit
1857 5153 2017 5210 lesus

433 5243 500 5296 de
531 5241 722 5308 domo,
751 5242 973 5312 sedebat
1005 5245 1073 5300 ad
1109 5260 1288 5312 mare,
1316 5244 1530 5302 duobus
1559 5246 1736 5302 modis
1766 5245 2018 5318 intelligi-

434 5339 545 5399 tur,
573 5331 629 5389 id
647 5339 732 5389 est
759 5332 826 5388 de
847 5332 986 5389 calo
1008 5334 1062 5389 in
1087 5335 1370 5400 mundum,
1397 5335 1464 5392 de
1479 5333 1682 5392 ludatis
1703 5335 1773 5392 ad
1800 5345 2016 5408 gentes,

423 5413 672 5481 ascendit
707 5423 762 5481 in
802 5425 962 5492 navi,
994 5425 1050 5482 id
1086 5434 1172 5482 est
1199 5427 1254 5482 in
1285 5428 1479 5492 caelos,
1527 5427 1713 5485 turbas
1738 5429 1807 5484 ad
1840 5428 2013 5496 littus,

433 5516 702 5592 signiﬁcat
737 5533 978 5590 praesens
1010 5519 1200 5585 vitam,
1231 5520 1285 5575 in
1331 5521 1758 5588 similitudinem,
1800 5523 1904 5580 hoc
1958 5524 2016 5581 iu

434 5613 721 5682 parabolis,
749 5615 984 5670 seminat
1009 5615 1125 5686 ipse
1147 5616 1237 5685 qui
1261 5617 1536 5687 prmdicat,
1569 5619 1822 5684 seminat,
1854 5619 1906 5674 id
1935 5627 2022 5676 est

437 5704 655 5782 verbum
706 5705 823 5769 Dei,
855 5721 1014 5762 secus
1044 5707 1206 5772 viam,
1250 5707 1302 5761 id
1343 5716 1426 5760 est
1466 5709 1556 5777 qui
1602 5710 1752 5766 audit
1792 5711 2016 5766 verbum

431 5792 552 5862 Dei,
593 5805 646 5852 et
696 5799 1119 5872 nongintelligit,
1152 5801 1203 5856 in
1249 5807 1490 5870 petrosa,
1531 5801 1582 5856 id
1615 5811 1706 5874 est
1742 5804 1832 5875 qui
1869 5805 2018 5863 audit

2126 3486 2184 3541 lii
2211 3503 2223 3540 :
2254 3487 2417 3542 homo
2437 3489 2710 3544 seminans
2736 3489 2984 3547 Christus
3008 3502 3112 3558 est,
3136 3495 3191 3548 in
3214 3509 3368 3564 agro,
3396 3497 3452 3552 in
3481 3499 3713 3554 mundo:

2127 3577 2409 3633 Minimum
2436 3581 2699 3646 onmium,
2725 3581 2779 3635 id
2806 3593 2890 3638 est
2917 3593 3192 3639 servatum
3218 3586 3272 3640 in
3299 3588 3567 3644 cordibus
3597 3588 3717 3644 ﬁde-

2127 3669 2282 3737 lium,
2314 3680 2537 3742 propter
2572 3674 2893 3745 sapientiam
2923 3676 3389 3748 philosophorum,
3421 3683 3505 3737 sic
3538 3683 3715 3747 arbor,

2126 3761 2180 3815 id
2200 3771 2284 3816 est
2311 3763 2557 3818 ascendit
2580 3779 2741 3835 super
2764 3781 2982 3821 omnem
3012 3768 3333 3838 sapientiam
3360 3775 3713 3838 mundanam,

2126 3867 2307 3908 ramos
2328 3854 2468 3926 ejus,
2490 3856 2729 3911 ostendit
2748 3858 3157 3928 explanationes
3179 3861 3522 3932 singulorum
3544 3865 3717 3920 docto-

2126 3963 2267 4014 rum,
2295 3947 2562 4014 volucres,
2595 3949 2649 4005 id
2671 3958 2756 4005 est
2773 3961 3048 4008 amatores
3077 3955 3344 4020 scientiae,
3374 3957 3446 4012 de
3475 3967 3717 4015 semente

2125 4049 2368 4110 accepto,
2402 4041 2455 4096 id
2486 4051 2570 4097 est
2597 4042 2844 4099 doctrina
2873 4044 3172 4118 Evangelii.

2199 4131 2397 4186 Mulier
2423 4173 2438 4198 ,
2473 4133 2527 4190 id
2563 4143 2648 4190 est
2685 4136 2972 4206 sapientia,
3001 4139 3286 4194 abscondit
3330 4141 3380 4195 in
3429 4143 3632 4211 farina,
3665 4145 3712 4200 id

2125 4235 2209 4279 est
2253 4225 2306 4278 in
2339 4226 2502 4282 corda
2543 4225 2800 4294 ﬁdelium,
2833 4238 2950 4284 sata
2978 4231 3103 4296 tria,
3140 4233 3378 4288 ostendit
3423 4243 3538 4292 tres
3584 4237 3716 4295 ﬁlios

2123 4317 2258 4381 Noe,
2283 4318 2457 4375 donec
2483 4318 2866 4376 fermentatum
2888 4330 2973 4378 est
3001 4330 3196 4391 totum,
3222 4324 3276 4380 id
3306 4335 3391 4382 est
3417 4327 3553 4383 dum
3582 4344 3713 4400 pra-

2125 4410 2365 4466 dicatum
2394 4421 2480 4469 est
2505 4413 2858 4484 Evangelium
2895 4415 2949 4469 in
2991 4424 3163 4470 totum
3205 4419 3493 4473 mundum.
3529 4421 3714 4477 Simile

2125 4511 2209 4558 est
2231 4518 2454 4573 regnum
2477 4504 2738 4559 caelorum
2761 4506 3017 4561 thesauro
3037 4506 3375 4573 abscondito,
3401 4509 3712 4578 thesaurus,

2126 4594 2178 4650 id
2207 4603 2289 4649 est
2317 4594 2570 4650 Christus
2602 4595 2688 4650 vel
2717 4596 3004 4665 sapientia.
3049 4597 3107 4653 in
3145 4613 3292 4668 agro,
3331 4601 3384 4656 id
3410 4611 3501 4658 est
3529 4602 3717 4659 Eccle-

2123 4684 2218 4739 sia:
2244 4685 2358 4738 sive
2389 4685 2442 4738 in
2475 4683 2772 4754 Seripturis
2797 4686 3014 4755 divinis,
3043 4689 3286 4745 vendidit
3311 4691 3526 4758 omnia,
3558 4694 3615 4749 id
3640 4703 3716 4750 est

2123 4778 2341 4849 reliquit
2377 4779 2522 4844 vilia,
2564 4795 2658 4834 seu
2695 4794 2784 4834 res
2820 4787 3085 4844 terrenas,
3113 4781 3246 4836 emit
3283 4797 3502 4852 agrum,
3540 4784 3602 4840 id
3637 4794 3715 4841 est

2124 4885 2350 4941 regnum
2381 4871 2640 4925 caelorum
2681 4890 2695 4925 :
2729 4872 2893 4927 homo
2921 4871 3224 4942 negotians,
3255 4873 3348 4942 qui
3379 4876 3587 4944 quaerit
3624 4877 3715 4932 do-

2121 4964 2355 5017 ctrinam
2383 4962 2640 5029 divinam,
2680 4962 2884 5018 invenit
2925 4979 3088 5018 unam
3129 4967 3508 5035 margaritam,
3549 4967 3606 5022 id
3634 4976 3714 5023 est

2125 5055 2444 5126 sapientiam
2469 5054 2702 5122 Christi,
2733 5055 2975 5111 vendidit
2997 5057 3207 5121 omnia,
3241 5057 3294 5112 id
3331 5067 3416 5113 est
3442 5059 3600 5114 vitia.
3633 5059 3714 5116 Si-

2125 5149 2254 5204 mile
2288 5158 2371 5204 est
2408 5164 2631 5220 regnum
2669 5148 2930 5204 caelorum
2967 5164 3180 5220 sagente
3219 5149 3400 5206 missae
3438 5152 3497 5206 in
3539 5167 3706 5214 mare.

2123 5258 2222 5314 per
2265 5257 2542 5314 sagenam,
2589 5241 2812 5296 verbum
2848 5241 3248 5312 praedicationis
3283 5245 3616 5311 ostenditur,
3657 5248 3709 5302 in

2127 5348 2310 5402 mare,
2359 5335 2410 5389 id
2449 5342 2533 5389 est
2579 5333 2635 5388 in
2669 5333 2904 5397 mundo,
2947 5349 3016 5390 ex
3050 5335 3198 5392 omni
3237 5350 3438 5407 genere
3476 5339 3707 5412 piscium

2126 5425 2498 5498 congreganti,
2533 5425 2584 5480 id
2624 5433 2708 5480 est
2754 5440 2915 5481 omne
2961 5441 3131 5498 genus
3171 5428 3512 5496 humanum;
3559 5431 3709 5487 audit

2125 5517 2347 5574 verbum
2389 5517 2484 5573 Dei
2529 5533 2684 5573 secus
2725 5517 2897 5585 littus,
2939 5519 2993 5574 id
3028 5529 3114 5575 est
3150 5535 3318 5592 prope
3353 5521 3462 5576 ﬁne
3500 5524 3706 5589 mundi,

2121 5620 2276 5683 pater
2315 5610 2566 5676 familias,
2595 5609 2846 5666 Christus
2883 5619 2992 5677 est,
3035 5610 3240 5669 Scriba:
3278 5613 3533 5671 doctores
3583 5631 3706 5686 apo-

2122 5704 2242 5761 stoli
2280 5712 2426 5767 sunt,
2451 5703 2598 5758 venit
2627 5703 2680 5757 in
2716 5703 2944 5772 patriam
2975 5718 3151 5768 suam,
3182 5703 3238 5758 id
3259 5712 3345 5760 est
3372 5705 3440 5759 ad
3470 5705 3701 5762 Judteos.

2124 5799 2482 5861 Tbetrarcha,
2518 5797 2572 5854 id
2601 5804 2683 5852 est
2713 5796 2840 5851 inita
2881 5812 3010 5866 pars
3039 5797 3212 5867 regni.
3451 5797 3458 5804 ’
