3948 6328
229 346 322 404 881

928 349 1289 410 EXPOSITIO
1326 349 1394 407 IN
1431 347 1768 420 QUATUOB
1806 349 2218 408 EVANGELIA.
2259 382 2330 424 --_
2365 350 2434 407 IN
2474 349 2734 408 MATTII.

3358 306 3481 414 sea

296 461 541 534 Atligaoit
578 461 838 519 Joannem
879 474 927 519 et
969 467 1110 520 misit
1148 467 1202 521 in
1232 483 1493 522 carcerem
1521 483 1541 522 :
1567 465 1799 522 ostendit
1824 466 1877 527 Α
1903 465 1969 520 ad
2009 463 2258 532 Iudaeos;
2301 467 2480 533 aliter,
2519 467 2643 538 quia
2682 483 2872 523 omnes
2901 471 3185 526 credentes
3222 472 3274 526 in
3303 471 3486 543 Deum

230 555 518 612 terminum
561 554 693 626 legis
733 565 976 613 veterae:
1024 557 1357 614 Herodiades
1383 558 1649 630 signiﬁcat
1695 559 1806 614 sin-

139 675 142 678 ~
228 661 474 719 agogam,
505 645 680 716 puella
719 646 933 702 saltavit
969 649 1023 703 in
1059 649 1326 714 convivio,
1355 649 1592 704 ostendit
1621 657 1808 720 gentes

229 737 484 794 saltantes
515 746 640 792 ante
669 737 887 804 idolam,
919 747 1082 809 caput
1113 737 1336 796 Joannis
1371 739 1424 793 in
1461 739 1609 794 disco
1642 738 1807 809 signi-

228 830 350 884 ﬁcat
377 843 576 898 corpus
599 827 801 886 Christi
839 829 894 884 in
932 829 1136 896 altare,
1167 839 1331 900 caput
1370 830 1511 885 illius
1553 831 1607 884 in
1645 830 1806 885 corde

230 917 486 982 ﬁdelium,
515 917 698 972 datum
733 927 818 974 est
847 917 1061 986 puellae,
1084 918 1137 972 id
1163 926 1249 974 est
1273 918 1526 974 Ecclesiae
1547 934 1612 973 ex
1636 919 1808 989 genti-

227 1010 347 1074 bus,
392 1008 571 1063 attulit
611 1010 773 1064 matri
816 1024 949 1076 suae,
987 1009 1225 1065 ostendit
1264 1010 1673 1066 conversionem
1708 1007 1806 1064 Iu-

225 1101 495 1166 daaorum,
544 1101 600 1155 in
650 1099 920 1166 futurum,
975 1108 1172 1156 secutae
1217 1100 1454 1155 ostendit
1496 1099 1804 1170 pedestres,

225 1191 458 1244 ostendit
499 1206 604 1244 non
634 1205 755 1246 cum
785 1190 1028 1261 pecuniis
1063 1190 1344 1261 anteguis,
1386 1190 1480 1246 sed
1523 1204 1645 1244 cum
1683 1204 1807 1260 pro.

225 1282 344 1350 prio
379 1279 563 1335 labore
599 1280 758 1336 debet
793 1281 954 1334 homo
992 1281 1142 1350 sequi
1175 1279 1344 1335 Deum
1375 1298 1386 1333 :
1418 1279 1630 1335 curavit
1659 1278 1808 1333 inﬁr-

224 1387 365 1437 mos,
395 1371 447 1426 id
475 1380 561 1427 est
597 1369 766 1426 abluit
806 1373 1045 1441 peccatis
1079 1380 1135 1427 et
1172 1371 1239 1426 ab
1279 1370 1436 1427 idolis
1476 1388 1488 1424 :
1529 1370 1660 1426 hora
1695 1369 1807 1438 jam

223 1463 509 1535 praeteriit,
541 1463 594 1518 id
630 1471 713 1520 est
745 1462 923 1518 littera
955 1462 1111 1535 legis,
1143 1464 1381 1534 quinque
1413 1477 1603 1532 panes,
1639 1463 1691 1518 id
1725 1470 1809 1518 est

225 1555 465 1625 quinque
504 1553 629 1609 libri
669 1552 860 1625 Moysi,
899 1555 1005 1610 duo
1049 1555 1242 1625 pisces,
1286 1554 1339 1610 id
1379 1563 1463 1609 est
1495 1553 1601 1608 duo
1641 1561 1805 1608 testa-

225 1657 430 1714 menta,
461 1648 575 1703 sive
612 1649 717 1704 duo
740 1648 974 1712 ordines,
1014 1648 1067 1703 id
1096 1658 1179 1703 est
1207 1647 1548 1704 sacerdotum
1594 1655 1648 1702 et
1676 1645 1808 1703 Pro-

224 1739 536 1809 phetarum,
573 1737 687 1793 sive
715 1736 823 1792 duo
851 1736 972 1793 libri
995 1736 1172 1792 Iosuzc
1201 1756 1213 1792 :
1248 1739 1403 1794 turba
1433 1737 1806 1796 discumbebat

1904 555 2069 611 Israel
2091 564 2355 611 vocantur
2394 573 2408 610 :
2446 571 2660 612 sumere
2686 573 2902 628 panem,
2937 559 2988 615 id
3022 569 3105 614 est
3140 560 3438 618 doctrinam
3465 603 3484 630 ,

1907 647 2159 710 ﬁliorum,
2192 648 2246 702 id
2271 655 2356 703 est
2393 647 2722 716 Iudaeorum,
2752 651 2868 706 dari
2892 651 3135 714 canibus,
3168 652 3220 706 id
3249 663 3334 708 est
3355 668 3487 725 gen-

1907 737 2074 804 tibus,
2101 737 2278 794 catelli
2308 739 2494 804 edunt,
2527 739 2580 795 id
2615 749 2699 796 est
2729 751 2954 810 gentes,
2982 741 3260 813 accipiunt
3297 744 3365 800 de
3388 744 3492 802 mi-

1906 829 2006 894 cis,
2040 829 2092 884 id
2118 836 2202 885 est
2229 829 2296 885 de
2333 829 2632 886 minoribus
2663 833 2951 888 mandatis.

1979 917 2232 974 Misereor
2269 919 2434 974 turba:
2459 936 2477 974 :
2505 919 2744 976 ostendit
2770 922 2896 991 quia
2924 922 3067 978 Deus
3095 931 3242 977 totus
3277 921 3490 977 miseri-

1908 1024 2032 1066 cors
2057 1019 2159 1074 est,
2187 1010 2422 1065 triduum
2460 1013 2757 1081 perdurant
2787 1027 2999 1068 mecum
3019 1054 3034 1080 ,
3067 1013 3304 1069 ostendit
3331 1013 3490 1068 ﬁdem

1908 1098 2207 1164 Trinitatis,
2242 1115 2348 1155 non
2371 1099 2568 1155 habent
2593 1100 2720 1170 quid
2763 1103 3123 1169 manducent,
3163 1103 3213 1158 id
3253 1111 3337 1158 est
3383 1118 3490 1157 non

1909 1187 2115 1244 habent
2159 1190 2384 1244 verbum
2429 1189 2858 1258 przedieationis,
2911 1193 3034 1248 nolo
3082 1208 3175 1250 eos
3219 1192 3494 1248 dimittere

1904 1279 2118 1350 jejunos
2145 1296 2211 1335 ne
2233 1280 2487 1336 deﬁciant
2512 1282 2567 1336 in
2593 1282 2710 1349 via,
2753 1281 2816 1338 id:
2848 1291 2929 1339 est
2963 1298 3032 1339 ne
3064 1292 3289 1355 pereant
3322 1284 3375 1338 in
3406 1281 3492 1338 via

1909 1375 2113 1430 erroris
2149 1375 2202 1430 in
2241 1383 2507 1446 praesente
2550 1376 2693 1442 vita,
2739 1375 2866 1446 quia
2910 1375 3043 1430 ﬁdes
3080 1377 3199 1430 sine
3239 1375 3494 1446 operibus

1909 1474 2121 1521 mortua
2149 1473 2230 1521 est
2269 1484 2281 1518 :
2325 1481 2423 1536 per
2451 1475 2655 1537 septem
2686 1481 2856 1537 panes
2881 1467 3120 1522 ostendit
3161 1466 3454 1537 eptaticum
3474 1505 3492 1532 ,

1908 1570 2108 1627 paucos
2134 1557 2308 1627 pisces
2334 1557 2571 1612 ostendit
2600 1557 2845 1613 ordinem
2873 1558 3256 1629 prophetarum
3279 1556 3366 1626 vel
3399 1571 3493 1612 sa-

1909 1648 2218 1715 cerdotum,
2251 1664 2412 1720 super
2442 1657 2644 1704 terram
2690 1649 3069 1717 discumbens,
3102 1649 3335 1705 ostendit
3365 1664 3494 1720 per-

1910 1737 2165 1795 fectiores
2183 1739 2296 1809 jam
2336 1739 2541 1796 calcata
2568 1739 2696 1794 vitia
2733 1755 2860 1806 sua,
2889 1755 2986 1810 per
3007 1749 3212 1811 septem
3244 1747 3489 1812 sportas,

224 1847 390 1902 super
427 1831 653 1898 foenum,
690 1830 744 1886 id
784 1839 867 1885 est
907 1844 1070 1900 super
1097 1829 1246 1884 arida
1281 1831 1460 1895 corda,
1502 1829 1615 1884 sive
1644 1844 1807 1899 super
1833 1815 1885 1878 Β
1911 1839 2118 1901 septem
2163 1832 2411 1887 doctores
2434 1831 2670 1902 Spiritus
2691 1831 2886 1898 sancti,
2912 1831 3166 1886 Pharisaei
3188 1830 3364 1895 divisi,
3394 1829 3494 1885 Sa-

223 1921 357 1976 vitia
405 1920 795 1988 discumbebat,
838 1928 893 1976 et
941 1922 1178 1991 acceptis
1222 1922 1450 1991 panibus
1497 1921 1710 1976 intuens
1755 1921 1811 1977 in

218 2013 448 2079 caelum,
474 2013 526 2068 id
549 2021 635 2069 est
663 2012 929 2068 abstraxit
959 2027 1199 2078 sensum,
1233 2013 1408 2084 fregit,
1442 2012 1493 2068 id
1526 2020 1609 2068 est
1637 2011 1809 2067 histo—

221 2106 362 2161 riam
396 2105 530 2176 legis
566 2105 834 2176 expressit
872 2105 927 2160 in
965 2104 1264 2175 spiritalem
1296 2119 1515 2160 sensum
1549 2113 1605 2160 et
1643 2119 1813 2175 appa-

222 2197 336 2254 ruit
363 2195 684 2261 intellectus,
709 2195 1003 2262 benedixit,
1033 2196 1088 2252 id
1112 2204 1195 2252 est
1223 2195 1600 2266 multiplicavit
1628 2214 1641 2250 :
1673 2197 1809 2251 duo-

221 2288 402 2345 decim
425 2287 627 2344 coﬁnos
648 2286 857 2358 plenos,
878 2287 930 2342 id
951 2287 1119 2342 estde
1138 2287 1384 2343 doctrina
1406 2295 1592 2342 sancta
1616 2287 1814 2342 duode-

224 2381 330 2436 cim
365 2379 636 2450 apostolos
655 2419 669 2443 ,
699 2394 797 2448 pro
822 2393 926 2448 qua
952 2394 1117 2433 causa
1145 2395 1250 2434 non
1283 2388 1663 2448 computantur
1691 2395 1812 2433 mu-

223 2471 388 2528 lieres
423 2484 476 2528 et
505 2472 711 2542 parvuli
746 2472 885 2527 sicut
920 2472 1043 2537 viri,
1072 2473 1196 2542 quia
1232 2471 1440 2543 parvuli
1481 2487 1589 2528 non
1634 2471 1815 2526 valent

224 2579 526 2636 repugnare
554 2571 742 2620 contra
769 2563 896 2619 vitia
925 2579 1046 2630 sua,
1076 2565 1153 2619 sic
1181 2577 1236 2620 et
1265 2564 1536 2629 mulieres,
1566 2578 1671 2634 qua
1709 2564 1813 2618 im-

221 2655 503 2727 perfectus
528 2670 690 2712 sexus
717 2664 800 2711 est
827 2673 842 2710 :
869 2656 1030 2728 jussit
1057 2656 1350 2711 ascendere
1378 2657 1431 2711 in
1464 2655 1729 2720 navicula,
1762 2654 1815 2710 id

227 2759 313 2805 est
343 2750 396 2804 in
426 2749 756 2813 Ecclesiam,
789 2749 1096 2820 praecedere
1126 2747 1476 2805 transfretum
1494 2789 1510 2814 ,
1539 2748 1592 2804 id
1632 2756 1717 2804 est
1746 2747 1813 2803 de

228 2841 428 2897 Iudwis
469 2839 534 2896 ad
573 2850 781 2913 gentes.
829 2840 1074 2908 Quatuor
1117 2839 1293 2896 modis
1333 2847 1556 2895 vocatur
1590 2857 1602 2893 :
1638 2839 1816 2910 prima

181 2944 446 2997 .natura.
501 2933 752 2990 Secunda
809 2934 1076 3004 cognatio.
1139 2931 1321 2988 Tertia
1376 2939 1556 3004 gente.
1608 2931 1811 2998 Quarta

232 3029 428 3087 atlectu
459 3048 471 3083 :
501 3037 734 3100 quatuor
764 3028 958 3094 modis,
999 3027 1198 3082 dicitur
1231 3027 1411 3090 homo,
1440 3025 1568 3095 quid
1597 3024 1810 3088 dicitur,

235 3120 291 3175 id
320 3128 405 3175 est
439 3119 638 3174 bonum
659 3159 672 3181 ,
705 3118 863 3181 bene,
898 3114 1275 3186 paenitentiam
1303 3114 1464 3184 agite,
1497 3120 1552 3167 et
1584 3112 1808 3182 reliqua.

236 3209 436 3264 Malum
468 3208 626 3276 male,
660 3175 884 3278 sanguis
900 3175 1030 3273 ejus
1061 3219 1224 3273 super
1250 3175 1379 3269 ηοξ,
1414 3175 1618 3258 bonum
1649 3175 1808 3268 male,
1841 3175 1889 3242 (ἶ

233 3299 325 3355 ubi
371 3299 571 3354 dicitur
607 3299 673 3353 de
715 3311 891 3361 caeco,
935 3303 992 3350 tu
1037 3293 1185 3350 solus
1211 3292 1508 3364 discipulus
1556 3291 1672 3362 ejus
1712 3293 1817 3348 es?

233 3388 408 3444 Malus
451 3389 624 3456 bene,
665 3388 756 3443 ubi
796 3385 1086 3458 Apostolus
1127 3386 1233 3453 ait,
1276 3385 1470 3441 tradidi
1511 3385 1818 3456 hujusmodi

231 3480 508 3540 hominem
559 3479 613 3534 in
652 3478 930 3534 interitum
964 3475 1218 3543 Satanae,
1265 3485 1323 3532 ut
1365 3476 1590 3547 spiritus
1637 3476 1819 3533 salvus

234 3573 354 3628 ﬁat.
388 3571 622 3642 Vespere
651 3578 830 3624 autem
863 3567 1005 3624 facto
1032 3567 1180 3623 solus
1209 3575 1346 3634 erat,
1374 3568 1612 3623 ostendit
1653 3567 1816 3623 ﬁnem

232 3662 444 3729 mundi,
470 3659 616 3718 solus
642 3660 792 3718 venit
822 3660 1086 3715 redimere
1114 3659 1409 3714 humanum
1436 3676 1623 3732 genus.

312 3751 478 3810 Navis
517 3755 573 3809 in
608 3752 778 3808 medio
815 3767 997 3807 mare:
1033 3752 1094 3807 id
1140 3759 1225 3807 est
1256 3751 1493 3807 Ecclesia
1542 3752 1596 3806 in
1638 3752 1818 3808 medio

233 3846 453 3910 mundi,
495 3845 802 3918 iactabatur
841 3843 1092 3899 ﬂuctibus
1119 3883 1136 3910 ,
1185 3843 1240 3898 id
1282 3852 1366 3898 est
1414 3844 1820 3914 persecutiones

231 3937 572 4010 patiebatur,
618 3945 810 3990 ventus
872 3934 1219 3999 contrarius,
1281 3932 1334 3986 id
1375 3940 1460 3988 est
1529 3933 1772 3989 diabolos
1801 3974 1817 3999 ,

233 4039 430 4102 quarta
461 4029 642 4100 vigilia
676 4028 852 4085 noctis
891 4027 1038 4082 venit
1062 4025 1242 4093 Iesus,
1270 4025 1509 4082 ostendit
1543 4026 1598 4080 in
1629 4035 1822 4096 quarta

234 4126 377 4196 lege,
411 4124 465 4179 id
495 4130 579 4178 est
602 4121 898 4193 Evangelii,
929 4119 1215 4175 ambulans
1238 4117 1398 4175 Iesus
1439 4133 1603 4188 super
1650 4133 1823 4186 mare,

237 4220 292 4282 id
330 4226 414 4272 est
453 4215 670 4272 calcans
711 4214 1099 4270 amaritudines
1146 4212 1357 4278 saeculi,
1402 4212 1701 4268 ambulavit
1723 4211 1826 4268 Pe-

239 4321 360 4366 trus
401 4325 564 4380 super
596 4324 784 4379 aquas,
823 4321 985 4378 super
1013 4306 1402 4362 amaritudines
1438 4306 1573 4372 sive,
1608 4305 1824 4362 calcans

236 4401 375 4454 vitia
419 4410 764 4470 peccatorum
785 4441 800 4465 ,
829 4397 991 4454 Petro
1038 4405 1316 4468 mergente
1353 4397 1408 4452 in
1437 4413 1622 4463 mare,
1651 4397 1705 4452 id
1741 4407 1824 4452 est

1913 1923 2104 1988 duczei,
2129 1922 2433 1993 iustiﬁcati,
2461 1922 2655 1978 caelum
2685 1937 2954 1988 serenum,
2978 1921 3030 1976 id
3056 1931 3140 1978 est
3168 1921 3493 1977 resurrectio

1912 2013 2138 2080 Christi,
2171 2015 2365 2070 coelum
2405 2014 2758 2070 rubicundum
2795 2013 2986 2069 effusio
3028 2012 3342 2084 sanguinis:
3374 2025 3488 2067 cae-

1913 2106 2022 2161 lum
2062 2106 2215 2161 triste
2241 2147 2256 2172 ,
2296 2105 2602 2175 passionem
2637 2103 2838 2160 Christi
2882 2103 3156 2168 ostendit,
3203 2110 3496 2172 tempestas

1915 2198 2143 2254 rutilans
2172 2197 2442 2270 signiﬁcat
2467 2197 2934 2270 persecutionem:
2963 2207 3149 2252 cavete
3173 2212 3203 2251 a
3230 2194 3494 2250 fermento

1913 2287 2346 2356 Pharisaeorum,
2387 2290 2440 2344 id
2478 2297 2562 2344 est
2597 2305 2626 2342 a
2663 2289 2908 2344 doctrina
2945 2302 3156 2352 eorum,
3195 2285 3402 2350 Simon,
3442 2281 3497 2339 id

1915 2390 1999 2436 est
2024 2379 2302 2445 obediens,
2333 2379 2387 2434 id
2408 2386 2491 2434 est
2516 2378 2655 2434 illius
2675 2376 2832 2445 Iona,
2865 2378 2918 2434 id
2947 2387 3030 2433 est
3064 2377 3314 2432 columba
3349 2373 3496 2446 quod

1915 2473 2303 2545 interpretatur
2335 2472 2572 2544 Spiritus
2597 2482 2839 2539 sanctus,
2886 2488 3014 2527 caro
3055 2481 3109 2527 et
3137 2471 3358 2544 sanguis
3385 2485 3495 2526 non

1916 2564 2177 2621 revelavit
2213 2564 2309 2620 tibi
2374 2564 2426 2619 id
2447 2572 2532 2619 est
2581 2573 2738 2636 pater
2781 2572 2837 2619 et
2889 2573 3066 2618 mater
3110 2578 3215 2618 non
3261 2559 3500 2617 ostendit

1915 2655 2033 2720 tibi,
2063 2663 2232 2726 porue
2254 2654 2307 2708 in
2337 2652 2534 2709 inferni
2563 2662 2687 2708 sunt
2719 2662 2940 2724 peccata
2971 2651 3252 2708 hominum
3272 2691 3288 2716 ,
3311 2649 3494 2706 claves

1916 2747 2066 2819 regni
2099 2746 2357 2802 caelorum
2403 2754 2644 2816 potestas
2682 2752 2765 2800 est
2793 2744 2992 2817 ligandi
3029 2753 3084 2799 et
3112 2741 3389 2806 solvendi,
3435 2739 3494 2795 id

1918 2849 2000 2895 est
2029 2854 2126 2909 per
2149 2837 2526 2910 paenitentiam
2558 2837 2888 2906 aperientur,
2917 2835 3083 2891 multa
3111 2835 3222 2905 pati
3247 2848 3279 2890 a
3309 2832 3493 2889 senio-

1918 2933 2070 2988 ribus
2095 2940 2150 2988 et
2193 2931 2407 2996 scribis,
2441 2932 2558 2987 haec
2588 2931 2774 2986 dicens
2803 2928 2960 2985 Iesus
3003 2927 3242 2985 ostendit
3263 2923 3266 2926 ’
3287 2925 3496 2998 passio-
3551 2951 3554 2954 ~

1919 3038 2042 3078 nem
2073 3031 2127 3078 et
2154 3021 2606 3077 resurrectionem
2627 3061 2641 3086 ,
2685 3020 2817 3075 dicit
2861 3019 2928 3073 ad
2957 3019 3178 3074 Petrum
3215 3018 3352 3072 vade
3375 3005 3503 3088 post

1919 3129 2026 3178 me,
2057 3113 2294 3169 ostendit
2318 3114 2493 3185 ipsum
2517 3112 2856 3176 cruciﬁxum,
2891 3118 3013 3181 post
3053 3119 3105 3165 te
3148 3108 3379 3178 abneget
3407 3121 3496 3162 se-

1923 3204 2236 3276 metipsum,
2264 3203 2320 3258 id
2350 3211 2433 3258 cst
2458 3210 2771 3258 contemnat
2820 3202 3150 3273 voluptatem
3180 3199 3382 3264 carnis,
3405 3198 3500 3269 qui

1922 3305 2071 3352 amat
2106 3295 2432 3368 voluptatem
2478 3295 2750 3366 propriam
2783 3296 3020 3350 animam
3063 3293 3283 3366 perdit:
3317 3292 3499 3348 anima

1921 3389 2032 3453 hic,
2059 3403 2159 3459 pro
2180 3387 2452 3459 voluptate
2480 3387 2720 3458 ponitur,
2749 3386 2839 3459 qui
2866 3386 3044 3456 perdit
3076 3384 3312 3439 animam
3343 3397 3499 3439 suam

1921 3479 2162 3536 inveniet
2202 3495 2318 3535 eam
2337 3519 2352 3544 ,
2383 3479 2590 3534 duobus
2620 3478 2794 3534 modis
2818 3479 3055 3533 animam
3093 3475 3268 3548 perdit
3301 3475 3463 3530 homo
3483 3513 3502 3541 ,

1919 3588 2020 3644 per
2056 3573 2378 3644 martyrium
2425 3580 2480 3628 et
2525 3571 2881 3640 abnegatione
2927 3569 3215 3640 corporis:
3261 3567 3500 3623 inveniet

1921 3682 2075 3735 eam,
2125 3667 2179 3724 id
2225 3675 2339 3734 est,
2371 3667 2424 3722 in
2448 3681 2672 3739 regnum
2719 3665 2852 3721 Dei:
2883 3663 3360 3721 commutationem
3408 3660 3506 3715 dat

1924 3777 2023 3833 pro
2054 3761 2267 3827 anima,
2311 3761 2401 3832 qui
2445 3775 2668 3816 carnem
2712 3773 2867 3815 suam
2917 3757 3125 3813 cruciat
3161 3761 3217 3810 et
3261 3754 3501 3810 animam

1925 3853 2116 3907 nutrit.

1997 3940 2124 3996 Post
2153 3957 2247 3996 sea:
2267 3941 2399 3996 dies.
2447 3939 2567 3996 Iam
2613 3943 2668 3996 in
2709 3941 2937 4011 septimo
2982 3939 3255 4002 ostendit,
3318 3945 3506 3992 aetates

1925 4033 2130 4096 mundi,
2165 4033 2393 4102 septima
2439 4046 2559 4100 quae
2607 4031 2822 4101 requies
2857 4018 3212 4101 intelligitur:
3246 4027 3504 4094 Petrum,

1924 4124 2187 4181 Iacobum
2212 4132 2266 4178 et
2287 4123 2572 4189 Joannem,
2603 4123 2692 4178 hic
2717 4122 2955 4177 ostendit
2986 4131 3150 4177 totam
3178 4115 3505 4188 EccleSiam,

1926 4214 2076 4272 ducit
2132 4214 2254 4270 illos
2302 4215 2356 4270 in
2393 4222 2664 4280 montem,
2721 4212 2774 4268 id
2827 4222 2941 4280 est,
2983 4213 3037 4268 in
3095 4228 3318 4284 regnum
3369 4210 3502 4279 Dei,

1929 4307 2199 4379 splenduit
2224 4306 2390 4363 facies
2423 4306 2540 4377 ejus
2574 4307 2717 4362 sicut
2743 4305 2846 4370 sol,
2873 4303 2926 4359 id
2961 4315 3044 4361 est
3089 4304 3259 4360 sancti
3293 4304 3346 4358 in
3387 4297 3507 4374 glo-

1931 4402 2010 4457 ria
2055 4401 2250 4465 Patris,
2289 4399 2447 4455 aliter
2472 4399 2640 4454 Vetus
2681 4398 3082 4453 Testamentum
3130 4395 3403 4465 splenduit
3451 4394 3507 4449 in

240 4492 574 4548 dubietatem
597 4492 741 4558 ﬁdei,
774 4492 854 4547 sic
881 4491 1058 4546 omnis
1084 4489 1176 4560 qui
1205 4489 1415 4544 dubitat
1442 4490 1495 4545 in
1524 4489 1651 4555 ﬁde,
1685 4505 1822 4544 mer-
1849 4521 1906 4583 Β
1931 4493 2139 4548 Novum
2171 4513 2184 4548 :
2210 4493 2532 4548 vestimenta
2557 4490 2677 4546 alba
2706 4491 2846 4546 sicut
2873 4491 2995 4556 nix,
3023 4489 3078 4545 id
3103 4498 3186 4544 est
3207 4501 3507 4559 congrega-

241 4585 323 4657 git
353 4585 407 4640 in
442 4595 747 4655 peccatum,
785 4583 1027 4638 extendit
1071 4597 1290 4637 manum
1313 4580 1488 4647 Iesus,
1517 4583 1819 4652 apprehen-

243 4677 326 4733 dit
364 4691 486 4733 eum
505 4717 520 4742 ,
554 4676 607 4730 id
638 4683 721 4731 est
749 4674 899 4730 dedit
923 4675 972 4729 ei
999 4673 1325 4742 adjutorium
1355 4672 1480 4728 ﬁdei
1504 4691 1518 4727 :
1545 4673 1661 4728 haec
1699 4681 1826 4729 sunt

245 4775 482 4838 quatuor
524 4767 715 4838 leges:
746 4765 918 4836 prima
965 4764 1018 4818 in
1060 4772 1294 4820 natura:
1323 4763 1560 4818 secunda
1606 4762 1689 4818 lex
1733 4763 1826 4818 lit-

248 4872 366 4917 tera
408 4878 422 4915 :
458 4859 614 4916 tertia
642 4857 1058 4929 Prophetarum,
1102 4864 1296 4928 quarta
1325 4855 1823 4928 Evangelistarum:

248 4966 376 5008 cum
404 4949 838 5014 transfretasset,
873 4948 925 5003 id
953 4955 1036 5002 est
1061 4962 1184 5002 cum
1216 4947 1533 5013 transisset,
1565 4955 1830 5002 venerunt

251 5044 310 5099 in
350 5051 550 5099 terram
588 5042 861 5107 Genesar,
907 5041 960 5096 id
1001 5048 1084 5096 est
1127 5040 1195 5096 de
1240 5039 1440 5096 Iudaeis
1485 5041 1552 5095 ad
1601 5049 1828 5111 gentes,

252 5133 568 5192 obtulerunt
621 5133 673 5190 ei
717 5131 858 5188 male
914 5131 1177 5187 habentes
1201 5171 1217 5192 ,
1273 5130 1327 5186 id
1378 5139 1463 5187 est
1507 5130 1664 5188 idolis
1710 5147 1830 5188 ser-

254 5225 486 5290 vientes.

277 5348 306 5355 -~
329 5317 522 5374 Mulier
542 5316 845 5375 Chanancea
865 5335 886 5375 :
904 5317 1140 5375 ostendit
1156 5317 1487 5388 primitivam
1511 5317 1828 5386 Ecclesiam,

256 5409 367 5476 ﬁlia
393 5409 510 5480 ejus
529 5427 561 5467 a
579 5411 840 5467 daemonia
881 5419 1095 5478 vexata,
1121 5410 1172 5465 id
1195 5419 1279 5465 est
1300 5409 1537 5465 Ecclesia
1568 5411 1830 5482 gentium,

261 5503 328 5558 ab
357 5501 516 5560 idolis
548 5514 832 5576 corrupta,
884 5511 1072 5558 sanata
1112 5509 1195 5556 est
1234 5499 1411 5570 puella
1441 5515 1509 5554 ex
1548 5499 1635 5554 illa
1661 5501 1829 5570 hora,

265 5598 496 5654 Ostendit
538 5597 944 5654 conversionem
996 5593 1269 5664 gentium,
1295 5601 1390 5648 ‘ex
1434 5590 1525 5645 illa
1565 5591 1698 5646 hora
1726 5607 1832 5662 qua

267 5686 478 5748 Christo
507 5689 891 5744 crediderunt:
927 5685 1041 5740 Non
1071 5700 1190 5742 sum
1222 5684 1419 5739 missus
1455 5683 1558 5737 nisi
1600 5682 1668 5737 ad
1704 5698 1832 5740 oves

267 5792 384 5851 quae
427 5780 705 5852 perierunt
751 5783 938 5838 domus
972 5775 1168 5844 Israel,
1197 5775 1436 5833 ostendit
1475 5774 1833 5847 corporaliter

1889 4585 1894 4587 ’
1933 4585 2006 4640 ιὶο
2033 4583 2276 4638 omnium
2308 4581 2568 4637 ﬁdelium.
2624 4581 2728 4637 Per
2749 4581 2967 4653 Moysen
3002 4579 3240 4636 ostendit
3265 4579 3507 4634 litteram

1931 4666 2063 4747 legis
2088 4693 2102 4729 :
2134 4674 2239 4730 Per
2264 4673 2508 4739 Heliam,
2540 4673 2786 4729 ordinem
2817 4674 3224 4744 prophetarum,
3253 4669 3506 4726 Christus

1933 4783 2055 4824 cum
2096 4765 2375 4836 discipulis
2412 4765 2648 4820 ostendit
2683 4762 2888 4818 Novum
2922 4761 3365 4817 Testamentum:
3395 4759 3512 4815 Nu-

1933 4857 2030 4913 bes
2058 4864 2224 4923 tetra,
2257 4855 2310 4911 id
2347 4863 2430 4911 est
2460 4855 2591 4927 legis
2611 4854 2810 4910 littera.
2836 4853 3011 4909 Nubes
3055 4853 3306 4918 candida,
3335 4852 3390 4908 id
3429 4862 3514 4908 est

1935 4950 2248 5023 praedicatio
2277 4948 2574 5018 Evangelii.
2613 4946 2796 5004 Nubes
2835 4946 3117 5018 pluvialis,
3157 4946 3210 5001 id
3252 4956 3334 5002 est
3373 4949 3512 5017 prie-

1939 5040 2137 5097 dicatio
2176 5039 2540 5110 apostolorum
2563 5079 2578 5104 ,
2619 5038 2710 5109 qui
2747 5037 3014 5094 faciebant
3050 5038 3282 5092 fructum
3331 5037 3512 5108 parui-

1939 5131 2146 5196 tentiae,
2175 5137 2296 5200 post
2323 5129 2697 5185 ascensionem
2735 5127 2970 5194 Christi,
3013 5142 3135 5184 cum
3169 5127 3405 5182 venisset
3445 5121 3515 5180 ad

1937 5225 2148 5288 turbas,
2176 5223 2230 5278 id
2257 5230 2342 5278 est
2369 5237 2492 5276 cum
2520 5222 2886 5278 descendisset
2911 5222 3265 5277 inmundum.

2009 5313 2182 5370 Homo
2211 5315 2424 5386 genibus
2452 5313 2750 5384 provolutus
2780 5330 2800 5368 :
2844 5313 3078 5370 ostendit
3106 5313 3354 5368 ordinem
3379 5301 3530 5365 Pro-7

1937 5405 2366 5479 phzetarum,qui
2396 5405 2616 5476 rogabat
2648 5419 2748 5474 pro
2767 5420 2844 5471 se,
2860 5405 3014 5475 quasi
3047 5402 3286 5460 Ecclesia
3317 5420 3330 5455 :
3363 5399 3519 5457 ﬁlius’

1937 5498 2054 5570 ejus
2087 5498 2377 5563 lunaticus,
2401 5496 2639 5553 ostendit
2682 5497 2936 5568 populum
2967 5497 3228 5568 gentium,
3277 5485 3512 5549 auom-

1939 5601 2020 5649 tes
2065 5592 2236 5656 idola,
2270 5591 2413 5646 cadit
2459 5590 2512 5645 in
2553 5590 2728 5661 ignem
2752 5632 2768 5656 ,
2805 5591 2857 5646 id
2885 5599 3002 5657 est,
3034 5590 3086 5644 in
3124 5578 3530 5658 cupiditatem,-

1938 5686 2131 5742 crebro
2161 5685 2214 5739 in
2245 5697 2464 5755 aquam,
2493 5684 2547 5738 id
2585 5694 2668 5740 est
2707 5685 2761 5739 in
2801 5682 3103 5747 luxuriam,
3141 5681 3336 5736 transit
3378 5679 3510 5736 hinc

1939 5778 2005 5834 de
2033 5774 2233 5832 Iudaeis
2254 5775 2320 5830 ad
2341 5784 2550 5847 gentes,
2573 5775 2709 5832 vade
2741 5773 2808 5830 ad
2831 5787 2998 5840 mare,
3024 5772 3076 5828 id
3097 5779 3182 5830 est
3203 5771 3271 5828 ad
3301 5771 3532 5844 gentes;
