  <div class='ocr_page' id='page_1' title='image "/cluster/home/n/w/nwhite01/storage/ocr_20150623/114/hvd.32044018909580/449.png"; bbox 0 0 3948 6328; ppageno 0'>
   <div class='ocr_carea' id='block_1_1' title="bbox 456 354 564 414">
    <p class='ocr_par' dir='ltr' id='par_1_1' title="bbox 456 354 564 414">
     <span class='ocr_line' id='line_1_1' title="bbox 456 354 564 414; baseline 0 -5"><span class='ocrx_word' id='word_1_1' title='bbox 456 354 564 414; x_wconf 76' lang='lat'><strong>883</strong></span> 
     </span>
    </p>
   </div>
   <div class='ocr_carea' id='block_1_2' title="bbox 958 338 3185 423">
    <p class='ocr_par' dir='ltr' id='par_1_2' title="bbox 958 338 3185 423">
     <span class='ocr_line' id='line_1_2' title="bbox 958 338 3185 423; baseline -0.003 -18"><span class='ocrx_word' id='word_1_2' title='bbox 958 347 1351 407; x_wconf 78' lang='lat' dir='ltr'><strong>WALAFBIDI</strong></span> <span class='ocrx_word' id='word_1_3' title='bbox 1393 347 1642 404; x_wconf 81' lang='lat' dir='ltr'><strong>STRABI</strong></span> <span class='ocrx_word' id='word_1_4' title='bbox 1678 346 1881 423; x_wconf 84' lang='lat' dir='ltr'><strong>FULD.</strong></span> <span class='ocrx_word' id='word_1_5' title='bbox 1926 340 2092 403; x_wconf 66' lang='grc' dir='ltr'><strong>ΜΘΗ.</strong></span> <span class='ocrx_word' id='word_1_6' title='bbox 2129 341 2284 399; x_wconf 81' lang='lat' dir='ltr'><strong>OPP.</strong></span> <span class='ocrx_word' id='word_1_7' title='bbox 2315 338 2504 401; x_wconf 79' lang='lat' dir='ltr'><strong>PARS</strong></span> <span class='ocrx_word' id='word_1_8' title='bbox 2538 341 2584 402; x_wconf 83' lang='grc' dir='ltr'><strong>Ι.</strong></span> <span class='ocrx_word' id='word_1_9' title='bbox 2624 375 2693 407; x_wconf 65' lang='grc' dir='ltr'><strong>τ-</strong></span> <span class='ocrx_word' id='word_1_10' title='bbox 2726 342 3185 403; x_wconf 80' lang='lat' dir='ltr'><strong>THEOLOGICA.</strong></span> 
     </span>
    </p>
   </div>
   <div class='ocr_carea' id='block_1_3' title="bbox 3620 347 3729 407">
    <p class='ocr_par' dir='ltr' id='par_1_3' title="bbox 3620 347 3729 407">
     <span class='ocr_line' id='line_1_3' title="bbox 3620 347 3729 407; baseline 0 0"><span class='ocrx_word' id='word_1_11' title='bbox 3620 347 3729 407; x_wconf 67' lang='grc'><strong>884</strong></span> 
     </span>
    </p>
   </div>
   <div class='ocr_carea' id='block_1_4' title="bbox 535 458 3731 539">
    <p class='ocr_par' dir='ltr' id='par_1_4' title="bbox 535 458 3731 539">
     <span class='ocr_line' id='line_1_4' title="bbox 535 458 3731 539; baseline -0.001 -19"><span class='ocrx_word' id='word_1_12' title='bbox 535 466 687 521; x_wconf 77' lang='lat' dir='ltr'><strong>Mitte</strong></span> <span class='ocrx_word' id='word_1_13' title='bbox 714 466 929 520; x_wconf 80' lang='lat' dir='ltr'><strong><em>hamum</em></strong></span> <span class='ocrx_word' id='word_1_14' title='bbox 957 481 976 519; x_wconf 89' lang='lat'><strong>:</strong></span> <span class='ocrx_word' id='word_1_15' title='bbox 1022 464 1075 518; x_wconf 90' lang='lat' dir='ltr'><strong>id</strong></span> <span class='ocrx_word' id='word_1_16' title='bbox 1102 471 1187 518; x_wconf 84' lang='lat' dir='ltr'><strong>est</strong></span> <span class='ocrx_word' id='word_1_17' title='bbox 1233 463 1455 539; x_wconf 84' lang='lat' dir='ltr'><strong>verbum</strong></span> <span class='ocrx_word' id='word_1_18' title='bbox 1483 462 1882 537; x_wconf 61' lang='lat' dir='ltr'><strong>praedicationis</strong></span> <span class='ocrx_word' id='word_1_19' title='bbox 1907 478 1920 513; x_wconf 89' lang='lat'><strong>:</strong></span> <span class='ocrx_word' id='word_1_20' title='bbox 1950 460 2033 530; x_wconf 88' lang='lat' dir='ltr'><strong>pi-</strong></span> <span class='ocrx_word' id='word_1_21' title='bbox 2057 461 2110 531; x_wconf 70' lang='grc' dir='ltr'><strong>Α</strong></span> <span class='ocrx_word' id='word_1_22' title='bbox 2135 459 2314 525; x_wconf 88' lang='lat' dir='ltr'><strong>vinea,</strong></span> <span class='ocrx_word' id='word_1_23' title='bbox 2338 458 2425 514; x_wconf 82' lang='lat' dir='ltr'><strong>lex</strong></span> <span class='ocrx_word' id='word_1_24' title='bbox 2455 459 2569 515; x_wconf 86' lang='lat' dir='ltr'><strong>sive</strong></span> <span class='ocrx_word' id='word_1_25' title='bbox 2593 474 2886 531; x_wconf 81' lang='lat' dir='ltr'><strong>synagoga,</strong></span> <span class='ocrx_word' id='word_1_26' title='bbox 2915 459 3184 519; x_wconf 88' lang='lat' dir='ltr'><strong>dinarium</strong></span> <span class='ocrx_word' id='word_1_27' title='bbox 3215 459 3528 527; x_wconf 86' lang='lat' dir='ltr'><strong>diurnium,</strong></span> <span class='ocrx_word' id='word_1_28' title='bbox 3560 463 3731 519; x_wconf 74' lang='lat' dir='ltr'><strong>vitam</strong></span> 
     </span>
    </p>
   </div>
   <div class='ocr_carea' id='block_1_5' title="bbox 459 553 2029 628">
    <p class='ocr_par' dir='ltr' id='par_1_5' title="bbox 459 553 2029 628">
     <span class='ocr_line' id='line_1_5' title="bbox 459 553 2029 628; baseline -0.006 -13"><span class='ocrx_word' id='word_1_29' title='bbox 459 573 579 616; x_wconf 89' lang='lat' dir='ltr'><strong>sces</strong></span> <span class='ocrx_word' id='word_1_30' title='bbox 605 557 695 628; x_wconf 86' lang='lat' dir='ltr'><strong>qui</strong></span> <span class='ocrx_word' id='word_1_31' title='bbox 730 558 963 628; x_wconf 89' lang='lat' dir='ltr'><strong>primum</strong></span> <span class='ocrx_word' id='word_1_32' title='bbox 990 556 1231 610; x_wconf 91' lang='lat' dir='ltr'><strong>ascendit</strong></span> <span class='ocrx_word' id='word_1_33' title='bbox 1259 556 1312 609; x_wconf 93' lang='lat' dir='ltr'><strong>in</strong></span> <span class='ocrx_word' id='word_1_34' title='bbox 1346 553 1529 623; x_wconf 89' lang='lat' dir='ltr'><strong>alium,</strong></span> <span class='ocrx_word' id='word_1_35' title='bbox 1570 553 1807 609; x_wconf 91' lang='lat' dir='ltr'><strong>ostendit</strong></span> <span class='ocrx_word' id='word_1_36' title='bbox 1832 567 2029 608; x_wconf 76' lang='lat' dir='ltr'><strong>corne-</strong></span> 
     </span>
    </p>
   </div>
   <div class='ocr_carea' id='block_1_6' title="bbox 456 642 2030 715">
    <p class='ocr_par' dir='ltr' id='par_1_6' title="bbox 456 642 2030 715">
     <span class='ocr_line' id='line_1_6' title="bbox 456 642 2030 715; baseline -0.003 -12"><span class='ocrx_word' id='word_1_37' title='bbox 456 648 649 713; x_wconf 87' lang='lat' dir='ltr'><strong>mium,</strong></span> <span class='ocrx_word' id='word_1_38' title='bbox 682 647 736 702; x_wconf 93' lang='lat' dir='ltr'><strong>in</strong></span> <span class='ocrx_word' id='word_1_39' title='bbox 766 661 864 702; x_wconf 87' lang='lat' dir='ltr'><strong>ore</strong></span> <span class='ocrx_word' id='word_1_40' title='bbox 904 643 1020 715; x_wconf 80' lang='lat' dir='ltr'><strong>ejus</strong></span> <span class='ocrx_word' id='word_1_41' title='bbox 1047 645 1287 701; x_wconf 82' lang='lat' dir='ltr'><strong>invenies</strong></span> <span class='ocrx_word' id='word_1_42' title='bbox 1316 654 1592 710; x_wconf 75' lang='lat' dir='ltr'><strong>stateram,</strong></span> <span class='ocrx_word' id='word_1_43' title='bbox 1622 645 1672 699; x_wconf 94' lang='lat' dir='ltr'><strong>id</strong></span> <span class='ocrx_word' id='word_1_44' title='bbox 1695 652 1779 698; x_wconf 91' lang='lat' dir='ltr'><strong>est</strong></span> <span class='ocrx_word' id='word_1_45' title='bbox 1818 642 2030 698; x_wconf 86' lang='lat' dir='ltr'><strong>confes-</strong></span> 
     </span>
    </p>
   </div>
   <div class='ocr_carea' id='block_1_7' title="bbox 436 734 2031 803">
    <p class='ocr_par' dir='ltr' id='par_1_7' title="bbox 436 734 2031 803">
     <span class='ocr_line' id='line_1_7' title="bbox 436 734 2031 803; baseline -0.003 -8"><span class='ocrx_word' id='word_1_46' title='bbox 436 739 665 795; x_wconf 71' lang='lat' dir='ltr'><strong>sionem</strong></span> <span class='ocrx_word' id='word_1_47' title='bbox 713 737 875 803; x_wconf 89' lang='lat' dir='ltr'><strong>ﬁdei,</strong></span> <span class='ocrx_word' id='word_1_48' title='bbox 923 736 1314 793; x_wconf 72' lang='lat' dir='ltr'><strong>humanitatem</strong></span> <span class='ocrx_word' id='word_1_49' title='bbox 1351 745 1404 790; x_wconf 91' lang='lat' dir='ltr'><strong>et</strong></span> <span class='ocrx_word' id='word_1_50' title='bbox 1439 735 1798 792; x_wconf 79' lang='lat' dir='ltr'><strong>divinitatem.</strong></span> <span class='ocrx_word' id='word_1_51' title='bbox 1846 737 1922 790; x_wconf 89' lang='lat' dir='ltr'><strong>Da</strong></span> <span class='ocrx_word' id='word_1_52' title='bbox 1952 734 2031 791; x_wconf 79' lang='lat' dir='ltr'><strong>eis</strong></span> 
     </span>
    </p>
   </div>
   <div class='ocr_carea' id='block_1_8' title="bbox 431 826 2034 900">
    <p class='ocr_par' dir='ltr' id='par_1_8' title="bbox 431 826 2034 900">
     <span class='ocr_line' id='line_1_8' title="bbox 431 826 2034 900; baseline -0.001 -17"><span class='ocrx_word' id='word_1_53' title='bbox 431 828 556 900; x_wconf 65' lang='lat' dir='ltr'><strong>&#39;pro</strong></span> <span class='ocrx_word' id='word_1_54' title='bbox 601 845 686 884; x_wconf 90' lang='lat' dir='ltr'><strong>me</strong></span> <span class='ocrx_word' id='word_1_55' title='bbox 715 840 770 884; x_wconf 90' lang='lat' dir='ltr'><strong>et</strong></span> <span class='ocrx_word' id='word_1_56' title='bbox 804 843 905 899; x_wconf 87' lang='lat' dir='ltr'><strong>pro</strong></span> <span class='ocrx_word' id='word_1_57' title='bbox 941 837 991 883; x_wconf 91' lang='lat' dir='ltr'><strong>te</strong></span> <span class='ocrx_word' id='word_1_58' title='bbox 1013 869 1029 895; x_wconf 91' lang='lat'><strong>,</strong></span> <span class='ocrx_word' id='word_1_59' title='bbox 1057 828 1109 883; x_wconf 90' lang='lat' dir='ltr'><strong>id</strong></span> <span class='ocrx_word' id='word_1_60' title='bbox 1134 836 1219 882; x_wconf 88' lang='lat' dir='ltr'><strong>est</strong></span> <span class='ocrx_word' id='word_1_61' title='bbox 1258 842 1357 897; x_wconf 92' lang='lat' dir='ltr'><strong>pro</strong></span> <span class='ocrx_word' id='word_1_62' title='bbox 1403 843 1488 882; x_wconf 90' lang='lat' dir='ltr'><strong>me</strong></span> <span class='ocrx_word' id='word_1_63' title='bbox 1534 826 1690 881; x_wconf 90' lang='lat' dir='ltr'><strong>ﬁdem</strong></span> <span class='ocrx_word' id='word_1_64' title='bbox 1716 864 1732 890; x_wconf 93' lang='lat'><strong>,</strong></span> <span class='ocrx_word' id='word_1_65' title='bbox 1762 835 1816 880; x_wconf 89' lang='lat' dir='ltr'><strong>et</strong></span> <span class='ocrx_word' id='word_1_66' title='bbox 1845 841 1943 896; x_wconf 92' lang='lat' dir='ltr'><strong>pro</strong></span> <span class='ocrx_word' id='word_1_67' title='bbox 1977 834 2034 881; x_wconf 89' lang='lat' dir='ltr'><strong>te</strong></span> 
     </span>
    </p>
   </div>
   <div class='ocr_carea' id='block_1_9' title="bbox 456 915 2033 990">
    <p class='ocr_par' dir='ltr' id='par_1_9' title="bbox 456 915 2033 990">
     <span class='ocr_line' id='line_1_9' title="bbox 456 915 2033 990; baseline -0.003 -14"><span class='ocrx_word' id='word_1_68' title='bbox 456 920 881 985; x_wconf 81' lang='lat' dir='ltr'><strong>excusationem,</strong></span> <span class='ocrx_word' id='word_1_69' title='bbox 914 919 1172 990; x_wconf 89' lang='lat' dir='ltr'><strong>parvulus</strong></span> <span class='ocrx_word' id='word_1_70' title='bbox 1204 917 1371 972; x_wconf 83' lang='lat' dir='ltr'><strong>intrat</strong></span> <span class='ocrx_word' id='word_1_71' title='bbox 1406 933 1630 988; x_wconf 81' lang='lat' dir='ltr'><strong>regnum</strong></span> <span class='ocrx_word' id='word_1_72' title='bbox 1662 915 1944 985; x_wconf 70' lang='lat' dir='ltr'><strong>caelorum,</strong></span> <span class='ocrx_word' id='word_1_73' title='bbox 1977 916 2033 972; x_wconf 90' lang='lat' dir='ltr'><strong>id</strong></span> 
     </span>
    </p>
   </div>
   <div class='ocr_carea' id='block_1_10' title="bbox 457 1008 2035 1082">
    <p class='ocr_par' dir='ltr' id='par_1_10' title="bbox 457 1008 2035 1082">
     <span class='ocr_line' id='line_1_10' title="bbox 457 1008 2035 1082; baseline -0.001 -16"><span class='ocrx_word' id='word_1_74' title='bbox 457 1019 541 1066; x_wconf 89' lang='lat' dir='ltr'><strong>est</strong></span> <span class='ocrx_word' id='word_1_75' title='bbox 592 1026 698 1065; x_wconf 90' lang='lat' dir='ltr'><strong>non</strong></span> <span class='ocrx_word' id='word_1_76' title='bbox 738 1019 898 1065; x_wconf 80' lang='lat' dir='ltr'><strong>actate</strong></span> <span class='ocrx_word' id='word_1_77' title='bbox 926 1025 1124 1082; x_wconf 90' lang='lat' dir='ltr'><strong>parvus</strong></span> <span class='ocrx_word' id='word_1_78' title='bbox 1172 1009 1267 1064; x_wconf 90' lang='lat' dir='ltr'><strong>sed</strong></span> <span class='ocrx_word' id='word_1_79' title='bbox 1308 1016 1487 1063; x_wconf 86' lang='lat' dir='ltr'><strong>mente</strong></span> <span class='ocrx_word' id='word_1_80' title='bbox 1533 1022 1732 1079; x_wconf 86' lang='lat' dir='ltr'><strong>purus,</strong></span> <span class='ocrx_word' id='word_1_81' title='bbox 1769 1008 1911 1064; x_wconf 91' lang='lat' dir='ltr'><strong>unde</strong></span> <span class='ocrx_word' id='word_1_82' title='bbox 1957 1008 2035 1065; x_wconf 89' lang='lat' dir='ltr'><strong>ait</strong></span> 
     </span>
    </p>
   </div>
   <div class='ocr_carea' id='block_1_11' title="bbox 452 1098 2001 1170">
    <p class='ocr_par' dir='ltr' id='par_1_11' title="bbox 452 1098 2001 1170">
     <span class='ocr_line' id='line_1_11' title="bbox 452 1098 2001 1170; baseline -0.005 -14"><span class='ocrx_word' id='word_1_83' title='bbox 452 1098 767 1170; x_wconf 80' lang='lat' dir='ltr'><strong>Apostolus,</strong></span> <span class='ocrx_word' id='word_1_84' title='bbox 792 1100 976 1155; x_wconf 88' lang='lat' dir='ltr'><strong>Estote</strong></span> <span class='ocrx_word' id='word_1_85' title='bbox 1004 1099 1215 1170; x_wconf 83' lang='lat' dir='ltr'><strong>parvuli</strong></span> <span class='ocrx_word' id='word_1_86' title='bbox 1244 1098 1297 1154; x_wconf 91' lang='lat' dir='ltr'><strong>in</strong></span> <span class='ocrx_word' id='word_1_87' title='bbox 1324 1098 1550 1152; x_wconf 87' lang='lat' dir='ltr'><strong>malitia.</strong></span> <span class='ocrx_word' id='word_1_88' title='bbox 1986 1104 2001 1115; x_wconf 55' lang='grc' dir='ltr'><em>ί</em></span> 
     </span>
    </p>
   </div>
   <div class='ocr_carea' id='block_1_12' title="bbox 528 1187 2034 1258">
    <p class='ocr_par' dir='ltr' id='par_1_12' title="bbox 528 1187 2034 1258">
     <span class='ocr_line' id='line_1_12' title="bbox 528 1187 2034 1258; baseline -0.002 -14"><span class='ocrx_word' id='word_1_89' title='bbox 528 1189 631 1257; x_wconf 80' lang='lat' dir='ltr'><strong>Qui</strong></span> <span class='ocrx_word' id='word_1_90' title='bbox 660 1190 1096 1244; x_wconf 81' lang='lat' dir='ltr'><strong>scandalizaverit</strong></span> <span class='ocrx_word' id='word_1_91' title='bbox 1127 1206 1287 1243; x_wconf 86' lang='lat' dir='ltr'><strong>unum</strong></span> <span class='ocrx_word' id='word_1_92' title='bbox 1309 1206 1373 1243; x_wconf 70' lang='lat' dir='ltr'><strong>ea:</strong></span> <span class='ocrx_word' id='word_1_93' title='bbox 1396 1188 1476 1241; x_wconf 83' lang='lat' dir='ltr'><strong>his</strong></span> <span class='ocrx_word' id='word_1_94' title='bbox 1506 1204 1524 1241; x_wconf 89' lang='lat'><strong>:</strong></span> <span class='ocrx_word' id='word_1_95' title='bbox 1551 1188 1604 1243; x_wconf 87' lang='lat' dir='ltr'><strong>id</strong></span> <span class='ocrx_word' id='word_1_96' title='bbox 1634 1196 1717 1243; x_wconf 89' lang='lat' dir='ltr'><strong>est</strong></span> <span class='ocrx_word' id='word_1_97' title='bbox 1764 1188 1877 1243; x_wconf 86' lang='lat' dir='ltr'><strong>sive</strong></span> <span class='ocrx_word' id='word_1_98' title='bbox 1897 1187 2034 1258; x_wconf 74' lang='lat' dir='ltr'><strong>inju—</strong></span> 
     </span>
    </p>
   </div>
   <div class='ocr_carea' id='block_1_13' title="bbox 454 1282 2035 1354">
    <p class='ocr_par' dir='ltr' id='par_1_13' title="bbox 454 1282 2035 1354">
     <span class='ocr_line' id='line_1_13' title="bbox 454 1282 2035 1354; baseline 0.002 -16"><span class='ocrx_word' id='word_1_99' title='bbox 454 1284 534 1338; x_wconf 86' lang='lat' dir='ltr'><strong>ria</strong></span> <span class='ocrx_word' id='word_1_100' title='bbox 561 1283 877 1354; x_wconf 83' lang='lat' dir='ltr'><strong>corporalis,</strong></span> <span class='ocrx_word' id='word_1_101' title='bbox 905 1283 1018 1337; x_wconf 83' lang='lat' dir='ltr'><strong>sive</strong></span> <span class='ocrx_word' id='word_1_102' title='bbox 1050 1283 1104 1336; x_wconf 88' lang='lat' dir='ltr'><strong>in</strong></span> <span class='ocrx_word' id='word_1_103' title='bbox 1134 1282 1450 1337; x_wconf 89' lang='lat' dir='ltr'><strong>adversione</strong></span> <span class='ocrx_word' id='word_1_104' title='bbox 1474 1282 1617 1337; x_wconf 89' lang='lat' dir='ltr'><strong>ﬁdei.</strong></span> <span class='ocrx_word' id='word_1_105' title='bbox 1662 1282 2035 1353; x_wconf 80' lang='lat' dir='ltr'><strong>Suspendatur</strong></span> 
     </span>
    </p>
   </div>
   <div class='ocr_carea' id='block_1_14' title="bbox 440 1372 2033 1451">
    <p class='ocr_par' dir='ltr' id='par_1_14' title="bbox 440 1372 2033 1451">
     <span class='ocr_line' id='line_1_14' title="bbox 440 1372 2033 1451; baseline -0.001 -21"><span class='ocrx_word' id='word_1_106' title='bbox 440 1374 626 1440; x_wconf 79' lang='lat' dir='ltr'><strong>mola,</strong></span> <span class='ocrx_word' id='word_1_107' title='bbox 668 1375 720 1429; x_wconf 88' lang='lat' dir='ltr'><strong>id</strong></span> <span class='ocrx_word' id='word_1_108' title='bbox 763 1384 847 1431; x_wconf 88' lang='lat' dir='ltr'><strong>est</strong></span> <span class='ocrx_word' id='word_1_109' title='bbox 906 1389 1036 1429; x_wconf 91' lang='lat' dir='ltr'><strong>cura</strong></span> <span class='ocrx_word' id='word_1_110' title='bbox 1066 1374 1180 1429; x_wconf 86' lang='lat' dir='ltr'><strong>sive</strong></span> <span class='ocrx_word' id='word_1_111' title='bbox 1225 1374 1483 1428; x_wconf 81' lang='lat' dir='ltr'><strong>circuitus</strong></span> <span class='ocrx_word' id='word_1_112' title='bbox 1514 1372 1673 1442; x_wconf 87' lang='lat' dir='ltr'><strong>hujus</strong></span> <span class='ocrx_word' id='word_1_113' title='bbox 1713 1375 1935 1429; x_wconf 70' lang='lat' dir='ltr'><strong>sazculi:</strong></span> <span class='ocrx_word' id='word_1_114' title='bbox 1974 1374 2033 1451; x_wconf 84' lang='lat' dir='ltr'><strong>in</strong></span> 
     </span>
    </p>
   </div>
   <div class='ocr_carea' id='block_1_15' title="bbox 453 1464 2032 1535">
    <p class='ocr_par' dir='ltr' id='par_1_15' title="bbox 453 1464 2032 1535">
     <span class='ocr_line' id='line_1_15' title="bbox 453 1464 2032 1535; baseline -0.001 -14"><span class='ocrx_word' id='word_1_115' title='bbox 453 1465 593 1521; x_wconf 88' lang='lat' dir='ltr'><strong>collo</strong></span> <span class='ocrx_word' id='word_1_116' title='bbox 624 1465 766 1535; x_wconf 79' lang='lat' dir='ltr'><strong>ejus,</strong></span> <span class='ocrx_word' id='word_1_117' title='bbox 813 1466 865 1520; x_wconf 90' lang='lat' dir='ltr'><strong>in</strong></span> <span class='ocrx_word' id='word_1_118' title='bbox 895 1464 1081 1521; x_wconf 88' lang='lat' dir='ltr'><strong>labore</strong></span> <span class='ocrx_word' id='word_1_119' title='bbox 1107 1465 1289 1520; x_wconf 61' lang='lat' dir='ltr'><strong>saeculi</strong></span> <span class='ocrx_word' id='word_1_120' title='bbox 1319 1483 1332 1519; x_wconf 94' lang='lat'><strong>:</strong></span> <span class='ocrx_word' id='word_1_121' title='bbox 1370 1464 1712 1535; x_wconf 84' lang='lat' dir='ltr'><strong>Dimergatur</strong></span> <span class='ocrx_word' id='word_1_122' title='bbox 1748 1466 1799 1521; x_wconf 91' lang='lat' dir='ltr'><strong>in</strong></span> <span class='ocrx_word' id='word_1_123' title='bbox 1849 1481 2032 1534; x_wconf 85' lang='lat' dir='ltr'><strong>mare,</strong></span> 
     </span>
    </p>
   </div>
   <div class='ocr_carea' id='block_1_16' title="bbox 442 1555 2031 1626">
    <p class='ocr_par' dir='ltr' id='par_1_16' title="bbox 442 1555 2031 1626">
     <span class='ocr_line' id='line_1_16' title="bbox 442 1555 2031 1626; baseline 0.002 -16"><span class='ocrx_word' id='word_1_124' title='bbox 442 1555 510 1611; x_wconf 74' lang='lat' dir='ltr'><strong>&#39;id</strong></span> <span class='ocrx_word' id='word_1_125' title='bbox 547 1564 631 1611; x_wconf 91' lang='lat' dir='ltr'><strong>est</strong></span> <span class='ocrx_word' id='word_1_126' title='bbox 660 1557 713 1610; x_wconf 92' lang='lat' dir='ltr'><strong>in</strong></span> <span class='ocrx_word' id='word_1_127' title='bbox 759 1555 1014 1611; x_wconf 66' lang='lat' dir='ltr'><strong>saeculum</strong></span> <span class='ocrx_word' id='word_1_128' title='bbox 1049 1574 1059 1608; x_wconf 94' lang='lat'><strong>:</strong></span> <span class='ocrx_word' id='word_1_129' title='bbox 1091 1555 1277 1610; x_wconf 80' lang='lat' dir='ltr'><strong>Manus</strong></span> <span class='ocrx_word' id='word_1_130' title='bbox 1304 1563 1427 1621; x_wconf 90' lang='lat' dir='ltr'><strong>tua,</strong></span> <span class='ocrx_word' id='word_1_131' title='bbox 1468 1555 1522 1611; x_wconf 87' lang='lat' dir='ltr'><strong>id</strong></span> <span class='ocrx_word' id='word_1_132' title='bbox 1562 1565 1643 1610; x_wconf 90' lang='lat' dir='ltr'><strong>est</strong></span> <span class='ocrx_word' id='word_1_133' title='bbox 1673 1571 1833 1626; x_wconf 88' lang='lat' dir='ltr'><strong>pares</strong></span> <span class='ocrx_word' id='word_1_134' title='bbox 1862 1565 1985 1613; x_wconf 89' lang='lat' dir='ltr'><strong>tuus</strong></span> <span class='ocrx_word' id='word_1_135' title='bbox 2010 1575 2031 1612; x_wconf 84' lang='lat'><strong>:</strong></span> 
     </span>
    </p>
   </div>
   <div class='ocr_carea' id='block_1_17' title="bbox 440 1641 2035 1721">
    <p class='ocr_par' dir='ltr' id='par_1_17' title="bbox 440 1641 2035 1721">
     <span class='ocr_line' id='line_1_17' title="bbox 440 1641 2035 1721; baseline 0.003 -22"><span class='ocrx_word' id='word_1_136' title='bbox 440 1641 654 1712; x_wconf 45' lang='lat' dir='ltr'><strong>’Pedes,</strong></span> <span class='ocrx_word' id='word_1_137' title='bbox 703 1646 755 1701; x_wconf 91' lang='lat' dir='ltr'><strong>id</strong></span> <span class='ocrx_word' id='word_1_138' title='bbox 782 1655 865 1700; x_wconf 90' lang='lat' dir='ltr'><strong>est</strong></span> <span class='ocrx_word' id='word_1_139' title='bbox 900 1646 1147 1701; x_wconf 85' lang='lat' dir='ltr'><strong>minister</strong></span> <span class='ocrx_word' id='word_1_140' title='bbox 1183 1664 1195 1699; x_wconf 88' lang='lat'><strong>:</strong></span> <span class='ocrx_word' id='word_1_141' title='bbox 1247 1644 1479 1712; x_wconf 78' lang='lat' dir='ltr'><strong>Oculus,</strong></span> <span class='ocrx_word' id='word_1_142' title='bbox 1527 1646 1579 1701; x_wconf 91' lang='lat' dir='ltr'><strong>id</strong></span> <span class='ocrx_word' id='word_1_143' title='bbox 1618 1655 1701 1702; x_wconf 90' lang='lat' dir='ltr'><strong>est</strong></span> <span class='ocrx_word' id='word_1_144' title='bbox 1753 1648 2035 1721; x_wconf 80' lang='lat' dir='ltr'><strong>episcopus</strong></span> 
     </span>
    </p>
   </div>
   <div class='ocr_carea' id='block_1_18' title="bbox 452 1738 2032 1796">
    <p class='ocr_par' dir='ltr' id='par_1_18' title="bbox 452 1738 2032 1796">
     <span class='ocr_line' id='line_1_18' title="bbox 452 1738 2032 1796; baseline 0.003 -5"><span class='ocrx_word' id='word_1_145' title='bbox 452 1747 576 1792; x_wconf 92' lang='lat' dir='ltr'><strong>tuus</strong></span> <span class='ocrx_word' id='word_1_146' title='bbox 613 1746 708 1793; x_wconf 90' lang='lat' dir='ltr'><strong>aut</strong></span> <span class='ocrx_word' id='word_1_147' title='bbox 756 1740 1010 1794; x_wconf 86' lang='lat' dir='ltr'><strong>sacerdos</strong></span> <span class='ocrx_word' id='word_1_148' title='bbox 1059 1754 1156 1793; x_wconf 90' lang='lat' dir='ltr'><strong>seu</strong></span> <span class='ocrx_word' id='word_1_149' title='bbox 1183 1738 1374 1793; x_wconf 92' lang='lat' dir='ltr'><strong>doctor</strong></span> <span class='ocrx_word' id='word_1_150' title='bbox 1412 1747 1467 1793; x_wconf 91' lang='lat' dir='ltr'><strong>et</strong></span> <span class='ocrx_word' id='word_1_151' title='bbox 1519 1739 1724 1794; x_wconf 87' lang='lat' dir='ltr'><strong>senior.</strong></span> <span class='ocrx_word' id='word_1_152' title='bbox 1761 1738 1871 1796; x_wconf 83' lang='lat' dir='ltr'><strong>Nec</strong></span> <span class='ocrx_word' id='word_1_153' title='bbox 1899 1756 2032 1796; x_wconf 80' lang='lat' dir='ltr'><strong>con-</strong></span> 
     </span>
    </p>
   </div>
   <div class='ocr_carea' id='block_1_19' title="bbox 2134 548 3731 619">
    <p class='ocr_par' dir='ltr' id='par_1_19' title="bbox 2134 548 3731 619">
     <span class='ocr_line' id='line_1_19' title="bbox 2134 548 3731 619; baseline 0.006 -17"><span class='ocrx_word' id='word_1_154' title='bbox 2134 557 2394 603; x_wconf 82' lang='lat' dir='ltr'><strong>aeternam</strong></span> <span class='ocrx_word' id='word_1_155' title='bbox 2421 567 2433 601; x_wconf 89' lang='lat'><strong>:</strong></span> <span class='ocrx_word' id='word_1_156' title='bbox 2460 548 2640 605; x_wconf 89' lang='lat' dir='ltr'><strong>Prima</strong></span> <span class='ocrx_word' id='word_1_157' title='bbox 2663 551 2797 606; x_wconf 90' lang='lat' dir='ltr'><strong>hora</strong></span> <span class='ocrx_word' id='word_1_158' title='bbox 2826 551 3137 616; x_wconf 81' lang='lat' dir='ltr'><strong>venitAbel,</strong></span> <span class='ocrx_word' id='word_1_159' title='bbox 3165 552 3322 607; x_wconf 86' lang='lat' dir='ltr'><strong>tertia</strong></span> <span class='ocrx_word' id='word_1_160' title='bbox 3346 553 3486 609; x_wconf 84' lang='lat' dir='ltr'><strong>hora</strong></span> <span class='ocrx_word' id='word_1_161' title='bbox 3512 551 3652 619; x_wconf 83' lang='lat' dir='ltr'><strong>Noé,</strong></span> <span class='ocrx_word' id='word_1_162' title='bbox 3678 564 3731 612; x_wconf 78' lang='lat' dir='ltr'><strong>et</strong></span> 
     </span>
    </p>
   </div>
   <div class='ocr_carea' id='block_1_20' title="bbox 2114 623 3733 709">
    <p class='ocr_par' dir='ltr' id='par_1_20' title="bbox 2114 623 3733 709">
     <span class='ocr_line' id='line_1_20' title="bbox 2114 623 3733 709; baseline 0.005 -15"><span class='ocrx_word' id='word_1_163' title='bbox 2114 623 2226 694; x_wconf 32' lang='lat' dir='ltr'><strong>&#39;ﬁlii</strong></span> <span class='ocrx_word' id='word_1_164' title='bbox 2263 639 2418 709; x_wconf 84' lang='lat' dir='ltr'><strong>ejus:</strong></span> <span class='ocrx_word' id='word_1_165' title='bbox 2453 640 2509 697; x_wconf 88' lang='lat' dir='ltr'><strong>in</strong></span> <span class='ocrx_word' id='word_1_166' title='bbox 2550 642 2689 707; x_wconf 90' lang='lat' dir='ltr'><strong>foro,</strong></span> <span class='ocrx_word' id='word_1_167' title='bbox 2722 643 2774 697; x_wconf 91' lang='lat' dir='ltr'><strong>id</strong></span> <span class='ocrx_word' id='word_1_168' title='bbox 2797 653 2883 699; x_wconf 89' lang='lat' dir='ltr'><strong>est</strong></span> <span class='ocrx_word' id='word_1_169' title='bbox 2907 659 2957 697; x_wconf 87' lang='lat' dir='ltr'><strong>In</strong></span> <span class='ocrx_word' id='word_1_170' title='bbox 2987 645 3208 709; x_wconf 88' lang='lat' dir='ltr'><strong>mundo,</strong></span> <span class='ocrx_word' id='word_1_171' title='bbox 3232 654 3385 699; x_wconf 77' lang='lat' dir='ltr'><strong>sexta</strong></span> <span class='ocrx_word' id='word_1_172' title='bbox 3420 646 3562 699; x_wconf 85' lang='lat' dir='ltr'><strong>hora</strong></span> <span class='ocrx_word' id='word_1_173' title='bbox 3588 648 3733 703; x_wconf 71' lang='lat' dir='ltr'><strong>venit</strong></span> 
     </span>
    </p>
   </div>
   <div class='ocr_carea' id='block_1_21' title="bbox 2131 729 3729 805">
    <p class='ocr_par' dir='ltr' id='par_1_21' title="bbox 2131 729 3729 805">
     <span class='ocr_line' id='line_1_21' title="bbox 2131 729 3729 805; baseline 0.004 -21"><span class='ocrx_word' id='word_1_174' title='bbox 2131 729 2423 785; x_wconf 83' lang='lat' dir='ltr'><strong>Abraham.</strong></span> <span class='ocrx_word' id='word_1_175' title='bbox 2447 729 2597 786; x_wconf 87' lang='lat' dir='ltr'><strong>Nona</strong></span> <span class='ocrx_word' id='word_1_176' title='bbox 2616 733 2748 787; x_wconf 90' lang='lat' dir='ltr'><strong>hora</strong></span> <span class='ocrx_word' id='word_1_177' title='bbox 2764 732 3135 805; x_wconf 81' lang='lat' dir='ltr'><strong>venitMoyses</strong></span> <span class='ocrx_word' id='word_1_178' title='bbox 3152 744 3207 789; x_wconf 83' lang='lat' dir='ltr'><strong>et</strong></span> <span class='ocrx_word' id='word_1_179' title='bbox 3239 734 3446 791; x_wconf 81' lang='lat' dir='ltr'><strong>David:</strong></span> <span class='ocrx_word' id='word_1_180' title='bbox 3489 733 3729 791; x_wconf 56' lang='lat' dir='ltr'><strong>Unieci-</strong></span> 
     </span>
    </p>
   </div>
   <div class='ocr_carea' id='block_1_22' title="bbox 2132 820 3731 896">
    <p class='ocr_par' dir='ltr' id='par_1_22' title="bbox 2132 820 3731 896">
     <span class='ocr_line' id='line_1_22' title="bbox 2132 820 3731 896; baseline 0.007 -23"><span class='ocrx_word' id='word_1_181' title='bbox 2132 834 2218 873; x_wconf 90' lang='lat' dir='ltr'><strong>ma</strong></span> <span class='ocrx_word' id='word_1_182' title='bbox 2246 820 2378 875; x_wconf 82' lang='lat' dir='ltr'><strong>liora</strong></span> <span class='ocrx_word' id='word_1_183' title='bbox 2398 862 2412 887; x_wconf 92' lang='lat'><strong>,</strong></span> <span class='ocrx_word' id='word_1_184' title='bbox 2437 823 2586 875; x_wconf 88' lang='lat' dir='ltr'><strong>venit</strong></span> <span class='ocrx_word' id='word_1_185' title='bbox 2602 824 2835 894; x_wconf 90' lang='lat' dir='ltr'><strong>populus</strong></span> <span class='ocrx_word' id='word_1_186' title='bbox 2871 825 3109 893; x_wconf 84' lang='lat' dir='ltr'><strong>gentium</strong></span> <span class='ocrx_word' id='word_1_187' title='bbox 3138 844 3152 879; x_wconf 86' lang='lat'><strong>:</strong></span> <span class='ocrx_word' id='word_1_188' title='bbox 3186 826 3304 880; x_wconf 81' lang='lat' dir='ltr'><strong>Alio</strong></span> <span class='ocrx_word' id='word_1_189' title='bbox 3326 826 3527 890; x_wconf 89' lang='lat' dir='ltr'><strong>modo,</strong></span> <span class='ocrx_word' id='word_1_190' title='bbox 3558 828 3731 896; x_wconf 81' lang='lat' dir='ltr'><strong>prima</strong></span> 
     </span>
    </p>
   </div>
   <div class='ocr_carea' id='block_1_23' title="bbox 2133 911 3729 985">
    <p class='ocr_par' dir='ltr' id='par_1_23' title="bbox 2133 911 3729 985">
     <span class='ocr_line' id='line_1_23' title="bbox 2133 911 3729 985; baseline 0.004 -19"><span class='ocrx_word' id='word_1_191' title='bbox 2133 911 2301 977; x_wconf 89' lang='lat' dir='ltr'><strong>hora,</strong></span> <span class='ocrx_word' id='word_1_192' title='bbox 2344 913 2397 967; x_wconf 92' lang='lat' dir='ltr'><strong>id</strong></span> <span class='ocrx_word' id='word_1_193' title='bbox 2424 925 2508 969; x_wconf 91' lang='lat' dir='ltr'><strong>est</strong></span> <span class='ocrx_word' id='word_1_194' title='bbox 2546 913 2774 970; x_wconf 81' lang='lat' dir='ltr'><strong>infantia</strong></span> <span class='ocrx_word' id='word_1_195' title='bbox 2818 919 3095 983; x_wconf 87' lang='lat' dir='ltr'><strong>secunda;</strong></span> <span class='ocrx_word' id='word_1_196' title='bbox 3146 919 3277 972; x_wconf 90' lang='lat' dir='ltr'><strong>hora</strong></span> <span class='ocrx_word' id='word_1_197' title='bbox 3317 917 3729 985; x_wconf 79' lang='lat' dir='ltr'><strong>adolescentia,</strong></span> 
     </span>
    </p>
   </div>
   <div class='ocr_carea' id='block_1_24' title="bbox 2134 1003 3730 1080">
    <p class='ocr_par' dir='ltr' id='par_1_24' title="bbox 2134 1003 3730 1080">
     <span class='ocr_line' id='line_1_24' title="bbox 2134 1003 3730 1080; baseline 0.004 -22"><span class='ocrx_word' id='word_1_198' title='bbox 2134 1012 2285 1058; x_wconf 81' lang='lat' dir='ltr'><strong>sexta</strong></span> <span class='ocrx_word' id='word_1_199' title='bbox 2307 1003 2563 1074; x_wconf 89' lang='lat' dir='ltr'><strong>juventus</strong></span> <span class='ocrx_word' id='word_1_200' title='bbox 2583 1046 2598 1072; x_wconf 92' lang='lat'><strong>,</strong></span> <span class='ocrx_word' id='word_1_201' title='bbox 2636 1021 2777 1061; x_wconf 88' lang='lat' dir='ltr'><strong>nona</strong></span> <span class='ocrx_word' id='word_1_202' title='bbox 2813 1016 3099 1074; x_wconf 85' lang='lat' dir='ltr'><strong>senectus,</strong></span> <span class='ocrx_word' id='word_1_203' title='bbox 3127 1009 3418 1063; x_wconf 88' lang='lat' dir='ltr'><strong>undecima</strong></span> <span class='ocrx_word' id='word_1_204' title='bbox 3450 1009 3730 1080; x_wconf 89' lang='lat' dir='ltr'><strong>decrepita</strong></span> 
     </span>
    </p>
   </div>
   <div class='ocr_carea' id='block_1_25' title="bbox 2133 1099 3732 1170">
    <p class='ocr_par' dir='ltr' id='par_1_25' title="bbox 2133 1099 3732 1170">
     <span class='ocr_line' id='line_1_25' title="bbox 2133 1099 3732 1170; baseline 0.004 -21"><span class='ocrx_word' id='word_1_205' title='bbox 2133 1102 2296 1151; x_wconf 77' lang='lat' dir='ltr'><strong>tetas:</strong></span> <span class='ocrx_word' id='word_1_206' title='bbox 2327 1112 2670 1168; x_wconf 89' lang='lat' dir='ltr'><strong>quacumque</strong></span> <span class='ocrx_word' id='word_1_207' title='bbox 2701 1099 2837 1153; x_wconf 89' lang='lat' dir='ltr'><strong>hora</strong></span> <span class='ocrx_word' id='word_1_208' title='bbox 2885 1114 3181 1155; x_wconf 88' lang='lat' dir='ltr'><strong>conversus</strong></span> <span class='ocrx_word' id='word_1_209' title='bbox 3206 1101 3550 1170; x_wconf 83' lang='lat' dir='ltr'><strong>ingemuerit</strong></span> <span class='ocrx_word' id='word_1_210' title='bbox 3576 1103 3732 1156; x_wconf 85' lang='lat' dir='ltr'><strong>homo</strong></span> 
     </span>
    </p>
   </div>
   <div class='ocr_carea' id='block_1_26' title="bbox 2134 1190 3733 1263">
    <p class='ocr_par' dir='ltr' id='par_1_26' title="bbox 2134 1190 3733 1263">
     <span class='ocr_line' id='line_1_26' title="bbox 2134 1190 3733 1263; baseline 0.003 -22"><span class='ocrx_word' id='word_1_211' title='bbox 2134 1202 2199 1241; x_wconf 79' lang='lat' dir='ltr'><strong>ex</strong></span> <span class='ocrx_word' id='word_1_212' title='bbox 2229 1197 2343 1243; x_wconf 93' lang='lat' dir='ltr'><strong>toto</strong></span> <span class='ocrx_word' id='word_1_213' title='bbox 2368 1190 2531 1244; x_wconf 88' lang='lat' dir='ltr'><strong>corde.</strong></span> <span class='ocrx_word' id='word_1_214' title='bbox 2558 1190 2768 1263; x_wconf 80' lang='lat' dir='ltr'><strong>accepit</strong></span> <span class='ocrx_word' id='word_1_215' title='bbox 2808 1190 3075 1245; x_wconf 89' lang='lat' dir='ltr'><strong>dinarium</strong></span> <span class='ocrx_word' id='word_1_216' title='bbox 3119 1191 3372 1245; x_wconf 89' lang='lat' dir='ltr'><strong>diurnum</strong></span> <span class='ocrx_word' id='word_1_217' title='bbox 3418 1208 3434 1244; x_wconf 91' lang='lat'><strong>:</strong></span> <span class='ocrx_word' id='word_1_218' title='bbox 3483 1191 3627 1245; x_wconf 88' lang='lat' dir='ltr'><strong>Sero</strong></span> <span class='ocrx_word' id='word_1_219' title='bbox 3660 1191 3733 1246; x_wconf 87' lang='lat' dir='ltr'><strong>fa-</strong></span> 
     </span>
    </p>
   </div>
   <div class='ocr_carea' id='block_1_27' title="bbox 2135 1279 3732 1346">
    <p class='ocr_par' dir='ltr' id='par_1_27' title="bbox 2135 1279 3732 1346">
     <span class='ocr_line' id='line_1_27' title="bbox 2135 1279 3732 1346; baseline 0.001 -12"><span class='ocrx_word' id='word_1_220' title='bbox 2135 1287 2316 1346; x_wconf 87' lang='lat' dir='ltr'><strong>ctum,</strong></span> <span class='ocrx_word' id='word_1_221' title='bbox 2365 1279 2420 1335; x_wconf 91' lang='lat' dir='ltr'><strong>id</strong></span> <span class='ocrx_word' id='word_1_222' title='bbox 2466 1289 2550 1335; x_wconf 90' lang='lat' dir='ltr'><strong>est</strong></span> <span class='ocrx_word' id='word_1_223' title='bbox 2604 1279 2713 1335; x_wconf 90' lang='lat' dir='ltr'><strong>ﬁne</strong></span> <span class='ocrx_word' id='word_1_224' title='bbox 2746 1282 2931 1336; x_wconf 89' lang='lat' dir='ltr'><strong>mundi</strong></span> <span class='ocrx_word' id='word_1_225' title='bbox 2962 1296 2977 1334; x_wconf 94' lang='lat'><strong>:</strong></span> <span class='ocrx_word' id='word_1_226' title='bbox 3013 1280 3345 1337; x_wconf 85' lang='lat' dir='ltr'><strong>Procurator</strong></span> <span class='ocrx_word' id='word_1_227' title='bbox 3369 1282 3553 1336; x_wconf 63' lang='lat' dir='ltr'><strong>vineae</strong></span> <span class='ocrx_word' id='word_1_228' title='bbox 3576 1281 3732 1336; x_wconf 77' lang='lat' dir='ltr'><strong>Chri-</strong></span> 
     </span>
    </p>
   </div>
   <div class='ocr_carea' id='block_1_28' title="bbox 2136 1354 3729 1441">
    <p class='ocr_par' dir='ltr' id='par_1_28' title="bbox 2136 1354 3729 1441">
     <span class='ocr_line' id='line_1_28' title="bbox 2136 1354 3729 1441; baseline 0.001 -17"><span class='ocrx_word' id='word_1_229' title='bbox 2136 1381 2271 1437; x_wconf 88' lang='lat' dir='ltr'><strong>stus,</strong></span> <span class='ocrx_word' id='word_1_230' title='bbox 2301 1371 2394 1440; x_wconf 90' lang='lat' dir='ltr'><strong>qui</strong></span> <span class='ocrx_word' id='word_1_231' title='bbox 2426 1354 2902 1427; x_wconf 80' lang='lat' dir='ltr'><strong>murmuraverunt</strong></span> <span class='ocrx_word' id='word_1_232' title='bbox 2927 1371 3095 1427; x_wconf 62' lang='lat' dir='ltr'><strong>Judaei</strong></span> <span class='ocrx_word' id='word_1_233' title='bbox 3136 1372 3569 1435; x_wconf 77' lang='lat' dir='ltr'><strong>sunt,&#39;diccntes</strong></span> <span class='ocrx_word' id='word_1_234' title='bbox 3607 1388 3729 1441; x_wconf 84' lang='lat' dir='ltr'><strong>por-</strong></span> 
     </span>
    </p>
   </div>
   <div class='ocr_carea' id='block_1_29' title="bbox 2138 1460 3731 1534">
    <p class='ocr_par' dir='ltr' id='par_1_29' title="bbox 2138 1460 3731 1534">
     <span class='ocr_line' id='line_1_29' title="bbox 2138 1460 3731 1534; baseline 0.002 -20"><span class='ocrx_word' id='word_1_235' title='bbox 2138 1461 2368 1516; x_wconf 87' lang='lat' dir='ltr'><strong>tavimus</strong></span> <span class='ocrx_word' id='word_1_236' title='bbox 2391 1463 2601 1534; x_wconf 89' lang='lat' dir='ltr'><strong>pondus</strong></span> <span class='ocrx_word' id='word_1_237' title='bbox 2630 1461 2760 1529; x_wconf 89' lang='lat' dir='ltr'><strong>diei,</strong></span> <span class='ocrx_word' id='word_1_238' title='bbox 2798 1462 2855 1517; x_wconf 90' lang='lat' dir='ltr'><strong>id</strong></span> <span class='ocrx_word' id='word_1_239' title='bbox 2879 1470 2963 1518; x_wconf 90' lang='lat' dir='ltr'><strong>est</strong></span> <span class='ocrx_word' id='word_1_240' title='bbox 3009 1470 3292 1533; x_wconf 84' lang='lat' dir='ltr'><strong>portantes</strong></span> <span class='ocrx_word' id='word_1_241' title='bbox 3315 1461 3503 1532; x_wconf 82' lang='lat' dir='ltr'><strong>legem</strong></span> <span class='ocrx_word' id='word_1_242' title='bbox 3526 1471 3584 1516; x_wconf 88' lang='lat' dir='ltr'><strong>et</strong></span> <span class='ocrx_word' id='word_1_243' title='bbox 3608 1460 3731 1517; x_wconf 88' lang='lat' dir='ltr'><strong>Pro-</strong></span> 
     </span>
    </p>
   </div>
   <div class='ocr_carea' id='block_1_30' title="bbox 2132 1551 2345 1623">
    <p class='ocr_par' dir='ltr' id='par_1_30' title="bbox 2132 1551 2345 1623">
     <span class='ocr_line' id='line_1_30' title="bbox 2132 1551 2345 1623; baseline 0 -18"><span class='ocrx_word' id='word_1_244' title='bbox 2132 1551 2345 1623; x_wconf 89' lang='lat' dir='ltr'><strong>phetas.</strong></span> 
     </span>
    </p>
   </div>
   <div class='ocr_carea' id='block_1_31' title="bbox 2206 1642 3727 1717">
    <p class='ocr_par' dir='ltr' id='par_1_31' title="bbox 2206 1642 3727 1717">
     <span class='ocr_line' id='line_1_31' title="bbox 2206 1642 3727 1717; baseline 0.002 -19"><span class='ocrx_word' id='word_1_245' title='bbox 2206 1642 2437 1709; x_wconf 75' lang='lat' dir='ltr'><strong>Iericho,</strong></span> <span class='ocrx_word' id='word_1_246' title='bbox 2470 1643 2855 1713; x_wconf 88' lang='lat' dir='ltr'><strong>interpretatur</strong></span> <span class='ocrx_word' id='word_1_247' title='bbox 2877 1645 3027 1710; x_wconf 89' lang='lat' dir='ltr'><strong>luna,</strong></span> <span class='ocrx_word' id='word_1_248' title='bbox 3060 1644 3334 1717; x_wconf 87' lang='lat' dir='ltr'><strong>signiﬁcat</strong></span> <span class='ocrx_word' id='word_1_249' title='bbox 3360 1644 3727 1701; x_wconf 72' lang='lat' dir='ltr'><strong>deiectionem</strong></span> 
     </span>
    </p>
   </div>
   <div class='ocr_carea' id='block_1_32' title="bbox 2136 1735 3728 1809">
    <p class='ocr_par' dir='ltr' id='par_1_32' title="bbox 2136 1735 3728 1809">
     <span class='ocr_line' id='line_1_32' title="bbox 2136 1735 3728 1809; baseline 0.004 -20"><span class='ocrx_word' id='word_1_250' title='bbox 2136 1735 2336 1806; x_wconf 87' lang='lat' dir='ltr'><strong>populi,</strong></span> <span class='ocrx_word' id='word_1_251' title='bbox 2368 1737 2473 1791; x_wconf 90' lang='lat' dir='ltr'><strong>duo</strong></span> <span class='ocrx_word' id='word_1_252' title='bbox 2499 1738 2624 1793; x_wconf 64' lang='lat' dir='ltr'><strong>caici</strong></span> <span class='ocrx_word' id='word_1_253' title='bbox 2650 1737 2959 1809; x_wconf 89' lang='lat' dir='ltr'><strong>signiﬁcant</strong></span> <span class='ocrx_word' id='word_1_254' title='bbox 2983 1736 3196 1795; x_wconf 73' lang='lat' dir='ltr'><strong>Iudaeos</strong></span> <span class='ocrx_word' id='word_1_255' title='bbox 3216 1748 3272 1792; x_wconf 90' lang='lat' dir='ltr'><strong>et</strong></span> <span class='ocrx_word' id='word_1_256' title='bbox 3291 1748 3515 1809; x_wconf 79' lang='lat' dir='ltr'><strong>gentes,</strong></span> <span class='ocrx_word' id='word_1_257' title='bbox 3544 1740 3728 1795; x_wconf 82' lang='lat' dir='ltr'><strong>seden-</strong></span> 
     </span>
    </p>
   </div>
   <div class='ocr_carea' id='block_1_33' title="bbox 446 1813 3726 1901">
    <p class='ocr_par' dir='ltr' id='par_1_33' title="bbox 446 1813 3726 1901">
     <span class='ocr_line' id='line_1_33' title="bbox 446 1813 3726 1901; baseline 0.005 -20"><span class='ocrx_word' id='word_1_258' title='bbox 446 1829 705 1885; x_wconf 84' lang='lat' dir='ltr'><strong>temnatis</strong></span> <span class='ocrx_word' id='word_1_259' title='bbox 751 1846 914 1885; x_wconf 92' lang='lat' dir='ltr'><strong>unum</strong></span> <span class='ocrx_word' id='word_1_260' title='bbox 957 1846 1025 1885; x_wconf 78' lang='lat' dir='ltr'><strong>ex</strong></span> <span class='ocrx_word' id='word_1_261' title='bbox 1074 1828 1179 1896; x_wconf 90' lang='lat' dir='ltr'><strong>his,</strong></span> <span class='ocrx_word' id='word_1_262' title='bbox 1214 1845 1283 1884; x_wconf 90' lang='lat' dir='ltr'><strong>ne</strong></span> <span class='ocrx_word' id='word_1_263' title='bbox 1326 1838 1517 1886; x_wconf 90' lang='lat' dir='ltr'><strong>contra</strong></span> <span class='ocrx_word' id='word_1_264' title='bbox 1543 1846 1734 1885; x_wconf 90' lang='lat' dir='ltr'><strong>eorum</strong></span> <span class='ocrx_word' id='word_1_265' title='bbox 1766 1831 2027 1887; x_wconf 89' lang='lat' dir='ltr'><strong>innocen-</strong></span> <span class='ocrx_word' id='word_1_266' title='bbox 2135 1832 2216 1879; x_wconf 74' lang='lat' dir='ltr'><strong>les</strong></span> <span class='ocrx_word' id='word_1_267' title='bbox 2253 1841 2410 1880; x_wconf 73' lang='lat' dir='ltr'><strong>secus</strong></span> <span class='ocrx_word' id='word_1_268' title='bbox 2442 1826 2608 1892; x_wconf 68' lang='lat' dir='ltr'><strong>Viam.</strong></span> <span class='ocrx_word' id='word_1_269' title='bbox 2652 1827 2706 1882; x_wconf 76' lang='lat' dir='ltr'><strong>id</strong></span> <span class='ocrx_word' id='word_1_270' title='bbox 2755 1835 2840 1882; x_wconf 68' lang='grc' dir='ltr'><strong>εει</strong></span> <span class='ocrx_word' id='word_1_271' title='bbox 2879 1842 3118 1899; x_wconf 49' lang='lat' dir='ltr'><strong>Praesens</strong></span> <span class='ocrx_word' id='word_1_272' title='bbox 3165 1828 3275 1884; x_wconf 67' lang='grc' dir='ltr'><strong>νίιίί</strong></span> <span class='ocrx_word' id='word_1_273' title='bbox 3314 1828 3483 1899; x_wconf 57' lang='lat' dir='ltr'><strong>in!”</strong></span> <span class='ocrx_word' id='word_1_274' title='bbox 3540 1830 3726 1899; x_wconf 65' lang='lat' dir='ltr'><strong>ﬁnem.</strong></span> 
     </span>
    </p>
   </div>
   <div class='ocr_carea' id='block_1_34' title="bbox 440 1914 2025 1999">
    <p class='ocr_par' dir='ltr' id='par_1_34' title="bbox 440 1914 2025 1999">
     <span class='ocr_line' id='line_1_34' title="bbox 440 1914 2025 1999; baseline 0.006 -24"><span class='ocrx_word' id='word_1_275' title='bbox 440 1914 575 1976; x_wconf 85' lang='lat' dir='ltr'><strong>tiam</strong></span> <span class='ocrx_word' id='word_1_276' title='bbox 605 1942 618 1978; x_wconf 96' lang='lat'><strong>:</strong></span> <span class='ocrx_word' id='word_1_277' title='bbox 643 1923 770 1980; x_wconf 86' lang='lat' dir='ltr'><strong>Ovis</strong></span> <span class='ocrx_word' id='word_1_278' title='bbox 799 1941 920 1995; x_wconf 72' lang='lat' dir='ltr'><strong>qua:</strong></span> <span class='ocrx_word' id='word_1_279' title='bbox 960 1926 1165 1981; x_wconf 87' lang='lat' dir='ltr'><strong>erravit</strong></span> <span class='ocrx_word' id='word_1_280' title='bbox 1208 1926 1443 1981; x_wconf 87' lang='lat' dir='ltr'><strong>ostendit</strong></span> <span class='ocrx_word' id='word_1_281' title='bbox 1467 1928 1759 1983; x_wconf 89' lang='lat' dir='ltr'><strong>lmmanum</strong></span> <span class='ocrx_word' id='word_1_282' title='bbox 1803 1945 1972 1999; x_wconf 88' lang='lat' dir='ltr'><strong>genus</strong></span> <span class='ocrx_word' id='word_1_283' title='bbox 2010 1948 2025 1985; x_wconf 90' lang='lat'><strong>:</strong></span> 
     </span>
    </p>
   </div>
   <div class='ocr_carea' id='block_1_35' title="bbox 443 2006 2028 2078">
    <p class='ocr_par' dir='ltr' id='par_1_35' title="bbox 443 2006 2028 2078">
     <span class='ocr_line' id='line_1_35' title="bbox 443 2006 2028 2078; baseline 0.008 -13"><span class='ocrx_word' id='word_1_284' title='bbox 443 2006 638 2069; x_wconf 79' lang='lat' dir='ltr'><strong>Pastor</strong></span> <span class='ocrx_word' id='word_1_285' title='bbox 660 2014 910 2072; x_wconf 82' lang='lat' dir='ltr'><strong>Christus</strong></span> <span class='ocrx_word' id='word_1_286' title='bbox 931 2026 1015 2071; x_wconf 89' lang='lat' dir='ltr'><strong>est</strong></span> <span class='ocrx_word' id='word_1_287' title='bbox 1038 2035 1049 2069; x_wconf 93' lang='lat'><strong>:</strong></span> <span class='ocrx_word' id='word_1_288' title='bbox 1075 2014 1217 2072; x_wconf 91' lang='lat' dir='ltr'><strong>Oves</strong></span> <span class='ocrx_word' id='word_1_289' title='bbox 1239 2016 1440 2072; x_wconf 87' lang='lat' dir='ltr'><strong>relictis</strong></span> <span class='ocrx_word' id='word_1_290' title='bbox 1460 2017 1513 2072; x_wconf 93' lang='lat' dir='ltr'><strong>in</strong></span> <span class='ocrx_word' id='word_1_291' title='bbox 1539 2020 1831 2078; x_wconf 88' lang='lat' dir='ltr'><strong>montibus.</strong></span> <span class='ocrx_word' id='word_1_292' title='bbox 1849 2029 2028 2077; x_wconf 66' lang='lat' dir='ltr'><strong>osteno</strong></span> 
     </span>
    </p>
   </div>
   <div class='ocr_carea' id='block_1_36' title="bbox 446 2104 2025 2178">
    <p class='ocr_par' dir='ltr' id='par_1_36' title="bbox 446 2104 2025 2178">
     <span class='ocr_line' id='line_1_36' title="bbox 446 2104 2025 2178; baseline 0.01 -23"><span class='ocrx_word' id='word_1_293' title='bbox 446 2104 525 2156; x_wconf 83' lang='lat' dir='ltr'><strong>dit</strong></span> <span class='ocrx_word' id='word_1_294' title='bbox 552 2106 770 2162; x_wconf 88' lang='lat' dir='ltr'><strong>ordines</strong></span> <span class='ocrx_word' id='word_1_295' title='bbox 808 2107 1119 2177; x_wconf 83' lang='lat' dir='ltr'><strong>angelorum</strong></span> <span class='ocrx_word' id='word_1_296' title='bbox 1152 2108 1243 2178; x_wconf 92' lang='lat' dir='ltr'><strong>qui</strong></span> <span class='ocrx_word' id='word_1_297' title='bbox 1270 2109 1575 2164; x_wconf 90' lang='lat' dir='ltr'><strong>consistunt</strong></span> <span class='ocrx_word' id='word_1_298' title='bbox 1615 2111 1667 2163; x_wconf 91' lang='lat' dir='ltr'><strong>in</strong></span> <span class='ocrx_word' id='word_1_299' title='bbox 1696 2110 2025 2171; x_wconf 70' lang='lat' dir='ltr'><strong>cmlestibus.</strong></span> 
     </span>
    </p>
   </div>
   <div class='ocr_carea' id='block_1_37' title="bbox 520 2194 2030 2272">
    <p class='ocr_par' dir='ltr' id='par_1_37' title="bbox 520 2194 2030 2272">
     <span class='ocr_line' id='line_1_37' title="bbox 520 2194 2030 2272; baseline 0.005 -24"><span class='ocrx_word' id='word_1_300' title='bbox 520 2194 577 2249; x_wconf 89' lang='lat' dir='ltr'><strong>Si</strong></span> <span class='ocrx_word' id='word_1_301' title='bbox 604 2200 891 2266; x_wconf 81' lang='lat' dir='ltr'><strong>peccaverit</strong></span> <span class='ocrx_word' id='word_1_302' title='bbox 916 2198 1083 2268; x_wconf 83' lang='lat' dir='ltr'><strong>frater</strong></span> <span class='ocrx_word' id='word_1_303' title='bbox 1106 2208 1249 2264; x_wconf 86' lang='lat' dir='ltr'><strong>tuus,</strong></span> <span class='ocrx_word' id='word_1_304' title='bbox 1275 2199 1474 2271; x_wconf 78' lang='lat' dir='ltr'><strong>corripe</strong></span> <span class='ocrx_word' id='word_1_305' title='bbox 1495 2217 1612 2255; x_wconf 83' lang='lat' dir='ltr'><strong>eum</strong></span> <span class='ocrx_word' id='word_1_306' title='bbox 1633 2201 1770 2255; x_wconf 86' lang='lat' dir='ltr'><strong>inter</strong></span> <span class='ocrx_word' id='word_1_307' title='bbox 1793 2211 1841 2255; x_wconf 89' lang='lat' dir='ltr'><strong>te</strong></span> <span class='ocrx_word' id='word_1_308' title='bbox 1869 2211 1917 2256; x_wconf 88' lang='lat' dir='ltr'><strong>et</strong></span> <span class='ocrx_word' id='word_1_309' title='bbox 1952 2203 2030 2272; x_wconf 81' lang='lat' dir='ltr'><strong>ip-</strong></span> 
     </span>
    </p>
   </div>
   <div class='ocr_carea' id='block_1_38' title="bbox 444 2289 2026 2365">
    <p class='ocr_par' dir='ltr' id='par_1_38' title="bbox 444 2289 2026 2365">
     <span class='ocr_line' id='line_1_38' title="bbox 444 2289 2026 2365; baseline 0.006 -24"><span class='ocrx_word' id='word_1_310' title='bbox 444 2303 563 2341; x_wconf 76' lang='lat' dir='ltr'><strong>sum</strong></span> <span class='ocrx_word' id='word_1_311' title='bbox 588 2301 604 2339; x_wconf 93' lang='lat'><em>:</em></span> <span class='ocrx_word' id='word_1_312' title='bbox 632 2297 689 2341; x_wconf 92' lang='lat' dir='ltr'><strong>ut</strong></span> <span class='ocrx_word' id='word_1_313' title='bbox 711 2289 944 2344; x_wconf 88' lang='lat' dir='ltr'><strong>detectio</strong></span> <span class='ocrx_word' id='word_1_314' title='bbox 967 2290 1174 2362; x_wconf 85' lang='lat' dir='ltr'><strong>peccati</strong></span> <span class='ocrx_word' id='word_1_315' title='bbox 1206 2307 1310 2345; x_wconf 88' lang='lat' dir='ltr'><strong>non</strong></span> <span class='ocrx_word' id='word_1_316' title='bbox 1348 2291 1456 2353; x_wconf 81' lang='lat' dir='ltr'><strong>ﬁet,</strong></span> <span class='ocrx_word' id='word_1_317' title='bbox 1483 2303 1537 2348; x_wconf 92' lang='lat' dir='ltr'><strong>et</strong></span> <span class='ocrx_word' id='word_1_318' title='bbox 1562 2293 1887 2365; x_wconf 84' lang='lat' dir='ltr'><strong>improperio</strong></span> <span class='ocrx_word' id='word_1_319' title='bbox 1915 2294 2026 2350; x_wconf 83' lang='lat' dir='ltr'><strong>fra-</strong></span> 
     </span>
    </p>
   </div>
   <div class='ocr_carea' id='block_1_39' title="bbox 446 2374 2026 2463">
    <p class='ocr_par' dir='ltr' id='par_1_39' title="bbox 446 2374 2026 2463">
     <span class='ocr_line' id='line_1_39' title="bbox 446 2374 2026 2463; baseline 0.013 -31"><span class='ocrx_word' id='word_1_320' title='bbox 446 2374 519 2432; x_wconf 76' lang='lat' dir='ltr'><strong>tri</strong></span> <span class='ocrx_word' id='word_1_321' title='bbox 551 2378 658 2434; x_wconf 88' lang='lat' dir='ltr'><strong>non</strong></span> <span class='ocrx_word' id='word_1_322' title='bbox 704 2391 974 2448; x_wconf 88' lang='lat' dir='ltr'><strong>nascatur,</strong></span> <span class='ocrx_word' id='word_1_323' title='bbox 1003 2384 1088 2439; x_wconf 92' lang='lat' dir='ltr'><strong>dic</strong></span> <span class='ocrx_word' id='word_1_324' title='bbox 1120 2384 1405 2454; x_wconf 76' lang='lat' dir='ltr'><strong>Ecclesiae,</strong></span> <span class='ocrx_word' id='word_1_325' title='bbox 1436 2387 1487 2442; x_wconf 91' lang='lat' dir='ltr'><strong>id</strong></span> <span class='ocrx_word' id='word_1_326' title='bbox 1516 2396 1598 2443; x_wconf 90' lang='lat' dir='ltr'><strong>est</strong></span> <span class='ocrx_word' id='word_1_327' title='bbox 1625 2392 2026 2463; x_wconf 79' lang='lat' dir='ltr'><strong>congregationi</strong></span> 
     </span>
    </p>
   </div>
   <div class='ocr_carea' id='block_1_40' title="bbox 452 2471 2028 2551">
    <p class='ocr_par' dir='ltr' id='par_1_40' title="bbox 452 2471 2028 2551">
     <span class='ocr_line' id='line_1_40' title="bbox 452 2471 2028 2551; baseline 0.01 -26"><span class='ocrx_word' id='word_1_328' title='bbox 452 2471 712 2539; x_wconf 81' lang='lat' dir='ltr'><strong>ﬁdelium,</strong></span> <span class='ocrx_word' id='word_1_329' title='bbox 755 2475 1026 2542; x_wconf 85' lang='lat' dir='ltr'><strong>ethnicus,</strong></span> <span class='ocrx_word' id='word_1_330' title='bbox 1068 2476 1120 2531; x_wconf 88' lang='lat' dir='ltr'><strong>id</strong></span> <span class='ocrx_word' id='word_1_331' title='bbox 1149 2486 1231 2533; x_wconf 87' lang='lat' dir='ltr'><strong>est</strong></span> <span class='ocrx_word' id='word_1_332' title='bbox 1259 2478 1486 2550; x_wconf 78' lang='lat' dir='ltr'><strong>gentiles</strong></span> <span class='ocrx_word' id='word_1_333' title='bbox 1515 2488 1569 2535; x_wconf 88' lang='lat' dir='ltr'><strong>et</strong></span> <span class='ocrx_word' id='word_1_334' title='bbox 1611 2481 1926 2551; x_wconf 80' lang='lat' dir='ltr'><strong>publicanus</strong></span> <span class='ocrx_word' id='word_1_335' title='bbox 1943 2489 2028 2541; x_wconf 86' lang='lat' dir='ltr'><strong>est</strong></span> 
     </span>
    </p>
   </div>
   <div class='ocr_carea' id='block_1_41' title="bbox 448 2563 2026 2641">
    <p class='ocr_par' dir='ltr' id='par_1_41' title="bbox 448 2563 2026 2641">
     <span class='ocr_line' id='line_1_41' title="bbox 448 2563 2026 2641; baseline 0.01 -25"><span class='ocrx_word' id='word_1_336' title='bbox 448 2563 538 2633; x_wconf 90' lang='lat' dir='ltr'><strong>qui</strong></span> <span class='ocrx_word' id='word_1_337' title='bbox 584 2565 796 2634; x_wconf 85' lang='lat' dir='ltr'><strong>publice</strong></span> <span class='ocrx_word' id='word_1_338' title='bbox 844 2578 1079 2637; x_wconf 83' lang='lat' dir='ltr'><strong>peccat:</strong></span> <span class='ocrx_word' id='word_1_339' title='bbox 1117 2568 1234 2624; x_wconf 87' lang='lat' dir='ltr'><strong>Non</strong></span> <span class='ocrx_word' id='word_1_340' title='bbox 1275 2570 1452 2641; x_wconf 85' lang='lat' dir='ltr'><strong>imago</strong></span> <span class='ocrx_word' id='word_1_341' title='bbox 1493 2587 1680 2629; x_wconf 89' lang='lat' dir='ltr'><strong>eorum</strong></span> <span class='ocrx_word' id='word_1_342' title='bbox 1722 2575 1794 2629; x_wconf 90' lang='lat' dir='ltr'><strong>sit</strong></span> <span class='ocrx_word' id='word_1_343' title='bbox 1827 2575 1923 2630; x_wconf 91' lang='lat' dir='ltr'><strong>tibi</strong></span> <span class='ocrx_word' id='word_1_344' title='bbox 1970 2576 2026 2632; x_wconf 91' lang='lat' dir='ltr'><strong>in</strong></span> 
     </span>
    </p>
   </div>
   <div class='ocr_carea' id='block_1_42' title="bbox 442 2654 2028 2739">
    <p class='ocr_par' dir='ltr' id='par_1_42' title="bbox 442 2654 2028 2739">
     <span class='ocr_line' id='line_1_42' title="bbox 442 2654 2028 2739; baseline 0.012 -32"><span class='ocrx_word' id='word_1_345' title='bbox 442 2654 566 2708; x_wconf 88' lang='lat' dir='ltr'><strong>odio</strong></span> <span class='ocrx_word' id='word_1_346' title='bbox 588 2696 601 2718; x_wconf 87' lang='lat'><strong>,</strong></span> <span class='ocrx_word' id='word_1_347' title='bbox 631 2655 725 2710; x_wconf 86' lang='lat' dir='ltr'><strong>sed</strong></span> <span class='ocrx_word' id='word_1_348' title='bbox 756 2671 917 2726; x_wconf 89' lang='lat' dir='ltr'><strong>opera</strong></span> <span class='ocrx_word' id='word_1_349' title='bbox 948 2675 1156 2729; x_wconf 89' lang='lat' dir='ltr'><strong>eorum.</strong></span> <span class='ocrx_word' id='word_1_350' title='bbox 1190 2660 1245 2715; x_wconf 90' lang='lat' dir='ltr'><strong>Si</strong></span> <span class='ocrx_word' id='word_1_351' title='bbox 1269 2662 1374 2717; x_wconf 92' lang='lat' dir='ltr'><strong>duo</strong></span> <span class='ocrx_word' id='word_1_352' title='bbox 1399 2666 1804 2739; x_wconf 83' lang='lat' dir='ltr'><strong>consenserint,</strong></span> <span class='ocrx_word' id='word_1_353' title='bbox 1847 2667 1901 2722; x_wconf 90' lang='lat' dir='ltr'><strong>id</strong></span> <span class='ocrx_word' id='word_1_354' title='bbox 1941 2675 2028 2727; x_wconf 78' lang='lat' dir='ltr'><strong>est</strong></span> 
     </span>
    </p>
   </div>
   <div class='ocr_carea' id='block_1_43' title="bbox 440 2747 2025 2831">
    <p class='ocr_par' dir='ltr' id='par_1_43' title="bbox 440 2747 2025 2831">
     <span class='ocr_line' id='line_1_43' title="bbox 440 2747 2025 2831; baseline 0.01 -32"><span class='ocrx_word' id='word_1_355' title='bbox 440 2759 569 2800; x_wconf 88' lang='lat' dir='ltr'><strong>caro</strong></span> <span class='ocrx_word' id='word_1_356' title='bbox 600 2754 654 2801; x_wconf 91' lang='lat' dir='ltr'><strong>et</strong></span> <span class='ocrx_word' id='word_1_357' title='bbox 676 2747 855 2802; x_wconf 90' lang='lat' dir='ltr'><strong>anima</strong></span> <span class='ocrx_word' id='word_1_358' title='bbox 884 2767 897 2803; x_wconf 88' lang='lat'><strong>:</strong></span> <span class='ocrx_word' id='word_1_359' title='bbox 929 2748 986 2804; x_wconf 81' lang='lat' dir='ltr'><strong>Si</strong></span> <span class='ocrx_word' id='word_1_360' title='bbox 1016 2766 1144 2807; x_wconf 88' lang='lat' dir='ltr'><strong>caro</strong></span> <span class='ocrx_word' id='word_1_361' title='bbox 1167 2754 1509 2809; x_wconf 88' lang='lat' dir='ltr'><strong>consenserit</strong></span> <span class='ocrx_word' id='word_1_362' title='bbox 1537 2756 1733 2812; x_wconf 82' lang='lat' dir='ltr'><strong>animae</strong></span> <span class='ocrx_word' id='word_1_363' title='bbox 1761 2772 1776 2812; x_wconf 90' lang='lat'><strong>:</strong></span> <span class='ocrx_word' id='word_1_364' title='bbox 1817 2761 1906 2831; x_wconf 89' lang='lat' dir='ltr'><strong>qui</strong></span> <span class='ocrx_word' id='word_1_365' title='bbox 1930 2774 2025 2829; x_wconf 87' lang='lat' dir='ltr'><strong>pe-</strong></span> 
     </span>
    </p>
   </div>
   <div class='ocr_carea' id='block_1_44' title="bbox 441 2835 1127 2911">
    <p class='ocr_par' dir='ltr' id='par_1_44' title="bbox 441 2835 1127 2911">
     <span class='ocr_line' id='line_1_44' title="bbox 441 2835 1127 2911; baseline 0.012 -22"><span class='ocrx_word' id='word_1_366' title='bbox 441 2835 509 2889; x_wconf 88' lang='lat' dir='ltr'><strong>tit</strong></span> <span class='ocrx_word' id='word_1_367' title='bbox 536 2877 551 2901; x_wconf 92' lang='lat'><strong>,</strong></span> <span class='ocrx_word' id='word_1_368' title='bbox 581 2853 680 2908; x_wconf 90' lang='lat' dir='ltr'><strong>per</strong></span> <span class='ocrx_word' id='word_1_369' title='bbox 707 2839 865 2894; x_wconf 89' lang='lat' dir='ltr'><strong>ﬁdem</strong></span> <span class='ocrx_word' id='word_1_370' title='bbox 899 2844 1127 2911; x_wconf 90' lang='lat' dir='ltr'><strong>accepit.</strong></span> 
     </span>
    </p>
   </div>
   <div class='ocr_carea' id='block_1_45' title="bbox 456 2916 2024 3019">
    <p class='ocr_par' dir='ltr' id='par_1_45' title="bbox 456 2916 2024 3019">
     <span class='ocr_line' id='line_1_45' title="bbox 456 2916 2024 3019; baseline 0.013 -39"><span class='ocrx_word' id='word_1_371' title='bbox 456 2916 463 2923; x_wconf 77' lang='grc'><strong>’</strong></span> <span class='ocrx_word' id='word_1_372' title='bbox 514 2925 700 2983; x_wconf 82' lang='lat' dir='ltr'><strong>Simile</strong></span> <span class='ocrx_word' id='word_1_373' title='bbox 739 2940 814 2985; x_wconf 84' lang='lat' dir='ltr'><strong>est</strong></span> <span class='ocrx_word' id='word_1_374' title='bbox 860 2948 1075 3004; x_wconf 83' lang='lat' dir='ltr'><strong>regnum</strong></span> <span class='ocrx_word' id='word_1_375' title='bbox 1098 2934 1344 2990; x_wconf 68' lang='lat' dir='ltr'><strong>caelorum</strong></span> <span class='ocrx_word' id='word_1_376' title='bbox 1373 2940 1572 2995; x_wconf 81' lang='lat' dir='ltr'><strong>homini</strong></span> <span class='ocrx_word' id='word_1_377' title='bbox 1594 2942 1721 3012; x_wconf 82' lang='lat' dir='ltr'><strong>regi,</strong></span> <span class='ocrx_word' id='word_1_378' title='bbox 1752 2944 1841 3015; x_wconf 81' lang='lat' dir='ltr'><strong>qui</strong></span> <span class='ocrx_word' id='word_1_379' title='bbox 1862 2944 2024 3019; x_wconf 77' lang='lat' dir='ltr'><strong>voluit</strong></span> 
     </span>
    </p>
   </div>
   <div class='ocr_carea' id='block_1_46' title="bbox 441 3018 2020 3098">
    <p class='ocr_par' dir='ltr' id='par_1_46' title="bbox 441 3018 2020 3098">
     <span class='ocr_line' id='line_1_46' title="bbox 441 3018 2020 3098; baseline 0.014 -28"><span class='ocrx_word' id='word_1_380' title='bbox 441 3018 698 3074; x_wconf 84' lang='lat' dir='ltr'><strong>rationem</strong></span> <span class='ocrx_word' id='word_1_381' title='bbox 740 3039 930 3091; x_wconf 87' lang='lat' dir='ltr'><strong>ponere</strong></span> <span class='ocrx_word' id='word_1_382' title='bbox 961 3042 1080 3079; x_wconf 86' lang='lat' dir='ltr'><strong>cum</strong></span> <span class='ocrx_word' id='word_1_383' title='bbox 1129 3028 1290 3082; x_wconf 84' lang='lat' dir='ltr'><strong>servis</strong></span> <span class='ocrx_word' id='word_1_384' title='bbox 1332 3031 1462 3085; x_wconf 86' lang='lat' dir='ltr'><strong>suis.</strong></span> <span class='ocrx_word' id='word_1_385' title='bbox 1511 3031 1614 3098; x_wconf 85' lang='lat' dir='ltr'><strong>Qui</strong></span> <span class='ocrx_word' id='word_1_386' title='bbox 1659 3034 1819 3089; x_wconf 84' lang='lat' dir='ltr'><strong>debet</strong></span> <span class='ocrx_word' id='word_1_387' title='bbox 1847 3018 2020 3092; x_wconf 85' lang='lat' dir='ltr'><strong>decim</strong></span> 
     </span>
    </p>
   </div>
   <div class='ocr_carea' id='block_1_47' title="bbox 440 3108 2020 3191">
    <p class='ocr_par' dir='ltr' id='par_1_47' title="bbox 440 3108 2020 3191">
     <span class='ocr_line' id='line_1_47' title="bbox 440 3108 2020 3191; baseline 0.014 -30"><span class='ocrx_word' id='word_1_388' title='bbox 440 3108 609 3163; x_wconf 87' lang='lat' dir='ltr'><strong>millia</strong></span> <span class='ocrx_word' id='word_1_389' title='bbox 643 3111 863 3180; x_wconf 76' lang='lat' dir='ltr'><strong>talenta,</strong></span> <span class='ocrx_word' id='word_1_390' title='bbox 904 3124 990 3170; x_wconf 90' lang='lat' dir='ltr'><strong>est</strong></span> <span class='ocrx_word' id='word_1_391' title='bbox 1017 3118 1106 3185; x_wconf 92' lang='lat' dir='ltr'><strong>qui</strong></span> <span class='ocrx_word' id='word_1_392' title='bbox 1135 3127 1325 3187; x_wconf 87' lang='lat' dir='ltr'><strong>peccat</strong></span> <span class='ocrx_word' id='word_1_393' title='bbox 1372 3120 1425 3174; x_wconf 91' lang='lat' dir='ltr'><strong>in</strong></span> <span class='ocrx_word' id='word_1_394' title='bbox 1476 3123 1663 3178; x_wconf 89' lang='lat' dir='ltr'><strong>Deum.</strong></span> <span class='ocrx_word' id='word_1_395' title='bbox 1714 3123 1817 3191; x_wconf 87' lang='lat' dir='ltr'><strong>Qui</strong></span> <span class='ocrx_word' id='word_1_396' title='bbox 1861 3126 2020 3183; x_wconf 89' lang='lat' dir='ltr'><strong>debet</strong></span> 
     </span>
    </p>
   </div>
   <div class='ocr_carea' id='block_1_48' title="bbox 2136 1915 3728 1993">
    <p class='ocr_par' dir='ltr' id='par_1_48' title="bbox 2136 1915 3728 1993">
     <span class='ocr_line' id='line_1_48' title="bbox 2136 1915 3728 1993; baseline 0.004 -24"><span class='ocrx_word' id='word_1_397' title='bbox 2136 1918 2368 1972; x_wconf 88' lang='lat' dir='ltr'><strong>transire</strong></span> <span class='ocrx_word' id='word_1_398' title='bbox 2385 1915 2592 1984; x_wconf 75' lang='lat' dir='ltr'><strong>lesum,</strong></span> <span class='ocrx_word' id='word_1_399' title='bbox 2610 1918 2663 1974; x_wconf 89' lang='lat' dir='ltr'><strong>id</strong></span> <span class='ocrx_word' id='word_1_400' title='bbox 2688 1926 2771 1975; x_wconf 90' lang='lat' dir='ltr'><strong>est</strong></span> <span class='ocrx_word' id='word_1_401' title='bbox 2814 1934 2911 1990; x_wconf 90' lang='lat' dir='ltr'><strong>per</strong></span> <span class='ocrx_word' id='word_1_402' title='bbox 2937 1918 3372 1993; x_wconf 81' lang='lat' dir='ltr'><strong>incarnationem</strong></span> <span class='ocrx_word' id='word_1_403' title='bbox 3401 1929 3460 1975; x_wconf 89' lang='lat' dir='ltr'><strong>et</strong></span> <span class='ocrx_word' id='word_1_404' title='bbox 3484 1921 3728 1976; x_wconf 86' lang='lat' dir='ltr'><strong>humani-</strong></span> 
     </span>
    </p>
   </div>
   <div class='ocr_carea' id='block_1_49' title="bbox 2130 2000 3724 2083">
    <p class='ocr_par' dir='ltr' id='par_1_49' title="bbox 2130 2000 3724 2083">
     <span class='ocr_line' id='line_1_49' title="bbox 2130 2000 3724 2083; baseline 0.002 -19"><span class='ocrx_word' id='word_1_405' title='bbox 2130 2000 2260 2083; x_wconf 78' lang='lat' dir='ltr'><strong>tatis</strong></span> <span class='ocrx_word' id='word_1_406' title='bbox 2298 2010 2574 2075; x_wconf 89' lang='lat' dir='ltr'><strong>transivit,</strong></span> <span class='ocrx_word' id='word_1_407' title='bbox 2603 2026 2702 2081; x_wconf 91' lang='lat' dir='ltr'><strong>per</strong></span> <span class='ocrx_word' id='word_1_408' title='bbox 2730 2010 3010 2076; x_wconf 88' lang='lat' dir='ltr'><strong>mundum,</strong></span> <span class='ocrx_word' id='word_1_409' title='bbox 3036 2021 3185 2068; x_wconf 86' lang='lat' dir='ltr'><strong>stare</strong></span> <span class='ocrx_word' id='word_1_410' title='bbox 3211 2009 3401 2067; x_wconf 85' lang='lat' dir='ltr'><strong>Jesum</strong></span> <span class='ocrx_word' id='word_1_411' title='bbox 3422 2053 3439 2078; x_wconf 92' lang='lat'><strong>,</strong></span> <span class='ocrx_word' id='word_1_412' title='bbox 3474 2013 3724 2067; x_wconf 81' lang='lat' dir='ltr'><strong>divinita-</strong></span> 
     </span>
    </p>
   </div>
   <div class='ocr_carea' id='block_1_50' title="bbox 2135 2103 3724 2176">
    <p class='ocr_par' dir='ltr' id='par_1_50' title="bbox 2135 2103 3724 2176">
     <span class='ocr_line' id='line_1_50' title="bbox 2135 2103 3724 2176; baseline 0.004 -21"><span class='ocrx_word' id='word_1_413' title='bbox 2135 2111 2241 2157; x_wconf 91' lang='lat' dir='ltr'><strong>tem</strong></span> <span class='ocrx_word' id='word_1_414' title='bbox 2270 2104 2540 2170; x_wconf 85' lang='lat' dir='ltr'><strong>ostendit,</strong></span> <span class='ocrx_word' id='word_1_415' title='bbox 2587 2119 2706 2159; x_wconf 91' lang='lat' dir='ltr'><strong>cum</strong></span> <span class='ocrx_word' id='word_1_416' title='bbox 2752 2105 3243 2176; x_wconf 85' lang='lat' dir='ltr'><strong>appropinquasset</strong></span> <span class='ocrx_word' id='word_1_417' title='bbox 3272 2103 3724 2176; x_wconf 80' lang='lat' dir='ltr'><strong>Jerosolyma,id</strong></span> 
     </span>
    </p>
   </div>
   <div class='ocr_carea' id='block_1_51' title="bbox 2132 2195 3721 2266">
    <p class='ocr_par' dir='ltr' id='par_1_51' title="bbox 2132 2195 3721 2266">
     <span class='ocr_line' id='line_1_51' title="bbox 2132 2195 3721 2266; baseline 0.001 -17"><span class='ocrx_word' id='word_1_418' title='bbox 2132 2202 2215 2250; x_wconf 81' lang='lat' dir='ltr'><strong>est</strong></span> <span class='ocrx_word' id='word_1_419' title='bbox 2237 2211 2359 2249; x_wconf 88' lang='lat' dir='ltr'><strong>cum</strong></span> <span class='ocrx_word' id='word_1_420' title='bbox 2387 2195 2624 2249; x_wconf 78' lang='lat' dir='ltr'><strong>venisset</strong></span> <span class='ocrx_word' id='word_1_421' title='bbox 2685 2196 2737 2249; x_wconf 91' lang='lat' dir='ltr'><strong>in</strong></span> <span class='ocrx_word' id='word_1_422' title='bbox 2769 2195 3027 2251; x_wconf 86' lang='lat' dir='ltr'><strong>mundum</strong></span> <span class='ocrx_word' id='word_1_423' title='bbox 3058 2213 3071 2249; x_wconf 88' lang='lat'><strong>:</strong></span> <span class='ocrx_word' id='word_1_424' title='bbox 3104 2195 3387 2266; x_wconf 83' lang='lat' dir='ltr'><strong>Bethl&#39;age,</strong></span> <span class='ocrx_word' id='word_1_425' title='bbox 3423 2196 3483 2251; x_wconf 87' lang='lat' dir='ltr'><strong>id</strong></span> <span class='ocrx_word' id='word_1_426' title='bbox 3518 2206 3607 2252; x_wconf 87' lang='lat' dir='ltr'><strong>est</strong></span> <span class='ocrx_word' id='word_1_427' title='bbox 3632 2197 3721 2250; x_wconf 83' lang='lat' dir='ltr'><strong>do-</strong></span> 
     </span>
    </p>
   </div>
   <div class='ocr_carea' id='block_1_52' title="bbox 2131 2285 3721 2353">
    <p class='ocr_par' dir='ltr' id='par_1_52' title="bbox 2131 2285 3721 2353">
     <span class='ocr_line' id='line_1_52' title="bbox 2131 2285 3721 2353; baseline -0.001 -10"><span class='ocrx_word' id='word_1_428' title='bbox 2131 2301 2253 2343; x_wconf 89' lang='lat' dir='ltr'><strong>mus</strong></span> <span class='ocrx_word' id='word_1_429' title='bbox 2281 2286 2485 2353; x_wconf 64' lang='lat' dir='ltr'><strong>buccae,</strong></span> <span class='ocrx_word' id='word_1_430' title='bbox 2518 2286 2604 2342; x_wconf 90' lang='lat' dir='ltr'><strong>vel</strong></span> <span class='ocrx_word' id='word_1_431' title='bbox 2627 2287 2889 2342; x_wconf 75' lang='lat' dir='ltr'><strong>maxillae:</strong></span> <span class='ocrx_word' id='word_1_432' title='bbox 2917 2285 3069 2342; x_wconf 86' lang='lat' dir='ltr'><strong>Mons</strong></span> <span class='ocrx_word' id='word_1_433' title='bbox 3097 2286 3317 2352; x_wconf 78' lang='lat' dir='ltr'><strong>Olivcti,</strong></span> <span class='ocrx_word' id='word_1_434' title='bbox 3343 2288 3399 2342; x_wconf 89' lang='lat' dir='ltr'><strong>id</strong></span> <span class='ocrx_word' id='word_1_435' title='bbox 3425 2296 3517 2343; x_wconf 85' lang='lat' dir='ltr'><strong>est</strong></span> <span class='ocrx_word' id='word_1_436' title='bbox 3536 2302 3721 2342; x_wconf 72' lang='lat' dir='ltr'><strong>nomen</strong></span> 
     </span>
    </p>
   </div>
   <div class='ocr_carea' id='block_1_53' title="bbox 2131 2380 3721 2447">
    <p class='ocr_par' dir='ltr' id='par_1_53' title="bbox 2131 2380 3721 2447">
     <span class='ocr_line' id='line_1_53' title="bbox 2131 2380 3721 2447; baseline 0.002 -14"><span class='ocrx_word' id='word_1_437' title='bbox 2131 2380 2294 2433; x_wconf 91' lang='lat' dir='ltr'><strong>trium</strong></span> <span class='ocrx_word' id='word_1_438' title='bbox 2325 2380 2619 2447; x_wconf 90' lang='lat' dir='ltr'><strong>luminum,</strong></span> <span class='ocrx_word' id='word_1_439' title='bbox 2660 2381 2712 2435; x_wconf 93' lang='lat' dir='ltr'><strong>id</strong></span> <span class='ocrx_word' id='word_1_440' title='bbox 2747 2390 2832 2436; x_wconf 90' lang='lat' dir='ltr'><strong>est</strong></span> <span class='ocrx_word' id='word_1_441' title='bbox 2872 2380 3095 2436; x_wconf 91' lang='lat' dir='ltr'><strong>refectio</strong></span> <span class='ocrx_word' id='word_1_442' title='bbox 3140 2380 3379 2447; x_wconf 88' lang='lat' dir='ltr'><strong>laboris,</strong></span> <span class='ocrx_word' id='word_1_443' title='bbox 3425 2380 3721 2436; x_wconf 74' lang='lat' dir='ltr'><strong>consolatio</strong></span> 
     </span>
    </p>
   </div>
   <div class='ocr_carea' id='block_1_54' title="bbox 2130 2466 3719 2545">
    <p class='ocr_par' dir='ltr' id='par_1_54' title="bbox 2130 2466 3719 2545">
     <span class='ocr_line' id='line_1_54' title="bbox 2130 2466 3719 2545; baseline 0.001 -21"><span class='ocrx_word' id='word_1_444' title='bbox 2130 2469 2342 2538; x_wconf 89' lang='lat' dir='ltr'><strong>operis,</strong></span> <span class='ocrx_word' id='word_1_445' title='bbox 2378 2466 2571 2525; x_wconf 86' lang='lat' dir='ltr'><strong>noiitia</strong></span> <span class='ocrx_word' id='word_1_446' title='bbox 2606 2470 2720 2525; x_wconf 89' lang='lat' dir='ltr'><strong>veri</strong></span> <span class='ocrx_word' id='word_1_447' title='bbox 2749 2470 3001 2545; x_wconf 88' lang='lat' dir='ltr'><strong>luminis,</strong></span> <span class='ocrx_word' id='word_1_448' title='bbox 3034 2470 3318 2527; x_wconf 84' lang='lat' dir='ltr'><strong>castellum</strong></span> <span class='ocrx_word' id='word_1_449' title='bbox 3343 2470 3499 2541; x_wconf 90' lang='lat' dir='ltr'><strong>quod</strong></span> <span class='ocrx_word' id='word_1_450' title='bbox 3536 2479 3719 2526; x_wconf 87' lang='lat' dir='ltr'><strong>contra</strong></span> 
     </span>
    </p>
   </div>
   <div class='ocr_carea' id='block_1_55' title="bbox 2128 2559 3719 2633">
    <p class='ocr_par' dir='ltr' id='par_1_55' title="bbox 2128 2559 3719 2633">
     <span class='ocr_line' id='line_1_55' title="bbox 2128 2559 3719 2633; baseline 0.001 -17"><span class='ocrx_word' id='word_1_451' title='bbox 2128 2575 2226 2616; x_wconf 89' lang='lat' dir='ltr'><strong>vos</strong></span> <span class='ocrx_word' id='word_1_452' title='bbox 2290 2569 2371 2616; x_wconf 88' lang='lat' dir='ltr'><strong>est</strong></span> <span class='ocrx_word' id='word_1_453' title='bbox 2406 2601 2421 2626; x_wconf 93' lang='lat'><strong>,</strong></span> <span class='ocrx_word' id='word_1_454' title='bbox 2485 2561 2539 2616; x_wconf 91' lang='lat' dir='ltr'><strong>id</strong></span> <span class='ocrx_word' id='word_1_455' title='bbox 2601 2572 2684 2618; x_wconf 91' lang='lat' dir='ltr'><strong>est</strong></span> <span class='ocrx_word' id='word_1_456' title='bbox 2746 2559 3049 2617; x_wconf 85' lang='lat' dir='ltr'><strong>Jerusalem</strong></span> <span class='ocrx_word' id='word_1_457' title='bbox 3106 2577 3227 2632; x_wconf 74' lang='lat' dir='ltr'><strong>qua:</strong></span> <span class='ocrx_word' id='word_1_458' title='bbox 3293 2570 3495 2617; x_wconf 85' lang='lat' dir='ltr'><strong>contra</strong></span> <span class='ocrx_word' id='word_1_459' title='bbox 3558 2560 3719 2633; x_wconf 57' lang='lat' dir='ltr'><strong>ima</strong></span> 
     </span>
    </p>
   </div>
   <div class='ocr_carea' id='block_1_56' title="bbox 2128 2654 3720 2727">
    <p class='ocr_par' dir='ltr' id='par_1_56' title="bbox 2128 2654 3720 2727">
     <span class='ocr_line' id='line_1_56' title="bbox 2128 2654 3720 2727; baseline -0.001 -17"><span class='ocrx_word' id='word_1_460' title='bbox 2128 2654 2402 2727; x_wconf 85' lang='lat' dir='ltr'><strong>Evangelii</strong></span> <span class='ocrx_word' id='word_1_461' title='bbox 2427 2655 2780 2726; x_wconf 84' lang='lat' dir='ltr'><strong>repugnabat,</strong></span> <span class='ocrx_word' id='word_1_462' title='bbox 2798 2655 2992 2711; x_wconf 85' lang='lat' dir='ltr'><strong>solvite</strong></span> <span class='ocrx_word' id='word_1_463' title='bbox 3019 2664 3072 2710; x_wconf 89' lang='lat' dir='ltr'><strong>et</strong></span> <span class='ocrx_word' id='word_1_464' title='bbox 3093 2655 3344 2725; x_wconf 85' lang='lat' dir='ltr'><strong>adducite</strong></span> <span class='ocrx_word' id='word_1_465' title='bbox 3365 2655 3530 2720; x_wconf 85' lang='lat' dir='ltr'><strong>mihi,</strong></span> <span class='ocrx_word' id='word_1_466' title='bbox 3546 2663 3720 2709; x_wconf 81' lang='lat' dir='ltr'><strong>osten-</strong></span> 
     </span>
    </p>
   </div>
   <div class='ocr_carea' id='block_1_57' title="bbox 2129 2743 3719 2817">
    <p class='ocr_par' dir='ltr' id='par_1_57' title="bbox 2129 2743 3719 2817">
     <span class='ocr_line' id='line_1_57' title="bbox 2129 2743 3719 2817; baseline -0.002 -17"><span class='ocrx_word' id='word_1_467' title='bbox 2129 2745 2207 2800; x_wconf 87' lang='lat' dir='ltr'><strong>dit</strong></span> <span class='ocrx_word' id='word_1_468' title='bbox 2235 2745 2643 2801; x_wconf 87' lang='lat' dir='ltr'><strong>conversionem</strong></span> <span class='ocrx_word' id='word_1_469' title='bbox 2675 2743 3004 2810; x_wconf 69' lang='lat' dir='ltr'><strong>Judaeorum,</strong></span> <span class='ocrx_word' id='word_1_470' title='bbox 3030 2744 3143 2801; x_wconf 87' lang='lat' dir='ltr'><strong>sive</strong></span> <span class='ocrx_word' id='word_1_471' title='bbox 3170 2745 3438 2817; x_wconf 85' lang='lat' dir='ltr'><strong>gentium,</strong></span> <span class='ocrx_word' id='word_1_472' title='bbox 3462 2760 3567 2816; x_wconf 86' lang='lat' dir='ltr'><strong>per</strong></span> <span class='ocrx_word' id='word_1_473' title='bbox 3589 2759 3719 2815; x_wconf 65' lang='lat' dir='ltr'><strong>prae»</strong></span> 
     </span>
    </p>
   </div>
   <div class='ocr_carea' id='block_1_58' title="bbox 2128 2835 3715 2908">
    <p class='ocr_par' dir='ltr' id='par_1_58' title="bbox 2128 2835 3715 2908">
     <span class='ocr_line' id='line_1_58' title="bbox 2128 2835 3715 2908; baseline -0.001 -16"><span class='ocrx_word' id='word_1_474' title='bbox 2128 2836 2451 2892; x_wconf 87' lang='lat' dir='ltr'><strong>dicationem</strong></span> <span class='ocrx_word' id='word_1_475' title='bbox 2495 2836 2880 2906; x_wconf 89' lang='lat' dir='ltr'><strong>apostolorum.</strong></span> <span class='ocrx_word' id='word_1_476' title='bbox 2931 2835 3194 2892; x_wconf 90' lang='lat' dir='ltr'><strong>Dominus</strong></span> <span class='ocrx_word' id='word_1_477' title='bbox 3230 2851 3371 2908; x_wconf 90' lang='lat' dir='ltr'><strong>opus</strong></span> <span class='ocrx_word' id='word_1_478' title='bbox 3417 2837 3587 2892; x_wconf 79' lang='lat' dir='ltr'><strong>habet</strong></span> <span class='ocrx_word' id='word_1_479' title='bbox 3616 2850 3715 2891; x_wconf 75' lang='lat' dir='ltr'><strong>non</strong></span> 
     </span>
    </p>
   </div>
   <div class='ocr_carea' id='block_1_59' title="bbox 2128 2928 3717 3002">
    <p class='ocr_par' dir='ltr' id='par_1_59' title="bbox 2128 2928 3717 3002">
     <span class='ocr_line' id='line_1_59' title="bbox 2128 2928 3717 3002; baseline 0.001 -18"><span class='ocrx_word' id='word_1_480' title='bbox 2128 2928 2272 2984; x_wconf 90' lang='lat' dir='ltr'><strong>aliud</strong></span> <span class='ocrx_word' id='word_1_481' title='bbox 2313 2929 2418 2985; x_wconf 91' lang='lat' dir='ltr'><strong>nisi</strong></span> <span class='ocrx_word' id='word_1_482' title='bbox 2447 2930 2606 2986; x_wconf 88' lang='lat' dir='ltr'><strong>ﬁdem</strong></span> <span class='ocrx_word' id='word_1_483' title='bbox 2638 2930 2706 2985; x_wconf 89' lang='lat' dir='ltr'><strong>ad</strong></span> <span class='ocrx_word' id='word_1_484' title='bbox 2736 2929 2902 2997; x_wconf 89' lang='lat' dir='ltr'><strong>Sion,</strong></span> <span class='ocrx_word' id='word_1_485' title='bbox 2940 2932 2996 2987; x_wconf 91' lang='lat' dir='ltr'><strong>id</strong></span> <span class='ocrx_word' id='word_1_486' title='bbox 3038 2941 3124 2987; x_wconf 89' lang='lat' dir='ltr'><strong>est</strong></span> <span class='ocrx_word' id='word_1_487' title='bbox 3166 2930 3392 3002; x_wconf 89' lang='lat' dir='ltr'><strong>specula</strong></span> <span class='ocrx_word' id='word_1_488' title='bbox 3434 2932 3567 2986; x_wconf 74' lang='lat' dir='ltr'><strong>vita:</strong></span> <span class='ocrx_word' id='word_1_489' title='bbox 3602 2931 3717 2986; x_wconf 69' lang='lat' dir='ltr'><strong>tilia</strong></span> 
     </span>
    </p>
   </div>
   <div class='ocr_carea' id='block_1_60' title="bbox 2128 3018 3745 3094">
    <p class='ocr_par' dir='ltr' id='par_1_60' title="bbox 2128 3018 3745 3094">
     <span class='ocr_line' id='line_1_60' title="bbox 2128 3018 3745 3094; baseline 0 -18"><span class='ocrx_word' id='word_1_490' title='bbox 2128 3018 2259 3076; x_wconf 90' lang='lat' dir='ltr'><strong>Sion</strong></span> <span class='ocrx_word' id='word_1_491' title='bbox 2284 3061 2302 3085; x_wconf 93' lang='lat'><strong>,</strong></span> <span class='ocrx_word' id='word_1_492' title='bbox 2333 3021 2389 3077; x_wconf 91' lang='lat' dir='ltr'><strong>id</strong></span> <span class='ocrx_word' id='word_1_493' title='bbox 2415 3030 2495 3077; x_wconf 91' lang='lat' dir='ltr'><strong>est</strong></span> <span class='ocrx_word' id='word_1_494' title='bbox 2526 3022 2872 3094; x_wconf 77' lang='lat' dir='ltr'><strong>congregatio</strong></span> <span class='ocrx_word' id='word_1_495' title='bbox 2903 3022 3142 3078; x_wconf 87' lang='lat' dir='ltr'><strong>ﬁdelium</strong></span> <span class='ocrx_word' id='word_1_496' title='bbox 3168 3064 3184 3090; x_wconf 90' lang='lat'><strong>,</strong></span> <span class='ocrx_word' id='word_1_497' title='bbox 3222 3038 3323 3094; x_wconf 87' lang='lat' dir='ltr'><strong>per</strong></span> <span class='ocrx_word' id='word_1_498' title='bbox 3347 3025 3676 3079; x_wconf 86' lang='lat' dir='ltr'><strong>vestimenta</strong></span> <span class='ocrx_word' id='word_1_499' title='bbox 3696 3063 3712 3088; x_wconf 92' lang='lat'><strong>,</strong></span> <span class='ocrx_word' id='word_1_500' title='bbox 3738 3036 3745 3043; x_wconf 81' lang='grc'><em>’</em></span> 
     </span>
    </p>
   </div>
   <div class='ocr_carea' id='block_1_61' title="bbox 2127 3114 3716 3188">
    <p class='ocr_par' dir='ltr' id='par_1_61' title="bbox 2127 3114 3716 3188">
     <span class='ocr_line' id='line_1_61' title="bbox 2127 3114 3716 3188; baseline 0.002 -19"><span class='ocrx_word' id='word_1_501' title='bbox 2127 3114 2361 3170; x_wconf 90' lang='lat' dir='ltr'><strong>ostendit</strong></span> <span class='ocrx_word' id='word_1_502' title='bbox 2390 3116 2715 3181; x_wconf 87' lang='lat' dir='ltr'><strong>doctrinam,</strong></span> <span class='ocrx_word' id='word_1_503' title='bbox 2746 3115 2994 3173; x_wconf 86' lang='lat' dir='ltr'><strong>fecerunt</strong></span> <span class='ocrx_word' id='word_1_504' title='bbox 3017 3131 3139 3172; x_wconf 89' lang='lat' dir='ltr'><strong>eum</strong></span> <span class='ocrx_word' id='word_1_505' title='bbox 3166 3118 3403 3188; x_wconf 84' lang='lat' dir='ltr'><strong>desuper</strong></span> <span class='ocrx_word' id='word_1_506' title='bbox 3425 3119 3638 3183; x_wconf 84' lang='lat' dir='ltr'><strong>sedere,</strong></span> <span class='ocrx_word' id='word_1_507' title='bbox 3666 3117 3716 3172; x_wconf 83' lang='lat' dir='ltr'><strong>id</strong></span> 
     </span>
    </p>
   </div>
   <div class='ocr_carea' id='block_1_62' title="bbox 440 3190 2021 3286">
    <p class='ocr_par' dir='ltr' id='par_1_62' title="bbox 440 3204 2020 3286">
     <span class='ocr_line' id='line_1_62' title="bbox 440 3204 2020 3286; baseline 0.012 -31"><span class='ocrx_word' id='word_1_508' title='bbox 440 3209 658 3256; x_wconf 89' lang='lat' dir='ltr'><strong>centum</strong></span> <span class='ocrx_word' id='word_1_509' title='bbox 685 3204 957 3272; x_wconf 88' lang='lat' dir='ltr'><strong>denarios,</strong></span> <span class='ocrx_word' id='word_1_510' title='bbox 989 3217 1073 3263; x_wconf 87' lang='lat' dir='ltr'><strong>est</strong></span> <span class='ocrx_word' id='word_1_511' title='bbox 1099 3209 1190 3279; x_wconf 91' lang='lat' dir='ltr'><strong>qui</strong></span> <span class='ocrx_word' id='word_1_512' title='bbox 1220 3220 1414 3280; x_wconf 79' lang='lat' dir='ltr'><strong>peccat</strong></span> <span class='ocrx_word' id='word_1_513' title='bbox 1448 3212 1501 3267; x_wconf 94' lang='lat' dir='ltr'><strong>in</strong></span> <span class='ocrx_word' id='word_1_514' title='bbox 1548 3212 1773 3271; x_wconf 80' lang='lat' dir='ltr'><strong>fratrem</strong></span> <span class='ocrx_word' id='word_1_515' title='bbox 1825 3232 1979 3274; x_wconf 89' lang='lat' dir='ltr'><strong>suum</strong></span> <span class='ocrx_word' id='word_1_516' title='bbox 2004 3259 2020 3286; x_wconf 93' lang='lat'><strong>,</strong></span> 
     </span>
    </p>
   </div>
   <div class='ocr_carea' id='block_1_63' title="bbox 2128 3190 3711 3286">
    <p class='ocr_par' dir='ltr' id='par_1_63' title="bbox 2128 3205 3711 3275">
     <span class='ocr_line' id='line_1_63' title="bbox 2128 3205 3711 3275; baseline 0.001 -13"><span class='ocrx_word' id='word_1_517' title='bbox 2128 3215 2230 3274; x_wconf 89' lang='lat' dir='ltr'><strong>est,</strong></span> <span class='ocrx_word' id='word_1_518' title='bbox 2275 3205 2526 3262; x_wconf 88' lang='lat' dir='ltr'><strong>Christus</strong></span> <span class='ocrx_word' id='word_1_519' title='bbox 2571 3207 2625 3262; x_wconf 93' lang='lat' dir='ltr'><strong>in</strong></span> <span class='ocrx_word' id='word_1_520' title='bbox 2668 3208 2832 3264; x_wconf 87' lang='lat' dir='ltr'><strong>corda</strong></span> <span class='ocrx_word' id='word_1_521' title='bbox 2879 3207 3149 3275; x_wconf 90' lang='lat' dir='ltr'><strong>ﬁdelium,</strong></span> <span class='ocrx_word' id='word_1_522' title='bbox 3197 3219 3522 3265; x_wconf 84' lang='lat' dir='ltr'><strong>straverunt</strong></span> <span class='ocrx_word' id='word_1_523' title='bbox 3556 3210 3711 3266; x_wconf 67' lang='lat' dir='ltr'><strong>vestio</strong></span> 
     </span>
    </p>
   </div>
   <div class='ocr_carea' id='block_1_64' title="bbox 440 3296 1628 3377">
    <p class='ocr_par' dir='ltr' id='par_1_64' title="bbox 440 3296 1628 3377">
     <span class='ocr_line' id='line_1_64' title="bbox 440 3296 1628 3377; baseline 0.013 -30"><span class='ocrx_word' id='word_1_524' title='bbox 440 3296 689 3350; x_wconf 67' lang='lat' dir='ltr'><strong>Conservi</strong></span> <span class='ocrx_word' id='word_1_525' title='bbox 717 3298 806 3369; x_wconf 92' lang='lat' dir='ltr'><strong>qui</strong></span> <span class='ocrx_word' id='word_1_526' title='bbox 823 3296 1249 3370; x_wconf 87' lang='lat' dir='ltr'><strong>judiciaverunt,</strong></span> <span class='ocrx_word' id='word_1_527' title='bbox 1273 3305 1450 3377; x_wconf 85' lang='lat' dir='ltr'><strong>angeli</strong></span> <span class='ocrx_word' id='word_1_528' title='bbox 1482 3314 1628 3363; x_wconf 91' lang='lat' dir='ltr'><strong>sunt.</strong></span> 
     </span>
    </p>
   </div>
   <div class='ocr_carea' id='block_1_65' title="bbox 510 3385 2024 3473">
    <p class='ocr_par' dir='ltr' id='par_1_65' title="bbox 510 3385 2024 3473">
     <span class='ocr_line' id='line_1_65' title="bbox 510 3385 2024 3473; baseline 0.013 -34"><span class='ocrx_word' id='word_1_529' title='bbox 510 3385 640 3440; x_wconf 87' lang='lat' dir='ltr'><strong>Cum</strong></span> <span class='ocrx_word' id='word_1_530' title='bbox 666 3404 1075 3447; x_wconf 77' lang='lat' dir='ltr'><strong>consummasset</strong></span> <span class='ocrx_word' id='word_1_531' title='bbox 1101 3391 1259 3450; x_wconf 82' lang='lat' dir='ltr'><strong>Jesus</strong></span> <span class='ocrx_word' id='word_1_532' title='bbox 1286 3410 1564 3453; x_wconf 89' lang='lat' dir='ltr'><strong>sermones</strong></span> <span class='ocrx_word' id='word_1_533' title='bbox 1584 3398 1740 3466; x_wconf 91' lang='lat' dir='ltr'><strong>istos,</strong></span> <span class='ocrx_word' id='word_1_534' title='bbox 1772 3401 2024 3473; x_wconf 85' lang='lat' dir='ltr'><strong>migravit</strong></span> 
     </span>
    </p>
   </div>
   <div class='ocr_carea' id='block_1_66' title="bbox 439 3478 2022 3564">
    <p class='ocr_par' dir='ltr' id='par_1_66' title="bbox 439 3478 2022 3564">
     <span class='ocr_line' id='line_1_66' title="bbox 439 3478 2022 3564; baseline 0.015 -34"><span class='ocrx_word' id='word_1_535' title='bbox 439 3479 506 3532; x_wconf 89' lang='lat' dir='ltr'><strong>ad</strong></span> <span class='ocrx_word' id='word_1_536' title='bbox 538 3478 834 3550; x_wconf 62' lang='lat' dir='ltr'><strong>Galilmam,</strong></span> <span class='ocrx_word' id='word_1_537' title='bbox 867 3483 920 3540; x_wconf 92' lang='lat' dir='ltr'><strong>id</strong></span> <span class='ocrx_word' id='word_1_538' title='bbox 947 3493 1032 3542; x_wconf 92' lang='lat' dir='ltr'><strong>est</strong></span> <span class='ocrx_word' id='word_1_539' title='bbox 1076 3487 1129 3541; x_wconf 92' lang='lat' dir='ltr'><strong>in</strong></span> <span class='ocrx_word' id='word_1_540' title='bbox 1169 3488 1275 3550; x_wconf 87' lang='lat' dir='ltr'><strong>ﬁne</strong></span> <span class='ocrx_word' id='word_1_541' title='bbox 1303 3490 1519 3557; x_wconf 91' lang='lat' dir='ltr'><strong>mundi,</strong></span> <span class='ocrx_word' id='word_1_542' title='bbox 1565 3492 1631 3547; x_wconf 91' lang='lat' dir='ltr'><strong>de</strong></span> <span class='ocrx_word' id='word_1_543' title='bbox 1668 3493 1920 3564; x_wconf 87' lang='lat' dir='ltr'><strong>gentibus</strong></span> <span class='ocrx_word' id='word_1_544' title='bbox 1953 3495 2022 3553; x_wconf 88' lang='lat' dir='ltr'><strong>ad</strong></span> 
     </span>
    </p>
   </div>
   <div class='ocr_carea' id='block_1_67' title="bbox 441 3569 1572 3647">
    <p class='ocr_par' dir='ltr' id='par_1_67' title="bbox 441 3569 1572 3647">
     <span class='ocr_line' id='line_1_67' title="bbox 441 3569 1572 3647; baseline 0.005 -21"><span class='ocrx_word' id='word_1_545' title='bbox 441 3569 704 3628; x_wconf 67' lang='lat' dir='ltr'><strong>Judaeam.</strong></span> <span class='ocrx_word' id='word_1_546' title='bbox 1562 3639 1572 3647; x_wconf 31' lang='grc' dir='ltr'><strong><em>η</em></strong></span> 
     </span>
    </p>
   </div>
   <div class='ocr_carea' id='block_1_68' title="bbox 512 3664 2020 3747">
    <p class='ocr_par' dir='ltr' id='par_1_68' title="bbox 512 3664 2020 3747">
     <span class='ocr_line' id='line_1_68' title="bbox 512 3664 2020 3747; baseline 0.011 -30"><span class='ocrx_word' id='word_1_547' title='bbox 512 3664 774 3737; x_wconf 81' lang='lat' dir='ltr'><strong>Relinquit</strong></span> <span class='ocrx_word' id='word_1_548' title='bbox 804 3667 957 3723; x_wconf 85' lang='lat' dir='ltr'><strong>homo</strong></span> <span class='ocrx_word' id='word_1_549' title='bbox 995 3681 1198 3739; x_wconf 81' lang='lat' dir='ltr'><strong>patrem</strong></span> <span class='ocrx_word' id='word_1_550' title='bbox 1233 3682 1281 3727; x_wconf 90' lang='lat' dir='ltr'><strong>et</strong></span> <span class='ocrx_word' id='word_1_551' title='bbox 1316 3684 1535 3729; x_wconf 83' lang='lat' dir='ltr'><strong>matrem</strong></span> <span class='ocrx_word' id='word_1_552' title='bbox 1572 3689 1590 3727; x_wconf 87' lang='lat'><strong>:</strong></span> <span class='ocrx_word' id='word_1_553' title='bbox 1630 3677 1867 3731; x_wconf 84' lang='lat' dir='ltr'><strong>ostendit</strong></span> <span class='ocrx_word' id='word_1_554' title='bbox 1894 3678 2020 3747; x_wconf 86' lang='lat' dir='ltr'><strong>quia</strong></span> 
     </span>
    </p>
   </div>
   <div class='ocr_carea' id='block_1_69' title="bbox 439 3752 2020 3829">
    <p class='ocr_par' dir='ltr' id='par_1_69' title="bbox 439 3752 2020 3829">
     <span class='ocr_line' id='line_1_69' title="bbox 439 3752 2020 3829; baseline 0.009 -21"><span class='ocrx_word' id='word_1_555' title='bbox 439 3752 964 3823; x_wconf 88' lang='lat' dir='ltr'><strong>relinquitChristus</strong></span> <span class='ocrx_word' id='word_1_556' title='bbox 987 3756 1200 3814; x_wconf 88' lang='lat' dir='ltr'><strong>Patrem</strong></span> <span class='ocrx_word' id='word_1_557' title='bbox 1232 3762 1284 3815; x_wconf 91' lang='lat' dir='ltr'><strong>in</strong></span> <span class='ocrx_word' id='word_1_558' title='bbox 1317 3762 1456 3817; x_wconf 64' lang='lat' dir='ltr'><strong>caelo</strong></span> <span class='ocrx_word' id='word_1_559' title='bbox 1477 3804 1490 3829; x_wconf 90' lang='lat'><strong>,</strong></span> <span class='ocrx_word' id='word_1_560' title='bbox 1532 3764 1609 3820; x_wconf 90' lang='lat' dir='ltr'><strong>sic</strong></span> <span class='ocrx_word' id='word_1_561' title='bbox 1643 3773 1820 3821; x_wconf 86' lang='lat' dir='ltr'><strong>tamen</strong></span> <span class='ocrx_word' id='word_1_562' title='bbox 1854 3767 2020 3822; x_wconf 88' lang='lat' dir='ltr'><strong>relin-</strong></span> 
     </span>
    </p>
   </div>
   <div class='ocr_carea' id='block_1_70' title="bbox 442 3845 2017 3928">
    <p class='ocr_par' dir='ltr' id='par_1_70' title="bbox 442 3845 2017 3928">
     <span class='ocr_line' id='line_1_70' title="bbox 442 3845 2017 3928; baseline 0.01 -32"><span class='ocrx_word' id='word_1_563' title='bbox 442 3845 561 3913; x_wconf 85' lang='lat' dir='ltr'><strong>quit</strong></span> <span class='ocrx_word' id='word_1_564' title='bbox 589 3853 644 3898; x_wconf 92' lang='lat' dir='ltr'><strong>ut</strong></span> <span class='ocrx_word' id='word_1_565' title='bbox 694 3860 799 3899; x_wconf 92' lang='lat' dir='ltr'><strong>non</strong></span> <span class='ocrx_word' id='word_1_566' title='bbox 849 3847 1063 3902; x_wconf 89' lang='lat' dir='ltr'><strong>deserat</strong></span> <span class='ocrx_word' id='word_1_567' title='bbox 1104 3859 1364 3915; x_wconf 91' lang='lat' dir='ltr'><strong>matrem,</strong></span> <span class='ocrx_word' id='word_1_568' title='bbox 1412 3854 1465 3908; x_wconf 91' lang='lat' dir='ltr'><strong>id</strong></span> <span class='ocrx_word' id='word_1_569' title='bbox 1494 3864 1575 3908; x_wconf 87' lang='lat' dir='ltr'><strong>est</strong></span> <span class='ocrx_word' id='word_1_570' title='bbox 1623 3852 1949 3928; x_wconf 85' lang='lat' dir='ltr'><strong>synagogam</strong></span> <span class='ocrx_word' id='word_1_571' title='bbox 2000 3871 2017 3912; x_wconf 88' lang='lat'><strong>:</strong></span> 
     </span>
    </p>
   </div>
   <div class='ocr_carea' id='block_1_71' title="bbox 441 3934 2015 4007">
    <p class='ocr_par' dir='ltr' id='par_1_71' title="bbox 441 3934 2015 4007">
     <span class='ocr_line' id='line_1_71' title="bbox 441 3934 2015 4007; baseline 0.01 -20"><span class='ocrx_word' id='word_1_572' title='bbox 441 3934 740 3990; x_wconf 67' lang='lat' dir='ltr'><strong>:zdltterebit</strong></span> <span class='ocrx_word' id='word_1_573' title='bbox 784 3938 941 3992; x_wconf 78' lang='lat' dir='ltr'><strong>uxori</strong></span> <span class='ocrx_word' id='word_1_574' title='bbox 990 3955 1140 4007; x_wconf 68' lang='lat' dir='ltr'><strong>sum,</strong></span> <span class='ocrx_word' id='word_1_575' title='bbox 1180 3942 1233 3996; x_wconf 91' lang='lat' dir='ltr'><strong>id</strong></span> <span class='ocrx_word' id='word_1_576' title='bbox 1285 3951 1367 3999; x_wconf 88' lang='lat' dir='ltr'><strong>est</strong></span> <span class='ocrx_word' id='word_1_577' title='bbox 1416 3944 1666 4001; x_wconf 79' lang='lat' dir='ltr'><strong>Christus</strong></span> <span class='ocrx_word' id='word_1_578' title='bbox 1719 3946 2015 4003; x_wconf 59' lang='lat' dir='ltr'><strong>Ecclesia:</strong></span> 
     </span>
    </p>
   </div>
   <div class='ocr_carea' id='block_1_72' title="bbox 437 4024 2021 4105">
    <p class='ocr_par' dir='ltr' id='par_1_72' title="bbox 437 4024 2021 4105">
     <span class='ocr_line' id='line_1_72' title="bbox 437 4024 2021 4105; baseline 0.009 -26"><span class='ocrx_word' id='word_1_579' title='bbox 437 4024 609 4079; x_wconf 83' lang='lat' dir='ltr'><strong>Erunt</strong></span> <span class='ocrx_word' id='word_1_580' title='bbox 637 4026 745 4080; x_wconf 91' lang='lat' dir='ltr'><strong>duo</strong></span> <span class='ocrx_word' id='word_1_581' title='bbox 773 4026 827 4080; x_wconf 93' lang='lat' dir='ltr'><strong>in</strong></span> <span class='ocrx_word' id='word_1_582' title='bbox 858 4044 1019 4084; x_wconf 91' lang='lat' dir='ltr'><strong>carne</strong></span> <span class='ocrx_word' id='word_1_583' title='bbox 1060 4046 1163 4084; x_wconf 91' lang='lat' dir='ltr'><strong>una</strong></span> <span class='ocrx_word' id='word_1_584' title='bbox 1186 4073 1200 4095; x_wconf 95' lang='lat'><strong>,</strong></span> <span class='ocrx_word' id='word_1_585' title='bbox 1239 4034 1475 4088; x_wconf 89' lang='lat' dir='ltr'><strong>ostendit</strong></span> <span class='ocrx_word' id='word_1_586' title='bbox 1510 4035 1635 4105; x_wconf 84' lang='lat' dir='ltr'><strong>quia</strong></span> <span class='ocrx_word' id='word_1_587' title='bbox 1667 4034 1913 4092; x_wconf 89' lang='lat' dir='ltr'><strong>Christus</strong></span> <span class='ocrx_word' id='word_1_588' title='bbox 1938 4047 2021 4094; x_wconf 89' lang='lat' dir='ltr'><strong>est</strong></span> 
     </span>
    </p>
   </div>
   <div class='ocr_carea' id='block_1_73' title="bbox 436 4120 2017 4194">
    <p class='ocr_par' dir='ltr' id='par_1_73' title="bbox 436 4120 2017 4194">
     <span class='ocr_line' id='line_1_73' title="bbox 436 4120 2017 4194; baseline 0.009 -26"><span class='ocrx_word' id='word_1_589' title='bbox 436 4125 613 4185; x_wconf 78' lang='lat' dir='ltr'><strong>caput,</strong></span> <span class='ocrx_word' id='word_1_590' title='bbox 648 4132 844 4189; x_wconf 87' lang='lat' dir='ltr'><strong>corpus</strong></span> <span class='ocrx_word' id='word_1_591' title='bbox 870 4134 999 4174; x_wconf 83' lang='lat' dir='ltr'><strong>vero</strong></span> <span class='ocrx_word' id='word_1_592' title='bbox 1022 4120 1259 4176; x_wconf 86' lang='lat' dir='ltr'><strong>Ecclesia</strong></span> <span class='ocrx_word' id='word_1_593' title='bbox 1288 4142 1299 4176; x_wconf 90' lang='lat'><strong>:</strong></span> <span class='ocrx_word' id='word_1_594' title='bbox 1326 4122 1475 4180; x_wconf 81' lang='lat' dir='ltr'><strong>Uxor</strong></span> <span class='ocrx_word' id='word_1_595' title='bbox 1500 4126 1753 4181; x_wconf 87' lang='lat' dir='ltr'><strong>deserere</strong></span> <span class='ocrx_word' id='word_1_596' title='bbox 1786 4143 1814 4180; x_wconf 92' lang='lat' dir='ltr'><strong>a</strong></span> <span class='ocrx_word' id='word_1_597' title='bbox 1846 4143 1975 4183; x_wconf 90' lang='lat' dir='ltr'><strong>vero</strong></span> <span class='ocrx_word' id='word_1_598' title='bbox 2000 4167 2017 4194; x_wconf 95' lang='lat'><strong>,</strong></span> 
     </span>
    </p>
   </div>
   <div class='ocr_carea' id='block_1_74' title="bbox 438 4208 2017 4291">
    <p class='ocr_par' dir='ltr' id='par_1_74' title="bbox 438 4208 2017 4291">
     <span class='ocr_line' id='line_1_74' title="bbox 438 4208 2017 4291; baseline 0.011 -32"><span class='ocrx_word' id='word_1_599' title='bbox 438 4208 487 4260; x_wconf 80' lang='lat' dir='ltr'><strong>itl</strong></span> <span class='ocrx_word' id='word_1_600' title='bbox 515 4217 598 4261; x_wconf 89' lang='lat' dir='ltr'><strong>est</strong></span> <span class='ocrx_word' id='word_1_601' title='bbox 634 4225 757 4285; x_wconf 84' lang='lat' dir='ltr'><strong>cum</strong></span> <span class='ocrx_word' id='word_1_602' title='bbox 804 4210 1112 4267; x_wconf 84' lang='lat' dir='ltr'><strong>discesserit</strong></span> <span class='ocrx_word' id='word_1_603' title='bbox 1151 4213 1272 4282; x_wconf 89' lang='lat' dir='ltr'><strong>quis</strong></span> <span class='ocrx_word' id='word_1_604' title='bbox 1300 4232 1329 4269; x_wconf 91' lang='lat' dir='ltr'><strong>a</strong></span> <span class='ocrx_word' id='word_1_605' title='bbox 1360 4213 1597 4283; x_wconf 90' lang='lat' dir='ltr'><strong>Christo,</strong></span> <span class='ocrx_word' id='word_1_606' title='bbox 1629 4228 1759 4274; x_wconf 92' lang='lat' dir='ltr'><strong>tunc</strong></span> <span class='ocrx_word' id='word_1_607' title='bbox 1791 4221 2017 4291; x_wconf 84' lang='lat' dir='ltr'><strong>conjun-</strong></span> 
     </span>
    </p>
   </div>
   <div class='ocr_carea' id='block_1_75' title="bbox 435 4298 2020 4383">
    <p class='ocr_par' dir='ltr' id='par_1_75' title="bbox 435 4298 2020 4383">
     <span class='ocr_line' id='line_1_75' title="bbox 435 4298 2020 4383; baseline 0.013 -35"><span class='ocrx_word' id='word_1_608' title='bbox 435 4298 511 4364; x_wconf 77' lang='lat' dir='ltr'><strong>git</strong></span> <span class='ocrx_word' id='word_1_609' title='bbox 540 4312 597 4351; x_wconf 89' lang='lat' dir='ltr'><strong>sc</strong></span> <span class='ocrx_word' id='word_1_610' title='bbox 643 4298 834 4355; x_wconf 67' lang='lat' dir='ltr'><strong>hteresi</strong></span> <span class='ocrx_word' id='word_1_611' title='bbox 876 4300 929 4355; x_wconf 94' lang='lat' dir='ltr'><strong>in</strong></span> <span class='ocrx_word' id='word_1_612' title='bbox 979 4318 1086 4357; x_wconf 92' lang='lat' dir='ltr'><strong>uno</strong></span> <span class='ocrx_word' id='word_1_613' title='bbox 1137 4305 1340 4361; x_wconf 87' lang='lat' dir='ltr'><strong>scelere</strong></span> <span class='ocrx_word' id='word_1_614' title='bbox 1374 4326 1385 4360; x_wconf 89' lang='lat'><strong>:</strong></span> <span class='ocrx_word' id='word_1_615' title='bbox 1417 4307 1663 4375; x_wconf 86' lang='lat' dir='ltr'><strong>Quatuor</strong></span> <span class='ocrx_word' id='word_1_616' title='bbox 1704 4311 1898 4366; x_wconf 83' lang='lat' dir='ltr'><strong>animae</strong></span> <span class='ocrx_word' id='word_1_617' title='bbox 1921 4329 2020 4383; x_wconf 86' lang='lat' dir='ltr'><strong>pe-</strong></span> 
     </span>
    </p>
   </div>
   <div class='ocr_carea' id='block_1_76' title="bbox 436 4389 2023 4461">
    <p class='ocr_par' dir='ltr' id='par_1_76' title="bbox 436 4389 2023 4461">
     <span class='ocr_line' id='line_1_76' title="bbox 436 4389 2023 4461; baseline 0.01 -20"><span class='ocrx_word' id='word_1_618' title='bbox 436 4398 629 4453; x_wconf 82' lang='lat' dir='ltr'><strong>reunt,</strong></span> <span class='ocrx_word' id='word_1_619' title='bbox 654 4389 709 4443; x_wconf 89' lang='lat' dir='ltr'><strong>id</strong></span> <span class='ocrx_word' id='word_1_620' title='bbox 741 4393 940 4461; x_wconf 92' lang='lat' dir='ltr'><strong>estqui</strong></span> <span class='ocrx_word' id='word_1_621' title='bbox 975 4394 1194 4448; x_wconf 91' lang='lat' dir='ltr'><strong>dimittit</strong></span> <span class='ocrx_word' id='word_1_622' title='bbox 1222 4411 1443 4451; x_wconf 83' lang='lat' dir='ltr'><strong>uxorem</strong></span> <span class='ocrx_word' id='word_1_623' title='bbox 1483 4413 1635 4454; x_wconf 90' lang='lat' dir='ltr'><strong>suam</strong></span> <span class='ocrx_word' id='word_1_624' title='bbox 1664 4409 1816 4455; x_wconf 83' lang='lat' dir='ltr'><strong>extra</strong></span> <span class='ocrx_word' id='word_1_625' title='bbox 1854 4403 2023 4457; x_wconf 86' lang='lat' dir='ltr'><strong>ratio-</strong></span> 
     </span>
    </p>
   </div>
   <div class='ocr_carea' id='block_1_77' title="bbox 434 4481 2024 4550">
    <p class='ocr_par' dir='ltr' id='par_1_77' title="bbox 434 4481 2024 4550">
     <span class='ocr_line' id='line_1_77' title="bbox 434 4481 2024 4550; baseline 0.011 -18"><span class='ocrx_word' id='word_1_626' title='bbox 434 4494 558 4533; x_wconf 82' lang='lat' dir='ltr'><strong>nem</strong></span> <span class='ocrx_word' id='word_1_627' title='bbox 590 4488 645 4535; x_wconf 90' lang='lat' dir='ltr'><strong>et</strong></span> <span class='ocrx_word' id='word_1_628' title='bbox 665 4481 755 4550; x_wconf 92' lang='lat' dir='ltr'><strong>qui</strong></span> <span class='ocrx_word' id='word_1_629' title='bbox 782 4482 1059 4538; x_wconf 89' lang='lat' dir='ltr'><strong>dimissam</strong></span> <span class='ocrx_word' id='word_1_630' title='bbox 1092 4486 1241 4541; x_wconf 89' lang='lat' dir='ltr'><strong>ducit</strong></span> <span class='ocrx_word' id='word_1_631' title='bbox 1268 4505 1280 4540; x_wconf 92' lang='lat'><strong>:</strong></span> <span class='ocrx_word' id='word_1_632' title='bbox 1305 4486 1518 4544; x_wconf 87' lang='lat' dir='ltr'><strong>diﬁicile</strong></span> <span class='ocrx_word' id='word_1_633' title='bbox 1539 4489 1690 4546; x_wconf 91' lang='lat' dir='ltr'><strong>dives</strong></span> <span class='ocrx_word' id='word_1_634' title='bbox 1719 4492 1942 4548; x_wconf 88' lang='lat' dir='ltr'><strong>intravit</strong></span> <span class='ocrx_word' id='word_1_635' title='bbox 1968 4502 2024 4550; x_wconf 86' lang='lat' dir='ltr'><strong>et</strong></span> 
     </span>
    </p>
   </div>
   <div class='ocr_carea' id='block_1_78' title="bbox 434 4568 2013 4653">
    <p class='ocr_par' dir='ltr' id='par_1_78' title="bbox 434 4568 2013 4653">
     <span class='ocr_line' id='line_1_78' title="bbox 434 4568 2013 4653; baseline 0.011 -31"><span class='ocrx_word' id='word_1_636' title='bbox 434 4568 641 4640; x_wconf 85' lang='lat' dir='ltr'><strong>reliqua</strong></span> <span class='ocrx_word' id='word_1_637' title='bbox 688 4589 701 4626; x_wconf 89' lang='lat'><strong>:</strong></span> <span class='ocrx_word' id='word_1_638' title='bbox 756 4572 823 4627; x_wconf 91' lang='lat' dir='ltr'><strong>de</strong></span> <span class='ocrx_word' id='word_1_639' title='bbox 864 4572 949 4628; x_wconf 86' lang='lat' dir='ltr'><strong>his</strong></span> <span class='ocrx_word' id='word_1_640' title='bbox 988 4573 1117 4629; x_wconf 91' lang='lat' dir='ltr'><strong>dicit</strong></span> <span class='ocrx_word' id='word_1_641' title='bbox 1163 4576 1255 4647; x_wconf 90' lang='lat' dir='ltr'><strong>qui</strong></span> <span class='ocrx_word' id='word_1_642' title='bbox 1280 4580 1378 4632; x_wconf 91' lang='lat' dir='ltr'><strong>sub</strong></span> <span class='ocrx_word' id='word_1_643' title='bbox 1425 4580 1653 4636; x_wconf 87' lang='lat' dir='ltr'><strong>avaritia</strong></span> <span class='ocrx_word' id='word_1_644' title='bbox 1704 4584 2013 4653; x_wconf 86' lang='lat' dir='ltr'><strong>possident;</strong></span> 
     </span>
    </p>
   </div>
   <div class='ocr_carea' id='block_1_79' title="bbox 431 4658 2016 4736">
    <p class='ocr_par' dir='ltr' id='par_1_79' title="bbox 431 4658 2016 4736">
     <span class='ocr_line' id='line_1_79' title="bbox 431 4658 2016 4736; baseline 0.012 -23"><span class='ocrx_word' id='word_1_645' title='bbox 431 4658 677 4718; x_wconf 85' lang='lat' dir='ltr'><strong>foramen</strong></span> <span class='ocrx_word' id='word_1_646' title='bbox 725 4680 889 4732; x_wconf 85' lang='lat' dir='ltr'><strong>acus,</strong></span> <span class='ocrx_word' id='word_1_647' title='bbox 936 4666 1207 4736; x_wconf 91' lang='lat' dir='ltr'><strong>posterula</strong></span> <span class='ocrx_word' id='word_1_648' title='bbox 1258 4667 1557 4726; x_wconf 87' lang='lat' dir='ltr'><strong>Jerusalem</strong></span> <span class='ocrx_word' id='word_1_649' title='bbox 1607 4673 1847 4729; x_wconf 90' lang='lat' dir='ltr'><strong>dicitur:</strong></span> <span class='ocrx_word' id='word_1_650' title='bbox 1895 4675 2016 4733; x_wconf 87' lang='lat' dir='ltr'><strong>Alio</strong></span> 
     </span>
    </p>
   </div>
   <div class='ocr_carea' id='block_1_80' title="bbox 432 4753 2012 4837">
    <p class='ocr_par' dir='ltr' id='par_1_80' title="bbox 432 4753 2012 4837">
     <span class='ocr_line' id='line_1_80' title="bbox 432 4753 2012 4837; baseline 0.011 -30"><span class='ocrx_word' id='word_1_651' title='bbox 432 4754 596 4808; x_wconf 84' lang='lat' dir='ltr'><strong>modo</strong></span> <span class='ocrx_word' id='word_1_652' title='bbox 622 4753 863 4812; x_wconf 83' lang='lat' dir='ltr'><strong>foramen</strong></span> <span class='ocrx_word' id='word_1_653' title='bbox 897 4775 1049 4823; x_wconf 88' lang='lat' dir='ltr'><strong>acus,</strong></span> <span class='ocrx_word' id='word_1_654' title='bbox 1081 4758 1350 4818; x_wconf 83' lang='lat' dir='ltr'><strong>confessio</strong></span> <span class='ocrx_word' id='word_1_655' title='bbox 1377 4762 1519 4833; x_wconf 89' lang='lat' dir='ltr'><strong>ﬁdei,</strong></span> <span class='ocrx_word' id='word_1_656' title='bbox 1553 4765 1634 4820; x_wconf 91' lang='lat' dir='ltr'><strong>vel</strong></span> <span class='ocrx_word' id='word_1_657' title='bbox 1661 4769 2012 4837; x_wconf 69' lang='lat' dir='ltr'><strong>pmnitentiac,</strong></span> 
     </span>
    </p>
   </div>
   <div class='ocr_carea' id='block_1_81' title="bbox 434 4843 2011 4928">
    <p class='ocr_par' dir='ltr' id='par_1_81' title="bbox 434 4843 2011 4928">
     <span class='ocr_line' id='line_1_81' title="bbox 434 4843 2011 4928; baseline 0.01 -28"><span class='ocrx_word' id='word_1_658' title='bbox 434 4843 630 4902; x_wconf 78' lang='lat' dir='ltr'><strong>divites</strong></span> <span class='ocrx_word' id='word_1_659' title='bbox 656 4845 825 4903; x_wconf 71' lang='lat' dir='ltr'><strong>Judaei</strong></span> <span class='ocrx_word' id='word_1_660' title='bbox 865 4849 1118 4905; x_wconf 91' lang='lat' dir='ltr'><strong>dicuntur</strong></span> <span class='ocrx_word' id='word_1_661' title='bbox 1140 4894 1154 4917; x_wconf 92' lang='lat'><strong>,</strong></span> <span class='ocrx_word' id='word_1_662' title='bbox 1194 4854 1434 4909; x_wconf 83' lang='lat' dir='ltr'><strong>camelus</strong></span> <span class='ocrx_word' id='word_1_663' title='bbox 1462 4855 1692 4928; x_wconf 88' lang='lat' dir='ltr'><strong>populus</strong></span> <span class='ocrx_word' id='word_1_664' title='bbox 1733 4859 2011 4927; x_wconf 87' lang='lat' dir='ltr'><strong>gentium:</strong></span> 
     </span>
    </p>
   </div>
   <div class='ocr_carea' id='block_1_82' title="bbox 432 4940 2013 5020">
    <p class='ocr_par' dir='ltr' id='par_1_82' title="bbox 432 4940 2013 5020">
     <span class='ocr_line' id='line_1_82' title="bbox 432 4940 2013 5020; baseline 0.008 -28"><span class='ocrx_word' id='word_1_665' title='bbox 432 4942 597 4995; x_wconf 90' lang='lat' dir='ltr'><strong>tertio</strong></span> <span class='ocrx_word' id='word_1_666' title='bbox 623 4942 783 4996; x_wconf 92' lang='lat' dir='ltr'><strong>modo</strong></span> <span class='ocrx_word' id='word_1_667' title='bbox 810 4940 1050 4998; x_wconf 87' lang='lat' dir='ltr'><strong>foramen</strong></span> <span class='ocrx_word' id='word_1_668' title='bbox 1076 4960 1223 5007; x_wconf 89' lang='lat' dir='ltr'><strong>acus,</strong></span> <span class='ocrx_word' id='word_1_669' title='bbox 1254 4940 1496 5003; x_wconf 90' lang='lat' dir='ltr'><strong>ostendit</strong></span> <span class='ocrx_word' id='word_1_670' title='bbox 1523 4949 1829 5020; x_wconf 87' lang='lat' dir='ltr'><strong>passionem</strong></span> <span class='ocrx_word' id='word_1_671' title='bbox 1852 4949 2013 5007; x_wconf 92' lang='lat' dir='ltr'><strong>Chri-</strong></span> 
     </span>
    </p>
   </div>
   <div class='ocr_carea' id='block_1_83' title="bbox 430 5031 2018 5112">
    <p class='ocr_par' dir='ltr' id='par_1_83' title="bbox 430 5031 2018 5112">
     <span class='ocr_line' id='line_1_83' title="bbox 430 5031 2018 5112; baseline 0.006 -25"><span class='ocrx_word' id='word_1_672' title='bbox 430 5031 523 5092; x_wconf 84' lang='lat' dir='ltr'><strong>sti.</strong></span> <span class='ocrx_word' id='word_1_673' title='bbox 557 5032 799 5087; x_wconf 88' lang='lat' dir='ltr'><strong>camelus</strong></span> <span class='ocrx_word' id='word_1_674' title='bbox 822 5073 837 5099; x_wconf 93' lang='lat'><strong>,</strong></span> <span class='ocrx_word' id='word_1_675' title='bbox 871 5033 922 5088; x_wconf 91' lang='lat' dir='ltr'><strong>id</strong></span> <span class='ocrx_word' id='word_1_676' title='bbox 950 5043 1030 5089; x_wconf 88' lang='lat' dir='ltr'><strong>est</strong></span> <span class='ocrx_word' id='word_1_677' title='bbox 1059 5036 1149 5106; x_wconf 90' lang='lat' dir='ltr'><strong>qui</strong></span> <span class='ocrx_word' id='word_1_678' title='bbox 1184 5046 1362 5108; x_wconf 90' lang='lat' dir='ltr'><strong>portat</strong></span> <span class='ocrx_word' id='word_1_679' title='bbox 1391 5048 1614 5108; x_wconf 88' lang='lat' dir='ltr'><strong>peccata</strong></span> <span class='ocrx_word' id='word_1_680' title='bbox 1644 5040 1860 5112; x_wconf 90' lang='lat' dir='ltr'><strong>generis</strong></span> <span class='ocrx_word' id='word_1_681' title='bbox 1915 5040 2018 5096; x_wconf 84' lang='lat' dir='ltr'><strong>hu-</strong></span> 
     </span>
    </p>
   </div>
   <div class='ocr_carea' id='block_1_84' title="bbox 432 5122 1975 5202">
    <p class='ocr_par' dir='ltr' id='par_1_84' title="bbox 432 5122 1975 5202">
     <span class='ocr_line' id='line_1_84' title="bbox 432 5122 1975 5202; baseline 0.009 -25"><span class='ocrx_word' id='word_1_682' title='bbox 432 5122 578 5178; x_wconf 83' lang='lat' dir='ltr'><strong>mani</strong></span> <span class='ocrx_word' id='word_1_683' title='bbox 611 5122 707 5179; x_wconf 85' lang='lat' dir='ltr'><strong>:ln</strong></span> <span class='ocrx_word' id='word_1_684' title='bbox 740 5127 1162 5196; x_wconf 88' lang='lat' dir='ltr'><strong>regeneratione,</strong></span> <span class='ocrx_word' id='word_1_685' title='bbox 1187 5129 1240 5187; x_wconf 92' lang='lat' dir='ltr'><strong>id</strong></span> <span class='ocrx_word' id='word_1_686' title='bbox 1266 5138 1345 5185; x_wconf 90' lang='lat' dir='ltr'><strong>est</strong></span> <span class='ocrx_word' id='word_1_687' title='bbox 1378 5128 1476 5202; x_wconf 84' lang='lat' dir='ltr'><strong>per</strong></span> <span class='ocrx_word' id='word_1_688' title='bbox 1502 5132 1975 5200; x_wconf 84' lang='lat' dir='ltr'><strong>resurrectionem.</strong></span> 
     </span>
    </p>
   </div>
   <div class='ocr_carea' id='block_1_85' title="bbox 502 5203 2015 5290">
    <p class='ocr_par' dir='ltr' id='par_1_85' title="bbox 502 5203 2015 5290">
     <span class='ocr_line' id='line_1_85' title="bbox 502 5203 2015 5290; baseline 0.01 -22"><span class='ocrx_word' id='word_1_689' title='bbox 502 5203 673 5270; x_wconf 78' lang='lat' dir='ltr'><strong>Erunt</strong></span> <span class='ocrx_word' id='word_1_690' title='bbox 699 5216 963 5272; x_wconf 76' lang='lat' dir='ltr'><strong>novissimi</strong></span> <span class='ocrx_word' id='word_1_691' title='bbox 983 5219 1140 5290; x_wconf 84' lang='lat' dir='ltr'><strong>primi</strong></span> <span class='ocrx_word' id='word_1_692' title='bbox 1170 5239 1182 5275; x_wconf 92' lang='lat'><strong>:</strong></span> <span class='ocrx_word' id='word_1_693' title='bbox 1215 5230 1271 5277; x_wconf 91' lang='lat' dir='ltr'><strong>et</strong></span> <span class='ocrx_word' id='word_1_694' title='bbox 1301 5222 1462 5290; x_wconf 89' lang='lat' dir='ltr'><strong>primi</strong></span> <span class='ocrx_word' id='word_1_695' title='bbox 1492 5223 1791 5280; x_wconf 89' lang='lat' dir='ltr'><strong>novissimi.</strong></span> <span class='ocrx_word' id='word_1_696' title='bbox 1824 5223 2015 5283; x_wconf 84' lang='lat' dir='ltr'><strong>Novis-</strong></span> 
     </span>
    </p>
   </div>
   <div class='ocr_carea' id='block_1_86' title="bbox 430 5304 2010 5390">
    <p class='ocr_par' dir='ltr' id='par_1_86' title="bbox 430 5304 2010 5390">
     <span class='ocr_line' id='line_1_86' title="bbox 430 5304 2010 5390; baseline 0.01 -31"><span class='ocrx_word' id='word_1_697' title='bbox 430 5304 556 5360; x_wconf 84' lang='lat' dir='ltr'><strong>simi</strong></span> <span class='ocrx_word' id='word_1_698' title='bbox 587 5305 808 5363; x_wconf 83' lang='lat' dir='ltr'><strong>fuer’unt</strong></span> <span class='ocrx_word' id='word_1_699' title='bbox 832 5311 1058 5381; x_wconf 89' lang='lat' dir='ltr'><strong>populus</strong></span> <span class='ocrx_word' id='word_1_700' title='bbox 1083 5312 1352 5387; x_wconf 88' lang='lat' dir='ltr'><strong>gentium;</strong></span> <span class='ocrx_word' id='word_1_701' title='bbox 1382 5312 1551 5369; x_wconf 63' lang='lat' dir='ltr'><strong>Judaei</strong></span> <span class='ocrx_word' id='word_1_702' title='bbox 1583 5308 1805 5371; x_wconf 76' lang='lat' dir='ltr'><strong>fuerunt</strong></span> <span class='ocrx_word' id='word_1_703' title='bbox 1825 5319 2010 5390; x_wconf 92' lang='lat' dir='ltr'><strong>primi,</strong></span> 
     </span>
    </p>
   </div>
   <div class='ocr_carea' id='block_1_87' title="bbox 428 5393 2013 5464">
    <p class='ocr_par' dir='ltr' id='par_1_87' title="bbox 428 5393 2013 5464">
     <span class='ocr_line' id='line_1_87' title="bbox 428 5393 2013 5464; baseline 0.008 -14"><span class='ocrx_word' id='word_1_704' title='bbox 428 5393 562 5452; x_wconf 75' lang='lat' dir='ltr'><strong>facti</strong></span> <span class='ocrx_word' id='word_1_705' title='bbox 592 5406 721 5453; x_wconf 92' lang='lat' dir='ltr'><strong>sunt</strong></span> <span class='ocrx_word' id='word_1_706' title='bbox 750 5399 1027 5461; x_wconf 84' lang='lat' dir='ltr'><strong>novissimi</strong></span> <span class='ocrx_word' id='word_1_707' title='bbox 1063 5418 1074 5453; x_wconf 94' lang='lat'><strong>:</strong></span> <span class='ocrx_word' id='word_1_708' title='bbox 1120 5399 1213 5455; x_wconf 90' lang='lat' dir='ltr'><strong>Sic</strong></span> <span class='ocrx_word' id='word_1_709' title='bbox 1243 5399 1311 5455; x_wconf 90' lang='lat' dir='ltr'><strong>de</strong></span> <span class='ocrx_word' id='word_1_710' title='bbox 1334 5401 1496 5457; x_wconf 89' lang='lat' dir='ltr'><strong>Petro</strong></span> <span class='ocrx_word' id='word_1_711' title='bbox 1533 5412 1591 5458; x_wconf 90' lang='lat' dir='ltr'><strong>et</strong></span> <span class='ocrx_word' id='word_1_712' title='bbox 1632 5404 1884 5461; x_wconf 89' lang='lat' dir='ltr'><strong>latrone:</strong></span> <span class='ocrx_word' id='word_1_713' title='bbox 1920 5407 2013 5464; x_wconf 91' lang='lat' dir='ltr'><strong>Sic</strong></span> 
     </span>
    </p>
   </div>
   <div class='ocr_carea' id='block_1_88' title="bbox 430 5488 2015 5573">
    <p class='ocr_par' dir='ltr' id='par_1_88' title="bbox 430 5488 2015 5573">
     <span class='ocr_line' id='line_1_88' title="bbox 430 5488 2015 5573; baseline 0.006 -30"><span class='ocrx_word' id='word_1_714' title='bbox 430 5488 498 5544; x_wconf 90' lang='lat' dir='ltr'><strong>de</strong></span> <span class='ocrx_word' id='word_1_715' title='bbox 522 5488 727 5546; x_wconf 88' lang='lat' dir='ltr'><strong>infante</strong></span> <span class='ocrx_word' id='word_1_716' title='bbox 762 5499 815 5547; x_wconf 90' lang='lat' dir='ltr'><strong>et</strong></span> <span class='ocrx_word' id='word_1_717' title='bbox 849 5492 1062 5547; x_wconf 81' lang='lat' dir='ltr'><strong>seniore</strong></span> <span class='ocrx_word' id='word_1_718' title='bbox 1095 5491 1567 5561; x_wconf 79' lang='lat' dir='ltr'><strong>:‘Paterfamilias,</strong></span> <span class='ocrx_word' id='word_1_719' title='bbox 1600 5497 1858 5552; x_wconf 87' lang='lat' dir='ltr'><strong>conduxit</strong></span> <span class='ocrx_word' id='word_1_720' title='bbox 1884 5514 2015 5573; x_wconf 89' lang='lat' dir='ltr'><strong>ope-</strong></span> 
     </span>
    </p>
   </div>
   <div class='ocr_carea' id='block_1_89' title="bbox 429 5581 2013 5662">
    <p class='ocr_par' dir='ltr' id='par_1_89' title="bbox 429 5581 2013 5662">
     <span class='ocr_line' id='line_1_89' title="bbox 429 5581 2013 5662; baseline 0.006 -25"><span class='ocrx_word' id='word_1_721' title='bbox 429 5581 604 5639; x_wconf 87' lang='lat' dir='ltr'><strong>rarios</strong></span> <span class='ocrx_word' id='word_1_722' title='bbox 642 5584 697 5638; x_wconf 89' lang='lat' dir='ltr'><strong>in</strong></span> <span class='ocrx_word' id='word_1_723' title='bbox 724 5583 935 5638; x_wconf 87' lang='lat' dir='ltr'><strong>vineam</strong></span> <span class='ocrx_word' id='word_1_724' title='bbox 976 5599 1163 5650; x_wconf 87' lang='lat' dir='ltr'><strong>suam,</strong></span> <span class='ocrx_word' id='word_1_725' title='bbox 1204 5582 1370 5641; x_wconf 85' lang='lat' dir='ltr'><strong>Pater</strong></span> <span class='ocrx_word' id='word_1_726' title='bbox 1400 5584 1650 5642; x_wconf 91' lang='lat' dir='ltr'><strong>Christus</strong></span> <span class='ocrx_word' id='word_1_727' title='bbox 1686 5597 1802 5654; x_wconf 90' lang='lat' dir='ltr'><strong>est,</strong></span> <span class='ocrx_word' id='word_1_728' title='bbox 1839 5592 2013 5662; x_wconf 89' lang='lat' dir='ltr'><strong>prima</strong></span> 
     </span>
    </p>
   </div>
   <div class='ocr_carea' id='block_1_90' title="bbox 427 5675 2014 5749">
    <p class='ocr_par' dir='ltr' id='par_1_90' title="bbox 427 5675 2014 5749">
     <span class='ocr_line' id='line_1_90' title="bbox 427 5675 2014 5749; baseline 0.008 -22"><span class='ocrx_word' id='word_1_729' title='bbox 427 5682 587 5729; x_wconf 86' lang='lat' dir='ltr'><strong>mane</strong></span> <span class='ocrx_word' id='word_1_730' title='bbox 619 5675 856 5731; x_wconf 87' lang='lat' dir='ltr'><strong>ostendit</strong></span> <span class='ocrx_word' id='word_1_731' title='bbox 903 5675 1114 5735; x_wconf 82' lang='lat' dir='ltr'><strong>initium</strong></span> <span class='ocrx_word' id='word_1_732' title='bbox 1157 5676 1343 5735; x_wconf 88' lang='lat' dir='ltr'><strong>mundi</strong></span> <span class='ocrx_word' id='word_1_733' title='bbox 1392 5696 1405 5733; x_wconf 92' lang='lat'><strong>:</strong></span> <span class='ocrx_word' id='word_1_734' title='bbox 1455 5680 1735 5749; x_wconf 85' lang='lat' dir='ltr'><strong>Operarios</strong></span> <span class='ocrx_word' id='word_1_735' title='bbox 1776 5682 2014 5740; x_wconf 88' lang='lat' dir='ltr'><strong>cultores</strong></span> 
     </span>
    </p>
   </div>
   <div class='ocr_carea' id='block_1_91' title="bbox 429 5767 2015 5847">
    <p class='ocr_par' dir='ltr' id='par_1_91' title="bbox 429 5767 2015 5847">
     <span class='ocr_line' id='line_1_91' title="bbox 429 5767 2015 5847; baseline 0.006 -20"><span class='ocrx_word' id='word_1_736' title='bbox 429 5768 805 5847; x_wconf 77' lang='lat' dir='ltr'><strong>mandatorum</strong></span> <span class='ocrx_word' id='word_1_737' title='bbox 851 5767 967 5827; x_wconf 89' lang='lat' dir='ltr'><strong>Dei.</strong></span> <span class='ocrx_word' id='word_1_738' title='bbox 996 5770 1176 5839; x_wconf 90' lang='lat' dir='ltr'><strong>vinea,</strong></span> <span class='ocrx_word' id='word_1_739' title='bbox 1209 5770 1262 5829; x_wconf 93' lang='lat' dir='ltr'><strong>id</strong></span> <span class='ocrx_word' id='word_1_740' title='bbox 1290 5780 1374 5829; x_wconf 89' lang='lat' dir='ltr'><strong>est</strong></span> <span class='ocrx_word' id='word_1_741' title='bbox 1414 5771 1694 5841; x_wconf 88' lang='lat' dir='ltr'><strong>Ecclesia,</strong></span> <span class='ocrx_word' id='word_1_742' title='bbox 1747 5776 1800 5832; x_wconf 91' lang='lat' dir='ltr'><strong>in</strong></span> <span class='ocrx_word' id='word_1_743' title='bbox 1832 5788 2015 5838; x_wconf 85' lang='lat' dir='ltr'><strong>vetere</strong></span> 
     </span>
    </p>
   </div>
   <div class='ocr_carea' id='block_1_92' title="bbox 2126 3298 3708 3374">
    <p class='ocr_par' dir='ltr' id='par_1_92' title="bbox 2126 3298 3708 3374">
     <span class='ocr_line' id='line_1_92' title="bbox 2126 3298 3708 3374; baseline 0.003 -22"><span class='ocrx_word' id='word_1_744' title='bbox 2126 3306 2305 3374; x_wconf 71' lang='lat' dir='ltr'><strong>menta</strong></span> <span class='ocrx_word' id='word_1_745' title='bbox 2341 3298 2394 3353; x_wconf 93' lang='lat' dir='ltr'><strong>in</strong></span> <span class='ocrx_word' id='word_1_746' title='bbox 2436 3298 2559 3364; x_wconf 86' lang='lat' dir='ltr'><strong>via,</strong></span> <span class='ocrx_word' id='word_1_747' title='bbox 2596 3300 3007 3356; x_wconf 88' lang='lat' dir='ltr'><strong>conversionem</strong></span> <span class='ocrx_word' id='word_1_748' title='bbox 3054 3300 3383 3356; x_wconf 87' lang='lat' dir='ltr'><strong>humilitatis</strong></span> <span class='ocrx_word' id='word_1_749' title='bbox 3432 3302 3708 3357; x_wconf 72' lang='lat' dir='ltr'><strong>ostendit:</strong></span> 
     </span>
    </p>
   </div>
   <div class='ocr_carea' id='block_1_93' title="bbox 2123 3386 3713 3462">
    <p class='ocr_par' dir='ltr' id='par_1_93' title="bbox 2123 3386 3713 3462">
     <span class='ocr_line' id='line_1_93' title="bbox 2123 3386 3713 3462; baseline 0.002 -19"><span class='ocrx_word' id='word_1_750' title='bbox 2123 3386 2329 3444; x_wconf 81' lang='lat' dir='ltr'><strong>Ramos</strong></span> <span class='ocrx_word' id='word_1_751' title='bbox 2352 3388 2420 3444; x_wconf 93' lang='lat' dir='ltr'><strong>de</strong></span> <span class='ocrx_word' id='word_1_752' title='bbox 2447 3390 2752 3456; x_wconf 84' lang='lat' dir='ltr'><strong>arboribus,</strong></span> <span class='ocrx_word' id='word_1_753' title='bbox 2780 3391 2832 3445; x_wconf 91' lang='lat' dir='ltr'><strong>id</strong></span> <span class='ocrx_word' id='word_1_754' title='bbox 2852 3399 2959 3456; x_wconf 89' lang='lat' dir='ltr'><strong>est,</strong></span> <span class='ocrx_word' id='word_1_755' title='bbox 2988 3391 3235 3447; x_wconf 86' lang='lat' dir='ltr'><strong>doctrina</strong></span> <span class='ocrx_word' id='word_1_756' title='bbox 3264 3391 3534 3462; x_wconf 85' lang='lat' dir='ltr'><strong>gentium,</strong></span> <span class='ocrx_word' id='word_1_757' title='bbox 3567 3392 3713 3446; x_wconf 84' lang='lat' dir='ltr'><strong>turba</strong></span> 
     </span>
    </p>
   </div>
   <div class='ocr_carea' id='block_1_94' title="bbox 2121 3481 3715 3559">
    <p class='ocr_par' dir='ltr' id='par_1_94' title="bbox 2121 3481 3715 3559">
     <span class='ocr_line' id='line_1_94' title="bbox 2121 3481 3715 3559; baseline 0.002 -24"><span class='ocrx_word' id='word_1_758' title='bbox 2121 3481 2401 3559; x_wconf 83' lang='lat' dir='ltr'><strong>praecedit,</strong></span> <span class='ocrx_word' id='word_1_759' title='bbox 2432 3482 2673 3539; x_wconf 90' lang='lat' dir='ltr'><strong>ostendit</strong></span> <span class='ocrx_word' id='word_1_760' title='bbox 2694 3481 2931 3550; x_wconf 56' lang='lat' dir='ltr'><strong>Iudaeos,</strong></span> <span class='ocrx_word' id='word_1_761' title='bbox 2958 3484 3129 3539; x_wconf 84' lang='lat' dir='ltr'><strong>turba</strong></span> <span class='ocrx_word' id='word_1_762' title='bbox 3158 3498 3417 3554; x_wconf 84' lang='lat' dir='ltr'><strong>sequens,</strong></span> <span class='ocrx_word' id='word_1_763' title='bbox 3449 3483 3715 3556; x_wconf 76' lang='lat' dir='ltr'><strong>signiﬁcat</strong></span> 
     </span>
    </p>
   </div>
   <div class='ocr_carea' id='block_1_95' title="bbox 2122 3573 3714 3643">
    <p class='ocr_par' dir='ltr' id='par_1_95' title="bbox 2122 3573 3714 3643">
     <span class='ocr_line' id='line_1_95' title="bbox 2122 3573 3714 3643; baseline 0 -15"><span class='ocrx_word' id='word_1_764' title='bbox 2122 3582 2347 3643; x_wconf 84' lang='lat' dir='ltr'><strong>gentes:</strong></span> <span class='ocrx_word' id='word_1_765' title='bbox 2371 3573 2605 3635; x_wconf 86' lang='lat' dir='ltr'><strong>Osanna,</strong></span> <span class='ocrx_word' id='word_1_766' title='bbox 2638 3573 2849 3629; x_wconf 88' lang='lat' dir='ltr'><strong>salvum</strong></span> <span class='ocrx_word' id='word_1_767' title='bbox 2881 3589 2969 3631; x_wconf 90' lang='lat' dir='ltr'><strong>me</strong></span> <span class='ocrx_word' id='word_1_768' title='bbox 2989 3573 3097 3640; x_wconf 90' lang='lat' dir='ltr'><strong>fac,</strong></span> <span class='ocrx_word' id='word_1_769' title='bbox 3126 3574 3246 3632; x_wconf 79' lang='lat' dir='ltr'><strong>sive</strong></span> <span class='ocrx_word' id='word_1_770' title='bbox 3270 3574 3548 3640; x_wconf 80' lang='lat' dir='ltr'><strong>salviﬁca,</strong></span> <span class='ocrx_word' id='word_1_771' title='bbox 3583 3575 3714 3629; x_wconf 70' lang='lat' dir='ltr'><strong>simt</strong></span> 
     </span>
    </p>
   </div>
   <div class='ocr_carea' id='block_1_96' title="bbox 2122 3663 3713 3740">
    <p class='ocr_par' dir='ltr' id='par_1_96' title="bbox 2122 3663 3713 3740">
     <span class='ocr_line' id='line_1_96' title="bbox 2122 3663 3713 3740; baseline 0.001 -19"><span class='ocrx_word' id='word_1_772' title='bbox 2122 3665 2298 3721; x_wconf 89' lang='lat' dir='ltr'><strong>salvas</strong></span> <span class='ocrx_word' id='word_1_773' title='bbox 2322 3663 2536 3722; x_wconf 72' lang='lat' dir='ltr'><strong>Iudaeos</strong></span> <span class='ocrx_word' id='word_1_774' title='bbox 2553 3707 2569 3733; x_wconf 94' lang='lat'><strong>,</strong></span> <span class='ocrx_word' id='word_1_775' title='bbox 2599 3666 2740 3723; x_wconf 87' lang='lat' dir='ltr'><strong>salva</strong></span> <span class='ocrx_word' id='word_1_776' title='bbox 2768 3677 2825 3724; x_wconf 92' lang='lat' dir='ltr'><strong>et</strong></span> <span class='ocrx_word' id='word_1_777' title='bbox 2851 3676 3069 3740; x_wconf 86' lang='lat' dir='ltr'><strong>gentes;</strong></span> <span class='ocrx_word' id='word_1_778' title='bbox 3104 3668 3247 3725; x_wconf 86' lang='lat' dir='ltr'><strong>sicut</strong></span> <span class='ocrx_word' id='word_1_779' title='bbox 3270 3668 3458 3725; x_wconf 83' lang='lat' dir='ltr'><strong>salvas</strong></span> <span class='ocrx_word' id='word_1_780' title='bbox 3495 3667 3713 3739; x_wconf 74' lang='lat' dir='ltr'><strong>angelos</strong></span> 
     </span>
    </p>
   </div>
   <div class='ocr_carea' id='block_1_97' title="bbox 2122 3756 3711 3831">
    <p class='ocr_par' dir='ltr' id='par_1_97' title="bbox 2122 3756 3711 3831">
     <span class='ocr_line' id='line_1_97' title="bbox 2122 3756 3711 3831; baseline 0.001 -20"><span class='ocrx_word' id='word_1_781' title='bbox 2122 3756 2270 3811; x_wconf 83' lang='lat' dir='ltr'><strong>salva</strong></span> <span class='ocrx_word' id='word_1_782' title='bbox 2293 3757 2591 3813; x_wconf 89' lang='lat' dir='ltr'><strong>humanum</strong></span> <span class='ocrx_word' id='word_1_783' title='bbox 2614 3774 2787 3830; x_wconf 86' lang='lat' dir='ltr'><strong>genus</strong></span> <span class='ocrx_word' id='word_1_784' title='bbox 2818 3777 2831 3813; x_wconf 89' lang='lat'><strong>:</strong></span> <span class='ocrx_word' id='word_1_785' title='bbox 2861 3759 3036 3831; x_wconf 85' lang='lat' dir='ltr'><strong>Aliter</strong></span> <span class='ocrx_word' id='word_1_786' title='bbox 3061 3775 3243 3816; x_wconf 77' lang='lat' dir='ltr'><strong>ramos</strong></span> <span class='ocrx_word' id='word_1_787' title='bbox 3283 3760 3352 3819; x_wconf 88' lang='lat' dir='ltr'><strong>de</strong></span> <span class='ocrx_word' id='word_1_788' title='bbox 3386 3758 3711 3825; x_wconf 79' lang='lat' dir='ltr'><strong>arboribus,</strong></span> 
     </span>
    </p>
   </div>
   <div class='ocr_carea' id='block_1_98' title="bbox 2121 3852 3713 3927">
    <p class='ocr_par' dir='ltr' id='par_1_98' title="bbox 2121 3852 3713 3927">
     <span class='ocr_line' id='line_1_98' title="bbox 2121 3852 3713 3927; baseline 0.001 -20"><span class='ocrx_word' id='word_1_789' title='bbox 2121 3852 2174 3907; x_wconf 90' lang='lat' dir='ltr'><strong>id</strong></span> <span class='ocrx_word' id='word_1_790' title='bbox 2224 3861 2341 3919; x_wconf 85' lang='lat' dir='ltr'><strong>est,</strong></span> <span class='ocrx_word' id='word_1_791' title='bbox 2391 3854 2668 3925; x_wconf 88' lang='lat' dir='ltr'><strong>simplices</strong></span> <span class='ocrx_word' id='word_1_792' title='bbox 2716 3856 3114 3927; x_wconf 82' lang='lat' dir='ltr'><strong>doctores,qui</strong></span> <span class='ocrx_word' id='word_1_793' title='bbox 3162 3872 3261 3927; x_wconf 90' lang='lat' dir='ltr'><strong>per</strong></span> <span class='ocrx_word' id='word_1_794' title='bbox 3304 3855 3713 3925; x_wconf 71' lang='lat' dir='ltr'><strong>simplicitatem</strong></span> 
     </span>
    </p>
   </div>
   <div class='ocr_carea' id='block_1_99' title="bbox 2120 3942 3714 4019">
    <p class='ocr_par' dir='ltr' id='par_1_99' title="bbox 2120 3942 3714 4019">
     <span class='ocr_line' id='line_1_99' title="bbox 2120 3942 3714 4019; baseline 0.001 -20"><span class='ocrx_word' id='word_1_795' title='bbox 2120 3942 2430 4019; x_wconf 89' lang='lat' dir='ltr'><strong>doctrinam</strong></span> <span class='ocrx_word' id='word_1_796' title='bbox 2449 3945 2672 4003; x_wconf 84' lang='lat' dir='ltr'><strong>Patrum</strong></span> <span class='ocrx_word' id='word_1_797' title='bbox 2702 3948 2856 4019; x_wconf 83' lang='lat' dir='ltr'><strong>quasi</strong></span> <span class='ocrx_word' id='word_1_798' title='bbox 2890 3947 3135 4003; x_wconf 85' lang='lat' dir='ltr'><strong>surculos</strong></span> <span class='ocrx_word' id='word_1_799' title='bbox 3155 3948 3514 4003; x_wconf 85' lang='lat' dir='ltr'><strong>abscindunt.</strong></span> <span class='ocrx_word' id='word_1_800' title='bbox 3543 3947 3714 4002; x_wconf 81' lang='lat' dir='ltr'><strong>Intra-</strong></span> 
     </span>
    </p>
   </div>
   <div class='ocr_carea' id='block_1_100' title="bbox 2121 4018 3717 4108">
    <p class='ocr_par' dir='ltr' id='par_1_100' title="bbox 2121 4018 3717 4108">
     <span class='ocr_line' id='line_1_100' title="bbox 2121 4018 3717 4108; baseline 0.004 -23"><span class='ocrx_word' id='word_1_801' title='bbox 2121 4018 2199 4089; x_wconf 82' lang='lat' dir='ltr'><strong>vit</strong></span> <span class='ocrx_word' id='word_1_802' title='bbox 2240 4033 2398 4091; x_wconf 72' lang='lat' dir='ltr'><strong>Iesus</strong></span> <span class='ocrx_word' id='word_1_803' title='bbox 2446 4036 2501 4091; x_wconf 91' lang='lat' dir='ltr'><strong>in</strong></span> <span class='ocrx_word' id='word_1_804' title='bbox 2552 4018 2810 4108; x_wconf 86' lang='lat' dir='ltr'><strong>templum</strong></span> <span class='ocrx_word' id='word_1_805' title='bbox 2835 4076 2853 4102; x_wconf 94' lang='lat'><strong>,</strong></span> <span class='ocrx_word' id='word_1_806' title='bbox 2882 4037 2935 4092; x_wconf 92' lang='lat' dir='ltr'><strong>id</strong></span> <span class='ocrx_word' id='word_1_807' title='bbox 2962 4046 3061 4093; x_wconf 85' lang='lat' dir='ltr'><strong>est</strong></span> <span class='ocrx_word' id='word_1_808' title='bbox 3089 4038 3144 4092; x_wconf 92' lang='lat' dir='ltr'><strong>in</strong></span> <span class='ocrx_word' id='word_1_809' title='bbox 3175 4036 3481 4093; x_wconf 83' lang='lat' dir='ltr'><strong>Ecclesiam</strong></span> <span class='ocrx_word' id='word_1_810' title='bbox 3513 4056 3528 4091; x_wconf 90' lang='lat'><strong>:</strong></span> <span class='ocrx_word' id='word_1_811' title='bbox 3563 4037 3717 4107; x_wconf 84' lang='lat' dir='ltr'><strong>Ejicit</strong></span> 
     </span>
    </p>
   </div>
   <div class='ocr_carea' id='block_1_101' title="bbox 2119 4128 3714 4203">
    <p class='ocr_par' dir='ltr' id='par_1_101' title="bbox 2119 4128 3714 4203">
     <span class='ocr_line' id='line_1_101' title="bbox 2119 4128 3714 4203; baseline 0.001 -18"><span class='ocrx_word' id='word_1_812' title='bbox 2119 4128 2329 4185; x_wconf 88' lang='lat' dir='ltr'><strong>venden</strong></span> <span class='ocrx_word' id='word_1_813' title='bbox 2339 4137 2419 4184; x_wconf 86' lang='lat' dir='ltr'><strong>tes</strong></span> <span class='ocrx_word' id='word_1_814' title='bbox 2441 4138 2497 4184; x_wconf 89' lang='lat' dir='ltr'><strong>et</strong></span> <span class='ocrx_word' id='word_1_815' title='bbox 2519 4141 2782 4196; x_wconf 90' lang='lat' dir='ltr'><strong>ementes,</strong></span> <span class='ocrx_word' id='word_1_816' title='bbox 2808 4132 2860 4186; x_wconf 92' lang='lat' dir='ltr'><strong>id</strong></span> <span class='ocrx_word' id='word_1_817' title='bbox 2887 4139 2971 4186; x_wconf 91' lang='lat' dir='ltr'><strong>est</strong></span> <span class='ocrx_word' id='word_1_818' title='bbox 2992 4132 3084 4201; x_wconf 90' lang='lat' dir='ltr'><strong>qui</strong></span> <span class='ocrx_word' id='word_1_819' title='bbox 3108 4131 3251 4186; x_wconf 84' lang='lat' dir='ltr'><strong>dona</strong></span> <span class='ocrx_word' id='word_1_820' title='bbox 3273 4130 3520 4203; x_wconf 87' lang='lat' dir='ltr'><strong>Spiritus</strong></span> <span class='ocrx_word' id='word_1_821' title='bbox 3544 4130 3714 4186; x_wconf 84' lang='lat' dir='ltr'><strong>sancti</strong></span> 
     </span>
    </p>
   </div>
   <div class='ocr_carea' id='block_1_102' title="bbox 2118 4204 3716 4293">
    <p class='ocr_par' dir='ltr' id='par_1_102' title="bbox 2118 4204 3716 4293">
     <span class='ocr_line' id='line_1_102' title="bbox 2118 4204 3716 4293; baseline 0.003 -19"><span class='ocrx_word' id='word_1_822' title='bbox 2118 4204 2360 4275; x_wconf 85' lang='lat' dir='ltr'><strong>vendunt</strong></span> <span class='ocrx_word' id='word_1_823' title='bbox 2402 4228 2457 4276; x_wconf 90' lang='lat' dir='ltr'><strong>et</strong></span> <span class='ocrx_word' id='word_1_824' title='bbox 2502 4229 2711 4288; x_wconf 91' lang='lat' dir='ltr'><strong>emunt,</strong></span> <span class='ocrx_word' id='word_1_825' title='bbox 2741 4223 2834 4292; x_wconf 92' lang='lat' dir='ltr'><strong>qui</strong></span> <span class='ocrx_word' id='word_1_826' title='bbox 2880 4223 3205 4292; x_wconf 83' lang='lat' dir='ltr'><strong>baptismum</strong></span> <span class='ocrx_word' id='word_1_827' title='bbox 3243 4222 3330 4280; x_wconf 76' lang='lat' dir='ltr'><strong>vel</strong></span> <span class='ocrx_word' id='word_1_828' title='bbox 3365 4238 3716 4293; x_wconf 79' lang='lat' dir='ltr'><strong>quacumque</strong></span> 
     </span>
    </p>
   </div>
   <div class='ocr_carea' id='block_1_103' title="bbox 2122 4313 3713 4381">
    <p class='ocr_par' dir='ltr' id='par_1_103' title="bbox 2122 4313 3713 4381">
     <span class='ocr_line' id='line_1_103' title="bbox 2122 4313 3713 4381; baseline 0 -12"><span class='ocrx_word' id='word_1_829' title='bbox 2122 4313 2481 4369; x_wconf 86' lang='lat' dir='ltr'><strong>sacrationem</strong></span> <span class='ocrx_word' id='word_1_830' title='bbox 2511 4331 2525 4367; x_wconf 93' lang='lat'><strong>:</strong></span> <span class='ocrx_word' id='word_1_831' title='bbox 2556 4313 2848 4381; x_wconf 89' lang='lat' dir='ltr'><strong>Cathedra,</strong></span> <span class='ocrx_word' id='word_1_832' title='bbox 2879 4314 2934 4369; x_wconf 90' lang='lat' dir='ltr'><strong>id</strong></span> <span class='ocrx_word' id='word_1_833' title='bbox 2962 4324 3046 4370; x_wconf 89' lang='lat' dir='ltr'><strong>est</strong></span> <span class='ocrx_word' id='word_1_834' title='bbox 3075 4315 3323 4371; x_wconf 87' lang='lat' dir='ltr'><strong>doctrina</strong></span> <span class='ocrx_word' id='word_1_835' title='bbox 3354 4333 3369 4368; x_wconf 91' lang='lat'><strong>:</strong></span> <span class='ocrx_word' id='word_1_836' title='bbox 3406 4315 3637 4381; x_wconf 74' lang='lat' dir='ltr'><strong>Mensa,</strong></span> <span class='ocrx_word' id='word_1_837' title='bbox 3665 4314 3713 4370; x_wconf 77' lang='lat' dir='ltr'><strong>id</strong></span> 
     </span>
    </p>
   </div>
   <div class='ocr_carea' id='block_1_104' title="bbox 2123 4405 3714 4480">
    <p class='ocr_par' dir='ltr' id='par_1_104' title="bbox 2123 4405 3714 4480">
     <span class='ocr_line' id='line_1_104' title="bbox 2123 4405 3714 4480; baseline 0.002 -19"><span class='ocrx_word' id='word_1_838' title='bbox 2123 4414 2205 4461; x_wconf 89' lang='lat' dir='ltr'><strong>est</strong></span> <span class='ocrx_word' id='word_1_839' title='bbox 2229 4406 2477 4460; x_wconf 85' lang='lat' dir='ltr'><strong>mandata</strong></span> <span class='ocrx_word' id='word_1_840' title='bbox 2508 4405 2674 4478; x_wconf 84' lang='lat' dir='ltr'><strong>legis,</strong></span> <span class='ocrx_word' id='word_1_841' title='bbox 2713 4422 2914 4478; x_wconf 90' lang='lat' dir='ltr'><strong>pueros</strong></span> <span class='ocrx_word' id='word_1_842' title='bbox 2951 4407 3250 4465; x_wconf 86' lang='lat' dir='ltr'><strong>clamantes</strong></span> <span class='ocrx_word' id='word_1_843' title='bbox 3290 4409 3346 4463; x_wconf 91' lang='lat' dir='ltr'><strong>in</strong></span> <span class='ocrx_word' id='word_1_844' title='bbox 3378 4409 3624 4480; x_wconf 77' lang='lat' dir='ltr'><strong>templo,</strong></span> <span class='ocrx_word' id='word_1_845' title='bbox 3666 4408 3714 4464; x_wconf 74' lang='lat' dir='ltr'><strong>id</strong></span> 
     </span>
    </p>
   </div>
   <div class='ocr_carea' id='block_1_105' title="bbox 2123 4494 3712 4563">
    <p class='ocr_par' dir='ltr' id='par_1_105' title="bbox 2123 4494 3712 4563">
     <span class='ocr_line' id='line_1_105' title="bbox 2123 4494 3712 4563; baseline 0.004 -15"><span class='ocrx_word' id='word_1_846' title='bbox 2123 4502 2209 4549; x_wconf 91' lang='lat' dir='ltr'><strong>est</strong></span> <span class='ocrx_word' id='word_1_847' title='bbox 2238 4494 2292 4549; x_wconf 91' lang='lat' dir='ltr'><strong>in</strong></span> <span class='ocrx_word' id='word_1_848' title='bbox 2325 4494 2587 4561; x_wconf 75' lang='lat' dir='ltr'><strong>Ecclesia,</strong></span> <span class='ocrx_word' id='word_1_849' title='bbox 2619 4496 2834 4553; x_wconf 83' lang='lat' dir='ltr'><strong>reiectis</strong></span> <span class='ocrx_word' id='word_1_850' title='bbox 2856 4498 2965 4555; x_wconf 85' lang='lat' dir='ltr'><strong>illis</strong></span> <span class='ocrx_word' id='word_1_851' title='bbox 2990 4499 3125 4555; x_wconf 86' lang='lat' dir='ltr'><strong>abiit</strong></span> <span class='ocrx_word' id='word_1_852' title='bbox 3144 4498 3321 4563; x_wconf 81' lang='lat' dir='ltr'><strong>foras,</strong></span> <span class='ocrx_word' id='word_1_853' title='bbox 3350 4502 3599 4555; x_wconf 83' lang='lat' dir='ltr'><strong>ostendit</strong></span> <span class='ocrx_word' id='word_1_854' title='bbox 3630 4515 3712 4555; x_wconf 79' lang='lat' dir='ltr'><strong>re-</strong></span> 
     </span>
    </p>
   </div>
   <div class='ocr_carea' id='block_1_106' title="bbox 2125 4583 3713 4662">
    <p class='ocr_par' dir='ltr' id='par_1_106' title="bbox 2125 4583 3713 4662">
     <span class='ocr_line' id='line_1_106' title="bbox 2125 4583 3713 4662; baseline 0.005 -24"><span class='ocrx_word' id='word_1_855' title='bbox 2125 4583 2281 4641; x_wconf 87' lang='lat' dir='ltr'><strong>lictos</strong></span> <span class='ocrx_word' id='word_1_856' title='bbox 2308 4583 2543 4651; x_wconf 71' lang='lat' dir='ltr'><strong>Iudaeos,</strong></span> <span class='ocrx_word' id='word_1_857' title='bbox 2576 4587 2710 4643; x_wconf 91' lang='lat' dir='ltr'><strong>abiit</strong></span> <span class='ocrx_word' id='word_1_858' title='bbox 2736 4590 2806 4645; x_wconf 89' lang='lat' dir='ltr'><strong>ad</strong></span> <span class='ocrx_word' id='word_1_859' title='bbox 2835 4599 3062 4662; x_wconf 86' lang='lat' dir='ltr'><strong>gentes:</strong></span> <span class='ocrx_word' id='word_1_860' title='bbox 3097 4590 3385 4658; x_wconf 87' lang='lat' dir='ltr'><strong>Bethania,</strong></span> <span class='ocrx_word' id='word_1_861' title='bbox 3414 4592 3470 4649; x_wconf 85' lang='lat' dir='ltr'><strong>id</strong></span> <span class='ocrx_word' id='word_1_862' title='bbox 3499 4603 3590 4649; x_wconf 85' lang='lat' dir='ltr'><strong>est</strong></span> <span class='ocrx_word' id='word_1_863' title='bbox 3620 4593 3713 4646; x_wconf 80' lang='lat' dir='ltr'><strong>do-</strong></span> 
     </span>
    </p>
   </div>
   <div class='ocr_carea' id='block_1_107' title="bbox 2123 4675 3716 4744">
    <p class='ocr_par' dir='ltr' id='par_1_107' title="bbox 2123 4675 3716 4744">
     <span class='ocr_line' id='line_1_107' title="bbox 2123 4675 3716 4744; baseline 0.006 -14"><span class='ocrx_word' id='word_1_864' title='bbox 2123 4690 2244 4730; x_wconf 89' lang='lat' dir='ltr'><strong>mus</strong></span> <span class='ocrx_word' id='word_1_865' title='bbox 2265 4676 2543 4740; x_wconf 73' lang='lat' dir='ltr'><strong>obediens,</strong></span> <span class='ocrx_word' id='word_1_866' title='bbox 2575 4675 2647 4732; x_wconf 91' lang='lat' dir='ltr'><strong>ibi</strong></span> <span class='ocrx_word' id='word_1_867' title='bbox 2671 4679 2886 4744; x_wconf 89' lang='lat' dir='ltr'><strong>mansit,</strong></span> <span class='ocrx_word' id='word_1_868' title='bbox 2909 4681 3147 4737; x_wconf 87' lang='lat' dir='ltr'><strong>ostendit</strong></span> <span class='ocrx_word' id='word_1_869' title='bbox 3165 4680 3448 4739; x_wconf 87' lang='lat' dir='ltr'><strong>Christum</strong></span> <span class='ocrx_word' id='word_1_870' title='bbox 3475 4683 3530 4737; x_wconf 91' lang='lat' dir='ltr'><strong>in</strong></span> <span class='ocrx_word' id='word_1_871' title='bbox 3555 4682 3716 4738; x_wconf 76' lang='lat' dir='ltr'><strong>corde</strong></span> 
     </span>
    </p>
   </div>
   <div class='ocr_carea' id='block_1_108' title="bbox 2124 4766 3714 4847">
    <p class='ocr_par' dir='ltr' id='par_1_108' title="bbox 2124 4766 3714 4847">
     <span class='ocr_line' id='line_1_108' title="bbox 2124 4766 3714 4847; baseline 0.007 -27"><span class='ocrx_word' id='word_1_872' title='bbox 2124 4766 2489 4837; x_wconf 84' lang='lat' dir='ltr'><strong>obedientium</strong></span> <span class='ocrx_word' id='word_1_873' title='bbox 2519 4784 2769 4847; x_wconf 83' lang='lat' dir='ltr'><strong>manere;</strong></span> <span class='ocrx_word' id='word_1_874' title='bbox 2798 4772 3026 4827; x_wconf 89' lang='lat' dir='ltr'><strong>revertit</strong></span> <span class='ocrx_word' id='word_1_875' title='bbox 3052 4772 3107 4828; x_wconf 90' lang='lat' dir='ltr'><strong>in</strong></span> <span class='ocrx_word' id='word_1_876' title='bbox 3138 4773 3442 4839; x_wconf 87' lang='lat' dir='ltr'><strong>civitatem,</strong></span> <span class='ocrx_word' id='word_1_877' title='bbox 3474 4774 3714 4831; x_wconf 66' lang='lat' dir='ltr'><strong>ostauiit</strong></span> 
     </span>
    </p>
   </div>
   <div class='ocr_carea' id='block_1_109' title="bbox 2123 4856 3715 4936">
    <p class='ocr_par' dir='ltr' id='par_1_109' title="bbox 2123 4856 3715 4936">
     <span class='ocr_line' id='line_1_109' title="bbox 2123 4856 3715 4936; baseline 0.006 -26"><span class='ocrx_word' id='word_1_878' title='bbox 2123 4856 2177 4911; x_wconf 91' lang='lat' dir='ltr'><strong>in</strong></span> <span class='ocrx_word' id='word_1_879' title='bbox 2208 4858 2383 4928; x_wconf 88' lang='lat' dir='ltr'><strong>primo</strong></span> <span class='ocrx_word' id='word_1_880' title='bbox 2428 4860 2661 4916; x_wconf 88' lang='lat' dir='ltr'><strong>adventu</strong></span> <span class='ocrx_word' id='word_1_881' title='bbox 2696 4862 2910 4919; x_wconf 88' lang='lat' dir='ltr'><strong>venisse</strong></span> <span class='ocrx_word' id='word_1_882' title='bbox 2956 4864 3025 4919; x_wconf 89' lang='lat' dir='ltr'><strong>ad</strong></span> <span class='ocrx_word' id='word_1_883' title='bbox 3068 4862 3285 4923; x_wconf 62' lang='lat' dir='ltr'><strong>Judaaos</strong></span> <span class='ocrx_word' id='word_1_884' title='bbox 3325 4883 3339 4918; x_wconf 93' lang='lat'><strong>:</strong></span> <span class='ocrx_word' id='word_1_885' title='bbox 3378 4866 3477 4936; x_wconf 78' lang='lat' dir='ltr'><strong>qui</strong></span> <span class='ocrx_word' id='word_1_886' title='bbox 3524 4866 3715 4922; x_wconf 84' lang='lat' dir='ltr'><strong>esuriit</strong></span> 
     </span>
    </p>
   </div>
   <div class='ocr_carea' id='block_1_110' title="bbox 2123 4938 3714 5031">
    <p class='ocr_par' dir='ltr' id='par_1_110' title="bbox 2123 4938 3714 5031">
     <span class='ocr_line' id='line_1_110' title="bbox 2123 4938 3714 5031; baseline 0.008 -28"><span class='ocrx_word' id='word_1_887' title='bbox 2123 4949 2232 5031; x_wconf 83' lang='lat' dir='ltr'><strong>nisi</strong></span> <span class='ocrx_word' id='word_1_888' title='bbox 2262 4938 2418 5007; x_wconf 80' lang='lat' dir='ltr'><strong>ﬁdem</strong></span> <span class='ocrx_word' id='word_1_889' title='bbox 2446 4950 2790 5025; x_wconf 69' lang='lat' dir='ltr'><strong>indecorum?</strong></span> <span class='ocrx_word' id='word_1_890' title='bbox 2821 4954 2997 5011; x_wconf 84' lang='lat' dir='ltr'><strong>Arbor</strong></span> <span class='ocrx_word' id='word_1_891' title='bbox 3024 4957 3110 5013; x_wconf 81' lang='lat' dir='ltr'><strong>fici</strong></span> <span class='ocrx_word' id='word_1_892' title='bbox 3132 4998 3149 5025; x_wconf 92' lang='lat'><strong>,</strong></span> <span class='ocrx_word' id='word_1_893' title='bbox 3188 4956 3358 5014; x_wconf 81' lang='lat' dir='ltr'><strong>idest</strong></span> <span class='ocrx_word' id='word_1_894' title='bbox 3396 4975 3714 5031; x_wconf 71' lang='lat' dir='ltr'><strong>synagoga,</strong></span> 
     </span>
    </p>
   </div>
   <div class='ocr_carea' id='block_1_111' title="bbox 2122 5028 3714 5117">
    <p class='ocr_par' dir='ltr' id='par_1_111' title="bbox 2122 5028 3714 5117">
     <span class='ocr_line' id='line_1_111' title="bbox 2122 5028 3714 5117; baseline 0.006 -19"><span class='ocrx_word' id='word_1_895' title='bbox 2122 5028 2281 5099; x_wconf 76' lang='lat' dir='ltr'><strong>secus</strong></span> <span class='ocrx_word' id='word_1_896' title='bbox 2310 5043 2476 5111; x_wconf 86' lang='lat' dir='ltr'><strong>viam,</strong></span> <span class='ocrx_word' id='word_1_897' title='bbox 2493 5045 2648 5115; x_wconf 84' lang='lat' dir='ltr'><strong>juxta</strong></span> <span class='ocrx_word' id='word_1_898' title='bbox 2681 5045 2942 5105; x_wconf 86' lang='lat' dir='ltr'><strong>litteram.</strong></span> <span class='ocrx_word' id='word_1_899' title='bbox 2993 5047 3136 5103; x_wconf 82' lang='lat' dir='ltr'><strong>Nihil</strong></span> <span class='ocrx_word' id='word_1_900' title='bbox 3166 5048 3375 5107; x_wconf 84' lang='lat' dir='ltr'><strong>invenit</strong></span> <span class='ocrx_word' id='word_1_901' title='bbox 3410 5028 3470 5105; x_wconf 74' lang='lat' dir='ltr'><strong>in</strong></span> <span class='ocrx_word' id='word_1_902' title='bbox 3498 5028 3592 5117; x_wconf 68' lang='lat' dir='ltr'><strong>ea,</strong></span> <span class='ocrx_word' id='word_1_903' title='bbox 3615 5028 3714 5107; x_wconf 78' lang='lat' dir='ltr'><strong>nisi</strong></span> 
     </span>
    </p>
   </div>
   <div class='ocr_carea' id='block_1_112' title="bbox 2121 5132 3712 5217">
    <p class='ocr_par' dir='ltr' id='par_1_112' title="bbox 2121 5132 3712 5217">
     <span class='ocr_line' id='line_1_112' title="bbox 2121 5132 3712 5217; baseline 0.004 -27"><span class='ocrx_word' id='word_1_904' title='bbox 2121 5132 2281 5205; x_wconf 79' lang='lat' dir='ltr'><strong>folia,</strong></span> <span class='ocrx_word' id='word_1_905' title='bbox 2311 5136 2367 5190; x_wconf 88' lang='lat' dir='ltr'><strong>id</strong></span> <span class='ocrx_word' id='word_1_906' title='bbox 2397 5144 2483 5217; x_wconf 87' lang='lat' dir='ltr'><strong>est</strong></span> <span class='ocrx_word' id='word_1_907' title='bbox 2518 5138 2922 5217; x_wconf 78' lang='lat' dir='ltr'><strong>sustitutionem</strong></span> <span class='ocrx_word' id='word_1_908' title='bbox 2948 5138 3286 5206; x_wconf 67' lang='lat' dir='ltr'><strong>indecorum,</strong></span> <span class='ocrx_word' id='word_1_909' title='bbox 3318 5150 3378 5196; x_wconf 88' lang='lat' dir='ltr'><strong>et</strong></span> <span class='ocrx_word' id='word_1_910' title='bbox 3405 5142 3712 5197; x_wconf 74' lang='lat' dir='ltr'><strong>doctrina-</strong></span> 
     </span>
    </p>
   </div>
   <div class='ocr_carea' id='block_1_113' title="bbox 2122 5212 3710 5306">
    <p class='ocr_par' dir='ltr' id='par_1_113' title="bbox 2122 5212 3710 5306">
     <span class='ocr_line' id='line_1_113' title="bbox 2122 5212 3710 5306; baseline 0.006 -26"><span class='ocrx_word' id='word_1_911' title='bbox 2122 5212 2477 5299; x_wconf 86' lang='lat' dir='ltr'><strong>pateruarum</strong></span> <span class='ocrx_word' id='word_1_912' title='bbox 2508 5246 2522 5282; x_wconf 89' lang='lat'><strong>:</strong></span> <span class='ocrx_word' id='word_1_913' title='bbox 2546 5212 2798 5285; x_wconf 82' lang='lat' dir='ltr'><strong>Arefacta</strong></span> <span class='ocrx_word' id='word_1_914' title='bbox 2824 5229 3082 5298; x_wconf 88' lang='lat' dir='ltr'><strong>ﬁculnea,</strong></span> <span class='ocrx_word' id='word_1_915' title='bbox 3112 5234 3351 5287; x_wconf 89' lang='lat' dir='ltr'><strong>ostendit</strong></span> <span class='ocrx_word' id='word_1_916' title='bbox 3377 5247 3710 5306; x_wconf 71' lang='lat' dir='ltr'><strong>synagoga-</strong></span> 
     </span>
    </p>
   </div>
   <div class='ocr_carea' id='block_1_114' title="bbox 2119 5318 3707 5397">
    <p class='ocr_par' dir='ltr' id='par_1_114' title="bbox 2119 5318 3707 5397">
     <span class='ocr_line' id='line_1_114' title="bbox 2119 5318 3707 5397; baseline 0.011 -22"><span class='ocrx_word' id='word_1_917' title='bbox 2119 5318 2238 5379; x_wconf 87' lang='lat' dir='ltr'><strong>sine</strong></span> <span class='ocrx_word' id='word_1_918' title='bbox 2270 5318 2589 5393; x_wconf 66' lang='lat' dir='ltr'><strong>ptnnitentia</strong></span> <span class='ocrx_word' id='word_1_919' title='bbox 2618 5336 2635 5373; x_wconf 88' lang='lat'><strong>:</strong></span> <span class='ocrx_word' id='word_1_920' title='bbox 2667 5319 2815 5397; x_wconf 68' lang='lat' dir='ltr'><strong>Mens</strong></span> <span class='ocrx_word' id='word_1_921' title='bbox 2838 5321 2894 5378; x_wconf 89' lang='lat' dir='ltr'><strong>id</strong></span> <span class='ocrx_word' id='word_1_922' title='bbox 2920 5331 3010 5393; x_wconf 79' lang='lat' dir='ltr'><strong>est</strong></span> <span class='ocrx_word' id='word_1_923' title='bbox 3032 5322 3314 5397; x_wconf 78' lang='lat' dir='ltr'><strong>Christus.</strong></span> <span class='ocrx_word' id='word_1_924' title='bbox 3342 5326 3523 5391; x_wconf 70' lang='lat' dir='ltr'><strong>tollite</strong></span> <span class='ocrx_word' id='word_1_925' title='bbox 3546 5326 3707 5393; x_wconf 58' lang='lat' dir='ltr'><strong>hinc,</strong></span> 
     </span>
    </p>
   </div>
   <div class='ocr_carea' id='block_1_115' title="bbox 2120 5408 3711 5489">
    <p class='ocr_par' dir='ltr' id='par_1_115' title="bbox 2120 5408 3711 5489">
     <span class='ocr_line' id='line_1_115' title="bbox 2120 5408 3711 5489; baseline 0.009 -24"><span class='ocrx_word' id='word_1_926' title='bbox 2120 5409 2175 5465; x_wconf 91' lang='lat' dir='ltr'><strong>id</strong></span> <span class='ocrx_word' id='word_1_927' title='bbox 2204 5419 2288 5465; x_wconf 84' lang='lat' dir='ltr'><strong>est</strong></span> <span class='ocrx_word' id='word_1_928' title='bbox 2326 5409 2527 5467; x_wconf 72' lang='lat' dir='ltr'><strong>inducis</strong></span> <span class='ocrx_word' id='word_1_929' title='bbox 2564 5408 2772 5479; x_wconf 81' lang='lat' dir='ltr'><strong>iactate</strong></span> <span class='ocrx_word' id='word_1_930' title='bbox 2804 5413 2863 5469; x_wconf 92' lang='lat' dir='ltr'><strong>in</strong></span> <span class='ocrx_word' id='word_1_931' title='bbox 2891 5429 3061 5489; x_wconf 79' lang='lat' dir='ltr'><strong>mare,</strong></span> <span class='ocrx_word' id='word_1_932' title='bbox 3093 5415 3150 5473; x_wconf 88' lang='lat' dir='ltr'><strong>id</strong></span> <span class='ocrx_word' id='word_1_933' title='bbox 3189 5425 3278 5477; x_wconf 75' lang='lat' dir='ltr'><strong>est</strong></span> <span class='ocrx_word' id='word_1_934' title='bbox 3296 5418 3361 5487; x_wconf 74' lang='lat' dir='ltr'><strong>in</strong></span> <span class='ocrx_word' id='word_1_935' title='bbox 3387 5419 3561 5477; x_wconf 82' lang='lat' dir='ltr'><strong>corda</strong></span> <span class='ocrx_word' id='word_1_936' title='bbox 3588 5432 3711 5477; x_wconf 72' lang='grc' dir='ltr'><strong>αυ-</strong></span> 
     </span>
    </p>
   </div>
   <div class='ocr_carea' id='block_1_116' title="bbox 2117 5496 2377 5556">
    <p class='ocr_par' dir='ltr' id='par_1_116' title="bbox 2117 5496 2377 5556">
     <span class='ocr_line' id='line_1_116' title="bbox 2117 5496 2377 5556; baseline 0 0"><span class='ocrx_word' id='word_1_937' title='bbox 2117 5496 2377 5556; x_wconf 90' lang='lat' dir='ltr'><strong>dentium.</strong></span> 
     </span>
    </p>
   </div>
   <div class='ocr_carea' id='block_1_117' title="bbox 2144 5584 3706 5672">
    <p class='ocr_par' dir='ltr' id='par_1_117' title="bbox 2144 5584 3706 5672">
     <span class='ocr_line' id='line_1_117' title="bbox 2144 5584 3706 5672; baseline 0.008 -27"><span class='ocrx_word' id='word_1_938' title='bbox 2144 5584 2149 5597; x_wconf 84' lang='grc'><em>’</em></span> <span class='ocrx_word' id='word_1_939' title='bbox 2190 5591 2364 5647; x_wconf 83' lang='lat' dir='ltr'><strong>Homo</strong></span> <span class='ocrx_word' id='word_1_940' title='bbox 2392 5596 2484 5664; x_wconf 87' lang='lat' dir='ltr'><strong>qui</strong></span> <span class='ocrx_word' id='word_1_941' title='bbox 2510 5595 2731 5671; x_wconf 63' lang='lat' dir='ltr'><strong>habebat</strong></span> <span class='ocrx_word' id='word_1_942' title='bbox 2758 5597 2893 5652; x_wconf 80' lang='lat' dir='ltr'><strong>duos</strong></span> <span class='ocrx_word' id='word_1_943' title='bbox 2916 5597 3057 5667; x_wconf 81' lang='lat' dir='ltr'><strong>ﬁlios</strong></span> <span class='ocrx_word' id='word_1_944' title='bbox 3080 5616 3099 5655; x_wconf 90' lang='lat'><strong>:</strong></span> <span class='ocrx_word' id='word_1_945' title='bbox 3132 5599 3297 5657; x_wconf 87' lang='lat' dir='ltr'><strong>homo</strong></span> <span class='ocrx_word' id='word_1_946' title='bbox 3318 5600 3583 5672; x_wconf 77' lang='lat' dir='ltr'><strong>Christus</strong></span> <span class='ocrx_word' id='word_1_947' title='bbox 3601 5608 3706 5667; x_wconf 74' lang='lat' dir='ltr'><strong>est,</strong></span> 
     </span>
    </p>
   </div>
   <div class='ocr_carea' id='block_1_118' title="bbox 2119 5678 3706 5760">
    <p class='ocr_par' dir='ltr' id='par_1_118' title="bbox 2119 5678 3706 5760">
     <span class='ocr_line' id='line_1_118' title="bbox 2119 5678 3706 5760; baseline 0.006 -21"><span class='ocrx_word' id='word_1_948' title='bbox 2119 5678 2254 5739; x_wconf 91' lang='lat' dir='ltr'><strong>duos</strong></span> <span class='ocrx_word' id='word_1_949' title='bbox 2284 5683 2446 5750; x_wconf 89' lang='lat' dir='ltr'><strong>ﬁlios,</strong></span> <span class='ocrx_word' id='word_1_950' title='bbox 2476 5684 2691 5743; x_wconf 66' lang='lat' dir='ltr'><strong>Judaeos</strong></span> <span class='ocrx_word' id='word_1_951' title='bbox 2715 5698 2769 5742; x_wconf 92' lang='lat' dir='ltr'><strong>et</strong></span> <span class='ocrx_word' id='word_1_952' title='bbox 2797 5692 3144 5760; x_wconf 81' lang='lat' dir='ltr'><strong>gentes,quis</strong></span> <span class='ocrx_word' id='word_1_953' title='bbox 3165 5706 3230 5746; x_wconf 81' lang='lat' dir='ltr'><strong>ex</strong></span> <span class='ocrx_word' id='word_1_954' title='bbox 3257 5693 3339 5747; x_wconf 90' lang='lat' dir='ltr'><strong>eis</strong></span> <span class='ocrx_word' id='word_1_955' title='bbox 3352 5691 3489 5748; x_wconf 85' lang='lat' dir='ltr'><strong>fecit</strong></span> <span class='ocrx_word' id='word_1_956' title='bbox 3519 5692 3706 5749; x_wconf 78' lang='lat' dir='ltr'><strong>volun-</strong></span> 
     </span>
    </p>
   </div>
   <div class='ocr_carea' id='block_1_119' title="bbox 2116 5778 3705 5855">
    <p class='ocr_par' dir='ltr' id='par_1_119' title="bbox 2116 5778 3705 5855">
     <span class='ocr_line' id='line_1_119' title="bbox 2116 5778 3705 5855; baseline 0.003 -19"><span class='ocrx_word' id='word_1_957' title='bbox 2116 5788 2285 5855; x_wconf 86' lang='lat' dir='ltr'><strong>tatem</strong></span> <span class='ocrx_word' id='word_1_958' title='bbox 2313 5778 2512 5849; x_wconf 86' lang='lat' dir='ltr'><strong>patris,</strong></span> <span class='ocrx_word' id='word_1_959' title='bbox 2540 5780 2634 5851; x_wconf 81' lang='lat' dir='ltr'><strong>qui</strong></span> <span class='ocrx_word' id='word_1_960' title='bbox 2663 5780 2802 5839; x_wconf 80' lang='lat' dir='ltr'><strong>dixit</strong></span> <span class='ocrx_word' id='word_1_961' title='bbox 2824 5796 2893 5838; x_wconf 84' lang='lat' dir='ltr'><strong>eo</strong></span> <span class='ocrx_word' id='word_1_962' title='bbox 2923 5792 3109 5840; x_wconf 81' lang='lat' dir='ltr'><strong>etnon</strong></span> <span class='ocrx_word' id='word_1_963' title='bbox 3154 5784 3304 5847; x_wconf 87' lang='lat' dir='ltr'><strong>fecit.</strong></span> <span class='ocrx_word' id='word_1_964' title='bbox 3334 5785 3580 5843; x_wconf 71' lang='lat' dir='ltr'><strong>ostendit</strong></span> <span class='ocrx_word' id='word_1_965' title='bbox 3604 5782 3705 5841; x_wconf 65' lang='grc' dir='ltr'>ιιι-</span> 
     </span>
    </p>
   </div>
  </div>
