3948 6328
912 314 1277 379 EXPOSITIO
1310 316 1377 374 IN
1418 312 1755 385 QUATUOR
1788 306 2204 369 EVANGELIA.
2240 339 2309 351 —
2346 308 2413 364 IN
2454 307 2716 363 MATTH.

2689 175 2724 213 Ο

3345 302 3449 357 886

185 448 325 504 daeos
349 457 365 498 :
391 448 449 500 et
473 441 567 513 qui
589 439 727 497 dixit
752 452 862 492 non
890 452 956 492 eo
983 446 1040 491 et
1068 434 1218 502 fecit,
1241 431 1480 489 ostendit
1504 428 1759 500 populum
1786 431 1841 491 Α
1865 426 1919 481 in
1942 425 2104 495 spiris
2131 425 2332 495 pinnis,
2363 423 2415 478 id
2435 430 2521 478 est
2543 394 2836 479 sublevatis
2865 418 2985 481 alis,
3016 417 3089 473 ita
3119 426 3175 473 et
3194 415 3450 473 Christus

186 538 422 612 gentium
451 535 545 605 qui
568 532 697 589 fecit
724 546 821 603 per
842 528 1237 586 confessionem
1268 524 1412 579 ﬁdei.
1443 520 1764 577 Paterfami-

1864 517 2123 588 expandit
2145 516 2353 586 palmas
2392 517 2446 571 in
2473 530 2634 571 cruce
2659 523 2719 569 ut
2745 520 3102 583 congregaret
3131 511 3270 567 ﬁlios
3299 525 3447 576 suos,

186 601 284 690 ilus
311 601 580 701 plantavit
606 601 823 682 vineam
852 642 867 678 :
902 623 1073 680 Homo
1110 621 1252 677 Deus
1274 626 1432 690 pater
1460 624 1563 671 est.
1593 614 1773 670 Vinea‘
1868 612 2009 667 sicut
2041 609 2311 665 canticum
2352 606 2755 663 Deuteronomii
2784 604 3007 660 adserit.
3040 602 3313 674 Expandit
3338 601 3455 656 alas

194 736 488 798 synagoga,
516 734 632 791 *spe
658 714 1040 780 circumdedit,
1086 713 1140 769 id
1161 719 1246 768 est
1273 708 1517 767 custodia
1548 703 1769 776 angelo.

186 797 325 869 rum.
357 809 642 875 Torcular,
674 808 728 864 id
760 817 845 863 est
891 803 1148 874 templum
1185 797 1503 871 martyrium
1525 836 1540 861 ,
1564 803 1773 849 turrem

185 908 238 964 in
266 903 464 972 medio,
500 900 739 958 ostendit
769 898 1074 955 doctrinam
1112 892 1249 962 legis
1278 908 1291 946 :
1322 886 1559 961 agricola
1586 886 1774 940 docto-

187 1008 274 1055 res
303 1008 446 1061 sunt,
472 1010 595 1052 cum
625 1002 805 1051 autem
837 1001 1052 1060 tempus
1070 985 1233 1042 fructi
1265 981 1770 1055 appmpinquasset,

188 1092 238 1147 id
269 1099 354 1151 est
381 1090 644 1146 adventus
671 1084 871 1143 Christi
901 1081 1042 1139 servi
1082 1078 1265 1144 missi,
1295 1074 1573 1147 prophetae
1607 1075 1775 1133 sunt,

188 1198 348 1255 quem
385 1181 619 1252 primum
664 1177 1021 1239 occiderunt,
1069 1156 1152 1227 est
1196 1165 1458 1224 Jcremias
1507 1170 1563 1217 et
1605 1157 1776 1214 lsalas

188 1254 349 1347 quem
378 1269 769 1343 lapidaverunt,
806 1281 866 1322 es
902 1279 990 1319 me
1037 1260 1234 1325 Barth,
1266 1259 1379 1314 sive
1419 1254 1728 1325 Stephanus
1754 1266 1773 1303 :

188 1363 483 1436 Ejecerunt
512 1376 636 1417 eum
678 1368 833 1416 extra
870 1358 1109 1421 vineam,
1156 1352 1210 1408 id
1241 1360 1325 1408 est
1370 1347 1689 1410 Jerusalem,
1720 1346 1777 1398 in

190 1462 431 1511 montem
458 1451 499 1509 C
520 1453 751 1518 dvariaa,
782 1450 872 1506 hic
897 1450 1055 1504 vinea
1081 1454 1138 1502 et
1167 1445 1257 1499 alii
1290 1443 1510 1499 colonos
1541 1435 1781 1494 ostendit

191 1547 493 1603 Ecclesium
524 1546 787 1617 gentium,
811 1542 902 1613 qui
933 1542 1162 1596 reddunt
1186 1537 1440 1601 fructum,
1466 1534 1518 1589 id
1544 1541 1627 1588 est
1654 1546 1781 1587 con-

189 1638 481 1695 fessionem
503 1635 834 1707 poenitentiae
853 1643 909 1690 et
933 1633 1080 1688 ﬁdei.
1125 1631 1306 1702 Lapis,
1323 1629 1375 1683 id
1401 1624 1776 1684 estChristus:

189 1731 423 1786 scissum
449 1730 515 1783 de
563 1735 747 1782 monte
788 1727 904 1782 sine
945 1723 1227 1787 manibus,
1264 1721 1317 1777 id
1353 1727 1472 1786 est,
1509 1718 1626 1774 sine
1653 1721 1780 1771 actu

1870 710 2062 758 suaset
2084 698 2490 769 adsumpsiteos
2510 711 2674 768 super
2697 695 2947 767 scapulas
2965 709 3094 750 suas
3118 710 3131 747 :
3148 708 3277 749 ecce
3287 692 3457 747 relinc

1872 801 2068 863 quetur
2079 792 2517 853 domusvestras,
2530 787 2773 842 desertas
2792 785 3050 851 ostendit,
3065 782 3192 854 quia
3205 782 3455 838 derelicti

1858 889 2003 939 sunt
2028 898 2059 936 a
2084 882 2202 952 lege
2223 888 2391 935 suaet
2405 896 2434 934 a
2449 879 2731 951 prophetia
2756 886 2811 933 et
2835 892 2867 931 a
2891 876 3195 933 sacerdotio
3213 888 3347 930 :non
3368 887 3460 930 me

1874 973 2127 1029 videbitis
2152 974 2323 1029 donec
2335 971 2548 1036 dicatis,
2567 970 2888 1025 Benedictus
2903 969 2995 1040 qui
3011 968 3226 1024 venitin
3240 966 3460 1022 nomine

1876 1065 2125 1132 Domini,
2158 1064 2394 1121 ostendit
2423 1064 2549 1134 quia
2578 1064 2653 1117 -in
2699 1063 2938 1119 secundo
2979 1062 3213 1117 adventu
3256 1061 3464 1116 videbit

1878 1170 2002 1211 eum
2029 1157 2206 1210 omnis
2230 1169 2359 1211 caro
2376 1196 2390 1221 ,
2422 1162 2478 1210 et
2504 1153 2765 1226 plangent
2809 1168 2972 1223 super
2997 1167 3262 1209 seomnes
3287 1152 3465 1207 tribus

1879 1255 2041 1303 terrae
2084 1248 2176 1319 qui
2222 1255 2603 1319 pupuuxerunt
2655 1262 2800 1303 eum.
2846 1246 2964 1301 Non
2997 1247 3333 1317 relinquetur
3373 1244 3465 1301 hic

1879 1339 2017 1411 lapis
2041 1350 2205 1410 super
2240 1340 2470 1410 lapidem
2498 1382 2513 1406 ,
2560 1340 2799 1396 ostendit
2830 1339 3220 1409 dispersionem
3246 1336 3465 1393 Iudaeo-

1881 1442 2025 1496 rum,
2061 1439 2185 1486 tunc
2207 1430 2717 1486 scaudalizabuntur
2753 1429 2927 1494 multi,
2950 1429 3186 1484 ostendit
3209 1427 3337 1498 quia
3366 1438 3468 1496 per

1883 1522 2309 1593 magnitudinem
2366 1522 2764 1594 persecutionis
2820 1522 3097 1594 negabunt
3149 1518 3462 1575 Christum:

1883 1615 2302 1670 Abominatione
2335 1616 2571 1671 ostendit
2614 1623 2793 1670 statua
2839 1612 3158 1669 Antichristi
3197 1611 3373 1683 posita
3412 1610 3466 1664 in

1885 1705 2089 1775 templo
2117 1723 2131 1755 :
2164 1705 2448 1771 desolatio,
2479 1706 2533 1760 id
2557 1712 2643 1761 est
2673 1704 3069 1759 consummatio
3096 1720 3110 1757 :
3135 1702 3226 1771 qui
3256 1708 3384 1757 sunt
3412 1701 3469 1754 in

188 1823 334 1878 virili
365 1831 419 1878 et
440 1820 759 1886 concubitu,
788 1819 855 1874 de
881 1825 1054 1872 matre
1089 1815 1209 1870 sine
1241 1813 1448 1870 semine
1468 1853 1482 1877 ,
1522 1810 1589 1865 de
1623 1815 1781 1880 patre
1810 1792 1862 1853 Β
1885 1796 2093 1861 Ιιιιίωθ,
2119 1796 2175 1850 id
2203 1805 2299 1886 est?
2324 1797 2376 1850 in
2407 1796 2749 1853 confessione
2773 1795 2917 1850 ﬁdei.
2950 1793 3186 1866 Fugiunt
3214 1794 3280 1848 ad
3318 1806 3472 1847 mon—

189 1913 311 1968 sine
338 1922 567 1982 tempus.
601 1909 800 1965 Factus
832 1909 887 1963 in
915 1915 1079 1978 caput
1112 1903 1324 1977 anguli,
1368 1901 1611 1958 continet
1645 1898 1782 1953 duos

190 2004 467 2074 parietes,
513 2000 750 2056 ostendit
794 1998 1002 2053 Novum
1043 2007 1099 2053 et
1134 1996 1306 2052 Vetus
1332 1995 1779 2057 Testamentum,

189 2093 411 2153 Iudaeos
425 2102 482 2149 et
494 2101 681 2164 gentes
700 2110 712 2145 :
731 2091 821 2162 qui
837 2089 1095 2146 ceciderit
1113 2102 1279 2157 super
1292 2085 1526 2157 lapidem
1546 2095 1644 2137 con
1652 2078 1784 2134 frin-

192 2195 357 2256 getur
379 2185 645 2257 signiﬁcat
667 2192 854 2257 gentes
877 2194 1040 2251 super
1056 2177 1358 2242 Christum,
1381 2176 1447 2230 de
1468 2171 1785 2229 infidelitate

194 2280 264 2334 ad
304 2277 465 2332 ﬁdem
491 2276 861 2346 confringetur
892 2286 1089 2343 super,
1120 2270 1175 2324 id
1200 2277 1286 2324 est
1313 2267 1367 2322 in
1394 2263 1782 2328 humilitatem,

194 2383 366 2438 super
392 2383 548 2437 quem
577 2381 708 2420 vero
742 2364 998 2420 ceciderit
1024 2360 1161 2431 lapis
1187 2366 1433 2416 conteret
1456 2371 1584 2411 eum
1605 2361 1788 2410 osten-

196 2460 280 2515 dit
309 2458 525 2513 Judazos
554 2454 979 2526 superstitiosos.
1770 2472 1775 2475 -

273 2548 450 2604 Homo
495 2565 588 2603 rex
614 2548 702 2619 qui
738 2546 858 2617 fecit
897 2544 1106 2615 nuptias
1134 2540 1247 2612 ﬁlio
1281 2555 1397 2595 suo.
1441 2538 1615 2594 Homo
1644 2535 1791 2591 Deus

193 2652 363 2715 pater
385 2652 465 2698 est
484 2683 499 2708 ,
528 2658 624 2713 per
654 2640 867 2710 nuptias
902 2636 1137 2695 ostendit
1165 2633 1559 2706 copulationem
1586 2627 1790 2686 Christi

199 2744 259 2789 et
290 2733 569 2800 Eccelsiae,
603 2733 741 2788 sicut
770 2729 879 2786 Eva
908 2745 973 2785 ex
1001 2735 1151 2784 costa
1174 2725 1325 2793 Adae,
1357 2725 1436 2781 sic
1462 2722 1703 2778 Ecclesia
1722 2728 1794 2775 ex

198 2824 378 2880 latere
405 2821 606 2879 Christi
635 2826 909 2893 redempta
940 2829 1043 2887 est,
1073 2828 1129 2875 et
1155 2818 1297 2874 sicut
1317 2832 1384 2872 ex
1412 2814 1621 2885 virgine
1642 2820 1795 2867 terra

196 2916 473 2987 processit
501 2913 694 2980 Adam,
726 2914 801 2969 ita
828 2922 884 2968 et
909 2911 1158 2968 Christus
1181 2924 1249 2965 ex
1271 2907 1481 2979 virgine
1507 2904 1675 2959 Maria
1694 2916 1788 2957 na-

200 3013 301 3059 tus
330 3021 343 3035 ·
381 3002 526 3058 Misit
561 3019 746 3059 servos
784 3017 927 3067 suos,
969 3001 1023 3057 id
1062 3009 1148 3057 est
1185 2999 1564 3071 patriarchas,
1592 2996 1794 3051 iterum

202 3093 363 3148 misit
391 3092 546 3160 alios,
582 3094 635 3149 id
663 3102 747 3149 est
774 3093 1085 3164 prophetas,
1116 3088 1405 3160 prandium
1432 3095 1709 3157 paratum,
1738 3081 1798 3138 id

1887 1894 1992 1952 tes,
2020 1885 2073 1939 id
2102 1894 2205 1951 est,
2237 1885 2304 1940 ad
2331 1886 2632 1941 doctrinam
2672 1884 3064 1955 apostolorum,
3085 1883 3206 1952 quis
3229 1882 3281 1936 in
3308 1888 3468 1946 tecto,

1888 1977 1941 2033 id
1969 1984 2073 2042 est,
2119 1977 2173 2031 in
2202 1976 2619 2048 contemplativa
2643 1977 2755 2031 vita
2783 1992 2890 2031 non
2932 1973 3264 2030 descendant
3290 1973 3346 2027 in
3377 1972 3475 2027 do-

1888 2083 2058 2134 mum,
2096 2067 2150 2122 id
2179 2076 2263 2122 est
2285 2068 2341 2123 in
2366 2067 2545 2122 activa
2572 2067 2683 2148 vita
2714 2083 2727 2120 :
2770 2068 2825 2120 in
2868 2079 3021 2137 agro,
3052 2064 3106 2119 id
3138 2073 3221 2119 est
3243 2063 3299 2117 in
3329 2078 3472 2132 prte-

1886 2158 2162 2214 dicatione
2184 2158 2477 2226 Evangelii.
2519 2157 2635 2212 Non
2665 2157 2819 2212 tollat
2847 2156 3089 2211 tunicam
3120 2169 3296 2219 suam,
3316 2153 3368 2207 id
3393 2162 3477 2208 est

1888 2256 2000 2307 non
2044 2257 2347 2307 revertatur
2367 2250 2435 2304 ad
2471 2249 2755 2320 pristinam
2793 2247 3258 2303 conversationem
3297 2260 3473 2301 suam.

1972 2338 2064 2395 Va:
2105 2339 2498 2411 praegnantibus
2523 2380 2539 2406 ,
2589 2340 2643 2395 id
2690 2346 2776 2393 est
2821 2336 3330 2407 concupiscentibus
3387 2350 3477 2391 res

1893 2431 2098 2486 alienas
2144 2449 2158 2486 :
2196 2431 2291 2486 Vze
2323 2430 2720 2496 nutrientibus,
2752 2430 2806 2483 id
2836 2437 2954 2492 est,
2990 2429 3043 2482 in
3084 2441 3249 2498 opere
3284 2439 3479 2498 perpe-

1894 2522 2189 2587 trantibus,
2217 2537 2317 2591 per
2337 2536 2608 2587 eremum,
2641 2520 2880 2576 ostendit
2901 2519 3355 2591 persecutionem,
3384 2532 3480 2588 per

1894 2613 2159 2669 sabbatho
2207 2611 2370 2668 ﬁnem
2428 2612 2639 2667 mundi.
2692 2610 2793 2668 Ubi
2859 2610 3025 2666 fuerit
3072 2623 3303 2681 corpus,
3350 2608 3481 2664 illuc

1895 2702 2369 2775 congregabantur
2382 2712 2438 2759 et
2451 2701 2644 2773 aquila:
2660 2721 2672 2757 :
2698 2716 2895 2771 corpus
2910 2700 3164 2757 Christus
3175 2711 3260 2756 est
3277 2718 3290 2754 :
3320 2699 3477 2770 aqui—

1896 2799 1963 2855 la:
1998 2798 2208 2854 animas
2242 2807 2556 2854 sanctorum
2584 2808 2709 2854 sunt
2743 2815 2756 2852 :
2790 2796 2961 2852 Aliter
2990 2796 3043 2852 in
3082 2796 3481 2852 resurrectione

1896 2906 2222 2962 unaquaque
2258 2892 2435 2946 anima
2462 2892 2738 2963 proprium
2768 2905 2966 2960 corpus
2997 2898 3176 2946 sumet
3208 2908 3221 2944 :
3258 2905 3356 2961 per
3388 2905 3479 2946 so-

1895 2983 2037 3047 lem,
2068 2982 2309 3038 ostendit
2330 2983 2769 3052 praedicationem
2800 2981 3117 3053 Evangelii,
3148 2995 3250 3051 per
3274 2980 3480 3047 lunam,

1900 3072 2221 3138 Ecclesium,
2248 3087 2349 3143 per
2366 3072 2559 3149 stellas.
2576 3072 2747 3127 sancti
2769 3071 2882 3127 sive
2910 3072 3313 3144 praedicatores.
3362 3069 3484 3126 Vir-

196 3190 299 3237 est
331 3182 668 3254 scripturam
703 3162 942 3239 εείωωω
966 3222 981 3248 ,
1019 3181 1157 3236 tauri
1190 3178 1389 3243 occisi,
1429 3178 1664 3234 οειειιςιίι
1701 3173 1798 3245 qui
1824 3172 2047 3243 ctutes
2067 3164 2328 3254 caelorum
2356 3163 2873 3229 commovebuntur,
2908 3163 3011 3217 hoc
3036 3172 3118 3219 est
3149 3162 3361 3234 agmina
3388 3177 3487 3217 an-

201 3288 313 3347 pro
333 3251 552 3332 Christo
578 3277 892 3348 sanguinem
919 3274 1188 3329 fuderunt.
1216 3272 1416 3339 Altilia,
1455 3271 1509 3326 id
1530 3278 1614 3328 est
1650 3270 1793 3341 sagi-

1903 3253 2144 3326 gelorum
2172 3254 2239 3339 ad
2261 3253 2613 3323 iudicandum
2655 3260 2895 3323 apparet,
2914 3253 3125 3323 signum
3152 3252 3206 3306 in
3236 3252 3403 3319 ctelo,
3432 3251 3488 3307 id

203 3342 345 3425 nata
381 3387 394 3423 ε
436 3342 771 3425 abieruntvin
802 3368 1005 3435 villam,
1028 3366 1080 3423 id
1112 3372 1195 3420 est
1217 3366 1271 3420 in
1301 3366 1681 3438 cupiditatem:
1707 3361 1793 3417 ali

1902 3354 1989 3401 est
2014 3360 2147 3400 crux
2174 3342 2401 3407 Christi,
2432 3359 2532 3414 per
2566 3343 2753 3398 tubam
2793 3343 3029 3402 ostendit
3052 3343 3288 3399 sonitum
3315 3356 3485 3413 ange-

205 3464 269 3518 in
299 3463 739 3534 negotiationem,
772 3463 826 3518 id
853 3472 955 3530 est,
1079 3463 1283 3522 mundo
1312 3433 1450 3516 sicut
1479 3458 1553 3513 ait
1569 3456 1793 3527 Aposto‘

1902 3436 2102 3519 lorum.
2144 3435 2318 3491 Erunt
2344 3435 2450 3491 duo
2474 3436 2530 3490 in
2556 3450 2721 3507 agro,
2766 3435 2820 3489 id
2848 3441 2933 3490 est
2962 3434 3018 3488 in
3048 3433 3490 3506 praedicationem

202 3555 323 3621 lus,
347 3553 518 3611 Nemo
543 3555 778 3611 militans
800 3554 912 3611 Deo
937 3555 1219 3628 lmplicans
1239 3569 1298 3610 se
1323 3550 1550 3623 negotiis
1577 3546 1802 3605 saecula-

190 3644 372 3701 'ribus
399 3654 459 3701 ut
482 3644 691 3716 placeat
710 3646 760 3701 ei
780 3646 865 3702 cui
891 3660 948 3701 se
968 3647 1219 3718 probavit
1243 3663 1257 3700 :
1279 3642 1475 3714 reliqui
1508 3640 1805 3697 tenuerunt

205 3753 409 3796 servos
452 3738 605 3810 ejus,
669 3739 904 3795 ostendit
944 3740 1209 3809 impetum
1252 3734 1668 3810 persecutionis.
1709 3730 1806 3786 Ait

208 3835 396 3891 servis
417 3834 561 3897 suis,
594 3834 647 3889 id
687 3840 772 3889 est
795 3833 1093 3904 apostolis:
1133 3832 1338 3902 nuptiae
1367 3829 1523 3885 facta:
1556 3834 1710 3890 sunt,
1744 3822 1803 3879 id

205 3936 302 3983 est
326 3966 344 3992 ,
379 3926 542 3981 corda
572 3925 908 3981 credentium
952 3925 1235 3996 conjuncta
1275 3936 1397 3976 cmn
1442 3919 1659 3975 Christo
1702 3926 1809 3987 pro

206 4031 409 4075 amore
435 4017 699 4073 caritatis.
736 4015 813 4070 lte
841 4017 909 4071 ad
945 4016 1122 4072 exitus
1143 4016 1375 4079 viarum,
1402 4011 1456 4066 id
1483 4016 1567 4065 est
1587 4008 1653 4062 ad
1674 4021 1806 4078 gen-

194 4122 327 4177 tes,
358 4114 821 4179 congregaverunt
846 4107 1015 4162 bonos
1060 4114 1115 4161 et
1150 4104 1345 4171 malos,
1402 4099 1638 4157 ostendit
1662 4110 1805 4169 prae-

205 4209 434 4257 sentem
459 4199 660 4254 vitam:
683 4197 904 4252 intravit
929 4202 1027 4253 rex
1052 4197 1120 4252 ad
1148 4192 1546 4253 discumbentes
1571 4187 1810 4247 ostendit

207 4291 523 4349 secundum
581 4289 867 4343 adventum
908 4328 924 4354 ,
966 4289 1132 4343 homo
1184 4300 1292 4343 non
1348 4285 1561 4340 habens
1597 4288 1808 4336 vestem

204 4385 555 4457 nuptialem,
603 4385 838 4439 ostendit
887 4384 1202 4449 caritatem,
1236 4389 1301 4437 ut
1339 4381 1455 4445 ait,
1514 4378 1647 4434 ﬁdes
1685 4376 1807 4432 sine

190 4478 456 4535 caritate
491 4486 703 4532 mortua
728 4484 831 4531 est.

294 4569 500 4625 Mulier
550 4608 563 4622 .
625 4568 679 4623 id
730 4576 813 4623 est
866 4567 1180 4640 Synagoga‘,
1241 4556 1340 4637 per
1391 4572 1597 4636 septem
1636 4562 1808 4628 viros,

200 4659 523 4731 eptaticum
574 4657 893 4727 intelligitur
942 4677 962 4717 _:
1027 4656 1220 4719 mulier
1284 4655 1534 4717 defuncta
1561 4694 1578 4719 ,
1624 4653 1683 4713 id
1727 4658 1813 4709 est

207 4751 411 4806 littera
460 4746 708 4803 defuncta
764 4747 1073 4803 transiendo
1124 4747 1191 4802 de
1248 4745 1428 4802 Veteri
1463 4743 1809 4799 Testamento

212 4841 277 4897 in
336 4838 519 4905 Novo,
568 4839 622 4893 in
667 4838 1064 4893 resurrectione
1103 4836 1191 4892 cui
1232 4838 1365 4903 erit,
1425 4836 1483 4892 id
1519 4844 1602 4892 est
1628 4832 1813 4890 Eccle-

214 4933 331 4989 sia:
371 4929 596 4986 Christi.
653 4930 799 4984 Dixit
843 4929 1102 4985 Dominus
1132 4969 1147 4995 ,
1210 4929 1264 4984 id
1318 4937 1401 4984 est
1456 4929 1598 4982 Deus
1647 4926 1811 4981 Pater

213 5024 462 5079 Domino
501 5037 655 5087 meo,
693 5020 746 5076 id
796 5029 914 5086 est,
956 5020 1175 5076 Christo
1204 5061 1218 5087 ,
1256 5018 1429 5074 donec
1472 5034 1667 5089 ponam
1708 5018 1809 5073 ini-

219 5119 409 5173 micos
438 5124 558 5171 tuos
588 5113 881 5171 scabelhn
908 5114 1107 5184 ped-In
1148 5120 1366 5168 tuorum
1385 5150 1401 5177 ,
1430 5111 1667 5166 ostendit
1714 5110 1809 5180 qui

218 5207 545 5266 humiliavit
582 5206 797 5263 Sotimus
814 5217 875 5262 et
910 5213 1097 5277 gentes
1116 5219 1216 5275 per
1238 5203 1554 5275 patientiam
1573 5202 1675 5257 sub
1713 5216 1808 5271 pe-

216 5301 395 5358 dibus
411 5298 530 5371 ejus
547 5341 564 5367 ,
586 5309 679 5356 aut
699 5316 798 5371 per
820 5299 1111 5361 vindictam
1132 5296 1427 5367 puniantur
1438 5303 1813 5366 persecutores

215 5401 281 5448 et
334 5391 393 5446 in
437 5390 649 5454 futuro,
698 5405 858 5462 super
884 5390 1198 5446 cathedram
1224 5387 1390 5458 Moysi
1412 5424 1426 5450 ,
1464 5386 1518 5440 id
1541 5393 1624 5440 est
1651 5398 1814 5453 super

216 5482 543 5541 doctrinam
569 5483 761 5553 ipsius,
786 5482 1136 5552 philacteria,
1168 5479 1224 5535 id
1259 5486 1361 5543 est,
1394 5477 1460 5532 Χ.
1490 5476 1651 5531 verba
1677 5474 1812 5546 legis

219 5578 289 5633 in
313 5575 526 5630 cartula
555 5576 861 5644 conscripta
893 5582 1174 5644 portantes
1198 5569 1457 5626 Pharisaei
1490 5569 1546 5623 in
1578 5567 1774 5622 fronte.

192 5715 203 5733 τ
300 5665 625 5732 Jerusalem,
647 5664 939 5721 Jerusalem
961 5680 980 5719 :
1002 5664 1283 5736 geminans
1306 5658 1544 5717 ostendit
1565 5657 1816 5714 allectum

219 5758 465 5825 doloris,
487 5759 628 5815 sicut
650 5758 848 5831 gallina
867 5771 1201 5829 congregans
1223 5754 1399 5828 pullos
1414 5752 1518 5811 sub
1536 5752 1816 5829 alasﬁsuas,

1899 3529 2181 3601 Evangelii
2212 3545 2228 3583 :
2253 3544 2392 3584 unus
2412 3528 2747 3593 adsumetur,
2773 3527 2826 3583 id
2846 3538 2950 3593 est,
2979 3527 3069 3597 qui
3097 3525 3491 3597 complet‘prat-

1900 3620 2232 3677 dicationem
2270 3620 2324 3676 in
2351 3634 2517 3691 opere
2557 3617 2741 3675 :alius
2785 3617 3143 3689 relinquetur,
3201 3617 3251 3670 id
3297 3624 3382 3670 est
3433 3613 3492 3669 in

1900 3720 2069 3780 opere
2088 3709 2334 3780 iustitiae,
2358 3711 2416 3764 in
2445 3708 2615 3774 mola,
2642 3709 2696 3764 in
2726 3709 2948 3774 mundo,
2980 3708 3085 3763 duo
3107 3704 3404 3769 molentes.
3435 3703 3493 3760 id

1898 3810 2026 3869 est,
2055 3802 2111 3856 in
2145 3801 2388 3859 Ecclesia
2419 3799 2686 3856 catholica
2714 3810 2769 3855 et
2797 3799 3194 3855 haereticorum.

1980 3892 2166 3949 Simile
2193 3903 2269 3948 est
2294 3908 2507 3963 regnum
2535 3890 2783 3946 caelorum
2804 3889 2981 3944 decem
3008 3889 3315 3960 virginibus,
3353 3889 3497 3944 acci-

1908 3985 2104 4055 pientes
2133 3983 2400 4052 lampadea
2436 3998 2580 4039 suae.
2622 3981 2682 4035 ld
2706 3988 2821 4040 est.
2854 3981 2906 4034 in
2942 3981 3344 4035 resurrectione
3371 3995 3496 4035 cor-

1902 4084 2044 4144 pora
2074 4087 2194 4128 sua.
2230 4070 2480 4141 Virgines
2510 4078 2637 4128 sunt
2664 4084 2731 4126 eo
2753 4071 2896 4140 quod
2944 4069 3220 4127 Christum
3252 4085 3361 4129 non
3397 4084 3495 4147 ue-

1902 4172 2177 4235 gaverunt
2232 4184 2245 4219 :
2302 4167 2543 4237 quinque
2591 4164 2921 4235 prudentes,
2963 4178 3030 4220 eo
3081 4163 3224 4234 quod
3275 4171 3500 4234 propter

1913 4271 2143 4328 regnum
2180 4256 2276 4312 Dei
2307 4256 2982 4327 laboraverunt,quinque
3008 4255 3172 4312 fatua
3199 4297 3214 4322 ,
3258 4256 3500 4312 ostendit;

1915 4349 2007 4418 qui
2033 4363 2134 4420 pro
2163 4349 2522 4405 retributione
2552 4349 2805 4404 humanae
2829 4348 3003 4403 laudis
3027 4355 3347 4417 gesserunt:
3375 4346 3501 4402 dor-

1918 4440 2136 4505 mitare,
2164 4450 2249 4518 est
2275 4448 2402 4497 ante
2427 4449 2658 4497 mortem
2682 4439 3028 4510 languescere
3044 4478 3060 4504 ,
3086 4438 3324 4494 dormire
3345 4452 3497 4504 vero,

1836 4542 1893 4608 1)
1919 4536 1977 4592 in
2010 4544 2186 4593 morte
2204 4536 2485 4607 quiescere
2501 4546 2605 4600 est,
2626 4535 2803 4591 media
2828 4542 3009 4599 nocte,
3035 4533 3090 4588 id
3111 4540 3215 4597 est,
3239 4533 3294 4587 in
3312 4545 3503 4588 errem

1918 4629 2034 4685 sive
2060 4630 2116 4684 in
2165 4628 2458 4684 securitate
2493 4627 2845 4700 negligentes.
2896 4624 3089 4682 Nescio
3137 4638 3267 4689 vos,
3319 4623 3372 4677 id
3417 4627 3503 4677 est

1917 4721 2104 4776 nescio
2125 4735 2289 4790 opera
2313 4728 2494 4775 vestra
2519 4721 2658 4775 bona
2691 4738 2703 4772 :
2736 4720 2897 4774 homo
2922 4717 3273 4788 proﬁciscens
3290 4757 3306 4782 ,
3335 4715 3500 4771 Chri-

1917 4819 2035 4869 stus
2076 4821 2165 4868 est
2189 4854 2205 4879 ,
2250 4826 2477 4884 peregre
2502 4811 2821 4882 profectus,
2858 4811 2914 4866 id
2937 4818 3023 4866 est
3062 4810 3130 4866 de
3178 4810 3380 4865 mundo
3432 4808 3503 4865 ad

1916 4915 2146 4975 patrem.

1995 5004 2211 5062 Vocaut't
2254 5024 2423 5063 servos
2453 5023 2597 5073 suos,
2644 5004 2700 5062 id
2746 5013 2833 5062 est
2873 5005 3143 5073 doctores,
3180 4996 3344 5061 dedit
3391 5002 3498 5060 illis

1914 5103 2059 5157 bona
2084 5116 2205 5167 sua,
2231 5102 2284 5157 id
2320 5109 2405 5155 est
2444 5100 2747 5156 doctrinam
2782 5099 3090 5170 Evangelii,
3130 5100 3369 5171 quinque
3401 5104 3487 5154 ta-

1922 5193 2089 5261 lenta,
2122 5196 2175 5250 id
2198 5204 2286 5249 est
2313 5195 2551 5266 quinque
2574 5208 2784 5258 sensus,
2812 5193 2993 5261 visus,
3023 5194 3271 5261 auditus,
3295 5192 3495 5248 odora-

1926 5296 2032 5352 tus,
2068 5296 2276 5356 gustus,
2303 5296 2516 5343 tactus:
2548 5302 2685 5357 quos
2708 5300 2806 5357 per
2826 5288 3269 5344 consuetudinem
3293 5283 3502 5339 solebat

1924 5394 2162 5445 movere,
2189 5387 2285 5434 aut
2324 5392 2520 5435 causas
2542 5379 2890 5436 transitorias
2930 5386 3209 5435 convertat
3241 5374 3308 5429 ad
3345 5381 3504 5428 aeter-

1922 5490 2046 5530 nam
2089 5491 2104 5528 :
2138 5475 2218 5530 sic
2246 5476 2313 5530 de
2340 5475 2459 5529 visu
2488 5475 2688 5530 dictum
2722 5482 2807 5530 est
2840 5484 3025 5529 averte
3055 5470 3239 5526 oculos
3272 5480 3419 5522 meos
3444 5469 3507 5523 et
3535 5500 3551 5511 ο

1921 5565 2128 5635 reliqua
2169 5584 2184 5620 :
2228 5567 2295 5621 de
2349 5566 2574 5632 auditu,
2610 5566 2737 5636 θερί
2778 5580 2937 5621 aures
2984 5574 3099 5619 tuas
3138 5576 3238 5616 nec
3281 5556 3506 5613 audiant

1923 5657 2137 5729 linguas
2174 5658 2521 5728 blasphemia:
2555 5675 2568 5713 :
2601 5660 2668 5713 de
2702 5659 2930 5715 odoratu
2959 5699 2972 5723 ,
3026 5657 3197 5711 bonus
3233 5653 3366 5708 odor
3408 5665 3505 5707 su-

1920 5762 2051 5805 nius
2092 5748 2226 5817 Deo,
2256 5751 2310 5805 in
2348 5752 2435 5807 his
2471 5749 2563 5823 qui
2612 5752 2747 5807 salvi
2787 5752 2921 5807 ﬁunt
2952 5769 2964 5806 :
2995 5752 3061 5807 de
3105 5748 3296 5823 gusitu.
3338 5742 3507 5806 noli.
