3948 6328
198 392 307 449 889

903 385 1267 458 EXPOSITIO
1301 384 1369 442 IN
1409 382 1746 454 QUATUOR
1783 381 2197 441 EVANGELIA.
2236 413 2306 425 --
2339 383 2407 439 ΙΝ
2444 379 2755 442 MARCUM.

3363 382 3467 442 890

201 506 480 580 quentiam
501 503 703 575 populi,
737 519 835 574 per
861 504 1201 574 paraliticum
1225 504 1462 560 ostendit
1485 504 1779 559 humanum
1808 506 1859 566 Α
1885 513 2106 574 propter
2133 504 2339 574 spinas,
2359 505 2410 559 id
2437 515 2522 562 est
2548 521 2646 576 pro
2671 503 2998 574 obligatione
3022 502 3356 572 divitiarum,
3381 507 3465 561 vel

198 614 394 671 genus,
440 611 539 667 per
575 596 792 662 lectum,
827 611 1024 667 corpus
1055 615 1070 652 :
1099 598 1145 652 A
1172 606 1406 666 quatuor
1444 597 1782 666 portabatur,

197 691 305 746 hoc
332 697 459 745 sunt
487 697 720 758 quatuor
745 687 1010 743 elementa
1042 705 1138 758 per
1163 704 1322 759 quem
1351 699 1566 745 constat
1587 689 1781 756 homo,

197 793 295 836 aut
335 781 392 836 in
441 789 671 852 quatuor
710 781 929 836 ordines
973 780 1248 852 Evangelii
1279 799 1290 834 :
1324 789 1417 836 aut
1455 781 1511 836 in
1551 792 1785 851 quatuor
1809 809 1822 816 -

195 873 429 928 virtutes
458 873 676 940 animae,
707 873 758 928 id
790 885 872 929 est
900 874 1198 942 fortitudo;
1233 875 1467 946 justitia,
1498 878 1784 948 prudentia

197 973 258 1020 et
291 965 679 1035 temperantia;
727 965 989 1021 fortitudo
1016 977 1099 1023 est
1126 984 1367 1039 pugnare
1398 978 1586 1025 contra
1617 970 1778 1033 vitia,

192 1055 410 1128 justitia
436 1058 765 1129 est-diligere
788 1058 956 1114 Deum
983 1076 1049 1115 ex
1077 1069 1188 1116 toto
1216 1061 1378 1116 corde
1401 1069 1452 1116 et
1475 1061 1782 1131 proximum

197 1151 342 1208 sicut
370 1151 639 1222 seipsum,
667 1152 954 1221 prudentia
983 1163 1066 1208 est
1090 1154 1378 1222 providere
1407 1153 1587 1208 futura
1608 1195 1624 1220 ,
1653 1165 1783 1209 tem-

197 1249 446 1320 perantia
473 1255 557 1304 est
580 1249 727 1304 omni
756 1249 871 1316 irae,
897 1250 1174 1319 imponere
1190 1259 1418 1316 motum,
1441 1252 1785 1306 nudaverunt

198 1349 432 1407 tectum,
473 1342 526 1397 id
570 1350 654 1398 est
701 1343 980 1398 historiam
1028 1343 1162 1414 legis
1201 1342 1617 1414 patefacientes,
1656 1345 1782 1399 sub-

196 1437 495 1492 misserunt
529 1439 846 1507 grabatum,
889 1437 1127 1492 ostendit
1173 1438 1498 1492 denudatam
1545 1436 1780 1491 litteram

196 1525 367 1597 legis,
413 1524 756 1581 manifestum
800 1541 1018 1581 sensum
1066 1526 1373 1598 Evangelii,
1408 1527 1666 1595 praecepit
1703 1526 1780 1581 eis

194 1628 256 1675 ut
285 1620 342 1674 in
377 1619 624 1675 navicula
647 1620 748 1675 sibi
777 1619 1144 1686 deservirent,
1183 1620 1235 1675 id
1266 1628 1350 1676 est
1375 1619 1616 1675 Ecclesia
1645 1633 1774 1690 pra:-

196 1712 464 1768 dicarent.

194 1809 212 1845 ῖ
268 1804 518 1858 Ascendit
556 1805 614 1858 in
644 1813 902 1870 montem,
937 1802 1210 1875 significat
1237 1803 1610 1861 ascensionem
1663 1802 1782 1872 ejus

1884 593 2245 650 sollicitudine
2272 595 2451 650 saeculi
2474 637 2488 661 ,
2511 605 2730 666 propter
2761 595 3035 666 frigorem,
3066 594 3118 649 id
3142 604 3226 650 est
3247 611 3346 666 pro
3373 613 3468 652 cu-

1881 685 2108 755 piditate
2135 686 2332 742 mentis
2357 695 2450 742 aut
2479 687 2811 754 inﬁdelitate,
2825 697 3047 758 propter
3075 697 3376 758 serpentes,
3402 688 3457 744 id

1883 789 1965 837 est
1994 791 2208 853 propter
2236 782 2539 838 doctrinam
2569 784 2965 840 haereticorum.

1910 891 1913 895 λ
1958 873 2079 929 Non
2108 875 2311 929 duobus
2341 876 2531 930 tunicis
2565 876 2618 930 id
2648 884 2731 930 est
2776 890 2880 930 non
2914 873 3073 944 dupla
3103 882 3318 940 mente,
3359 872 3461 931 nec

1883 967 2158 1024 dubietate
2188 969 2330 1025 inter
2359 968 2516 1024 ﬁdem
2541 976 2597 1023 et
2640 968 3007 1035 inﬁdelitatem
3027 1009 3044 1034 ,
3075 983 3180 1023 non
3211 967 3366 1038 dupla
3395 968 3463 1024 ﬁ-

1884 1063 2040 1118 ducia
2066 1063 2120 1118 in
2149 1077 2286 1117 novo
2310 1072 2405 1118 aut
2431 1063 2486 1118 in
2514 1064 2685 1118 veteri
2713 1081 2726 1117 :
2750 1061 2866 1118 Non
2893 1061 3034 1118 sicut
3059 1061 3344 1118 simulares
3371 1061 3465 1127 qui

1885 1155 1954 1210 ab
1997 1155 2310 1210 hominibus
2356 1154 2568 1210 laudem
2599 1163 2878 1224 quaerunt,
2911 1169 3008 1224 per
3046 1169 3258 1210 coenam
3301 1167 3466 1224 quam

1884 1266 1992 1306 non
2041 1251 2392 1322 subsequitur
2441 1250 2766 1322 prandium,
2810 1250 3204 1306 consummatio
3247 1249 3462 1314 saeculi,

1885 1345 1976 1415 qui
2011 1345 2261 1399 veniente
2290 1344 2507 1399 Christo
2539 1342 3058 1398 consummationem
3101 1356 3251 1396 suam
3293 1340 3464 1405 vidit,

1878 1437 1990 1509 jam
2016 1438 2277 1508 praeteriit
2307 1439 2460 1501 hora,
2492 1437 2544 1493 id
2569 1445 2653 1492 est
2681 1437 2863 1492 littera
2892 1435 3054 1507 legis,
3083 1435 3226 1491 unde
3249 1435 3343 1501 ait,
3377 1449 3466 1490 ve-

1885 1539 1998 1586 tera
2029 1531 2348 1585 transierun.
2383 1539 2438 1585 et
2465 1545 2594 1587 ecce
2622 1529 2762 1586 facta
2801 1538 2927 1584 sunt
2949 1543 3107 1584 nova.

1958 1621 2131 1678 Naves
2147 1624 2200 1677 in
2215 1623 2382 1677 medio
2406 1623 2566 1676 maris
2583 1638 2602 1678 :
2619 1623 2670 1677 id
2690 1631 2772 1678 est
2792 1621 3029 1677 Ecclesia
3047 1622 3099 1676 in
3117 1618 3465 1675 ﬂuctuatione

1883 1714 2070 1768 mundi
2097 1713 2289 1769 :Jesus
2307 1714 2454 1768 solus
2477 1714 2530 1767 in
2555 1727 2705 1767 mare
2722 1752 2736 1777 ,
2763 1710 3032 1782 signiﬁcat
3051 1710 3200 1766 solus
3220 1718 3379 1764 natus
3410 1709 3462 1763 in

1885 1814 2029 1861 terra
2060 1807 2176 1862 sine
2206 1799 2356 1861 tactu
2385 1826 2397 1861 :
2432 1807 2635 1862 Ventus
2660 1805 2995 1868 contrarius,
3018 1804 3251 1859 ostendit
3275 1817 3461 1872 perse-

192 1907 325 1950 cum
355 1908 520 1950 carne
540 1893 594 1948 in
628 1893 823 1951 omium
843 1935 859 1962 ,
887 1903 1110 1960 tonans,
1143 1895 1390 1952 Christus
1419 1904 1530 1960 est,
1563 1895 1658 1950 ﬁlii
1699 1905 1779 1950 to-
1808 1899 1856 1959 B
1883 1900 2153 1954 cntionem
2183 1897 2378 1954 diaboli
2408 1905 2531 1968 post
2575 1896 2945 1972 ascensionem
2991 1894 3192 1950 Christi
3229 1895 3282 1948 in
3321 1893 3465 1963 Apo-

194 1986 391 2050 nitrui.
421 1985 663 2057 Apostoli
700 1996 826 2042 sunt
856 2007 868 2041 :
897 1987 1078 2044 Nubes
1111 1979 1388 2060 prophetae
1406 2031 1418 2055 ,
1443 1989 1622 2060 pluvia
1649 2005 1784 2059 prae-

193 2077 400 2135 dicatio
427 2087 542 2144 est,
573 2077 795 2134 lucerna
827 2079 928 2135 sub
955 2081 1156 2146 modio,
1183 2081 1237 2136 id
1262 2089 1346 2136 est
1373 2081 1467 2150 qui
1506 2097 1606 2150 pro
1634 2080 1787 2150 cupi-

194 2167 368 2224 ditate
395 2168 577 2224 steculi
606 2169 783 2235 docet,
817 2169 917 2226 sub
942 2170 1104 2238 lecto,
1137 2172 1189 2226 id
1220 2181 1308 2228 est
1325 2173 1661 2228 obscuritate
1691 2173 1785 2228 de-

193 2259 557 2332 linquentium
601 2276 708 2316 non
752 2270 835 2318 est
877 2264 1251 2319 absconditum
1297 2265 1440 2334 quod
1473 2281 1579 2320 non
1610 2264 1786 2319 mani-

193 2350 450 2418 festetur,
479 2353 688 2408 occulta
720 2353 837 2426 lege
878 2355 1186 2412 Iudaeorum
1209 2397 1224 2420 ,
1277 2372 1396 2425 qua:
1439 2356 1785 2412 manifestata

192 2455 279 2499 est
320 2445 569 2516 gentibus
589 2487 603 2511 ,
643 2433 814 2501 homo
841 2447 932 2516 qui
964 2449 1283 2512 seminavit,
1314 2449 1550 2504 ostendit
1591 2450 1782 2504 docto—

195 2554 351 2605 rem,
402 2540 544 2610 quod
591 2541 906 2608 seminavit,
939 2543 990 2597 id
1022 2551 1106 2598 est
1149 2543 1374 2597 verbum
1420 2543 1660 2598 divinum
1685 2584 1699 2608 ,
1729 2544 1784 2598 in

193 2639 366 2697 terra,
392 2633 446 2688 in
469 2633 632 2689 corde
655 2633 1336 2700 hominum,dormientcm,
1357 2636 1408 2690 id
1430 2643 1516 2690 est
1535 2636 1782 2691 nescien-

195 2732 331 2789 tem,
348 2740 446 2795 per
460 2734 676 2780 noctem
695 2725 1078 2781 adversitatem
1096 2726 1210 2782 sive
1225 2727 1581 2798 ignorantiam
1604 2738 1785 2783 osten-

195 2817 311 2883 dit,
340 2833 437 2888 per
464 2818 606 2873 diem
637 2833 766 2872 vero
793 2819 1126 2889 prosperitas
1166 2818 1280 2874 sive
1323 2819 1554 2874 scientia
1595 2828 1780 2875 osten-

196 2911 311 2974 dit,
336 2924 434 2978 per
462 2924 679 2981 germen
699 2952 714 2975 ,
764 2911 1232 2980 compunctionem
1263 2912 1444 2967 cordis
1463 2953 1477 2978 ,
1511 2929 1607 2983 per
1653 2913 1779 2968 her-

194 3001 326 3057 bam
356 3000 515 3056 ﬁdem
543 3016 797 3071 operum,
829 3017 928 3072 per
955 3004 1160 3072 spicam
1183 3045 1198 3070 ,
1232 3004 1621 3074 perfectionem
1655 3022 1782 3075 ope-

195 3093 430 3150 rationis
447 3134 462 3157 ,
485 3093 702 3164 plenum
728 3094 959 3150 fructum
988 3096 1042 3150 in
1073 3097 1242 3166 spica,
1269 3098 1506 3154 ostendit
1532 3113 1784 3154 consum-

196 3185 494 3246 mationem
515 3200 738 3256 operum
756 3227 771 3251 ,
796 3201 892 3256 per
919 3186 1115 3243 falcem
1141 3188 1466 3258 amputatio,
1499 3189 1782 3258 praesentis

1885 1990 2054 2047 stolos
2085 2009 2098 2044 :
2134 1989 2314 2045 Voluit
2337 1990 2617 2059 praeterire
2645 2003 2740 2044 eos
2759 2029 2774 2056 ,
2802 1988 3039 2042 ostendit
3065 1988 3132 2041 ad
3157 1985 3465 2056 probandos

1884 2099 1978 2140 eos
2049 2102 2060 2138 :
2121 2083 2454 2140 Genesareth
2516 2093 2729 2154 portum
2800 2091 2983 2152 aptum
3056 2081 3486 2158 interpretatur,

1885 2176 2019 2232 abiit
2048 2177 2101 2230 in
2135 2183 2317 2245 partes
2345 2176 2472 2247 Tyri
2518 2184 2573 2230 et
2620 2174 2867 2240 Sidonis,
2910 2175 2963 2230 id
3005 2181 3088 2229 est
3133 2173 3201 2229 ad
3238 2182 3463 2244 gentes,

1884 2269 2160 2340 ingressus
2183 2270 2236 2323 in
2263 2269 2444 2334 domo,
2477 2268 2530 2322 id
2557 2276 2640 2324 est
2665 2269 2718 2322 in
2747 2263 3029 2322 mundum.

1957 2362 2233 2417 Neminem
2264 2361 2424 2417 voluit
2450 2362 2584 2415 scire
2604 2402 2618 2425 ,
2652 2360 2890 2415 ostendit
2916 2357 3272 2415 humilitatem
3303 2375 3315 2410 :
3346 2357 3464 2411 Non

1882 2455 2058 2527 potuit
2076 2455 2265 2519 latere,
2296 2455 2350 2509 id
2378 2465 2461 2508 est
2489 2454 2614 2522 quia
2660 2467 2822 2522 Opera
2867 2449 2983 2520 ejus
3021 2449 3305 2505 manifesta
3337 2457 3466 2504 sunt

1885 2562 2119 2617 semper.
2144 2561 2240 2617 per
2262 2544 2538 2601 mulierem
2569 2542 2885 2614 intelligitur
2903 2542 3175 2613 primitiva
3197 2540 3460 2605 Ecclesia,

1885 2641 2129 2712 procedit
2159 2649 2283 2694 ante
2308 2639 2474 2710 pedes
2501 2637 2650 2702 Jesu,
2695 2635 2934 2708 Apostoli
2971 2643 3096 2691 sunt
3126 2653 3138 2689 :
3171 2635 3288 2690 sine
3314 2634 3466 2704 prius

1884 2742 2132 2789 saturare
2155 2731 2317 2797 ﬁlios,
2352 2731 2405 2785 id
2434 2739 2519 2786 est
2541 2728 2774 2794 Judaeos,
2805 2739 2864 2782 ut
2888 2726 3190 2798 percipiant
3214 2725 3467 2781 mandata

1881 2825 2016 2896 legis
2045 2823 2319 2896 Evangelii
2367 2840 2380 2876 :
2418 2822 2520 2878 etsi
2572 2822 2788 2893 indigne
2827 2819 3189 2889 judicaverint
3240 2833 3464 2888 regnum

1883 2916 2010 2982 Dei,
2045 2925 2173 2972 tunc
2197 2917 2464 2984 accipiant
2491 2923 2678 2986 gentes
2704 2914 2830 2969 illud
2863 2932 2875 2968 :
2905 2912 3110 2968 invenit
3134 2911 3364 2983 puellam
3384 2908 3468 2977 ja—

1887 3017 2100 3063 centem
2132 3022 2292 3077 super
2315 3006 2535 3070 lectum,
2581 3006 2635 3060 id
2673 3013 2759 3061 est
2813 3005 3019 3060 invenit
3075 3018 3196 3059 eam
3244 3003 3297 3057 in
3350 3001 3464 3071 pri-

1885 3099 2047 3154 stino.
2083 3137 2096 3151 .
2129 3138 2140 3152 .
2174 3137 2188 3152 .
2224 3137 2237 3150 .
2273 3137 2287 3152 .
2326 3097 2567 3166 corporis
2607 3095 2687 3151 sui
2721 3113 2734 3148 :
2768 3097 2989 3150 surdum
3017 3102 3072 3148 et
3101 3101 3341 3154 mutum,
3371 3106 3462 3145 os-

1884 3192 2058 3246 tendit
2083 3191 2377 3245 humanum
2404 3204 2602 3259 genus,
2631 3188 2828 3244 surdus
2855 3195 2974 3243 erat
2999 3188 3124 3257 quia
3151 3202 3257 3241 non
3283 3184 3467 3239 audie-

195 3277 325 3332 vita:
355 3286 410 3333 et
447 3279 844 3334 consummatio
871 3279 1090 3346 saeculi,
1135 3279 1441 3335 dimittente
1489 3283 1646 3337 turba
1681 3280 1779 3338 Ju-
1807 3269 1856 3332 C
1885 3285 1978 3340 bat
2007 3284 2258 3338 mandata
2309 3283 2434 3347 Dei;
2479 3295 2580 3336 nec
2624 3281 2804 3335 dicere
2849 3278 3061 3334 valebat
3091 3287 3304 3343 mutus,
3337 3278 3463 3346 quia

195 3373 436 3428 deorum
466 3371 639 3426 habiit
660 3372 713 3426 in
736 3387 950 3437 navem,
971 3372 1023 3427 id
1051 3381 1134 3430 est
1156 3375 1211 3428 in
1238 3373 1535 3430 Ecclesiam
1564 3389 1630 3429 ex
1655 3390 1786 3444 gen-

197 3461 344 3516 tibus
375 3477 388 3514 :
417 3461 550 3516 Alite
575 3460 730 3516 navis
751 3472 908 3516 erant
927 3477 1049 3517 cum
1082 3461 1193 3527 illo,
1218 3462 1271 3517 id
1296 3471 1380 3518 est
1408 3463 1651 3518 diversas
1673 3463 1773 3518 Ec-

197 3551 396 3608 clesias
421 3551 800 3608 haereticorum
835 3570 848 3605 :
879 3567 977 3621 per
1005 3552 1294 3622 procellam
1328 3553 1471 3607 venti
1501 3571 1514 3606 :
1543 3553 1783 3609 ostendit

197 3645 604 3716 persecutiones
647 3653 838 3700 contra
889 3645 1110 3710 fideles,
1163 3645 1357 3702 ﬂuctus
1401 3647 1684 3714 mittebat,
1722 3657 1784 3704 ut

199 3739 520 3810 impleretur
540 3739 711 3806 navis,
736 3739 971 3794 ostendit
991 3739 1420 3808 persecutionem
1450 3740 1779 3805 antichristi,

195 3847 292 3890 seu
325 3834 674 3889 suavissimam
694 3875 709 3900 ,
738 3841 798 3888 ut
822 3848 989 3904 prope
1019 3833 1428 3904 abnegationem
1464 3833 1705 3888 veniant.

268 3925 429 3982 Multi
459 3926 636 3981 dilecti
675 3945 708 3980 a
735 3925 877 3991 Deo,
906 3935 1258 3995 perseverant
1301 3926 1355 3980 in
1407 3925 1602 3992 ﬁdem,
1649 3927 1778 3981 dor-

196 4017 336 4072 mire
362 4015 634 4072 Christum
658 4015 712 4070 in
739 4031 944 4086 puppe,
977 4016 1213 4070 ostendit
1244 4016 1617 4084 probationem
1651 4015 1783 4072 ﬁde-

195 4109 330 4163 lium
360 4109 412 4164 in
437 4107 886 4177 persecutionem,
913 4107 1151 4161 excitant
1175 4121 1320 4170 eum,
1338 4106 1390 4160 id
1417 4115 1502 4160 est
1527 4105 1782 4160 invocant

196 4214 323 4254 eum
346 4199 399 4254 in
425 4197 879 4268 persecutionem,
911 4196 963 4250 in
1004 4195 1329 4265 adjutorium
1361 4193 1496 4260 sibi,
1526 4194 1666 4249 facta
1697 4204 1782 4249 est

194 4290 560 4360 tranquillitas
601 4304 816 4360 magna,
851 4288 904 4343 id
935 4297 1018 4343 est
1045 4297 1164 4357 post
1186 4286 1617 4358 persecutionem
1642 4286 1782 4341 anti-

194 4382 389 4438 christi
414 4392 470 4437 et
495 4390 616 4452 post
665 4380 1152 4447 resurrectionem,
1181 4381 1343 4434 homo
1371 4379 1574 4434 habens
1615 4378 1780 4448 spiri-

187 4483 310 4530 tum
345 4474 680 4529 immundum
707 4473 978 4544 signiﬁcat
996 4473 1296 4527 humanum
1325 4488 1494 4544 genus
1513 4514 1526 4538 ,
1556 4483 1779 4528 catenas

197 4575 574 4644 disrumpens,
623 4571 858 4628 ostendit
901 4579 1090 4641 gentes
1141 4569 1557 4640 pracvaricantes
1603 4569 1774 4641 legem

196 4674 409 4720 natura:
437 4680 548 4720 suae
581 4683 594 4718 :
621 4665 735 4719 sive
763 4663 1064 4718 doctrinam
1093 4661 1563 4733 philosophorum,
1600 4661 1679 4716 sic
1724 4671 1778 4716 et

195 4755 364 4814 Judaei
391 4757 788 4826 disrumpentes
819 4756 1054 4812 litteram
1084 4755 1219 4825 legis
1244 4754 1357 4810 sive
1385 4754 1727 4825 prophetiam
1759 4772 1772 4808 :

196 4849 432 4903 concidit
461 4847 726 4917 lapidibus
748 4887 762 4914 ,
787 4847 1027 4902 ostendit
1069 4846 1324 4917 pepulum
1367 4847 1608 4917 gentium
1646 4845 1779 4900 ado-

198 4948 381 4995 rantes
406 4939 648 5010 lapides:
673 4939 836 4994 homo
859 4939 1070 5001 sedens,
1097 4937 1326 4992 vestitus
1349 4937 1414 4991 ad
1442 4936 1599 4991 fidem
1622 4935 1776 5000 Jesu,

197 5033 434 5087 ostendit
454 5033 706 5088 vestitum
737 5031 840 5087 ﬁde
869 5042 925 5087 et
951 5032 1205 5097 caritate,
1234 5046 1364 5086 sana
1393 5037 1591 5093 mente,
1614 5029 1665 5085 id
1693 5038 1777 5084 est

198 5138 331 5192 pura
360 5134 523 5196 atque
567 5126 778 5181 sincera
807 5133 1007 5180 mente.
1050 5125 1380 5195 Erogaverat
1415 5123 1775 5179 substantiam

199 5226 349 5270 suam
377 5215 432 5270 in
461 5216 707 5282 medicis,
736 5215 790 5271 id
819 5223 902 5271 est
931 5215 1057 5284 quia
1091 5223 1258 5269 totam
1287 5214 1446 5269 fidem
1472 5225 1526 5270 et
1549 5230 1776 5271 conver-

200 5308 460 5364 sationem
493 5296 549 5364 et
577 5325 728 5380 spem
764 5325 915 5364 suam
951 5309 1006 5363 in
1037 5308 1368 5379 philosophis
1392 5317 1663 5379 posuerat.

271 5397 414 5454 Misit
447 5401 594 5455 binos
632 5415 650 5453 :
696 5403 933 5457 ostendit
961 5402 1067 5457 duo
1121 5409 1473 5467 testamenta,
1503 5410 1560 5456 ut
1585 5402 1774 5458 eadem

202 5488 394 5561 ubique
420 5492 744 5561 praedicent,
771 5493 1020 5549 similiter
1047 5503 1102 5548 et
1128 5494 1254 5563 quia
1287 5494 1490 5549 caritas
1512 5494 1566 5547 in
1595 5495 1776 5550 minus

204 5578 305 5634 duo
333 5599 435 5637 non
462 5585 715 5640 consistit
744 5603 756 5638 :
785 5601 882 5656 per
904 5587 1111 5656 virgam
1134 5627 1148 5650 ,
1177 5586 1630 5651 consolationem,
1664 5587 1777 5641 sive

206 5671 570 5744 disciplinam,
620 5677 923 5732 ostenditur
966 5687 1022 5732 ut
1060 5677 1258 5734 Paulus
1288 5680 1363 5734 ait
1397 5698 1409 5734 :
1441 5680 1568 5750 quid
1616 5679 1777 5735 vultis

204 5765 348 5837 virga
379 5772 497 5824 veni
515 5787 588 5824 un
617 5772 684 5825 ad
708 5787 804 5826 vos
823 5812 836 5834 ,
869 5787 936 5825 an
971 5773 1020 5826 in
1049 5773 1239 5844 spiritu
1269 5775 1697 5829 mansuetudinis
1723 5780 1780 5828 et

204 5859 616 5921 consolationis:
648 5861 1197 5922 calciati‘sandalibus
1227 5882 1325 5938 pro
1359 5867 1530 5923 tribus
1555 5863 1736 5921 causis
1758 5903 1776 5934 ,

1886 3374 2280 3431 confessionem
2310 3372 2484 3427 laudis
2511 3371 2736 3426 reddere
2764 3387 2869 3424 non
2900 3368 3148 3434 valebat,
3173 3378 3228 3423 et
3253 3367 3467 3423 confes-

1885 3467 2090 3523 sionem
2120 3465 2241 3520 ﬁdei
2263 3480 2370 3519 non
2401 3463 2653 3528 habebat,
2678 3462 2894 3517 educite
2920 3476 3042 3517 eum
3070 3469 3227 3515 extra
3251 3458 3464 3515 turbam

1889 3561 2126 3616 ostendit
2155 3569 2418 3615 remotam
2448 3558 2645 3624 vitam,
2672 3557 2798 3628 quia
2830 3557 2880 3611 in
2912 3555 3210 3612 remotione
3255 3568 3469 3622 semper

1883 3652 2160 3724 cognoscit
2189 3651 2350 3708 homo
2379 3649 2674 3706 caecitatem
2701 3660 3047 3720 peccatorum
3079 3664 3320 3704 suorum.
3350 3647 3464 3701 Ali-

1884 3749 1968 3796 ter
1993 3742 2206 3797 educite
2232 3757 2356 3798 eum
2396 3742 2463 3796 de
2506 3742 2661 3796 turba
2691 3749 3039 3811 peccatorum
3069 3740 3139 3796 ad
3178 3739 3466 3812 pristinam

1884 3835 2349 3890 conversationem
2378 3834 2530 3888 bona:
2555 3841 2783 3889 naturae.

1955 3926 2103 3982 Misit
2129 3927 2318 3998 digitos
2348 3927 2402 3980 in
2426 3943 2578 3980 aures
2602 3927 2784 3982 cordis
2813 3925 2929 3995 ejus
2957 3936 3008 3982 et
3031 3928 3235 3998 aperuit
3265 3943 3323 3982 os
3349 3927 3464 3996 ejus

1883 4023 1939 4078 in
1966 4020 2304 4076 confessione
2337 4019 2490 4082 fidei,
2521 4019 2820 4089 suspiciens
2853 4019 2910 4073 in
2938 4019 3076 4075 cmlo
3098 4060 3112 4085 ,
3142 4020 3380 4074 ostendit
3408 4029 3467 4074 ut

1882 4127 2070 4168 omnes
2103 4111 2289 4166 laudes
2316 4111 2426 4165 Deo
2453 4108 2758 4165 referrent:
2812 4109 3094 4181 ingemuit,
3142 4109 3195 4165 id
3241 4118 3324 4164 est
3365 4124 3467 4178 pro

1881 4208 2118 4282 peccatis
2164 4206 2377 4279 generis
2419 4205 2638 4260 humani
2668 4219 2787 4276 quac
2826 4205 2880 4259 in
2915 4204 3116 4260 mundo
3144 4203 3416 4259 eminebat
3447 4223 3461 4257 ς

1881 4302 2074 4365 Aliter,
2105 4308 2165 4356 ut
2192 4299 2496 4370 exemplum
2521 4300 2675 4356 daret
2697 4299 2854 4355 nobis
2879 4308 2940 4354 ut
2967 4315 3088 4355 cum
3117 4297 3466 4369 supplicatio-

1882 4392 2042 4448 nibus
2071 4407 2322 4464 rogemus
2351 4391 2518 4445 Deum
2551 4407 2564 4444 :
2598 4406 2695 4460 per
2723 4405 2922 4446 caecum
2961 4404 3130 4462 genus
3169 4389 3465 4444 humanum

1881 4485 2150 4551 ostendit,
2196 4484 2287 4555 qui
2324 4484 2664 4540 adduxerunt
2690 4499 2815 4539 eum
2863 4483 2930 4538 ad
2975 4479 3195 4547 Jesum,
3228 4481 3466 4537 ostendit

1883 4578 2151 4634 doctores.

1951 4673 1991 4727 Α
2000 4671 2254 4741 prehensa
2279 4686 2459 4735 manu,
2476 4669 2529 4724 id
2554 4677 2638 4726 est
2665 4667 2812 4724 dedit
2834 4666 3231 4738 operationem:
3265 4664 3466 4720 Eduxit

1884 4779 2006 4820 eum
2035 4770 2186 4818 extra
2218 4762 2394 4817 vicum
2416 4801 2431 4827 ,
2465 4760 2702 4816 ostendit
2741 4759 3098 4814 remotionem
3124 4755 3460 4827 contempla-

1884 4855 2048 4910 tionis
2076 4855 2202 4909 vitm
2247 4854 2360 4908 sive
2409 4863 2564 4908 extra
2611 4851 2896 4921 pristinam
2945 4849 3461 4906 conversationem:

1885 4961 2126 5016 expuens
2174 4945 2228 5000 in
2277 4943 2497 5009 oculos,
2556 4957 2654 5013 per
2721 4949 2969 5011 sputum,
3031 4940 3462 4996 incarnationem

1885 5037 2087 5093 Christi
2119 5036 2423 5092 ostenditur
2453 5049 2552 5105 per
2588 5049 2749 5104 quam
2784 5031 3134 5087 inluminatus
3169 5040 3254 5088 est
3292 5046 3464 5103 genus

1886 5131 2183 5186 humanum
2217 5143 2230 5182 :
2265 5126 2532 5196 impositis
2567 5125 2842 5191 manibus,
2871 5125 2923 5182 id
2955 5134 3038 5181 est
3063 5124 3208 5181 dedit
3246 5123 3460 5195 adjuto-

1885 5222 2026 5277 rium
2058 5219 2408 5291 operationis.

1964 5313 2126 5368 Video
2157 5314 2390 5366 homines
2424 5311 2559 5366 velut
2606 5311 2817 5366 arbores
2836 5351 2851 5376 ,
2897 5311 2986 5367 hic
3013 5309 3250 5367 ostendit
3280 5325 3461 5364 exem-

1883 5404 2033 5476 plum
2066 5403 2389 5459 humilitatis
2431 5413 2490 5457 ut
2517 5402 2693 5458 nullus
2720 5402 3007 5458 extollatur
3049 5405 3115 5459 de
3146 5403 3458 5469 virtutibus,

1885 5497 1978 5551 sed
2010 5495 2274 5550 minorem
2325 5503 2378 5549 et
2425 5494 2734 5550 inferiorem
2783 5510 2843 5551 se
2885 5497 3158 5552 existimet
3185 5494 3455 5549 omnibus.

1877 5587 2078 5642 lterum
2102 5587 2357 5656 imposuit
2380 5602 2569 5641 manus
2598 5602 2760 5656 super
2782 5587 2968 5643 oculos
2992 5604 3006 5641 :
3035 5593 3090 5641 et
3117 5589 3290 5654 aperti
3311 5591 3455 5651 sunt,

1878 5679 2118 5733 ostendit
2163 5679 2289 5748 quia
2341 5678 2549 5748 aperuit
2598 5681 2760 5734 corda
2799 5680 3076 5734 hominum
3124 5687 3183 5732 ut
3214 5675 3459 5732 viderent

1881 5770 2164 5825 scientiam
2197 5769 2290 5824 Dei
2321 5770 2466 5824 clare
2497 5779 2550 5825 et
2581 5772 2696 5825 sine
2742 5769 2904 5826 dubio
2943 5769 3265 5826 crederent:
3297 5770 3456 5827 resti-

1883 5873 1970 5920 tus
2003 5871 2087 5920 est
2116 5863 2170 5922 id
2191 5872 2275 5923 est
2305 5864 2359 5923 in
2379 5863 2535 5924 bonis
2559 5865 2830 5937 operibus.
