3948 6328
449 368 549 426 891

942 355 1334 416 WALAFRlDl
1373 352 1622 408 STRABI
1660 350 1862 407 FULD.
1905 347 2068 404 MON.
2111 343 2260 400 UPP.
2305 339 2483 396 PARS
2520 339 2564 392 l.
2604 369 2673 379 ——
2713 333 3168 393 THEOLOGICA.

3611 330 3658 382 8'.
3681 328 3716 382 ἒ.

525 481 670 537 Misit
698 478 847 532 illum
896 478 953 529 in
989 475 1202 526 domum
1233 488 1415 535 suam,
1455 471 1507 523 id
1538 478 1624 523 est
1671 467 1941 523 revocavit
1974 465 2035 518 il—
2063 467 2113 526 Α
2137 465 2562 533 Adam-pertres
2586 458 2849 528 peccavit,
2870 457 2921 510 id
2947 467 3029 510 est
3053 451 3361 520 concupivit
3389 448 3719 518 prmvarica-

452 577 561 630 lum
624 573 691 628 ad
749 569 1033 642 prisrinam
1099 568 1386 621 mundame
1449 575 1659 618 natura:
1709 583 1722 617 ;
1769 561 2038 616 discensio

453 664 654 721 Christi
683 664 750 718 de
778 669 990 722 monte,
1021 659 1261 713 ostendit
1299 655 1413 723 ejus
1441 655 1836 709 discensiouem
1865 669 1895 706 e
1926 666 2040 706 cce-

455 759 560 810 lis:
595 755 682 809 hic
712 751 994 820 discipuli,
1021 751 1264 804 ordinem
1317 757 1500 804 tenent
1535 747 1924 815 Prophetarum
1958 741 2042 795 vel

457 848 528 902 Pa
541 846 939 902 triareharum:
970 841 1141 895 tut-lim
1174 841 1510 909 inquirentes
1539 838 1606 892 ab
1627 837 1723 899 eis,
1753 836 2039 890 adventum

456 938 658 992 Christi
685 934 920 990 ostendit
957 950 968 984 :
996 932 1148 1000 Quod
1181 932 1352 985 turbae
1372 972 1385 992 ,
1417 929 1589 999 legem
1619 944 1650 981 a
1674 925 1961 996 Pr0phetis
1987 931 2044 977 et

456 1028 792 1086 Patriarchis
810 1025 1236 1094 conquirebatur
1271 1036 1284 1074 :
1313 1021 1620 1076 salutabant
1649 1033 1772 1074 eum
1797 1057 1810 1079 ,
1842 1017 1929 1072 hic
1958 1030 2043 1070 sa-

459 1121 626 1174 lutem
659 1133 757 1189 pro
785 1116 1092 1172 humilitate
1139 1113 1458 1181 intelligitur
1489 1126 1502 1164 :
1531 1111 1621 1180 qui
1651 1108 1842 1164 adtulit
1875 1107 2044 1160 ﬁlium

461 1227 652 1276 suum,
699 1209 944 1264 ordinem
1003 1214 1148 1260 tenet
1193 1203 1631 1258 Patriarcharum
1683 1198 1825 1252 ﬁlius
1878 1212 2045 1267 genus

460 1304 754 1359 humanum
783 1300 1020 1356 ostendit
1053 1317 1064 1352 :
1112 1314 1207 1367 per
1237 1311 1481 1366 spumam
1517 1292 1824 1363 superbiam
1857 1301 2043 1344 osten-

465 1397 544 1452 dit
574 1415 587 1450 :
616 1411 716 1465 per
743 1393 1032 1450 stridorem
1066 1391 1328 1454 dentium,
1350 1405 1445 1458 per
1467 1402 1714 1442 arescere
1739 1384 2044 1448 avaritiam,

462 1486 699 1541 ostendit
735 1484 981 1553 discipuli
1029 1499 1132 1536 non
1161 1488 1455 1550 potuerunt
1485 1495 1677 1533 curare
1709 1497 1721 1530 :
1763 1477 1850 1530 hic
1881 1475 2046 1530 disci-

467 1578 580 1649 puli
612 1577 838 1648 ligurant
867 1583 1050 1630 tenent
1074 1573 1511 1626 Patriarcharum
1531 1612 1543 1634 ,
1566 1570 1691 1638 quia
1719 1584 1890 1638 neque
1921 1567 2051 1622 Pro-

471 1671 649 1740 phetas
672 1683 845 1737 neque
870 1666 1200 1720 Patriarcha:
1224 1673 1517 1733 potuerunt
1543 1676 1734 1717 curare
1757 1662 2049 1716 hmnanum

464 1777 635 1831 genus
656 1803 671 1827 ,
702 1761 806 1815 nisi
849 1760 1072 1813 veniens
1099 1758 1344 1812 Christus
1377 1771 1474 1810 suo
1517 1754 1778 1823 sanguine
1811 1752 2050 1807 redemit

2139 558 2248 621 vit,
2275 558 2505 626 superbe
2535 555 2645 624 egit
2675 573 2686 608 :
2721 555 2791 607 ita
2839 562 2893 605 et
2937 550 3188 605 Christus
3221 556 3334 602 tres
3363 546 3486 600 dies
3542 544 3640 598 fuit
3669 547 3730 599 it:

2140 651 2384 720 sepulcro
2418 665 2431 702 :
2461 648 2710 702 similiter
2739 654 2791 698 et
2822 643 3050 714 proinde
3071 682 3087 707 ,
3121 652 3203 695 ter
3251 640 3525 709 mergitur
3569 639 3727 696 home

2141 743 2242 794 sub
2271 738 2413 792 unda
2458 737 2708 806 baptismi
2745 753 2756 788 :
2792 735 2933 788 unde
2977 733 3054 787 ait
3092 731 3381 802 Apostolus
3426 729 3730 799 consepulti

2141 833 2282 888 enim
2313 846 2499 887 sumus
2525 846 2645 884 cum
2673 828 2891 884 Christo
2918 841 3017 896 per
3050 824 3379 894 baptismum
3415 839 3430 875 :
3468 821 3524 874 in
3558 831 3731 876 morte

2141 924 2286 977 enim
2309 923 2476 992 ipsius
2497 921 2748 992 haptizati
2771 935 2979 982 sumus,
2998 918 3089 987 qui
3113 916 3347 971 voluerit
3368 917 3422 968 in
3451 915 3614 968 vobis
3631 914 3734 983 pri-

2143 1030 2264 1068 mus
2287 1029 2407 1068 esse
2434 1031 2446 1066 :
2477 1013 2580 1067 erit
2599 1011 2839 1065 omnium
2865 1025 3074 1073 servus,
3101 1008 3187 1062 hic
3211 1007 3457 1061 ostendit
3486 1007 3734 1059 doctores

2145 1109 2398 1164 Ecclesiae
2419 1124 2432 1162 :
2457 1124 2633 1163 caecus
2651 1117 2798 1162 tenet
2812 1107 3035 1178 ﬁguram
3057 1105 3321 1176 gentium,
3339 1102 3738 1172 sedebatjuxta

2144 1201 2307 1265 viam,
2341 1201 2390 1253 id
2418 1208 2500 1254 est
2522 1200 2674 1270 juxta
2712 1198 2890 1253 ﬁdem.

2215 1290 2487 1344 Clamabat
2516 1292 2584 1344 ad
2611 1290 2824 1353 Iesum,
2856 1289 3097 1344 miserere
3125 1289 3226 1342 mei
3261 1305 3279 1341 :
3315 1287 3584 1342 Moralem
3623 1303 3738 1342 sen-

2148 1399 2302 1448 sum,
2337 1398 2458 1436 cum
2490 1383 2864 1437 iucumbeutus
2887 1383 2937 1435 in
2966 1381 3241 1447 oratione,
3273 1390 3404 1435 tunc
3438 1381 3602 1434 turba
3629 1381 3739 1436 fan-

2149 1481 2354 1538 tasma,
2394 1484 2606 1528 mentes
2639 1474 2872 1528 ﬁdelium
2907 1474 3216 1542 increpant,
3258 1482 3318 1528 ut
3367 1483 3594 1529 taceant
3620 1477 3739 1530 dum

2149 1567 2333 1621 volunt
2373 1583 2470 1620 nos
2495 1567 2783 1621 excludere
2833 1566 2900 1620 ab
2951 1568 3198 1622 oratione
3245 1571 3740 1636 perseverantibus

2151 1655 2305 1709 nobis
2337 1673 2350 1708 :
2389 1665 2513 1709 tunc
2556 1655 2712 1710 Jesus
2744 1664 2894 1710 stans
2940 1672 3094 1710 secus
3125 1672 3222 1710 nos
3253 1675 3266 1708 :
3301 1668 3456 1711 stare
3488 1660 3637 1712 enim
3663 1660 3739 1713 di-

2151 1750 2393 1804 vinitatis
2418 1759 2531 1816 est;
2566 1754 2797 1806 transire
2825 1766 2956 1806 vero
2981 1751 3336 1806 humanitatis
3373 1764 3462 1806 est
3496 1771 3509 1804 :
3541 1769 3738 1821 praere-

468 1822 615 1906 illum
636 1822 667 1916 ,Ι
702 1861 761 1906 ut
814 1851 888 1904 ait
929 1849 1196 1918 Propheta
1244 1846 1414 1901 frater
1443 1861 1550 1900 nou
1594 1822 1845 1910 redemit,
1871 1844 1925 1898 id
1967 1851 2051 1897 est
2081 1822 2124 1882 Β
2155 1839 2233 1908 pit
2261 1839 2380 1893 illos
2408 1855 2622 1904 vocare,
2647 1841 2699 1894 id
2728 1850 2807 1894 est
2840 1857 2936 1910 per
2976 1841 3418 1910 pnedicationem
3476 1845 3743 1913 apostolo-

466 1943 674 2014 Moyses
706 1958 802 2011 per
834 1942 1005 2012 legem
1035 1939 1281 1993 redemit.

541 2033 744 2099 Homo,
778 2033 830 2088 id
885 2040 968 2086 est
1026 2030 1273 2085 Christus
1335 2047 1346 2082 :
1410 2028 1491 2081 Ab
1537 2027 1786 2091 infantia,
1852 2025 1903 2079 id
1970 2032 2053 2078 est

467 2125 640 2194 prima
683 2133 842 2178 aetate
886 2124 1100 2192 generis
1131 2121 1349 2176 humani
1401 2138 1413 2173 :
1462 2119 1596 2174 dixit
1627 2130 1781 2188 pater
1822 2116 2049 2182 infanti;

469 2218 664 2284 Credo,
694 2219 886 2287 adjuva
913 2219 1285 2273 incredulitate
1318 2233 1456 2282 mea,
1491 2218 1726 2272 ostendit
1754 2217 1976 2280 dixisse,
2008 2216 2052 2270 si

469 2312 622 2366 deest
651 2312 784 2367 ﬁdes
813 2312 1020 2381 adauge
1039 2353 1054 2376 ,
1079 2310 1306 2364 multum
1335 2309 1649 2385 discerpcus
1679 2324 1802 2362 eum
1833 2327 1845 2362 :
1877 2317 2056 2362 osten-

468 2401 546 2457 dit
572 2403 696 2470 quia
721 2403 936 2473 quando
967 2402 1099 2456 vidit
1127 2400 1399 2455 diabolum
1430 2415 1713 2454 erasurum
1740 2399 1806 2454 de
1832 2407 1973 2453 terra
1999 2399 2053 2452 in

471 2494 577 2548 fine
605 2490 792 2548 mundi
820 2513 833 2547 :
861 2502 987 2548 tunc
1007 2493 1168 2546 datur
1198 2491 1270 2545 illi
1294 2501 1571 2560 potestas,
1604 2500 1662 2545 ut
1697 2490 1863 2545 faciat
1883 2505 2056 2559 quan-

469 2596 583 2640 tum
614 2586 728 2640 vult
754 2563 976 2656 propter
1003 2585 1208 2640 electos
1259 2584 1351 2636 Dei
1389 2602 1399 2636 :
1436 2599 1557 2636 etim
1604 2582 1736 2636 vidit
1765 2598 1824 2636 se
1855 2582 1919 2635 de
1947 2595 2056 2635 uno

471 2693 690 2747 quoque
721 2677 996 2732 hominem
1028 2692 1125 2746 per
1163 2674 1553 2731 confessionem
1598 2683 1653 2728 et
1679 2672 2051 2743 ptenitentiatn

469 2769 695 2838 expelli,
727 2777 856 2822 tunc
880 2776 1068 2822 contra
1099 2767 1216 2821 illos
1245 2766 1362 2835 plus
1392 2764 1673 2819 suscitavit
1703 2763 1827 2816 vitia
1855 2770 1908 2818 et
1935 2777 2055 2815 cru-

471 2860 775 2916 delissimas
798 2861 1229 2931 impugnationes
1249 2901 1262 2924 ,
1289 2858 1466 2913 factus
1491 2867 1573 2912 cst
1597 2857 1745 2911 velut
1771 2864 2016 2910 mortuus
2039 2871 2051 2906 :

471 2955 560 3011 hic
590 2955 896 3024 exemplum
927 2955 1163 3009 ostendit
1207 2960 1490 3024 purgatum
1538 2952 1845 3015 hominem,
1881 2949 1932 3002 id
1976 2955 2058 3002 est

471 3047 562 3115 qui
593 3061 688 3116 per
715 3046 1106 3101 confessionem
1131 3055 1184 3099 et.
1213 3043 1619 3113 pteuitentiant,
1655 3041 1945 3094 mortiﬁcat
1973 3054 2061 3094 se-

467 3139 759 3207 metipsum
795 3157 806 3191 :
840 3138 927 3192 hic
959 3137 1174 3191 videtur
1203 3136 1308 3189 duo
1349 3134 1607 3188 miracula
1648 3132 1842 3187 fecisse
1871 3130 2055 3188 Jesus.

471 3245 503 3284 a
539 3229 803 3286 daemonio
827 3229 1037 3284 curavit
1061 3238 1114 3282 et
1133 3226 1286 3297 quasi
1316 3235 1584 3281 mortuum
1619 3224 1905 3280 suscitavit
1935 3241 1946 3276 :
1980 3223 2058 3277 sic

471 3321 757 3378 suscitavit
795 3335 966 3392 genus
1017 3320 1309 3373 humaumn
1361 3334 1389 3370 a
1437 3326 1610 3371 morte
1675 3323 2054 3386 peccatorum,

470 3423 526 3469 et
549 3412 796 3467 liberavit
825 3429 852 3465 a
878 3411 1142 3466 daemonio
1171 3410 1482 3474 servitutis,
1511 3425 1608 3479 per
1634 3407 1830 3462 molam
1857 3405 2056 3460 circui-

477 3513 560 3558 tus
585 3502 765 3558 δείξουιὶ
797 3502 1100 3557 ostenditur
1133 3519 1145 3554 :
1178 3516 1274 3572 per
1288 3501 1518 3555 asinum
1570 3499 1910 3554 iunnunditia
1935 3512 2058 3568 pec-

475 3605 741 3648 calorum.

549 3687 783 3758 Mergere
809 3689 862 3742 in
885 3705 1048 3752 mare,
1071 3689 1121 3742 id
1139 3698 1224 3741 est
1250 3688 1535 3742 humiliare
1566 3704 1622 3743 se
1646 3688 1698 3741 in
1724 3686 1942 3742 sacculo
1963 3702 2060 3756 per

476 3779 853 3848 paenitentiam
871 3779 952 3833 vel
982 3781 1160 3849 perire
1185 3781 1237 3834 in
1262 3781 1511 3849 properio
1541 3791 1763 3850 peccato
1789 3795 1803 3832 :
1835 3780 1960 3849 quia
1980 3779 2056 3833 le-

477 3874 598 3927 vius
623 3882 706 3928 est
731 3889 828 3943 pro
856 3889 913 3928 se
953 3874 1070 3928 solo
1115 3888 1329 3943 poenam
1364 3874 1632 3928 sustinere
1652 3914 1666 3937 ,
1697 3889 1857 3943 quam
1889 3883 1943 3928 et
1970 3873 2059 3927 alii

477 3980 507 4016 a
550 3979 714 4034 regno
760 3965 857 4019 Dei
905 3965 1210 4020 disturbent
1241 3984 1251 4019 :
1287 3981 1382 4034 per
1413 3981 1626 4020 vermes
1656 3965 1892 4019 ostendit
1939 3980 2059 4019 sera

476 4056 823 4126 pmnitentes,
853 4071 1066 4128 semper
1085 4058 1319 4112 comedit
1347 4058 1495 4112 illttut
1521 4058 1571 4111 in
1597 4073 1754 4128 poena
1780 4059 1903 4128 quia
1931 4059 2056 4112 dum

471 4148 714 4219 .Spatium
738 4148 930 4203 habuit
955 4164 1059 4202 non
1084 4149 1418 4212 ememlavit,
1443 4150 1619 4204 omnis
1649 4149 1771 4218 igne
1798 4149 2055 4203 salictur:

473 4253 573 4306 per
604 4237 779 4308 ignem
808 4240 1059 4294 accensio
1085 4238 1320 4308 Spiritus
1349 4241 1521 4295 sancti
1570 4240 1905 4310 intelligitur,
1933 4241 2058 4310 quia

453 4323 619 4384 "sicut
645 4334 819 4386 omnis
847 4349 975 4387 caro
1003 4335 1162 4402 periit
1194 4334 1307 4387 sine
1335 4333 1409 4388 sal
1431 4375 1445 4399 ,
1471 4334 1544 4388 ita
1591 4342 1645 4389 et
1689 4334 1864 4388 omnis
1901 4335 2060 4388 homo

481 4421 599 4476 sine
626 4421 851 4477 scientia
885 4425 1033 4478 verbi
1080 4425 1170 4478 Dci
1208 4425 1499 4478 infatuetur
1529 4443 1541 4478 :
1573 4425 1764 4478 habete
1805 4424 1970 4490 salem
2006 4425 2058 4478 in

482 4515 634 4568 vobis
655 4556 668 4577 ,
703 4514 754 4567 id
781 4525 863 4569 est
889 4516 1082 4571 habete
1114 4518 1432 4586 sapientiam
1467 4517 1555 4570 Dei
1589 4517 1639 4570 in
1673 4517 1825 4571 vobis
1853 4536 1864 4571 :
1900 4517 2059 4571 Venit

465 4606 529 4661 .in
562 4607 759 4664 ﬁnibus
778 4607 962 4674 Judee,
993 4610 1230 4664 ostendit
1258 4612 1310 4666 in
1340 4609 1581 4666 futurum
1611 4627 1858 4667 reversos
1888 4611 1953 4666 ad
1989 4610 2057 4664 ﬁ-

478 4701 598 4756 dem
628 4701 828 4757 Christi
859 4701 1095 4759 Judteos.

548 4787 701 4845 Ultra
725 4791 1011 4847 Iordanem
1039 4795 1091 4850 id
1116 4804 1198 4849 est
1221 4796 1288 4850 ad
1309 4797 1538 4866 gratiam
1569 4797 1824 4867 baptismi
1853 4815 1864 4850 :
1895 4797 2056 4854 sinite

475 4880 729 4949 parvulos
763 4884 946 4937 venire
975 4886 1040 4938 ad
1074 4902 1195 4956 me,
1229 4887 1315 4941 hic
1353 4888 1559 4957 parvuli
1614 4897 1797 4941 tenent
1830 4888 2054 4958 ﬁguram

477 4974 719 5043 gentium
768 4993 780 5027 :
834 4976 1080 5046 discipuli
1129 4980 1218 5047 qui
1268 4981 1658 5049 prohibebant,
1712 4980 1939 5050 ﬁguram
1974 4991 2054 5036 te—

476 5075 605 5118 nent
659 5063 1006 5133 Iudaeorum,
1058 5072 1292 5127 camelos
1343 5089 1438 5141 per
1482 5074 1721 5129 foramen
1770 5089 1901 5128 acus
1947 5090 2054 5128 non

474 5167 657 5226 posset
687 5160 947 5224 transire,
979 5163 1079 5216 nisi
1111 5163 1369 5232 depositis
1387 5166 1663 5228 oneribus,
1695 5165 1772 5219 sic
1803 5175 1858 5219 et
1883 5163 2051 5219 Judtni

474 5249 578 5304 nisi
609 5251 849 5320 deposita
892 5269 1056 5309 onera
1104 5267 1480 5326 peccatorum,
1534 5258 1646 5311 sive
1677 5258 1893 5312 divitias
1944 5273 2052 5312 non

471 5351 696 5411 possunt
734 5343 938 5400 intrare
969 5347 1019 5400 in
1049 5363 1273 5417 regnum
1308 5348 1399 5401 Dei
1436 5367 1448 5401 :
1477 5350 1604 5417 quid
1651 5349 1910 5418 relinquit
1952 5347 2054 5402 Pe-

473 5443 590 5490 trus
613 5439 700 5505 qui
727 5439 862 5492 dixit
889 5454 903 5493 :
932 5456 1030 5495 nos
1052 5440 1230 5494 omnia
1256 5441 1610 5510 relinquimus
1629 5485 1643 5506 ,
1667 5445 1904 5498 ostendit
1925 5443 2049 5512 qui?

467 5525 696 5608 inultum
736 5529 990 5597 relinquit
1023 5531 1216 5593 homo,
1250 5533 1336 5600 qui
1379 5536 1724 5604 semetipsum
1756 5534 2049 5604 postponit,

469 5633 644 5688 prmce
666 5624 739 5673 lat
773 5637 897 5687 eos,
929 5622 981 5675 id
1027 5633 1109 5676 est
1151 5625 1414 5691 praecedat
1441 5643 1571 5682 oves
1598 5645 1724 5683 suas
1745 5628 2004 5700 exemplis
2033 5645 2048 5694 ς

464 5724 566 5780 per
609 5711 863 5777 calicem,
911 5714 1149 5768 ostendit
1193 5716 1529 5784 passionem,
1577 5736 1672 5789 per
1722 5721 2047 5791 baptismum

467 5802 943 5861 mortiﬁcationem
969 5805 1083 5862 sive
1108 5805 1548 5886 dortnitatioaem
1575 5811 1829 5870 Ecclesiae
1864 5834 1877 5870 :
1909 5817 2050 5872 sicut

2158 1946 2276 1983 rtnn
2313 1949 2325 1984 :
2357 1929 2527 1986 Vocat
2555 1942 2740 2000 gentes
2784 1932 2850 1988 ad
2902 1933 3059 1986 fidem
3092 1952 3104 1986 :
3145 1934 3376 2003 projecit
3419 1937 3742 1991 vestimenta

2158 2041 2282 2090 sua,
2332 2026 2384 2080 id
2416 2036 2500 2080 est
2547 2028 2829 2096 pristinam
2875 2030 3345 2084 conversationem
3392 2047 3557 2085 suam
3599 2032 3744 2086 :exi-

2155 2115 2309 2181 liens,
2335 2117 2386 2170 id
2413 2118 2580 2172 estde
2611 2118 2910 2186 ignorantia
2934 2121 2998 2173 ad
3021 2121 3301 2176 scientiam
3337 2123 3404 2177 de
3433 2124 3745 2181 infidelitate

2157 2208 2224 2261 ad
2255 2207 2413 2262 ﬁdem
2447 2227 2459 2262 :
2491 2208 2772 2266 invenietis
2806 2210 3010 2279 pullum
3037 2213 3316 2283 alligatum
3349 2217 3600 2269 ostendit
3629 2234 3745 2286 geu-

2161 2309 2238 2355 tcs
2267 2302 2513 2374 alligatas
2534 2345 2547 2369 ,
2581 2320 2702 2357 cum
2751 2305 2904 2375 culpa
2952 2317 3302 2376 peccatorum
3354 2327 3368 2361 :
3402 2325 3576 2378 super
3597 2326 3742 2376 quem

2158 2410 2317 2450 nemo
2343 2396 2501 2461 sedit,
2531 2397 2582 2451 id
2614 2408 2694 2452 est
2723 2397 2811 2453 ubi
2840 2399 3016 2455 nullus
3043 2401 3232 2457 doctor
3262 2404 3624 2472 praedicavit:
3652 2405 3746 2458 sol-

2157 2487 2266 2541 vite
2295 2488 2621 2542 ctadducitc
2651 2489 2716 2544 ad
2741 2505 2848 2556 me,
2876 2491 2928 2544 id
2954 2500 3037 2546 est
3062 2507 3157 2561 per
3178 2493 3636 2562 przedicationem
3664 2495 3747 2550 ad-

2159 2578 2338 2634 ducite
2381 2580 2444 2633 ad
2477 2579 2672 2645 ﬁdem,
2716 2581 2851 2636 vidit
2879 2583 3125 2637 arborem
3176 2583 3298 2649 ﬁci,
3344 2587 3596 2642 ostendit
3631 2587 3744 2656 quia

2159 2671 2316 2743 longe
2347 2681 2465 2726 erat
2495 2673 2625 2727 ﬁdes
2645 2673 2955 2730 Judaeorum
2991 2692 3018 2730 a
3051 2675 3290 2733 Christo.

2235 2762 2356 2818 Non
2383 2777 2492 2820 erat
2520 2776 2718 2835 tempus
2751 2767 2992 2834 ﬁcorum,
3022 2768 3072 2823 id
3119 2777 3206 2824 est
3243 2785 3350 2823 non
3399 2782 3525 2826 erat
3550 2780 3747 2842 tempus

2159 2860 2467 2917 Judazorum
2498 2871 2556 2917 ut.
2581 2863 2902 2930 crederent,
2927 2865 3070 2935 quod
3105 2880 3164 2919 se
3197 2865 3423 2936 indigne
3461 2866 3744 2933 judicave-

2165 2962 2322 3020 runt,
2359 2970 2582 3024 regnum
2613 2971 2716 3010 non
2748 2956 2952 3012 sciebat
2993 2973 3090 3012 vas
3141 2957 3444 3012 transferre
3495 2973 3596 3028 per
3622 2970 3745 3012 tem—

2150 3045 2308 3115 plum
2333 3089 2347 3108 ,
2374 3048 2463 3116 qui
2507 3049 2668 3103 corda
2713 3047 2946 3104 ﬁdelium
2982 3069 2994 3103 :
3029 3049 3144 3103 Non
3172 3049 3286 3103 vult
3328 3048 3594 3105 Christus
3621 3049 3750 3104 aliud

2163 3140 2280 3194 ﬁeri
2311 3157 2474 3210 opus,
2506 3143 2588 3196 vel
2618 3145 2849 3198 transire
2881 3145 2982 3199 nisi
3007 3145 3147 3214 quod
3182 3155 3438 3199 sanctum
3465 3154 3557 3199 est
3583 3165 3595 3198 :
3624 3143 3750 3198 tradi

2163 3249 2282 3287 eam
2307 3235 2535 3300 colonis,
2577 3235 2628 3290 id
2659 3243 2741 3290 est
2769 3237 3047 3292 custodire
3090 3236 3266 3307 legem
3299 3255 3312 3290 :
3356 3237 3634 3300 toreular,
3659 3238 3750 3292 hoc

2162 3334 2244 3379 est
2273 3326 2526 3394 templum
2553 3325 2858 3382 Salomonis
2887 3348 2896 3382 :
2930 3328 3102 3383 Aliter
3122 3330 3360 3384 ostendit
3386 3333 3748 3401 martyrium:

2164 3417 2322 3470 Venit
2346 3417 2801 3489 ad‘synagogam;
2837 3436 3103 3492 synagoga
3128 3437 3270 3490 saepe
3307 3423 3568 3477 custodia
3597 3440 3749 3493 ange-

2161 3507 2335 3563 lorum
2373 3528 2384 3562 :
2418 3520 2657 3576 turrem,
2709 3512 2811 3566 hoc
2842 3523 2926 3567 cst
2961 3513 3044 3566 lex
3078 3531 3089 3564 :
3123 3513 3408 3582 ejecerunt
3439 3531 3572 3569 eum
3607 3527 3749 3569 extra

2162 3599 2397 3664 vineam,
2422 3603 2473 3657 id
2497 3613 2579 3658 est
2601 3604 2665 3658 de
2678 3601 2878 3659 Judaais
2904 3604 2971 3658 ad
3004 3612 3212 3673 gentes.
3235 3605 3415 3662 Aliter
3443 3607 3514 3662 de
3543 3608 3752 3661 civitate

2161 3690 2477 3748 Jerosolima
2519 3695 2572 3748 in
2611 3705 2846 3750 montem
2875 3695 3161 3751 Calvarite.

2241 3784 2412 3839 Vidua
2442 3787 2582 3840 misit
2610 3787 2742 3840 duos
2768 3804 3026 3850 nummos,
3058 3788 3201 3858 quod
3225 3796 3310 3842 est
3339 3788 3752 3859 quadrans,per

2163 3889 2297 3943 quos
2326 3875 2573 3945 intelligit
2601 3877 2875 3931 horninem
2903 3877 3262 3947 quadrantem
3297 3880 3395 3948 qui
3430 3895 3491 3934 se
3536 3879 3649 3934 Deo
3673 3880 3755 3934 ob-

2162 3968 2282 4022 tulit
2316 3986 2328 4020 :
2359 3984 2712 4038 quiecumqne
2741 3970 3042 4038 petieritis,
3076 3971 3359 4024 credentes
3401 3971 3458 4024 in
3491 3974 3753 4035 oratione,

2161 4057 2254 4112 ﬁet
2284 4058 2432 4112 vobis
2480 4074 2493 4112 :
2538 4060 2808 4128 quomodo
2855 4061 2931 4115 sic
2978 4071 3198 4116 sanctus
3229 4061 3441 4118 Paulus
3471 4064 3614 4119 dicit
3644 4080 3657 4117 :
3686 4076 3755 4117 ter

2161 4153 2342 4224 rogavi
2378 4151 2661 4207 Dominum
2689 4169 2790 4223 pro
2815 4155 3032 4208 stimulo
3063 4165 3119 4209 et
3153 4172 3257 4209 non
3300 4157 3540 4210 recessit
3573 4174 3604 4211 a
3633 4173 3710 4210 me
3737 4174 3751 4209 :

2153 4243 2407 4298 .diabolus
2436 4245 2592 4313 petiit
2638 4254 2697 4298 ut
2746 4254 3036 4314 temptaret
3073 4245 3206 4312 Job,
3250 4257 3305 4302 et
3336 4249 3603 4317 permisit
3646 4263 3751 4302 eum

2164 4335 2326 4400 Deus;
2359 4335 2558 4390 Paulus
2577 4346 2780 4392 nonest
2810 4338 3127 4402 exauditus,
3154 4348 3213 4391 ut
3234 4354 3328 4407 per
3357 4340 3544 4409 ipsum
3579 4343 3756 4395 stimu-

2160 4423 2271 4477 lum
2321 4434 2724 4480 corouaretur:
2774 4427 3022 4481 diabolus
3065 4428 3356 4482 exauditus
3389 4438 3510 4492 est,
3566 4441 3624 4483 ut
3671 4444 3753 4499 per

2164 4516 2281 4585 ejus
2314 4518 2693 4587 temptationes
2744 4515 2844 4572 Job
2884 4529 3283 4573 coronaretur:
3330 4521 3574 4589 proinde
3620 4523 3752 4590 Apu-

2159 4609 2331 4664 stolus
2359 4610 2481 4675 ait,.
2513 4611 2788 4665 nescimus
2834 4612 2961 4679 quid
2999 4621 3280 4680 petamus,
3315 4611 3423 4666 nisi
3479 4611 3748 4666 Christum

2159 4705 2251 4773 qui
2280 4703 2587 4772 interpellat
2607 4720 2704 4773 pro
2734 4705 2888 4759 nobis
2914 4719 2927 4756 :
2959 4719 3090 4774 gens
3128 4705 3389 4758 adversus
3427 4716 3675 4773 gentem,
3701 4701 3749 4756 id

2159 4803 2243 4848 est
2279 4809 2610 4862 paganorum
2658 4794 2916 4847 adversus
2960 4793 3394 4846 Christianorum
3431 4812 3444 4846 :
3483 4793 3750 4846 Moraiiter

2161 4901 2290 4941 caro
2325 4887 2582 4939 adversus
2619 4886 2853 4939 animam
2907 4903 2917 4938 :
2953 4901 3175 4956 regnum
3210 4883 3409 4938 diaboli
3446 4898 3645 4940 contra
3678 4899 3751 4937 re-

2163 4993 2324 5049 gnum
2357 4977 2557 5032 Christi
2583 5019 2598 5036 .
2631 4979 2758 5031 vitia
2801 4979 2979 5033 carnis
3022 4980 3283 5032 adversus
3316 4978 3576 5046 spiritum
3609 4979 3750 5032 bona

2158 5069 2513 5137 Operationis:
2545 5077 2701 5123 terra:
2732 5077 2928 5132 motus,
2961 5069 3010 5122 id
3039 5079 3120 5122 est
3151 5069 3213 5123 de
3241 5068 3575 5122 infidelitate
3604 5071 3667 5121 ad
3696 5066 3747 5120 ﬁo

2158 5156 2302 5221 dent,
2334 5159 2383 5212 id
2411 5171 2492 5212 est
2514 5175 2710 5228 corpus
2733 5159 2845 5213 sive
2869 5160 3047 5213 anima
3074 5159 3322 5213 audiendi
3357 5159 3592 5213 verbum
3623 5158 3709 5212 Dei
3733 5172 3746 5210 :

2156 5247 2424 5302 stantibus
2449 5260 2671 5319 propter
2700 5265 2785 5304 me
2819 5250 2867 5302 in
2917 5249 3284 5303 testimonium
3316 5248 3448 5313 illis,
3481 5250 3533 5303 id
3567 5259 3653 5304 est
3698 5249 3742 5303 si

2157 5343 2487 5397 crediderint.
2513 5343 2878 5397 testimonium
2906 5351 3143 5395 vestrum
3171 5359 3183 5393 :
3211 5341 3315 5395 erit
3339 5341 3449 5395 illis
3472 5343 3541 5398 ad
3565 5343 3744 5405 vitam,

2156 5435 2256 5489 etsi
2290 5451 2394 5488 non
2422 5435 2747 5489 crediderint
2776 5437 2878 5488 erit
2907 5434 3012 5490 illis
3038 5434 3104 5488 ad
3127 5448 3370 5504 paénam.

2229 5527 2304 5580 De
2327 5528 2410 5580 die
2439 5537 2484 5580 et
2511 5528 2640 5580 liora
2669 5542 2816 5578 nemo
2845 5529 2938 5580 scit
2968 5541 2984 5578 :
3017 5525 3129 5579 Nisi
3158 5535 3332 5595 pater,
3377 5525 3627 5579 ostendit
3655 5539 3749 5595 pro

2151 5630 2312 5693 parte
2341 5621 2618 5690 corporis,
2657 5620 2782 5688 quia
2830 5635 3028 5688 corpus
3075 5617 3276 5672 Christi
3324 5617 3572 5672 Ecclesia
3621 5626 3745 5670 est:

2157 5717 2300 5788 quod
2325 5715 2455 5769 dicit
2480 5715 2699 5768 nescitis
2729 5724 2956 5783 tempus,
2975 5713 3026 5766 id
3051 5721 3132 5765 est
3158 5713 3365 5766 exitum
3396 5710 3746 5781 uniuscujus-

2158 5827 2262 5886 que
2297 5808 2410 5864 sive
2433 5806 2958 5861 consummationem
2981 5801 3200 5887 saeculi,
