3948 6328
147 326 248 385 893

852 322 1218 383 EXPOSITIO
1253 322 1322 379 IN
1358 321 1693 393 QUATUOR
1731 319 2142 379 EVANGELIA.
2183 351 2257 362 —
2292 317 2359 374 IN
2397 315 2657 397 LUCAM.

3303 316 3410 371 8M

214 442 385 498 Homo
415 456 626 512 peregre
667 442 930 512 profectus
972 450 1069 507 est,
1116 440 1168 494 id
1212 449 1314 508 est,
1361 440 1607 495 Christus
1655 438 1721 492 de
1745 437 1797 499 Α
1825 450 1916 490 sus
1938 433 2287 497 cruciﬁxum,
2319 431 2556 487 ostendit
2586 444 2711 485 eum
2750 426 3053 499 iudicatum
3097 437 3159 484 ut
3187 430 3406 485 cruciﬁ-

144 536 339 595 niundo
367 550 489 590 cum
514 548 677 590 carne
705 532 770 588 ad
802 534 1265 604 cminmneliquit
1292 536 1507 589 domum
1537 548 1711 597 suam,

142 631 194 687 id
227 635 307 682 est
333 624 629 684 Ecclesium
665 643 678 679 :
711 624 1025 680 doctoribus
1064 622 1485 694 uniuscujusque
1511 622 1711 694 cperis,

140 723 190 779 id
218 730 300 776 est
324 716 748 790 uniuscujusque
777 718 963 791 gratiae
988 717 1205 772 virtutis
1230 734 1243 770 :
1273 732 1368 787 per
1394 716 1711 786 genitorem,

138 812 458 883 Episcopum
488 810 755 876 ostendit,
785 808 899 865 sive
936 808 1213 864 doctorem
1232 848 1246 874 ,
1281 822 1405 863 sero
1433 821 1596 878 super
1621 803 1717 859 So-

137 907 345 962 domam
376 904 511 976 pluit
540 903 681 975 ignis
710 911 765 959 et
787 902 1008 975 sulphor
1037 903 1101 959 de
1130 902 1266 958 cmlo
1297 919 1310 955 :
1349 902 1523 957 media
1557 909 1713 955 nocte

137 1008 388 1066 percussa
420 1002 504 1049 est
538 992 810 1065 ngyptus
861 993 915 1048 in
964 993 1342 1065 primogenitis
1369 992 1520 1047 suis:
1554 1005 1713 1045 mane

134 1086 387 1141 subversa
420 1092 506 1140 est
536 1082 771 1140 Sodoma
808 1093 862 1139 et
899 1084 1143 1139 ascendit
1174 1083 1354 1137 favilla
1385 1083 1501 1154 ejus
1539 1098 1712 1152 usque

134 1178 197 1232 ad
225 1177 421 1233 ccelum
449 1197 463 1232 :
486 1194 556 1233 ne
579 1178 759 1233 veniat
787 1186 1027 1250 repente,
1058 1177 1298 1233 inveniat
1323 1193 1418 1233 vos
1444 1177 1712 1232 dormien—

132 1275 228 1332 tes,
261 1267 313 1323 id
357 1277 441 1324 est
498 1268 553 1323 in
615 1269 920 1340 ignorantia
958 1284 1054 1327 seu
1102 1270 1156 1325 in
1196 1270 1486 1326 securitate
1541 1268 1712 1342 negli-

131 1359 341 1432 gentia.

197 1450 392 1507 Fretus
421 1452 747 1509 alabastrum
784 1470 803 1509 :
834 1453 1106 1527 signiﬁcat
1143 1470 1340 1527 corpus
1364 1455 1568 1512 Christi
1592 1455 1711 1509 vul-

130 1556 376 1601 neratum
418 1548 470 1602 in
504 1563 698 1615 cruce,
745 1565 844 1620 per
888 1559 1219 1620 unguentum
1272 1550 1540 1606 confessio
1586 1549 1709 1605 ﬁdei

130 1635 435 1691 ostenditur
469 1654 482 1690 :
520 1645 683 1706 caput
708 1638 910 1694 Christi
943 1639 1086 1696 Deus
1109 1640 1271 1695 Pater
1295 1648 1406 1707 est;
1435 1640 1710 1711 quaerebat

135 1739 398 1798 oportune
429 1738 487 1783 ut
533 1730 775 1786 traderet
802 1746 958 1797 eum,
1006 1733 1243 1788 ostendit
1276 1734 1402 1803 quia
1445 1741 1709 1803 oportune

1822 534 2040 597 geretur
2068 543 2080 577 :
2107 532 2259 578 sexta
2288 524 2423 577 hora
2449 522 2659 577 levatus
2686 527 2771 575 est
2798 519 2851 575 in
2883 534 3047 575 cruce
3079 536 3092 573 :
3124 519 3195 573 eli
3221 518 3290 573 eli
3323 519 3405 575 te-

1822 614 2225 679 masahactani,
2271 614 2415 683 quod
2440 621 2527 668 est
2560 612 2706 667 Deus
2740 611 2883 666 Deus
2927 627 3085 667 meus
3109 626 3280 681 quare
3319 625 3409 669 me

1822 708 2187 779 dereliquisti,
2230 707 2469 762 ostendit
2496 721 2596 777 pro
2637 714 2792 778 parte
2826 706 3041 773 carnis,
3074 721 3181 761 non
3214 721 3410 761 secun-

1821 800 1949 855 dum
1989 800 2333 856 divinitatem
2371 799 2603 869 reliquid
2626 840 2642 866 ,
2670 799 2798 868 quia
2827 801 3010 853 unitas
3052 805 3139 853 est
3169 806 3412 868 potesta-

1819 893 1923 958 tis,
1955 891 2181 962 reliquid
2209 906 2374 947 earne
2421 890 2514 944 ﬁlii
2546 891 2614 945 ad
2656 892 2786 946 hora
2813 892 2867 946 in
2894 891 3176 961 passione,
3210 898 3269 944 ut
3311 904 3411 961 per

1817 986 2099 1057 proprium
2123 984 2292 1040 ﬁlium
2315 985 2599 1055 adoptatus
2623 982 2761 1039 ﬁlios
2781 985 3011 1039 haberet
3039 1002 3054 1036 τ
3081 985 3227 1040 sicut
3247 997 3414 1054 spon-

1818 1078 1904 1149 gia
1929 1078 2121 1148 plenas
2151 1092 2417 1138 meritas
2466 1085 2621 1132 aceto
2669 1077 2741 1130 ita
2779 1085 2837 1133 et
2862 1076 3030 1132 Judaei
3077 1076 3220 1147 pleni
3252 1082 3414 1131 erant

1818 1169 2291 1238 superstitionibus
2317 1176 2371 1221 ει
2398 1182 2592 1222 acerva
2624 1167 2870 1235 doctrina
2901 1186 2915 1222 :
2946 1166 3147 1237 Joseph
3174 1164 3407 1238 ﬁguram

1819 1266 1969 1313 tenet
1988 1258 2279 1329 primitivze
2307 1257 2567 1313 Ecclesia:
2586 1297 2600 1321 ,
2634 1272 2701 1312 ex
2744 1257 2995 1329 gentibus
3024 1266 3301 1312 mercatus
3328 1261 3414 1310 est

1818 1351 2114 1422 symlonem
2166 1365 2265 1420 per
2304 1350 2570 1420 pretium,
2626 1349 2857 1405 sindone
2898 1350 3138 1405 ostendit
3183 1347 3402 1404 confes-

1817 1444 1971 1497 sione
1996 1442 2122 1497 ﬁdei
2154 1461 2167 1496 :
2199 1457 2295 1513 per
2322 1441 2620 1513 syndonem
2657 1442 2895 1498 ostendit
2930 1441 3401 1496 mortiﬁcationem
3454 1467 3471 1481 -

1815 1535 2070 1591 Ecclesia:
2091 1536 2207 1590 sive
2227 1536 2400 1606 gratia
2427 1536 2848 1605 baptizatorum,
2876 1534 3173 1590 involutum
3204 1547 3403 1603 corpus

1814 1625 1943 1681 Jesu
1993 1627 2047 1681 in
2100 1627 2327 1681 sindone
2376 1641 2553 1693 novo,
2607 1626 2659 1681 id
2705 1634 2789 1682 est
2833 1626 3168 1681 circumdato
3196 1622 3406 1680 Christi

1815 1719 2059 1774 Ecclesia
2095 1728 2149 1774 ει
2193 1719 2591 1775 revocationem
2632 1719 3063 1789 regenerationis
3095 1734 3112 1772 τ
3149 1733 3247 1788 per
3279 1731 3401 1772 mo-

127 1796 336 1891 tempus
365 1821 660 1877 advenerat
707 1822 773 1877 ad
808 1823 1166 1894 perditionem
1198 1796 1542 1891 Iud-morun-i,
1591 1825 1707 1880 sive
1739 1796 2135 1892 Β,ῐὶυηιεῐιῑιιηι
2183 1821 2240 1867 el
2284 1812 2603 1875 δίηάοιιεῐιι,
2652 1813 2891 1868 ostendit
2953 1813 3127 1867 altare
3193 1813 3248 1866 in
3293 1825 3403 1882 quo

122 1908 339 1979 Iudaeae,
361 1924 415 1969 et
436 1916 776 1985 oportunitas
800 1918 1185 1987 redemptionis
1211 1917 1466 1974 Ecclesia:
1494 1934 1506 1972 :
1533 1918 1709 1988 primo

125 2007 204 2061 die
230 2006 560 2071 azimornm,
591 2007 642 2063 id
671 2017 754 2064 est
791 2009 877 2063 die
891 2007 1036 2077 jovis
1064 2009 1237 2063 azima
1271 2010 1602 2064 sinceritatis
1627 2017 1710 2064 est

121 2096 256 2153 facta
289 2106 377 2153 est
403 2098 666 2163 Ecclesia,
706 2108 967 2154 transﬂus
997 2110 1231 2171 quatuor
1273 2100 1445 2155 modis
1489 2100 1705 2167 dicitur,

120 2186 172 2243 id
191 2197 273 2243 est
297 2189 365 2244 de
387 2190 586 2244 mundo
606 2190 672 2244 ad
688 2199 918 2260 patrem,
935 2189 1001 2245 de
1019 2189 1218 2245 Juda-is
1234 2191 1300 2246 ad
1317 2201 1526 2262 gentes,
1541 2200 1595 2247 et
1609 2206 1708 2247 nos

120 2280 182 2336 de
210 2280 530 2337 inﬁdelitate
560 2283 626 2337 ad
655 2282 816 2338 ﬁdem
835 2324 851 2351 ,
885 2283 951 2338 de
966 2291 1154 2355 _morte
1182 2285 1248 2339 ad
1275 2285 1463 2339 vitam.

186 2371 364 2427 Homo
407 2372 722 2445 languenam
774 2390 926 2446 aqua:
973 2374 1219 2445 bajulans
1244 2416 1259 2441 ,
1296 2374 1526 2448 ﬁguram
1559 2382 1707 2430 tenet

118 2465 501 2536 Apostolorum
520 2508 535 2531 ,
560 2468 673 2522 sive
693 2481 1069 2522 successorum
1101 2475 1155 2521 et
1186 2469 1582 2539 baptizatorum
1609 2483 1707 2538 per

118 2574 249 2628 quos
276 2559 605 2629 baptismum
637 2557 890 2625 eﬁicitur,
922 2558 1188 2630 languena
1220 2561 1549 2630 baptismum
1579 2559 1703 2614 Tri-

119 2652 303 2707 nitatis
328 2652 597 2723 signiﬁcat
631 2671 643 2707 :
680 2651 889 2707 Pascha
923 2655 1253 2708 manducare
1277 2670 1400 2709 cum
1430 2655 1706 2725 discipulis

116 2740 264 2808 suis;
298 2743 536 2797 ostendit
566 2757 625 2798 se
669 2758 790 2798 cum
832 2743 1111 2814 discipulis
1142 2745 1207 2798 ad
1249 2743 1463 2801 Iudaeos
1494 2765 1505 2800 :
1538 2745 1708 2802 Aliter

118 2832 412 2888 manducat
439 2834 493 2889 in
522 2834 783 2890 membris
809 2835 921 2889 suis
949 2835 1039 2906 qui
1063 2844 1146 2890 est
1170 2836 1410 2891 Ecclesia
1436 2855 1449 2890 :
1478 2854 1576 2908 per
1593 2852 1705 2893 cce-

117 2925 372 2980 naculum
398 2926 557 2981 altior
583 2928 694 2981 vita
723 2926 1170 3000 ostenditurzper
1193 2938 1421 2984 stratum
1454 2946 1705 3001 magnum

116 3019 507 3088 amplectitudo
533 3018 791 3075 Ecclesia:
817 3021 1051 3076 ostendit
1084 3040 1096 3076 :
1126 3022 1336 3092 Agnum
1369 3024 1704 3079 immolatum

114 3111 168 3165 in
200 3109 501 3181 Egyptnm
530 3128 542 3163 :
578 3110 814 3165 ostendit
842 3111 1175 3165 immolatum
1220 3113 1273 3165 in
1325 3111 1474 3167 Novo
1511 3112 1705 3167 Testa-

111 3211 304 3257 mento
332 3202 649 3272 mysterium
678 3203 927 3273 corporis
955 3211 1010 3258 et
1052 3204 1352 3276 sanguinis,
1382 3205 1527 3275 quod
1552 3214 1708 3261 vetus

115 3290 455 3348 sacriﬁcium
481 3292 788 3350 Judteorum
817 3296 1064 3361 recessit,
1094 3295 1148 3351 id
1178 3306 1261 3352 est
1288 3299 1507 3369 sanguis
1530 3299 1708 3355 hirco-

115 3398 235 3438 rum
271 3391 327 3439 et
366 3392 643 3439 taurorum
675 3405 689 3440 :
735 3403 858 3442 nam
912 3397 1155 3443 nostrum
1201 3388 1527 3445 sacriﬁcium
1565 3392 1708 3462 quod

116 3474 303 3527 vinum
347 3474 544 3530 dicitur
587 3475 980 3534 Melchisedech
1007 3478 1246 3535 oblatum
1277 3490 1359 3536 est
1400 3490 1710 3539 revertente

115 3565 390 3620 Abraham
413 3566 479 3621 de
504 3567 634 3622 cede
659 3583 673 3622 :
695 3583 796 3640 pro
821 3570 950 3641 quid
974 3570 1250 3642 sigillatim
1274 3572 1705 3645 interrogabant,

116 3656 351 3712 ostendit
396 3665 456 3711 ut
496 3659 672 3715 nullus
701 3661 937 3716 conﬁdat
964 3663 1029 3718 de
1061 3665 1393 3719 conscientia
1439 3681 1537 3720 sua
1574 3685 1586 3720 :
1620 3680 1707 3720 re-

116 3748 244 3805 licto
287 3751 533 3821 syndone
578 3752 736 3824 fugiit
764 3755 951 3809 nudus
988 3754 1056 3808 ab
1105 3755 1216 3821 eis,
1251 3757 1488 3811 ostendit
1516 3757 1704 3813 relicta

119 3841 326 3895 malitia
349 3840 695 3909 Judazorum;
729 3843 904 3898 nudus
936 3842 1367 3914 fugiit,ostendit
1390 3848 1532 3916 quod
1565 3846 1708 3918 Apo-

118 3930 239 3985 stoli
268 3932 401 3986 nudi
443 3948 472 3985 a
504 3933 980 4003 superstitionibus
1004 3932 1311 3989 Iudaeorum
1348 3936 1600 3991 abierunt
1640 3938 1708 3995 ad

119 4035 343 4096 gentes,
382 4011 734 4082 calefaci'ebat
776 4043 834 4082 se
876 4027 1069 4083 Petrus
1096 4029 1161 4082 ad
1192 4029 1404 4100 ignem,
1436 4030 1708 4102 signiﬁcat

122 4117 460 4187 tcpiditatem
492 4115 873 4188 Apostolorum
901 4127 955 4174 et
981 4136 1132 4175 suam
1168 4122 1511 4191 negationem
1540 4130 1596 4178 et
1624 4122 1708 4176 in-

119 4208 433 4264 ﬁdelitatem
463 4209 791 4267 Judaeorum.

196 4300 459 4357 Videbunt
497 4302 673 4372 ﬁlium
706 4304 934 4359 hominis
964 4305 1223 4359 sedentem
1252 4305 1514 4361 a‘dextris
1544 4307 1707 4360 virtu-

117 4395 212 4460 tis,
247 4395 489 4450 ostendit
534 4395 660 4466 quia
708 4396 842 4452 vidit
889 4396 1038 4451 illum
1075 4395 1387 4468 Stephanus
1430 4399 1607 4454 :vidit
1652 4406 1708 4453 et

1813 1919 2009 1974 corpus
2033 1904 2233 1959 Christi
2262 1904 2483 1974 ponitur
2513 1921 2527 1958 :
2554 1904 2728 1959 Aliter
2754 1904 2993 1960 Ecclesia
3015 1947 3029 1970 ,
3062 1905 3153 1973 qui
3176 1919 3407 1975 recepe-

1812 2006 1939 2049 runt
1973 1994 2246 2049 Christum
2278 2010 2376 2064 per
2400 1995 2560 2049 ﬁdem
2588 1997 2641 2051 in
2673 1996 2926 2051 cordibus
2952 1996 3086 2061 suis,
3113 1995 3227 2051 sive
3250 2011 3406 2050 man-

1811 2086 2116 2142 ducandum
2160 2102 2357 2157 corpus
2413 2087 2559 2144 illius
2602 2096 2658 2144 et
2702 2090 3030 2145 sumendum
3080 2088 3410 2161 sanguinem

1808 2179 1926 2251 ejus
1954 2199 1968 2235 :
1999 2191 2151 2251 petra
2177 2181 2430 2238 Christus
2454 2191 2558 2238 est.

1882 2281 2282 2336 Monumentum
2307 2283 2547 2349 scissum,
2570 2291 2721 2354 petra
2749 2282 2991 2338 ostendit
3013 2280 3256 2338 Ecclesia
3283 2280 3413 2336 aedi-

1810 2372 1967 2429 ﬁcata
1995 2375 2061 2429 de
2086 2374 2279 2440 latere,
2305 2373 2507 2430 Christi
2536 2375 2825 2429 :Advolvit
2854 2375 3087 2445 lapidem
3117 2373 3183 2427 ad
3209 2372 3411 2427 omium

1807 2468 2147 2523 monumenti
2191 2485 2204 2520 :
2251 2468 2493 2523 ostendit
2529 2466 2854 2523 absconsum
2885 2466 3163 2522 Christum
3198 2465 3250 2519 in
3294 2464 3413 2534 lege

1809 2568 1863 2616 et
1909 2561 2212 2631 prophetia,
2254 2559 2561 2615 revolutum
2604 2559 2840 2631 lapidem
2888 2559 3123 2615 ostendit
3166 2566 3409 2628 apertam

1808 2656 2091 2712 historiam
2137 2656 2291 2727 legis,
2345 2655 2658 2722 Christum,
2703 2655 2757 2710 in
2814 2669 2954 2709 novo
3007 2661 3333 2708 testamento
3390 2669 3405 2706 :

1810 2747 1925 2803 Non
1959 2756 2041 2803 est
2073 2748 2191 2813 hic,
2233 2747 2285 2803 id
2311 2754 2395 2802 est
2420 2761 2528 2801 non
2562 2754 2644 2802 est
2682 2746 2823 2816 apud
2852 2745 3085 2810 Judteos,
3116 2744 3168 2798 id
3200 2752 3282 2799 est
3316 2743 3412 2798 scd

1808 2841 1948 2909 apud
1972 2849 2160 2910 gentes
2193 2853 2208 2893 :
2237 2838 2337 2904 Ite,
2362 2838 2526 2893 dicite
2554 2838 2832 2909 discipulis
2850 2845 2905 2892 et
2925 2836 3088 2891 Petro
3111 2853 3124 2889 :
3152 2833 3410 2888 Nominat

1808 2947 1908 3003 pro
1949 2932 2256 3002 negatione,
2296 2940 2357 2987 ut
2383 2947 2492 2987 non
2518 2930 2823 3002 disperaret
2867 2938 2923 2987 et
2968 2943 3066 3001 pro
3104 2927 3408 3000 principatu

1808 3026 2133 3095 Apostolati.

1887 3116 2083 3181 Maria,
2103 3117 2166 3170 de
2190 3134 2293 3187 qua
2315 3117 2535 3185 ejecerat
2558 3126 2751 3187 septem
2767 3114 3029 3168 dmuom'a
3070 3113 3173 3167 Per
3194 3120 3404 3181 septem

1815 3210 2077 3265 daemonia
2131 3209 2367 3263 ostendit
2417 3216 2583 3263 totam
2637 3208 2806 3261 vitam
2855 3204 2999 3258 illius
3048 3202 3408 3271 inquinatam,

1815 3301 1939 3371 quia
1984 3316 2081 3372 per
2112 3307 2318 3370 septem
2357 3298 2472 3353 dies
2506 3298 2741 3352 volvitur
2782 3316 2794 3350 :
2836 3294 3128 3366 prmdicate
3170 3293 3412 3364 Evange—

1813 3394 1943 3450 lium
1971 3395 2118 3451 omni
2153 3403 2437 3455 creaturre,
2479 3394 2531 3449 id
2565 3403 2651 3449 est
2673 3393 2817 3448 omni
2862 3391 3065 3447 homini
3091 3390 3215 3460 quia
3246 3388 3413 3445 homo

1811 3495 2020 3557 partem
2045 3487 2210 3541 habet
2231 3501 2355 3540 cum
2387 3484 2491 3538 alia
2522 3493 2793 3545 creatura,
2820 3499 2941 3538 cum
2972 3479 3177 3550 angelis
3210 3479 3412 3534 intelli-

1811 3597 1941 3652 gere
1970 3580 2053 3636 vel
2087 3580 2420 3645 discernere,
2452 3596 2575 3636 cum
2599 3578 2862 3649 jumentis
2886 3577 3069 3633 videre
3100 3586 3153 3631 et
3180 3576 3405 3645 sentire,

1811 3689 1934 3728 cum
1963 3673 2250 3728 arboribus
2276 3687 2459 3727 Vivere
2484 3690 2495 3726 :
2524 3671 2728 3742 lignum
2753 3656 2887 3725 vivit
2915 3686 2981 3725 ex
3007 3669 3307 3734 viriditate,
3331 3668 3413 3725 sic

1808 3775 1864 3821 et
1899 3766 2059 3821 homo
2086 3780 2182 3835 per
2214 3765 2578 3835 juventutem,
2615 3779 2739 3819 cum
2782 3762 3052 3833 lapidibus
3098 3777 3243 3823 esse,
3280 3760 3411 3832 quia

1814 3860 1956 3915 sicut
1981 3857 2207 3927 lapides,
2236 3864 2361 3911 sunt
2392 3863 2447 3912 et
2474 3855 2724 3912 homines
2747 3855 3049 3910 credentes.

1884 3951 2162 4006 Da’mom‘a
2202 3951 2411 4020 ejicient
2453 3966 2474 4004 :
2519 3949 2635 4004 sive
2663 3947 2981 4018 spiritaliter
3008 3945 3120 4000 sive
3151 3959 3411 4015 corpora-

1809 4040 1969 4108 liter;
2001 4040 2198 4109 linguis
2227 4039 2380 4093 novis
2412 4039 2721 4106 loquentur,
2755 4037 2869 4091 sive
2901 4035 3130 4089 diversis
3159 4033 3358 4107 linguis
3391 4051 3404 4089 :

1810 4131 1959 4188 Nova
1998 4130 2183 4202 lingua
2209 4129 2523 4201 przedicatio
2552 4126 2826 4198 Evangelii
2859 4136 2962 4192 est,
2995 4137 3276 4195 serpentes
3307 4125 3410 4178 toto

1812 4224 1943 4288 lcut,
1973 4224 2027 4279 id
2056 4233 2139 4279 est
2171 4236 2379 4276 veneno
2414 4219 2728 4290 serpentino
2767 4219 2883 4273 sive
2911 4216 3158 4273 doctrina
3182 4214 3404 4269 lucreti-

1812 4329 2020 4378 corum,
2060 4313 2104 4368 si
2134 4310 2472 4366 mortiferum
2506 4309 2741 4365 biberint
2774 4325 2880 4364 non
2906 4323 3000 4362 eos
3033 4305 3269 4387 nocebit,
3303 4319 3407 4360 nec

1812 4405 2056 4463 doctrina
2100 4403 2481 4459 bmreticorum
2520 4417 2736 4488 :.super
2766 4417 2940 4473 :egros
2970 4414 3179 4463 manus,
3226 4396 3279 4451 id
3322 4403 3407 4453 est

121 4480 319 4541 Saulus
361 4487 578 4557 quando
616 4497 922 4558 prostratus
966 4488 1069 4544 fuit
1115 4488 1167 4544 in
1207 4490 1293 4543 via
1329 4508 1341 4544 :
1372 4490 1623 4546 viderunt
1650 4500 1707 4547 et
1730 4522 1783 4584 Β
1811 4499 1925 4553 sive
1949 4495 2193 4567 corporis
2222 4495 2333 4550 sive
2364 4480 2567 4548 animai
2583 4511 2595 4546 :
2629 4501 2740 4547 tres
2771 4490 3001 4562 legimus
3027 4504 3148 4543 cum
3173 4500 3406 4554 corpore

119 4579 205 4634 alii
234 4581 441 4652 plures.
470 4581 675 4639 Pilatus
700 4584 1093 4654 interpretatur
1110 4599 1174 4639 os
1201 4584 1532 4641 malleatoris
1563 4603 1576 4641 ε
1609 4589 1699 4657 qui

124 4672 327 4729 format
354 4691 461 4731 non
505 4675 793 4740 formatur,
825 4677 896 4732 ita
940 4684 994 4733 et
1042 4686 1420 4749 persecutores
1470 4677 1706 4736 formant

120 4769 329 4824 animas
350 4768 620 4838 iustorum
644 4771 709 4825 ad
733 4786 956 4842 regnum
980 4772 1276 4839 cmlorum;
1304 4771 1405 4843 ipsi
1440 4771 1703 4831 informes

120 4869 502 4916 remanserunt
529 4877 559 4916 a
590 4862 762 4932 gratia
793 4863 916 4927 Dei,
954 4864 1196 4934 spineam
1225 4880 1482 4919 coronam
1516 4864 1701 4921 Domi-

121 4967 220 5004 nus
250 4952 308 5006 in
343 4966 404 5007 se
450 4954 718 5023 suscepit,
767 4962 826 5008 ut
872 4955 1053 5024 spinas
1097 4963 1446 5027 peccatorum
1483 4967 1700 5013 nostro-

103 5057 236 5117 rum
265 5042 538 5111 ablueret,
567 5047 708 5101 unde
734 5045 936 5102 dictum
974 5058 1058 5104 est
1091 5051 1220 5106 Adae
1254 5069 1267 5104 :
1300 5052 1466 5121 spina:
1508 5060 1564 5107 et
1610 5052 1703 5107 tri-

108 5124 227 5188 ~buli
260 5135 635 5207 germinentur
658 5139 751 5194 tibi
780 5157 793 5194 :
827 5139 895 5196 de
927 5140 1085 5196 tertia
1116 5143 1250 5197 hora
1281 5143 1426 5213 quod
1452 5142 1583 5197 dicit
1609 5140 1701 5197 Je-

1809 4591 1875 4647 de
1904 4590 2104 4645 mundo
2126 4588 2440 4657 adsumptos
2465 4586 2517 4640 in
2541 4584 2682 4640 coelo
2724 4602 2737 4637 :
2778 4581 3036 4638 Dominus
3058 4579 3298 4635 elevatus
3322 4585 3409 4633 est.

1808 4698 1838 4738 a
1877 4698 1969 4737 sua
2004 4681 2225 4743 virtute,
2252 4678 2376 4750 quia
2409 4692 2506 4733 nec
2534 4692 2635 4747 per
2656 4674 3001 4730 concubitum
3038 4670 3276 4743 genitus,
3303 4683 3406 4724 nec

1805 4790 1904 4847 per
1934 4772 2280 4828 concubitum
2304 4784 2589 4841 generans,
2629 4766 2720 4824 sed
2751 4781 2819 4820 ex
2846 4763 3055 4836 virgine
3083 4770 3242 4816 natus
3270 4771 3354 4816 est
3386 4777 3402 4816 :

1806 4868 1992 4924 Euoch
2031 4866 2244 4921 ablatus
2274 4871 2358 4919 est
2378 4905 2391 4928 ,
2431 4862 2557 4932 quia
2588 4876 2687 4931 per
2710 4856 3054 4912 concubitum
3087 4868 3353 4926 generatis
3383 4869 3402 4910 :

1805 4960 1951 5016 Elias
1972 4975 2094 5015 cum
2124 4973 2286 5013 curro
2314 4962 2499 5027 raptus
2525 4961 2630 5018 est,
2653 4950 2777 5021 quia
2804 4964 2900 5021 per
2923 4946 3272 5002 concubitum
3307 4957 3405 5015 ge-

1808 5051 1954 5105 nitus
1980 5056 2063 5103 est
2098 5063 2203 5103 non
2247 5061 2346 5119 per
2387 5044 2736 5101 concubitum
2783 5054 3051 5114 generaus
3081 5036 3206 5119 quia
3248 5037 3405 5109 virgo

1807 5142 2131 5215 permansit.

132 5270 3395 5317 “——-———-———-————-——————————-——-————r——-———-!

1110 5395 1222 5476 IN
1304 5332 1981 5475 EVANGELIUM
2048 5372 2365 5473 LUCE.

194 5638 373 5698 Lucas
393 5640 513 5713 ipse
542 5655 899 5713 consurgens,
931 5641 1102 5715 Syrus
1120 5644 1351 5701 natione
1380 5645 1710 5701 Antiochen-

125 5737 223 5801 sis,
245 5745 366 5793 arte
380 5736 634 5800 medicus,
653 5736 946 5807 discipulus
959 5736 1279 5807 Apostoloru
1288 5756 1337 5794 m
1356 5758 1369 5795 :
1396 5749 1612 5797 secutus
1623 5746 1708 5797 est

125 5827 353 5919 Paulum
368 5830 617 5889 serviens
636 5828 749 5889 Deo
767 5831 893 5889 sine.
909 5831 1138 5890 crimine
1164 5850 1178 5888 :
1204 5848 1479 5907 nunquam
1500 5836 1707 5894 habens

1815 5658 2076 5709 uxorem;
2116 5654 2324 5695 uuln
2367 5652 2634 5693 annorum
2680 5637 2817 5695 obiit
2861 5637 2918 5693 in
2945 5634 3183 5690 Bithinia
3215 5631 3406 5705 plenus

1814 5738 2018 5809 Spiritu
2072 5741 2306 5799 sancto,
2372 5730 2613 5803 sepultus
2664 5734 2717 5787 in
2782 5726 3275 5798 Constantinopoli.
3345 5726 3403 5783 In

1810 5832 2031 5899 Achaia,
2075 5827 2263 5891 Graeca
2314 5827 2495 5900 lingua
2545 5824 2895 5899 Evangelium
2941 5820 3158 5896 scripsit
3203 5836 3217 5876 ;
3260 5817 3411 5899 Matt
3437 5876 3444 5886 ,
