3948 6328
567 369 675 428 895

1063 366 1453 426 WALAFRIDI
1492 371 1738 427 STRABI
1779 372 1982 430 FULD.
2025 369 2193 426 MON.
2231 368 2380 426 OPP.
2425 367 2607 427 PARS
2645 371 2684 426 l.
2725 402 2795 412 ——-
2833 371 3287 433 THEOLOGICA.

563 492 737 546 tlneus
777 491 993 560 scripsit
1016 491 1216 548 Judzeis
1241 494 1484 548 ﬁdelibus
1521 513 1531 547 :
1578 493 1790 548 Marcus
1816 490 2132 563 pcenitenti-
2160 495 2213 554 Α
2235 501 2367 541 voce
2406 501 2618 555 magna.
2649 488 2847 557 Aptum
2881 487 2982 543 fuit
3007 490 3132 560 quia
3158 491 3225 545 de
3268 489 3474 547 Joanne
3501 493 3716 550 dictum
3754 508 3833 554 est

563 582 662 638 bus
693 600 704 634 :
734 580 1005 637 Johannes
1033 584 1288 651 perlectis
1320 598 1334 636 :
1368 585 1541 638 Lucas
1568 584 1772 640 Graecis
1797 585 2063 640 ﬁdelibus.

634 673 760 726 Fuit
778 674 836 726 in
854 673 1033 727 diebus
1059 673 1306 738 Herodis,
1330 681 1381 729 el
1410 675 1634 745 reliqua.
1659 675 1756 730 Hie
1783 676 2022 745 implevit
2044 692 2134 731 or—

557 760 772 826 dinem,
803 761 940 815 dixit
967 776 1145 832 regem
1171 772 1227 816 et
1253 764 1524 833 regionem
1565 765 1616 818 in
1652 781 1757 835 qua
1787 767 1917 830 fuit,
1959 782 2138 822 sacer-

553 851 742 906 dotem
779 862 833 905 et
859 859 1073 923 gentem
1114 851 1230 921 ejus
1259 863 1315 908 et
1353 871 1574 909 uxorem
1604 857 1770 924 ipsius
1797 858 1997 912 indicat
2031 861 2136 915 :de

561 943 682 996 vice
709 940 867 1006 Abia,
907 941 958 996 id
987 951 1072 997 est
1111 943 1166 998 in
1193 944 1382 1000 diebus
1423 947 1672 1011 Domini;
1707 949 1997 1005 Zacharias
2022 966 2136 1005 me-

561 1048 682 1088 mor
730 1032 943 1087 Domini
988 1035 1372 1104 interpretatur
1417 1055 1430 1091 :
1480 1039 1565 1092 cui
1615 1041 1861 1109 apparuit
1903 1040 2135 1113 Angelus

557 1124 772 1179 Domini
822 1126 888 1180 ad
935 1125 1140 1181 dextris
1187 1127 1393 1193 altaris,
1444 1132 1679 1185 ostendit
1723 1133 1865 1200 quod
1916 1135 1964 1188 ei
2008 1136 2133 1203 quia

552 1228 767 1269 memor
809 1215 1020 1270 Domini
1055 1226 1138 1271 est
1181 1218 1582 1273 demonstratur
1626 1223 1940 1291 mysterium
1989 1225 2082 1279 Dei
2117 1244 2128 1278 :

553 1304 691 1359 Abia
736 1316 891 1375 pater
937 1308 1147 1362 Domini
1180 1310 1582 1380 interpretatur,
1631 1324 1811 1382 aptum
1859 1314 2042 1371 fuitut
2079 1319 2131 1372 in

556 1402 799 1466 tempore
829 1396 1011 1454 cilicii.
1061 1399 1238 1456 Patris
1273 1403 1482 1458 Domini
1514 1414 1700 1474 ceptus
1739 1423 1858 1463 esse
1899 1409 2000 1464 iste
2041 1407 2130 1480 qui

554 1496 761 1557 patrem
790 1490 1075 1545 Dominum
1105 1493 1456 1562 praedicasset
1495 1513 1508 1549 :
1552 1497 1830 1554 Elizaneth
1860 1517 1872 1552 :
1908 1499 2000 1555 Dei
2027 1501 2132 1556 mei

553 1579 812 1633 saturitas
846 1580 1228 1651 interpretatur
1257 1601 1268 1636 :
1300 1583 1529 1655 figuram
1565 1586 1745 1644 Maria:
1786 1599 1986 1658 portat,
2013 1606 2133 1662 qua:

553 1666 707 1736 plena
748 1669 858 1726 Deo
887 1669 1009 1737 fuit,
1054 1685 1108 1728 ct
1157 1677 1316 1729 ambo
1361 1675 1493 1744 justi
1537 1694 1719 1734 coram
1768 1681 1996 1738 Domino
2025 1699 2130 1739 non

553 1769 736 1812 coram
775 1759 1104 1828 hominibus,
1157 1765 1280 1832 quia
1310 1765 1439 1820 olim
1487 1769 1688 1823 sterilis
1718 1771 1771 1824 in
1801 1772 1916 1840 lege
1967 1775 2133 1830 male-

2235 594 2339 634 vox
2366 579 2650 634 clamantis
2677 581 2731 634 in
2766 581 3008 637 deserto:
3038 582 3316 640 Iohannes
3335 595 3420 640 est
3441 602 3648 642 nomen
3679 592 3828 660 ejus;

2236 686 2334 725 cur
2364 687 2468 725 non
2502 672 2638 726 dixit
2667 672 2931 727 Johannis
2957 675 3096 728 erit?
3135 678 3261 744 quia
3287 681 3355 730 ab
3377 677 3575 748 angelo
3601 690 3830 738 vocatus

2236 770 2318 816 est
2361 771 2647 832 antequam
2691 765 3085 833 conciperetur,
3132 775 3187 821 et
3230 767 3410 822 mirati
3441 780 3594 834 sunt,
3651 773 3708 826 id
3753 784 3831 830 est

2235 852 2607 907 convenientia
2654 854 2795 907 inter
2837 864 3047 924 patrem
3096 866 3152 911 et
3195 867 3470 913 matrem:
3505 860 3829 924 benedictus

2235 939 2494 996 Dominus
2524 951 2709 997 noster
2745 945 3041 1000 bonitatem
3073 945 3168 1001 Dei
3194 947 3320 1002 dum
3354 950 3571 1020 rogavit
3614 952 3828 1008 Zacha-

2234 1030 2345 1085 rias
2382 1046 2480 1100 pro
2524 1032 2845 1088 liberatione
2883 1035 3076 1104 plebis,
3117 1036 3192 1090 illi
3220 1053 3532 1107 praecursor
3566 1041 3827 1100 donatm

2233 1128 2318 1174 est
2348 1139 2358 1173 :
2392 1121 2578 1176 Erexit
2603 1139 2772 1178 cornu
2807 1124 3019 1189 salutis,
3052 1126 3106 1180 id
3130 1136 3213 1182 est
3228 1125 3478 1184 Christus
3499 1130 3633 1198 quia
3666 1147 3827 1187 cornu

2233 1224 2334 1266 nec
2360 1227 2490 1267 caro
2511 1223 2595 1268 est
2625 1230 2724 1270 nec
2747 1231 2903 1272 ossus
2936 1235 2949 1271 :
2982 1218 3060 1272 sic
3087 1227 3142 1272 et
3167 1218 3417 1276 Christus
3440 1238 3549 1278 nec
3571 1239 3712 1279 caro
3739 1241 3828 1281 nec

2233 1316 2362 1356 caro
2403 1313 2486 1358 est
2525 1319 2539 1357 :
2589 1314 2797 1361 tantum
2827 1309 3101 1374 divinitas,
3145 1326 3278 1380 puer
3317 1315 3634 1380 crescebat,
3672 1317 3728 1369 id
3754 1328 3827 1371 est

2233 1408 2458 1464 corpore
2485 1415 2496 1450 :
2529 1397 2644 1452 haec
2682 1399 2972 1470 descriptio
2993 1402 3164 1472 prima
3193 1402 3334 1458 facta
3364 1415 3472 1471 est,
3510 1407 3569 1460 id
3601 1417 3696 1462 est
3721 1407 3822 1464 Ro-

2232 1485 2427 1550 manis,
2481 1486 2605 1555 quia
2656 1487 2830 1543 Julius
2872 1491 3078 1560 primus
3116 1495 3360 1563 regnavit
3405 1496 3702 1563 Romanis,
3741 1502 3823 1554 sed

2231 1588 2339 1628 non
2371 1578 2541 1631 tenuit
2566 1579 2876 1635 universum
2911 1583 3168 1638 mundum
3200 1602 3213 1638 :
3241 1593 3296 1640 et
3323 1597 3448 1655 post
3477 1603 3609 1642 eum
3639 1605 3821 1660 regna-

2231 1667 2310 1720 vit
2343 1668 2665 1739 Augustum,
2701 1682 2824 1742 post
2855 1673 3152 1744 Augustum
3190 1675 3458 1742 Tiberius,
3497 1680 3556 1734 in
3588 1691 3821 1752 tempore

2229 1759 2456 1828 Augusti
2483 1771 2536 1816 et
2565 1762 2764 1818 Tiberii
2797 1774 3007 1837 tempus
3031 1765 3232 1824 Christi
3254 1770 3637 1841 completurus
3658 1774 3820 1845 bapti-

551 1848 725 1904 dictus
761 1849 865 1906 fuit
896 1871 909 1906 :
941 1853 1255 1911 lnceilentes
1285 1857 1339 1912 in
1368 1860 1618 1916 omnibus
1651 1864 1942 1933 mandatis,
1972 1866 2025 1922 id
2046 1882 2104 1922 es

2232 1868 2408 1908 smum
2431 1872 2585 1910 suum
2614 1876 2626 1910 :
2653 1859 2775 1927 quia
2803 1861 2992 1930 quinto
3019 1862 3229 1918 decimo
3256 1880 3401 1919 anno
3423 1865 3493 1919 de
3523 1882 3700 1938 regno
3725 1871 3817 1922 Au-

549 1948 714 1998 totam
739 1943 911 2016 legem
940 1950 1251 2005 servabant.

618 2033 740 2089 Non
787 2048 898 2090 erat
938 2037 1042 2093 illis
1082 2042 1250 2110 ﬁlius,
1290 2045 1416 2114 quia
1467 2047 1748 2106 Elizabeth
1801 2053 2023 2120 sterilis,
2071 2065 2128 2111 et

546 2124 703 2178 ambo
739 2139 1088 2194 perseverant.
1141 2133 1196 2186 in
1252 2136 1438 2192 diebus
1487 2141 1599 2194 suis
1648 2160 1660 2195 :
1705 2142 1828 2198 Ideo
1879 2145 1959 2200 hm
2011 2148 2129 2202 duae

545 2228 743 2279 causae,
771 2228 1037 2272 memorat
1062 2223 1453 2292 testimonium,
1488 2229 1661 2298 major
1694 2231 1884 2289 fuisset
1910 2237 2080 2293 virtus
2109 2257 2122 2292 :

545 2303 822 2377 ingressus
860 2307 1152 2368 Zacharias
1193 2315 1246 2369 in
1279 2319 1555 2387 templum,
1596 2323 1648 2378 id
1681 2334 1762 2379 cst
1785 2325 2030 2384 Christus
2071 2332 2124 2386 in

544 2396 789 2468 Mariam,
838 2407 1064 2475 populus
1104 2418 1242 2474 orat,
1296 2410 1436 2465 idem
1477 2413 1710 2481 primum
1743 2421 2126 2489 rogatZacha-

543 2487 680 2545 riam
707 2495 953 2564 populus,
990 2499 1041 2553 id
1074 2508 1158 2555 est
1203 2501 1507 2558 libertatem
1540 2505 1606 2560 de
1632 2487 1946 2578 captivitate
1985 2533 1997 2568 :
2031 2532 2124 2586 ap-

541 2583 723 2649 paruit
746 2585 795 2640 ei
823 2588 1065 2658 angelus,
1089 2581 1193 2644 non
1225 2592 1364 2646 dixit
1389 2596 1554 2662 venit,
1581 2599 1706 2666 quia
1735 2600 1805 2655 ibi
1834 2613 1958 2659 ante
1982 2581 2081 2661 fuit
2107 2625 2120 2663 :

542 2669 834 2732 Zacharias
861 2679 1108 2736 turbatus
1136 2690 1240 2748 est,
1272 2684 1325 2738 id
1356 2695 1439 2739 est
1475 2688 1601 2755 quia
1625 2687 1794 2747 Judaei
1826 2695 2120 2752 turbaban-

541 2767 632 2816 tur
659 2762 977 2823 adveniente
1020 2770 1234 2828 Christo
1260 2793 1272 2828 :
1301 2779 1553 2833 exaudita
1584 2790 1667 2836 est
1708 2786 1885 2842 oratio
1916 2798 2024 2856 tua,
2069 2791 2122 2847 id

541 2863 627 2912 est
661 2857 834 2927 magis
863 2875 1019 2930 quam
1048 2866 1225 2934 petisti
1262 2885 1274 2919 :
1306 2872 1506 2940 rogasti
1534 2889 1630 2942 pro
1659 2875 1978 2935 liberatione
2003 2883 2119 2952 ple-

537 2943 626 3000 bis
646 2955 700 3001 et
730 2949 956 3006 donatus
991 2963 1073 3008 est
1100 2957 1193 3011 tibi
1219 2974 1523 3027 prtecursor
1563 2975 1619 3020 et
1644 2967 1797 3022 multi
1831 2970 1884 3024 in
1929 2943 2120 3029 naiivi-

542 3045 654 3093 tate
671 3041 788 3110 ejus
808 3046 1115 3114 gaudebunt
1135 3050 1259 3119 quia
1286 3063 1407 3121 post
1430 3056 1784 3125 perditionem
1807 3066 2116 3133 gaudebunt

541 3125 594 3181 in
625 3129 788 3185 vitam
810 3142 1068 3190 aeternam
1102 3157 1114 3191 :
1144 3140 1270 3209 quia
1296 3142 1412 3212 ipse
1433 3144 1567 3199 dixit
1595 3163 1721 3203 ecce
1747 3125 1916 3221 agnus
1946 3155 2040 3211 Dei
2060 3165 2116 3213 et

2229 1946 2370 2016 gusti
2410 1959 2674 2004 venerunt
2707 1951 2762 2005 in
2799 1968 2907 2007 uno
2935 1967 3097 2008 curro
3121 1955 3190 2008 ad
3217 1956 3502 2011 civitatem
3541 1973 3699 2012 suam
3725 1960 3815 2013 Au-

2228 2045 2417 2107 gustus
2457 2049 2513 2094 et
2560 2041 2701 2097 filius
2740 2043 2857 2114 ejus
2885 2044 3134 2101 Tiberius
3169 2056 3292 2115 post
3325 2063 3499 2118 quam
3532 2049 3813 2105 adsuerunt

2229 2145 2427 2202 agnum
2456 2137 2663 2202 mundi,
2694 2139 2930 2193 ostendit
2963 2140 3104 2210 quod
3144 2141 3196 2194 in
3225 2155 3398 2210 regno
3421 2141 3549 2210 ejus
3577 2158 3813 2199 nascere-

2231 2232 2319 2278 tur
2360 2227 2490 2295 ipse,
2522 2228 2613 2298 qui
2655 2239 2908 2302 regnaret
2948 2233 3003 2286 in
3045 2233 3296 2289 universo
3327 2235 3547 2290 mundo
3572 2245 3632 2292 et
3673 2249 3810 2308 pater

2227 2318 2491 2372 unitatem
2538 2319 2631 2376 lllii
2657 2322 2742 2377 sui
2771 2323 3120 2390 voluntatem,
3154 2325 3270 2396 ipso
3295 2335 3552 2398 tempore
3580 2330 3810 2400 apparuit

2227 2411 2460 2466 circulus
2514 2428 2686 2470 aereus
2730 2431 2860 2487 erga
2903 2416 3092 2483 solem,
3124 2420 3433 2474 ostenditur
3479 2424 3730 2478 nascitur
3763 2424 3806 2477 in

2228 2510 2470 2573 tempore
2498 2506 2635 2576 ejus,
2681 2506 2832 2576 cujus
2867 2517 3108 2580 potestas
3145 2519 3200 2564 et
3235 2512 3600 2582 pulchritudo
3639 2526 3695 2570 et
3730 2515 3801 2570 lux

2225 2600 2280 2646 et
2305 2595 2592 2665 sapientia,
2616 2597 3061 2656 circumdedisset
3087 2617 3303 2658 omnem
3325 2607 3644 2675 potentiam
3673 2626 3686 2662 :
3713 2609 3803 2678 pri-

2226 2700 2368 2739 mam
2417 2687 2872 2756 pulchritudinem
2928 2691 3101 2750 lucem
3147 2706 3201 2751 et
3255 2699 3597 2766 sapientiam
3649 2720 3661 2754 :
3711 2703 3804 2772 ipso

2227 2782 2469 2847 tempore
2509 2777 2664 2834 ﬂuxit
2698 2779 2817 2836 fons
2844 2780 3020 2838 oleum
3065 2800 3095 2839 a
3140 2787 3496 2844 tabernaculo
3545 2793 3802 2847 meritoria

2224 2877 2334 2924 tota
2364 2871 2470 2937 die,
2496 2889 2664 2943 usque
2690 2875 2757 2930 ad
2778 2891 3062 2946 vesperum
3089 2897 3102 2933 :
3127 2881 3364 2936 ostendit
3394 2885 3553 2953 quod
3586 2887 3807 2942 nascitur

2222 2961 2276 3016 in
2315 2971 2557 3034 tempore
2601 2967 2739 3037 ejus,
2778 2985 2808 3022 a
2844 2985 2952 3040 quo
2998 2968 3239 3027 ﬂuxisset
3291 2972 3418 3030 fons
3452 2975 3594 3044 olei,
3647 2979 3699 3035 id
3739 2992 3807 3034 est

2221 3054 2477 3124 spiritalis
2507 3061 2690 3115 unctio
2719 3077 2817 3131 per
2845 3070 3013 3118 totum
3039 3064 3391 3138 Evangelium
3418 3085 3605 3142 usque
3636 3073 3688 3128 in
3714 3075 3800 3127 line

2220 3147 2406 3201 mundi
2441 3166 2453 3201 :
2488 3149 2760 3220 Augustus
2810 3163 3017 3224 patrem
3064 3156 3284 3228 ﬁgurat,
3311 3158 3579 3218 Tiberius
3613 3163 3800 3219 lilium:

539 3219 742 3290 reliqua
778 3239 793 3277 :
823 3228 1080 3295 prtecedit
1103 3230 1400 3302 Christum,
1428 3247 1552 3294 ante
1574 3219 1880 3310 baptizatur
1903 3255 1955 3302 et
1975 3265 2112 3319 prae-
2143 3243 2188 3307 C
2219 3247 2505 3308 Propterea
2535 3219 2730 3298 census
2763 3244 2921 3298 dam“
2949 3253 3007 3300 υῑ
3047 3249 3210 3302 δεῖται
3251 3265 3348 3304 rex
3397 3268 3700 3311 numerum
3724 3258 3803 3311 δην

539 3310 738 3367 dicavit
776 3327 901 3371 ante
942 3333 1310 3392 conspectum,
1355 3337 1481 3383 ante
1528 3340 1685 3387 natus
1731 3343 1784 3388 et
1825 3346 2110 3394 mortuus:

539 3417 634 3456 sex
661 3421 873 3474 causas,
921 3411 1049 3480 quia
1080 3429 1172 3469 sex
1201 3433 1413 3474 menses
1442 3419 1586 3476 inter
1622 3411 1717 3479 eos
1758 3438 1913 3484 erant
1954 3448 1967 3482 :
2016 3447 2115 3503 ego

537 3506 656 3547 sum
706 3495 957 3565 Gabriel,
999 3502 1050 3555 id
1087 3514 1170 3560 est
1208 3507 1466 3566 fortitudo
1492 3512 1586 3568 Dei
1621 3534 1633 3568 :
1665 3521 1910 3589 concepit
1943 3495 2112 3579 Elizao

535 3582 685 3650 belli,
708 3602 811 3640 non
837 3589 973 3645 dixit
993 3591 1060 3647 de
1075 3593 1334 3660 Zacharia
1362 3618 1374 3652 ε
1399 3605 1651 3673 cognovit
1678 3624 1898 3665 uxorem
1921 3629 2071 3670 suam
2098 3635 2110 3671 :

539 3676 665 3744 quia
698 3677 893 3734 defecit
919 3681 985 3736 ab
1015 3685 1093 3739 eis
1127 3687 1370 3746 voluntas
1395 3693 1647 3751 desiderii
1681 3717 1693 3751 :
1726 3710 1779 3754 et
1806 3705 2113 3762 occultabat

541 3781 599 3822 se
629 3781 848 3840 propter
875 3775 1186 3843 pudicitiam
1215 3798 1227 3834 :
1259 3791 1315 3835 ut
1335 3786 1590 3853 probaret
1619 3795 1761 3860 quod
1792 3810 2116 3869 conceperat

538 3859 586 3912 si
620 3874 808 3916 verum
839 3863 1022 3920 fuisset
1050 3887 1061 3921 :
1098 3874 1372 3929 mensibus
1400 3859 1656 3950 quinque,
1695 3885 1746 3939 id
1781 3896 1862 3941 est
1909 3904 1939 3941 v
1961 3859 2112 3947 inilia

539 3950 719 4006 saeculi
757 3955 869 4009 sive
899 3957 1135 4028 quinque
1164 3961 1286 4017 libri
1319 3964 1507 4038 Moysi.

613 4043 822 4114 Auferte
848 4048 1178 4118 obprobrium
1197 4072 1389 4124 meum,
1415 4059 1469 4115 id
1491 4072 1574 4117 est
1591 4067 1892 4125 sterilitatis
1917 4073 2113 4144 obpro-

537 4132 715 4190 brium
744 4144 799 4191 et
843 4143 1209 4210 conceptionis
1239 4147 1290 4202 in
1333 4161 1608 4210 senectute
1650 4158 1792 4213 inter
1838 4132 2106 4235 homines,

535 4229 664 4298 quia
704 4246 810 4284 non
835 4229 938 4288 fuit
963 4235 1313 4304 obprobrium
1340 4245 1480 4312 apud
1509 4245 1674 4301 Deum
1697 4250 1836 4306 sicut
1861 4253 1915 4309 in
1955 4229 2110 4314 sexto

533 4334 720 4374 mense
761 4323 956 4378 missus
998 4336 1082 4380 est
1110 4328 1327 4386 Gabriel
1358 4350 1388 4388 a
1424 4336 1648 4393 Domino
1683 4341 1735 4394 in
1783 4343 2002 4402 civitate
2033 4349 2107 4404 ita

532 4409 589 4494 in
615 4421 768 4468 sexto
792 4415 1042 4472 milliario
1064 4422 1248 4476 mundi
1271 4425 1465 4483 missus
1485 4440 1566 4483 est
1593 4430 1839 4492 Christus
1869 4455 1882 4492 :
1908 4437 2106 4512 Ioseph

528 4503 769 4560 salvator
817 4507 1202 4578 interpretatur
1256 4517 1345 4585 qui
1407 4519 1634 4577 salvavit
1684 4524 1977 4598 Egyptum
2032 4503 2105 4588 de

2220 3328 2425 3383 minum
2467 3340 2521 3385 et
2559 3334 2982 3404 magnitudinem
3012 3353 3041 3391 a
3070 3336 3293 3396 Perside
3336 3340 3548 3415 Syriae,
3593 3349 3806 3404 ostendit

2219 3417 2396 3475 locum
2430 3421 2496 3476 de
2517 3439 2624 3492 quo
2653 3424 2900 3481 Christus
2932 3425 3051 3493 fuit,
3083 3439 3142 3484 ut
3176 3432 3588 3502 prophetarent
3631 3440 3803 3509 singuli

2219 3510 2270 3565 in
2295 3527 2413 3577 sua,
2441 3513 2712 3571 civitatem
2738 3520 2994 3589 ostendit,
3023 3530 3081 3576 ut
3107 3523 3285 3581 nullus
3304 3536 3469 3582 extra
3495 3529 3803 3598 Ecclesiam,

2218 3618 2439 3660 censum
2469 3607 2578 3662 Deo
2599 3609 2786 3665 reddat
2815 3626 2829 3665 :
2859 3613 3067 3682 positus
3093 3616 3147 3670 in
3172 3621 3470 3690 praesepio,
3497 3623 3555 3676 id
3590 3635 3680 3680 est
3705 3642 3804 3680 cor.

2216 3711 2317 3765 pus
2353 3697 2551 3754 Christi
2578 3715 2740 3771 super
2774 3701 2943 3760 altare
2975 3723 2988 3758 :
3020 3705 3117 3761 bos
3145 3717 3200 3763 et
3225 3709 3418 3766 asinus
3450 3715 3507 3768 in
3555 3719 3803 3788 praepio

2215 3787 2420 3844 Christi
2461 3793 2699 3847 ostendit
2725 3804 2927 3864 gentes.
2943 3805 2998 3851 et
3023 3795 3236 3856 Iudaeos
3265 3807 3697 3862 communicare
3724 3787 3803 3864 Su-

2213 3892 2311 3948 per
2347 3880 2514 3936 altare
2546 3897 2562 3937 :
2595 3882 2744 3941 locus
2771 3887 2823 3940 in
2856 3888 3185 3959 diversorio,
3220 3892 3271 3947 id
3303 3905 3388 3952 est
3431 3898 3641 3956 domus
3683 3903 3804 3958 inter

2215 3971 2350 4028 duos
2380 3990 2583 4041 muros,
2623 3978 2968 4048 duasjanuas
2998 3982 3160 4040 habet
3189 4002 3202 4039 :
3243 3986 3485 4058 figuram
3527 3991 3798 4058 Ecclesia,

2214 4064 2358 4121 inter
2410 4069 2717 4136 paradisum
2765 4081 2821 4127 et
2877 4076 3134 4132 mundum
3167 4118 3182 4142 ,
3239 4082 3526 4140 exercitus
3586 4088 3798 4142 militum

2214 4161 2450 4215 ostendit
2492 4162 2680 4217 ducem
2709 4164 2983 4221 Christum
3009 4183 3272 4240 sequere:
3310 4183 3578 4243 pastores
3626 4179 3797 4250 loque-

2212 4248 2410 4304 bantur
2435 4291 2449 4316 ,
2487 4262 2670 4323 aptum
2703 4255 2804 4312 fuit
2824 4269 2884 4312 ut
2914 4269 3162 4328 pastores
3186 4263 3600 4336 loquebantur,
3633 4248 3795 4342 aptum

2212 4339 2312 4395 fuit
2338 4351 2395 4396 ut
2416 4356 2662 4413 pastores
2693 4351 3056 4408 testimonium
3089 4353 3315 4414 darent:
3346 4359 3416 4415 de
3451 4378 3592 4420 vero
3617 4339 3750 4436 agno
3779 4378 3795 4417 :

2211 4439 2546 4492 transeamus
2567 4438 2620 4492 in
2647 4440 2917 4498 Bethleem
2949 4448 3186 4502 ostendit
3214 4450 3373 4506 nobis
3400 4468 3522 4508 non
3562 4459 3792 4527 aspicere

2211 4537 2400 4597 retro,
2465 4549 2564 4588 nec
2626 4534 2694 4588 ad
2741 4535 3016 4592 dexteram
3064 4555 3163 4595 nec
3216 4542 3284 4596 ad
3338 4542 3525 4600 levam
3569 4550 3677 4602 nisi
3735 4551 3790 4603 ad

527 4594 670 4653 fame
702 4616 716 4653 :
745 4600 859 4655 sive
887 4601 1084 4669 Maria;
1113 4606 1404 4672 benedixit,
1433 4611 1483 4665 id
1509 4622 1592 4667 est
1611 4631 1640 4668 a
1667 4594 2056 4678 carne—Christi
2085 4639 2100 4679 :
2129 4601 2182 4661 D
2208 4621 2481 4680 Christum
2517 4643 2531 4680 :
2569 4627 2890 4685 invenerunt
2921 4631 3164 4700 Mariam,
3189 4632 3390 4707 Ioseph
3416 4647 3480 4694 et
3514 4639 3786 4708 infantem,

526 4688 740 4744 turbata
773 4699 953 4747 autem
982 4695 1107 4763 quia
1137 4698 1431 4766 nesciebat,
1457 4701 1499 4756 si
1522 4707 1799 4772 pneterito
1824 4725 1888 4763 an
1919 4709 2101 4770 futuro

524 4782 666 4848 quod
708 4783 930 4853 angelus
969 4786 1105 4841 dixit
1139 4806 1151 4842 :
1192 4787 1426 4860 Spiritus
1463 4806 1684 4856 sanctus
1725 4803 1871 4858 venit
1909 4806 1962 4859 in
2004 4815 2094 4874 te;

523 4867 760 4939 Spiritus
790 4889 981 4930 nomen
1004 4885 1110 4942 est,
1143 4882 1318 4937 omnis
1351 4887 1540 4955 gratia:
1562 4893 1778 4959 quando
1805 4867 2100 4965 inspiratur

521 4964 794 5032 quomodo
818 4969 1032 5037 agnovit
1054 4969 1219 5028 Maria
1242 4977 1383 5045 quod
1412 4978 1546 5034 dixit
1571 4984 1814 5052 angelus,
1851 4964 1935 5044 vel
1967 4989 2094 5046 dum

519 5053 677 5128 plena
715 5067 831 5114 erat
874 5061 1063 5129 spiritu
1099 5066 1306 5122 sciebat
1345 5073 1488 5140 quod
1521 5076 1740 5146 angelus
1768 5079 1978 5137 locutus
2005 5091 2091 5139 est

516 5145 572 5202 ei
603 5165 618 5202 :
652 5148 834 5206 Virtus
867 5152 1112 5210 altissimi
1141 5159 1485 5219 obumbravit
1515 5145 1631 5233 tibi,
1664 5169 1715 5224 id
1737 5181 1821 5226 est
1859 5171 2088 5229 abscon-

519 5238 600 5296 dit
627 5241 754 5296 tein
775 5241 1007 5336 A'tigypto
1027 5249 1275 5320 fugiendo
1306 5271 1318 5308 :
1343 5268 1570 5325 cognata
1594 5268 1682 5316 tua
1715 5263 1835 5320 ideo
1863 5267 2085 5336 dicitur,

516 5345 640 5400 quae
668 5331 947 5390 Elizabeth
975 5339 1040 5393 de
1091 5341 1228 5396 tribu
1269 5343 1396 5400 Levi
1441 5346 1560 5412 fuit,
1609 5352 1660 5406 id
1705 5363 1787 5409 est
1833 5356 1901 5412 de
1944 5331 2088 5414 tribu

516 5419 610 5477 Dei
641 5441 654 5477 :
687 5439 812 5481 ecce
836 5429 1030 5484 ancilla
1064 5431 1273 5489 Domini
1300 5445 1357 5489 ut
1382 5438 1532 5504 dicit,
1558 5441 1699 5499 filius
1728 5447 1935 5503 ancilla:
1959 5458 2082 5504 tuae.

589 5519 723 5576 Abiit
751 5521 805 5577 in
837 5533 1060 5578 montem
1095 5544 1212 5581 cum
1249 5531 1581 5599 festinatione
1622 5551 1640 5589 .'
1670 5540 1760 5609 qui
1795 5545 1971 5598 omnis
1999 5561 2090 5600 v0-

515 5612 775 5672 luntatem
814 5623 907 5677 Dei
943 5623 1164 5691 implere
1211 5643 1222 5677 :
1257 5624 1509 5682 festinare
1545 5630 1741 5687 debent
1773 5652 1783 5686 :
1817 5637 2083 5695 exultavit

515 5709 692 5768 infans
744 5717 794 5769 in
837 5728 994 5770 utero
1027 5717 1212 5770 matris
1242 5717 1378 5787 ejus,
1420 5721 1470 5775 id
1500 5732 1582 5776 est
1621 5725 1905 5782 honoravit
1948 5731 2086 5787 filius

515 5807 682 5864 ﬁlium
713 5810 852 5866 sicut
886 5811 1175 5868 honoravit
1200 5813 1395 5871 mulier
1422 5816 1721 5875 mulierem.
1751 5819 2088 5879 Exclamavit

2207 4729 2305 4784 per
2328 4716 2425 4772 hos
2451 4726 2560 4774 tres
2593 4731 2814 4778 sanatus
2837 4731 2920 4778 est
2942 4726 3192 4781 mundus.

2279 4807 2455 4862 Maria
2496 4814 2828 4868 conservabat
2876 4817 3051 4871 omnia
3088 4817 3240 4873 verba
3280 4819 3418 4885 haec,
3455 4823 3514 4878 id
3543 4834 3636 4880 est
3663 4826 3789 4898 quod

2205 4900 2428 4970 angelus
2469 4903 2519 4958 ei
2565 4905 2720 4970 dixit,
2762 4916 3044 4978 postquam
3090 4915 3456 4968 consummati
3509 4928 3647 4972 sunt
3690 4919 3790 4973 dies

2203 4999 2326 5045 octo
2367 5003 2423 5046 ut
2457 4994 2938 5053 circumcideretur
2979 5019 2993 5054 :
3033 5009 3085 5056 et
3112 5001 3165 5055 in
3192 5010 3385 5057 octava
3432 5003 3785 5070 beatitudine,

2203 5083 2438 5138 ostendit
2466 5086 2772 5155 passionem
2812 5088 3011 5146 Christi
3050 5091 3176 5146 dum
3215 5092 3414 5149 dicitur
3456 5114 3472 5149 :
3525 5099 3676 5154 beati
3706 5101 3786 5170 qui

2200 5178 2628 5246 persecutionem
2679 5181 2959 5250 patiuntur
2998 5202 3009 5237 :
3053 5185 3394 5242 circumcisio
3445 5187 3663 5247 Christi
3710 5191 3786 5245 die

2200 5277 2410 5334 octavo,
2464 5272 2698 5325 ostendit
2747 5274 3061 5344 sanguinem
3119 5289 3446 5348 martyrum,
3505 5298 3687 5352 usque
3735 5284 3782 5337 ia

2199 5360 2339 5415 dicm
2363 5361 2547 5430 judicii
2583 5382 2594 5417 :
2625 5365 2740 5420 sive
2764 5367 2888 5437 quia
2914 5368 3151 5438 implevit
3172 5370 3343 5440 legem
3367 5381 3424 5426 et
3447 5388 3560 5428 non
3587 5376 3781 5430 solvit:

2198 5461 2482 5522 postquam
2513 5455 2717 5526 impleti
2749 5466 2875 5512 sunt
2915 5458 3032 5514 dies
3062 5461 3399 5530 purgationis
3425 5463 3582 5533 ejus,
3622 5467 3676 5521 id
3703 5477 3782 5521 est

2198 5545 2477 5600 duodecim
2510 5548 2622 5602 dies
2665 5550 2730 5604 de
2772 5565 2959 5620 puero,
3004 5553 3069 5608 de
3102 5551 3274 5622 puella
3316 5554 3541 5625 triginta
3589 5558 3644 5611 in
3674 5559 3780 5628 lege

2197 5635 2295 5690 fuit
2331 5646 2390 5691 ut
2421 5638 2613 5692 mulier
2647 5655 2752 5694 non
2783 5640 2947 5696 intret
2985 5643 3039 5696 in
3071 5642 3364 5698 Ecclesiam
3405 5659 3420 5697 :
3467 5661 3570 5716 par
3610 5658 3778 5704 turtu-

2196 5745 2338 5795 rum,
2372 5738 2464 5783 aut
2488 5731 2620 5785 duos
2655 5732 2829 5801 pullos
2862 5733 3252 5796 columbarum,
3283 5751 3384 5805 per
3408 5738 3626 5793 saevitia
3664 5750 3776 5793 tur-

2195 5823 2328 5880 turis
2355 5824 2588 5880 ostendit
2620 5840 2738 5882 esse
2777 5825 3119 5895 prudentiam
3159 5827 3300 5884 sicut
3331 5838 3640 5898 serpentes,
3687 5844 3784 5900 per
