3948 6328
151 333 251 397 897

847 326 1209 388 EXPOSITIO
1243 327 1313 385 IN
1351 324 1687 396 QUATUOR
1719 323 2128 382 EVANGELIA.
2171 354 2240 366 ——
2274 325 2340 380 ΙΝ
2374 318 2639 383 LUCAM:

3285 328 3393 386 898

153 445 446 525 columbam
484 442 758 514 simplices
800 458 920 499 esse
957 462 970 498 ε
1000 459 1120 515 par,
1155 441 1398 498 ostendit
1435 449 1606 496 totum
1658 456 1716 496 se
1742 441 1796 502 Α
1822 436 1948 503 ﬁlia,
1987 437 2039 492 id
2072 444 2156 492 est
2183 451 2388 508 nagoga
2428 455 2440 490 :
2470 436 2642 502 Giezi,
2679 435 2730 491 id
2768 442 2852 493 cst
2877 435 3156 494 Ecclesia:
3189 435 3400 494 habens

152 545 306 600 homo
332 538 520 596 oli'erat
545 537 686 603 Deo,
715 536 1095 591 revelationem
1121 535 1382 606 gentium,
1416 533 1468 587 id
1499 540 1580 588 est
1607 532 1721 602 glo-

152 637 284 693 riam
315 631 437 686 ﬁdei
471 647 484 683 :
515 643 642 685 ecce
673 627 882 698 positus
919 626 972 680 in
1012 626 1244 688 ruinam,
1294 624 1346 678 id
1382 631 1465 677 est
1502 624 1588 677 his
1627 623 1717 692 qui

150 743 252 783 non
290 721 516 779 credunt
546 721 599 775 in
636 718 1086 774 resurrectionem
1116 731 1130 770 :
1161 716 1246 770 his
1275 715 1366 784 qui
1401 713 1628 769 credunt
1662 713 1718 767 in

150 833 269 876 eum
302 824 358 871 et
401 815 636 886 signum.
665 813 717 867 id
747 820 828 866 est
866 809 1211 880 Evangelium
1241 826 1254 862 :
1288 808 1423 862 Veni
1466 820 1718 876 separare

150 912 418 968 hominem
448 909 708 964 adversus
742 914 969 961 matrem
1000 913 1055 959 et
1080 903 1285 971 reliqua
1325 919 1338 954 :
1374 899 1445 954 Ut
1475 899 1589 968 ipse
1617 897 1715 964 ait,

146 1021 262 1077 qua:
293 1011 376 1059 est
409 1010 585 1056 mater
620 1000 775 1056 mea?
798 999 988 1054 beatus
1018 997 1106 1051 ille
1133 1002 1320 1049 venter
1339 993 1430 1062 qui
1460 1001 1510 1046 te
1529 999 1716 1061 porta-

147 1097 243 1162 bit,
291 1103 346 1149 et
393 1093 622 1163 reliqua,
665 1092 718 1146 id
761 1099 843 1146 est
879 1098 939 1143 ut
965 1087 1116 1142 multi
1163 1086 1333 1141 bonas
1363 1084 1717 1154 cogitationes

145 1187 382 1259 cogitent
409 1206 421 1240 :
451 1187 578 1241 dum
604 1199 710 1239 non
731 1182 843 1238 sola
871 1181 1036 1236 Maria
1062 1188 1235 1233 mater
1256 1176 1452 1231 Christi
1483 1182 1582 1229 est.

211 1279 283 1333 Et
311 1288 456 1333 tuam
482 1276 646 1346 ipsius
667 1274 897 1328 animam
921 1278 1243 1341 pertranseat
1284 1266 1516 1337 gladius,
1555 1264 1608 1319 id
1633 1271 1716 1320 est

142 1386 319 1429 sermo
341 1369 454 1434 Dei,
487 1369 600 1423 sive
633 1366 814 1436 passio
839 1363 1062 1427 Christi,
1087 1361 1298 1415 vixerat
1320 1373 1441 1412 cum
1477 1357 1592 1412 viro
1615 1371 1712 1411 suo

140 1477 308 1520 annos
333 1469 560 1531 septem,
594 1459 647 1513 id
678 1467 761 1512 est
790 1470 1056 1528 synagoga
1086 1469 1208 1508 cum
1238 1452 1488 1521 eptatico,
1522 1457 1577 1504 et
1603 1464 1714 1504 non

138 1551 446 1608 discedebat
473 1550 538 1604 de
563 1547 785 1618 templo,
810 1547 860 1600 id
886 1555 966 1600 est
995 1546 1122 1614 quia
1156 1559 1259 1597 non
1285 1542 1443 1597 debet
1465 1540 1710 1596 Ecclesia

136 1643 414 1700 discedere
457 1641 524 1697 de
558 1639 695 1696 coelo
731 1656 746 1694 :
778 1651 913 1708 puer
959 1644 1137 1690 autem
1181 1633 1481 1697 crescebat,
1530 1632 1580 1685 id
1629 1638 1714 1686 est

135 1750 362 1805 corpore
396 1741 452 1789 et
480 1730 916 1792 confortabatur,
948 1727 1001 1782 id
1027 1735 1111 1782 est
1139 1724 1344 1795 Spiritu
1375 1741 1388 1777 :
1420 1737 1540 1778 cum
1571 1727 1715 1777 esset

1823 529 2172 592 daemonium,
2213 529 2265 583 id
2294 538 2378 583 est
2401 530 2557 584 idolis
2582 531 2910 584 credendum
2948 544 2962 583 :
2996 529 3135 597 Quid
3161 531 3316 585 nobis
3343 537 3399 586 et

1823 620 1954 673 tibi?
1996 620 2047 674 id
2073 627 2157 674 est
2190 620 2345 690 nobis
2373 629 2639 676 tormenta
2677 621 2769 675 tibi
2800 621 3026 691 gloriam
3058 639 3071 675 :
3101 637 3258 677 secus
3287 632 3400 677 sta-

1820 725 2003 780 gnum,
2047 712 2098 766 id
2123 721 2205 766 est
2245 727 2401 767 secus
2428 713 2598 783 legem
2637 731 2650 766 :
2689 715 2806 768 dum
2829 729 3012 779 naves,
3059 714 3112 769 id
3152 725 3236 770 est
3266 715 3400 772 duas

1823 802 2094 858 Ecclesias
2120 822 2132 856 :
2157 803 2260 858 duc
2288 804 2341 857 in
2380 803 2564 867 altum,
2605 804 2658 858 id
2691 814 2776 860 est
2799 804 3074 861 Christum
3099 808 3397 863 ascenden-

1823 902 1930 948 tem
1978 895 2029 948 in
2058 894 2251 949 cmlum
2286 913 2298 948 :
2338 904 2451 950 tota
2479 897 2564 951 die
2603 896 2913 953 laborantes
2949 898 3086 954 nihil
3112 902 3397 970 capimus,

1819 986 1870 1040 id
1894 995 1977 1040 εει
1998 1001 2096 1056 per
2117 995 2351 1042 veterem
2383 987 2553 1057 legem
2581 988 2784 1043 nullum
2816 989 3068 1046 duximus
3095 993 3163 1046 ad
3188 993 3353 1047 vitam
3380 1010 3396 1048 :

1818 1076 2174 1145 lmpleverunt
2197 1078 2385 1132 ambas
2416 1093 2604 1144 naves,
2642 1080 2695 1133 id
2718 1088 2802 1134 est
2827 1081 2952 1150 quia
2979 1096 3076 1150 per
3095 1082 3400 1140 Ecclesiam

1816 1175 1872 1220 et
1906 1183 2235 1238 synagogam
2271 1169 2537 1223 convertit
2566 1187 2578 1222 :
2612 1169 2684 1223 ita
2716 1177 2775 1223 ut
2801 1182 3199 1240 mergerentur,
3241 1173 3292 1227 id
3315 1180 3401 1229 est

1817 1257 1976 1311 homo
2005 1257 2095 1327 qui
2125 1258 2342 1313 divitias
2371 1277 2383 1312 :
2409 1267 2463 1314 et
2494 1266 2863 1329 paupertatem
2887 1275 2994 1314 non
3017 1263 3246 1317 sustinet
3270 1280 3284 1316 :
3311 1263 3397 1318 exi

1816 1363 1846 1403 a
1875 1364 1979 1413 me,
2021 1348 2267 1414 Domine,
2307 1351 2429 1418 quia
2471 1360 2725 1420 peccator
2752 1365 2892 1416 sum,
2937 1352 3195 1418 ostendit,
3227 1355 3278 1408 id
3314 1362 3399 1410 εει

1814 1456 1922 1496 non
1957 1441 2124 1496 exivit
2146 1441 2428 1508 Dominus,
2465 1443 2591 1512 quia
2619 1458 2725 1497 non
2748 1442 2950 1498 deserit
2974 1459 3159 1499 veram
3184 1445 3399 1501 humili-

1815 1540 2001 1587 tatem.

1890 1620 2017 1676 Noli
2050 1632 2250 1689 timere,
2272 1625 2326 1679 id
2351 1632 2434 1680 est
2457 1640 2564 1681 non
2593 1625 2779 1682 timeat
2803 1636 3058 1698 peccator
3083 1629 3353 1685 medicum
3379 1647 3395 1687 :

1815 1714 2124 1770 ambulabat
2155 1716 2328 1782 magis
2367 1731 2544 1772 sermo
2587 1718 2653 1773 de
2684 1718 2798 1783 Illo,
2844 1719 2898 1772 id
2939 1727 3024 1774 est
3050 1720 3303 1776 sanitatis
3342 1728 3400 1778 et

135 1795 416 1882 duodecim
444 1837 728 1892 annorum,
760 1820 813 1876 id
834 1828 917 1874 est
936 1818 1215 1882 duodecim
1241 1816 1414 1870 tribus
1437 1813 1530 1884 qui
1557 1828 1712 1868 vene-
1735 1795 1785 1858 Β
1812 1806 2073 1861 (ιοειι-ἱηεε
2113 1809 2326 1876 quando
2365 1810 2557 1864 orabat
2596 1811 2833 1864 ostendit
2873 1811 3172 1872 'lheoricam
3207 1813 3398 1880 vitam,

253 1951 262 1961 -
304 1915 370 1972 ad
408 1914 683 1971 Christum
715 1930 728 1966 :
759 1919 882 1982 post
915 1911 1150 1966 triduum
1187 1909 1506 1963 invenerunt
1531 1921 1653 1960 eum
1693 1922 1707 1959 :

130 1993 316 2073 Patiar,
359 2008 415 2064 id
445 2018 528 2063 est
567 2005 828 2069 Ecclesia,
872 2011 927 2059 et
967 2010 1162 2065 mater,
1195 2001 1250 2056 id
1290 2007 1374 2054 est
1416 2012 1710 2068 synagoga,

132 2104 222 2173 qui
245 2103 562 2172 quaerebant
594 2115 715 2154 eum
740 2113 836 2169 per
861 2106 971 2152 tres
998 2097 1141 2166 leges
1170 2102 1225 2148 et
1251 2109 1354 2148 non
1392 2093 1714 2146 invenerunt

130 2210 280 2261 eum,
331 2195 434 2249 nisi
478 2208 578 2264 per
627 2190 972 2262 Evangelium
1003 2207 1015 2242 ;
1049 2199 1096 2242 et
1145 2197 1257 2241 erat
1302 2185 1406 2239 illis
1449 2185 1708 2249 subditus,

127 2285 372 2342 ostendit
414 2283 555 2339 ﬁlius
585 2282 818 2338 hominis
849 2297 956 2336 non
979 2279 1128 2335 venit
1161 2275 1459 2332 ministrari
1483 2275 1577 2330 sed
1606 2274 1709 2328 mi-

126 2375 388 2431 nistrare.

196 2469 280 2525 Ab
329 2483 467 2522 anno
511 2467 692 2537 quinto
723 2464 923 2519 decimo
973 2461 1166 2516 Tiberii
1208 2458 1457 2525 Cwsaris,
1504 2456 1712 2527 primus

126 2574 246 2626 rex,
281 2559 492 2630 primus
523 2569 727 2625 praeses
755 2554 809 2608 in
842 2553 1125 2608 nativitate
1164 2549 1364 2605 Christi
1407 2562 1713 2603 memoran-

126 2658 238 2715 tur,
272 2649 328 2703 id
354 2655 438 2702 est
460 2648 585 2702 dum
623 2661 729 2700 non
768 2651 1050 2714 coeperant
1086 2643 1280 2698 docere
1309 2659 1321 2695 :
1349 2640 1503 2695 Nunc
1532 2649 1710 2694 autem

121 2757 219 2797 rex
247 2749 479 2811 quartus
506 2739 802 2795 Tetrarcha
826 2746 1303 2803 commemoratur,
1325 2735 1453 2789 dum
1481 2735 1548 2790 ad
1577 2749 1713 2804 pra:-

119 2832 455 2888 dicationem
499 2838 555 2886 et
598 2830 666 2884 ad
707 2831 1032 2900 baptismum
1069 2829 1210 2883 venit
1245 2842 1260 2881 :
1299 2842 1393 2882 rex
1441 2825 1712 2896 signiﬁcat

117 2922 408 2979 Christum
427 2963 444 2989 ,
473 2931 528 2976 et
567 2930 797 2991 quatuor
824 2921 1138 2976 Tetrarchae
1164 2920 1455 2974 ostendunt
1479 2927 1712 2987 quatuor

116 3016 423 3087 Evangelia
459 3032 472 3068 :
510 3015 644 3070 duos
703 3014 1015 3068 sacerdotes
1066 3020 1152 3066 est
1191 3011 1324 3066 duas
1368 3011 1510 3080 leges
1560 3027 1574 3064 :
1615 3023 1712 3079 per

111 3124 325 3165 senum
372 3121 680 3173 numerum,
730 3104 905 3160 factus
941 3113 1024 3159 est
1064 3103 1296 3158 mundus
1330 3121 1343 3158 :
1376 3101 1585 3172 primus
1614 3115 1708 3155 rex

112 3299 360 3363 quartus
400 3288 696 3344 Tetrarcha
743 3303 905 3356 super
931 3285 1166 3353 Judaeos,
1203 3286 1441 3341 ostendit
1488 3284 1708 3338 divisio-

114 3398 252 3439 nem
288 3382 438 3453 regni
469 3380 776 3436 Judaeorum
810 3395 824 3433 :
857 3378 1058 3434 factum
1095 3387 1181 3434 est
1221 3377 1442 3433 verbum
1496 3375 1708 3430 Domini

115 3490 294 3544 super
310 3471 632 3538 Iohannem,
651 3471 787 3526 vade
801 3481 856 3526 et
883 3471 1115 3541 praedica
1143 3470 1468 3540 baptismum
1500 3484 1516 3500 ο
1546 3467 1712 3523 Vallis

115 3563 472 3634 implebitur,
505 3561 558 3616 id
585 3569 669 3616 est
693 3559 860 3616 Judaai
888 3569 943 3615 et
972 3568 1159 3630 gentes
1194 3577 1207 3613 :
1237 3559 1446 3614 Montes
1465 3567 1520 3613 et
1548 3557 1712 3614 colles

113 3651 574 3715 humiliabuntur,
613 3651 665 3706 id
709 3659 792 3706 est
839 3651 931 3720 qui
986 3667 1042 3704 se
1088 3650 1336 3704 humiliat
1381 3649 1581 3703 exaltat
1613 3667 1625 3702 :
1657 3658 1712 3704 et

117 3754 292 3802 erunt
324 3759 486 3814 prava
517 3744 801 3808 indirecta,
839 3743 893 3797 id
915 3751 997 3799 est
1024 3743 1114 3812 qui
1152 3743 1252 3797 fuit
1285 3743 1609 3806 luxuriosus,
1642 3741 1714 3796 sit

113 3845 312 3893 castus
339 3850 354 3889 :
379 3843 433 3891 et
455 3851 646 3906 aspera
669 3836 723 3891 in
749 3837 866 3891 vias
896 3835 1106 3906 planas,
1140 3834 1191 3889 id
1222 3843 1308 3889 est
1333 3834 1424 3904 qui
1447 3835 1713 3904 superbus

111 3931 189 3987 sit
229 3928 482 3984 humilis.
523 3927 736 3982 Videbit
762 3929 938 3982 omnis
959 3943 1088 3982 caro
1117 3927 1352 3981 salutare
1393 3925 1506 3990 Dei,
1553 3926 1604 3980 id
1631 3934 1714 3981 est

111 4019 297 4076 Judaei
327 4027 382 4072 et
409 4027 594 4089 gentes
612 4057 627 4083 ,
657 4016 759 4072 viri
784 4027 847 4072 et
871 4017 1141 4072 mulieres.

196 4112 366 4166 Venit
395 4129 428 4164 a
474 4110 744 4164 Nazareth
782 4128 795 4163 :
841 4110 893 4163 in
918 4125 1023 4180 qua
1064 4110 1300 4164 nutritus
1341 4117 1444 4174 est,
1480 4110 1714 4164 ostendit

113 4204 378 4261 Ecclesia
411 4202 464 4258 in
501 4217 605 4272 qua
634 4201 870 4256 nutritus
889 4201 980 4265 sit,
1005 4202 1167 4256 homo
1197 4216 1303 4255 non
1327 4200 1708 4267 obliviscatur;

113 4306 173 4354 et
203 4295 455 4355 surrexit
494 4295 693 4366 legere,
734 4295 823 4350 hic
855 4295 1096 4350 ostendit
1121 4296 1167 4350 si
1200 4295 1254 4349 in
1278 4294 1478 4366 juniori
1510 4295 1715 4350 revela-

109 4399 240 4445 tum
276 4385 480 4454 fuerit,
520 4386 707 4440 senior
724 4393 918 4451 taceat,
954 4386 1005 4442 id
1030 4395 1114 4442 est
1143 4373 1482 4457 Evangelista
1509 4396 1714 4458 etpen-

1735 3149 1783 3213 C

111 3198 188 3254 'de
217 3197 504 3260 Romanis,
527 3195 764 3251 ostendit
783 3193 1043 3248 unitatem
1072 3193 1220 3263 regni
1243 3192 1634 3253 Romanorum,
1657 3197 1711 3244 et
1737 3192 1794 3226 “-

1814 1898 2030 1966 quando
2061 1902 2307 1963 sonabat,
2357 1901 2596 1956 ostendit
2638 1901 2903 1956 actualem
2929 1902 3096 1956 vitam
3140 1921 3153 1957 :
3189 1918 3286 1973 per
3314 1914 3396 1960 te-

1813 1989 1984 2060 gulas,
2032 1990 2084 2044 id
2135 1998 2213 2045 est
2263 2007 2360 2061 per
2403 1993 2735 2048 divinitatem
2794 2009 2809 2047 :
2858 2010 3019 2064 surge
3060 2003 3116 2051 et
3157 1997 3396 2065 ambula,

1813 2083 2048 2138 ostendit
2091 2086 2540 2140 resurrectionem
2580 2087 2819 2140 orunium
2861 2088 3076 2143 :exivit
3118 2089 3171 2144 in
3215 2098 3399 2147 monte

1813 2190 1968 2230 orare
2006 2194 2019 2230 :
2049 2184 2102 2231 et
2133 2176 2361 2232 discedit
2385 2176 2452 2231 ad
2485 2178 2702 2242 turbas,
2735 2179 2974 2234 ostendit
2997 2179 3062 2235 de
3095 2181 3394 2235 theoretica

1813 2275 1867 2322 et
1893 2268 2124 2334 actuale,
2152 2268 2204 2322 in
2233 2285 2420 2322 unum.

1884 2356 2122 2423 Quatuor
2157 2356 2520 2414 beatitudines
2557 2359 2831 2431 leguntur,
2867 2361 2994 2430 quia
3028 2370 3258 2431 quatuor
3286 2363 3396 2420 vir-

1815 2455 1955 2501 tutes
1981 2447 2286 2502 cardinales
2313 2450 2661 2504 continentur
2694 2467 2707 2504 :
2738 2452 2956 2518 caudes,
2987 2452 3178 2508 Latine
3197 2454 3397 2510 dicitur

1814 2538 2033 2592 cordis:
2069 2538 2184 2594 ista:
2238 2548 2469 2608 quatuor
2516 2541 2703 2609 lenes,
2755 2546 3114 2600 ostenduntur
3161 2555 3396 2616 quatuor

1813 2636 1998 2697 partes
2034 2629 2218 2684 mundi
2251 2646 2267 2684 :
2298 2629 2430 2684 Item
2472 2641 2595 2687 octo
2633 2633 2701 2689 ad
2745 2642 2868 2689 octo
2909 2635 3118 2690 animas
3159 2637 3398 2708 pertinet

1814 2721 1904 2790 qui
1942 2719 2160 2776 fuerunt
2194 2721 2248 2775 in
2276 2737 2401 2777 arca
2431 2722 2575 2790 Noe,
2607 2739 2703 2792 per
2742 2741 2877 2795 quas
2913 2743 3073 2782 omne
3103 2744 3272 2798 genus
3297 2729 3399 2786 bu-

1813 2827 2054 2878 manum,
2085 2813 2322 2868 ostendit
2359 2816 2555 2870 mercis
2594 2825 2777 2872 vestra
2807 2818 2974 2873 multa
3005 2827 3090 2874 est
3121 2821 3172 2874 in
3203 2820 3395 2893 gloria,

1813 2903 1867 2957 id
1895 2913 1976 2958 est
2014 2921 2112 2974 pro
2153 2906 2555 2975 praedicatione,
2593 2911 2967 2978 persecutione
3008 2919 3062 2966 et
3089 2912 3347 2983 patientia
3378 2932 3392 2970 :

1813 2999 2105 3052 secundum
2139 3000 2252 3054 haec
2281 2999 2551 3055 faciebant
2572 3011 2756 3072 patres
2780 3019 2966 3059 eorum
2993 3004 3314 3077 Prophetas,
3339 3007 3397 3064 id

1815 3095 1898 3141 est
1951 3087 2238 3154 odiehant,
2286 3091 2688 3160 exprobrabant
2729 3102 2786 3148 et
2830 3093 3123 3163 ejiciebant
3174 3098 3396 3154 nomina

1813 3193 2019 3244 eorum,
2047 3179 2100 3234 id
2133 3189 2215 3235 est
2234 3181 2326 3250 qui
2365 3182 2574 3238 habetis
2600 3184 3023 3239 consolationem
3054 3194 3314 3252 vestram,
3337 3195 3394 3243 et

1813 3283 1920 3323 non
1960 3269 2068 3324 Deo
2092 3271 2290 3341 gratias
2321 3272 2500 3342 agitis.
2533 3271 2648 3326 Non
2677 3273 2786 3328 Deo
2815 3276 2908 3330 sed
2931 3275 3138 3331 divitiis
3159 3278 3356 3332 vestris
3385 3298 3398 3332 :

1815 3363 1908 3417 Va:
1945 3364 2097 3418 vobis
2123 3379 2246 3418 cum
2279 3365 2658 3421 benedixerint
2681 3368 2946 3434 homines,
2973 3370 3026 3424 id
3055 3378 3140 3425 est
3163 3370 3399 3429 inimicis

1815 3453 2012 3508 vestris
2041 3472 2054 3508 :
2085 3453 2228 3509 Nihil
2253 3455 2592 3525 disperantes
2625 3458 2767 3528 quod
2803 3473 2898 3514 vos
2926 3460 3137 3517 habetis
3160 3461 3302 3526 date,
3339 3471 3400 3518 ut

1814 3543 1871 3599 in
1901 3545 2070 3613 gloria
2098 3545 2374 3615 recipiatis
2399 3549 2706 3603 mercedem
2734 3564 2765 3602 a
2797 3548 3042 3604 Domino.

1889 3634 2142 3706 Nunquid
2177 3647 2343 3707 potest
2368 3656 2535 3694 caecus
2557 3657 2751 3694 meum
2781 3641 2992 3708 ducere,
3019 3642 3071 3697 id
3103 3651 3188 3698 est
3210 3644 3404 3702 stultus

1816 3727 2039 3786 stultum
2069 3729 2264 3784 docere
2293 3748 2306 3784 :
2337 3732 2496 3786 ambo
2526 3733 2578 3785 in
2608 3731 2820 3788 foveam
2860 3735 3073 3799 cadent,
3122 3736 3177 3792 id
3221 3744 3306 3792 est
3344 3739 3400 3795 iu

1815 3819 2175 3889 perditionem
2211 3839 2224 3874 :
2265 3821 2382 3876 lbat
2413 3822 2464 3875 in
2505 3823 2780 3880 civitatem
2813 3826 2955 3895 quod
2987 3827 3185 3882 dicitur
3207 3827 3402 3897 Naum,

1816 3912 2055 3965 ostendit
2094 3920 2217 3981 post
2264 3923 2513 3968 sanatum
2571 3915 2869 3979 inﬁrmum,
2918 3919 3203 3973 suscitavit
3252 3936 3400 3976 mor-

1821 4003 2122 4070 tuum,quia
2156 4003 2444 4058 inﬁrmitas
2477 4005 2966 4073 praeceditmortem
2997 4025 3010 4061 :
3047 4008 3188 4066 ﬁlius
3213 4012 3406 4068 unicus

1819 4092 2032 4156 matris,
2079 4092 2135 4146 id
2173 4102 2258 4147 est
2299 4093 2472 4148 Adam
2519 4096 2586 4150 de
2621 4104 2768 4150 terra
2794 4105 3044 4167 portatur
3079 4116 3110 4155 a
3149 4111 3402 4172 quatuor,

1818 4182 1871 4236 id
1894 4189 1977 4236 est
1998 4198 2028 4237 a
2055 4191 2285 4253 quatuor
2305 4184 2605 4252 elementis,
2624 4188 2768 4243 unde
2797 4189 2959 4245 homo
2989 4201 3071 4247 est
3112 4209 3125 4245 :
3166 4197 3408 4265 tangitur

1818 4273 1968 4329 locus
1997 4289 2028 4330 a
2059 4275 2188 4340 Deo,
2227 4275 2280 4330 id
2314 4283 2398 4330 est
2433 4275 2635 4348 lignum
2667 4279 2861 4345 crucis,
2887 4281 3014 4350 quia
3040 4281 3200 4352 periit
3229 4283 3404 4340 Adam

1816 4383 1916 4439 per
1948 4367 2150 4438 lignum
2184 4387 2197 4423 :
2229 4368 2401 4424 Homo
2439 4386 2469 4424 a
2518 4379 2660 4426 terra
2701 4382 2970 4442 portatur,
3014 4377 3233 4446 quando
3283 4378 3400 4434 sola

113 4488 411 4536 tateucum
445 4491 460 4529 :
498 4477 669 4547 surgit
694 4487 748 4532 et
790 4475 984 4531 Petrus
1013 4477 1064 4530 in
1109 4477 1286 4532 medio
1331 4462 1713 4547 discipulorum

1823 4470 2038 4516 terrena
2086 4461 2306 4531 cogitat,
2356 4463 2470 4518 sive
2517 4466 2733 4534 quando
2760 4481 2904 4537 :eger
2927 4476 3008 4522 est
3047 4477 3104 4523 et
3126 4469 3406 4527 ambulare

111 4572 300 4635 stetit,
342 4569 577 4624 ostendit
617 4567 758 4638 quod
800 4583 906 4622 non
941 4567 1269 4622 reddendum
1314 4569 1717 4637 praedicandum

112 4672 226 4729 est,
253 4668 486 4732 propter
519 4658 672 4712 unxit
716 4673 801 4711 me
827 4698 840 4721 ,
873 4658 924 4711 id
955 4666 1036 4711 est
1075 4672 1182 4712 non
1209 4657 1383 4712 oleum
1411 4673 1718 4724 commune,

112 4755 216 4811 sed
275 4750 525 4822 spiritale
573 4768 586 4804 :
639 4749 1010 4819 evangelizare
1059 4749 1406 4819 pauperibus,
1444 4750 1496 4803 id
1538 4758 1620 4804 est
1661 4757 1722 4805 ut

109 4845 270 4901 beati
318 4856 584 4912 pauperes
615 4840 827 4910 spiritu,
857 4848 910 4894 et
935 4840 1160 4910 captivis
1187 4841 1628 4909 redemptionem,
1667 4842 1721 4897 id

111 4944 205 4992 est
229 4934 442 4991 Judaeis
470 4933 536 4988 de
570 4932 836 4996 Faraone,
866 4939 918 4985 et
945 4939 1130 5001 gentes
1178 4931 1244 4985 de
1276 4930 1487 4986 diabolo
1516 4949 1529 4984 :
1563 4932 1718 4987 caecis

113 5027 336 5091 visum,
365 5025 420 5080 id
442 5033 526 5079 est
544 5022 744 5078 Judaeis
767 5031 821 5077 et
842 5023 1090 5092 gentibus
1119 5034 1135 5074 :
1160 5022 1368 5076 dimitte
1390 5021 1714 5089 confractos,

112 5121 172 5177 id
216 5127 318 5176 est
349 5115 563 5172 Judzeos
593 5131 607 5170 :
647 5115 841 5170 Lutum
871 5114 1243 5169 fabricandum
1269 5122 1323 5168 et
1350 5123 1537 5184 gentes
1562 5114 1719 5169 idolis

112 5211 458 5285 suplicando
506 5227 518 5263 :
566 5224 706 5263 anno
739 5205 983 5270 Domini,
1021 5206 1074 5260 id
1111 5213 1192 5260 est
1219 5207 1341 5276 quia
1377 5221 1549 5261 annos
1589 5221 1719 5275 qua-

115 5315 254 5360 tuor
294 5313 538 5373 tempora
568 5301 748 5366 habet,
779 5301 1020 5357 ostendit
1042 5308 1273 5370 quatuor
1307 5299 1674 5370 Evangelistas
1703 5319 1714 5355 :

113 5411 177 5460 et
211 5399 511 5457 duodecim
535 5413 782 5463 menses,
815 5395 1095 5452 duodecim
1125 5392 1413 5463 Apostolos
1437 5394 1674 5448 ostendit
1705 5410 1717 5446 :

113 5503 174 5551 et
216 5493 378 5548 diem
415 5489 806 5553 retributionis,
844 5487 1008 5542 idest
1047 5485 1162 5540 dies
1198 5483 1383 5556 judicii
1425 5501 1437 5536 :
1483 5485 1551 5538 ad
1577 5483 1723 5538 litte-

115 5603 248 5645 ram
272 5627 293 5652 ,
328 5583 490 5640 hodie
514 5582 729 5653 impleta
755 5590 833 5634 est
867 5581 1131 5649 scriptura
1161 5578 1215 5632 in
1252 5578 1472 5632 auribus
1509 5578 1720 5632 vestris.

127 5719 134 5725 .
196 5675 406 5733 Multa:
427 5677 594 5730 vidua:
613 5682 760 5727 erant
793 5673 844 5725 in
872 5671 1058 5732 Israel,
1090 5672 1140 5725 id
1162 5679 1244 5724 est
1269 5669 1507 5725 Ecclesia
1541 5687 1554 5721 :
1580 5668 1724 5725 Elias

116 5769 701 5846 signiﬁcatChristum
727 5785 738 5819 :
761 5764 999 5819 Naéman
1017 5762 1482 5835 Syrus,signiﬁcat
1501 5774 1720 5833 gentes:

1821 4567 1927 4607 non
1958 4561 2163 4623 potest;
2198 4555 2265 4608 ab
2295 4571 2431 4625 aqua
2465 4565 2739 4625 portatur,
2767 4561 2983 4630 quando
3009 4561 3285 4618 luxuriare
3310 4578 3403 4619 co-

1822 4645 1977 4715 gitat,
2019 4645 2131 4699 sive
2171 4647 2384 4716 quando
2413 4664 2512 4718 pro
2551 4651 2721 4705 nimio
2766 4651 2967 4722 frigore
3013 4669 3212 4724 corpus
3257 4657 3402 4728 tangi

1823 4753 1927 4792 non
1978 4747 2151 4807 potest
2199 4757 2210 4792 :
2249 4740 2316 4795 ab
2356 4755 2482 4797 aere
2509 4750 2778 4811 portatur,
2823 4745 3039 4814 quando
3086 4747 3265 4801 omnia
3305 4763 3405 4819 pro

1823 4827 1980 4884 laude
2035 4831 2269 4884 humana
2323 4833 2476 4902 agit,
2525 4833 2639 4888 sive
2689 4835 2904 4904 quando
2948 4853 3047 4907 pro
3087 4838 3406 4910 aegritudine

1822 4917 1952 4974 flare
1975 4936 2080 4975 non
2112 4929 2291 4990 potest
2325 4940 2336 4974 :
2369 4923 2436 4976 ab
2461 4923 2579 4992 igne
2599 4933 2849 4993 portatur
2873 4927 3090 4996 quando
3117 4929 3401 4986 avaritiam

1827 5013 2047 5082 cogitat,
2079 5014 2193 5070 sive
2219 5015 2432 5084 quando
2457 5030 2557 5084 pro
2580 5016 2743 5072 nimia
2773 5017 2956 5086 febre,
2991 5022 3137 5093 tangi
3169 5037 3273 5078 non
3309 5040 3407 5095 po-

1827 5115 1935 5162 test
1967 5125 1978 5160 :
2015 5117 2126 5163 tres
2154 5117 2392 5163 mortuos
2429 5109 2712 5164 suscitavit
2740 5109 3020 5179 Dominus,
3051 5115 3102 5169 id
3125 5125 3209 5171 est
3236 5117 3405 5172 ﬁlium

1826 5202 1986 5257 unius
2034 5202 2244 5266 matris,
2277 5211 2331 5256 et
2371 5203 2529 5256 ﬁliam
2573 5205 2834 5276 principis
2873 5216 2927 5262 et
2961 5207 3247 5276 Lazarum,
3295 5212 3409 5281 pri-

1829 5310 1975 5348 mum
2029 5295 2082 5348 in
2129 5295 2308 5359 domo,
2361 5294 2412 5348 id
2457 5302 2542 5348 est
2589 5295 2642 5348 in
2687 5297 3315 5365 cogitationezsecundo
3352 5302 3405 5356 in

1827 5394 2005 5457 porta,
2037 5385 2090 5439 id
2131 5393 2215 5440 est
2243 5385 2295 5440 in
2325 5385 2529 5439 verbo:
2567 5387 2782 5441 tertium
2829 5390 2896 5444 de
2933 5397 3308 5456 manumento,
3349 5391 3405 5446 id

1827 5485 1910 5534 est
1940 5479 1994 5532 in
2027 5491 2210 5546 opere,
2252 5477 2343 5547 qui
2372 5476 2544 5532 minor
2575 5487 2660 5534 est
2693 5480 2746 5534 in
2773 5497 2940 5552 regno
2963 5483 3084 5549 Dei,
3126 5483 3299 5554 major
3320 5491 3406 5539 est

1827 5573 1941 5638 illo,
1983 5571 2036 5626 id
2072 5579 2155 5626 est
2199 5570 2468 5636 Christus,
2515 5574 2638 5640 quia
2679 5574 2851 5644 angeli
2883 5576 2992 5629 nati
3015 5591 3122 5629 non
3144 5583 3270 5630 sunt
3300 5592 3314 5629 :
3342 5584 3405 5631 ut

1788 5716 1797 5729 ,
1827 5667 1974 5722 dicat
2000 5664 2238 5721 minuisti
2266 5679 2386 5718 eum
2430 5663 2589 5733 paulo
2627 5666 2805 5720 minus
2839 5667 2906 5721 ab
2934 5666 3140 5735 angelis
3168 5686 3180 5720 :
3215 5674 3400 5722 tamen

1829 5760 2076 5817 Christus
2101 5757 2269 5825 major
2298 5762 2378 5808 est
2407 5751 2614 5808 Joanne
2642 5764 2900 5828 regnante
2921 5772 3042 5812 cum
3070 5767 3224 5834 patre
3243 5756 3407 5828 justi-
