3948 6328
540 352 648 422 899

1034 340 1425 415 WALAFRIDI
1463 353 1710 412 suum
1749 351 1956 410 rum.
1997 349 2162 407 non.
2201 349 2354 407 opp.
2396 348 2576 407 rans
2614 349 2653 404 ι.
2693 380 2766 392 -
2802 340 3261 409 THEOLOGICA.

544 478 703 534 ﬁcata
728 451 825 531 εει
838 471 1101 544 sapientia
1139 486 1171 526 a
1201 470 1325 525 ﬁliis
1366 470 1500 535 suis,
1547 469 1601 525 id
1627 478 1711 524 est
1737 473 1918 539 populi
1945 475 2002 522 et
2024 481 2123 535 pu-
2147 467 2199 529 Α
2220 464 2359 535 jeeta
2398 473 2524 519 sunt
2547 465 2723 529 vobis,
2748 465 2801 519 id
2823 465 3070 536 estquod
3099 466 3151 521 in
3179 465 3302 537 lege
3320 472 3430 522 non
3458 467 3566 523 fuit
3597 468 3655 524 in
3676 484 3796 526 ore:

542 567 761 631 blicani,
782 563 1210 633 justiﬁcaverunt
1242 564 1429 617 Deum.

614 658 951 711 Alabastrum
997 654 1288 724 unguenti,_
1326 654 1379 708 id
1426 659 1510 707 est
1557 665 1754 721 corpus
1801 665 1924 705 cum
1968 646 2116 704 ﬁde:

543 759 695 807 stans
725 758 870 803 retro
888 787 903 812 ,
935 746 988 801 id
1016 755 1100 800 est
1129 752 1251 815 post
1280 744 1650 798 ascensionem
1679 741 1889 796 Domini
1925 758 1938 794 :
1964 753 2121 795 secus

542 844 732 916 pedes.
760 842 811 895 id
843 851 928 895 est
950 838 1327 908 Apostolorum
1355 855 1368 890 :
1401 835 1669 906 lacrymas
1690 834 1921 903 rigabat,
1956 833 2007 887 id
2039 839 2121 886 est

543 933 785 989 charitas
800 931 1010 985 interna
1038 929 1091 983 in
1108 928 1217 985 Deo
1243 948 1255 983 :
1289 927 1490 998 capilli,
1523 926 1576 981 id
1605 934 1689 980 est
1713 924 1965 996 superilui
1993 922 2117 985 cibi,

542 1033 601 1082 et
636 1025 1013 1080 vestimentum
1062 1021 1197 1076 dare
1244 1037 1257 1073 :
1305 1017 1513 1075 osculat
1554 1018 1716 1087 pedes
1762 1014 1911 1084 ejus,
1952 1014 2003 1068 id
2040 1018 2125 1067 est

544 1128 667 1171 eum
691 1112 943 1168 omnibus
960 1125 1146 1182 pacem
1169 1109 1371 1165 habere
1397 1125 1409 1163 :
1443 1108 1591 1164 Unus
1616 1106 1847 1161 debebat
1871 1104 2122 1159 denarios

545 1204 887 1275 quingentos,
937 1201 992 1255 id
1033 1210 1116 1256 est
1161 1209 1383 1270 peccata
1428 1198 1664 1266 gentium
1699 1194 1982 1251 commissa
2026 1208 2124 1263 per

544 1301 781 1372 quinque
815 1312 1007 1355 sensus
1037 1314 1049 1350 :
1082 1295 1234 1351 Alius
1271 1290 1679 1364 quinquaginta,
1717 1289 1768 1344 id
1796 1296 1878 1343 est
1902 1293 2122 1358 peccata

496 1394 501 1399 ’
543 1389 849 1446 Iudaeorum
884 1403 898 1443 :
940 1387 1044 1443 Ista
1084 1386 1276 1440 mulier
1324 1385 1491 1439 Maria
1551 1380 1857 1455 Magdalena
1910 1380 2012 1433 fuit
2056 1378 2123 1433 de

544 1496 649 1551 qua
677 1478 845 1548 ejecta
878 1488 1001 1533 sunt
1039 1485 1242 1547 septem
1269 1475 1532 1531 daemonia
1566 1488 1589 1527 τ
1615 1473 1736 1543 quis
1763 1481 1847 1526 est
1873 1471 1963 1540 qui
1998 1484 2122 1540 pec.

545 1579 664 1626 cata
703 1570 963 1625 dimittit?
993 1568 1045 1622 id
1081 1576 1165 1622 est
1208 1568 1443 1636 potentia
1474 1565 1652 1619 divina
1701 1572 1755 1618 et
1780 1562 1952 1616 virtus
1979 1577 1992 1614 :
2018 1561 2119 1615 ista

544 1658 712 1714 Maria
750 1658 943 1729 ﬁgurat
968 1656 1267 1713 Ecclesiam
1307 1655 1374 1711 de
1407 1670 1512 1724 qua
1546 1654 1705 1721 ejecit
1734 1660 1940 1723 septem
1965 1651 2119 1716 vitia,

542 1753 687 1822 quod
718 1752 770 1806 in
799 1761 1005 1821 septem
1026 1749 1145 1805 dies
1177 1749 1421 1819 peccavit
1446 1749 1625 1802 homo.

2223 573 2386 628 super
2427 569 2726 628 serpentes,
2767 558 2821 613 id
2847 567 2930 613 est
2954 574 3117 630 super
3140 561 3373 625 etnicos,
3412 562 3546 632 quia
3591 580 3801 633 serpens

2221 664 2329 705 non
2360 651 2589 716 occidit,
2613 652 2709 705 sed
2745 665 3012 706 venenum
3050 652 3310 708 doctrina:
3342 652 3579 710 eﬂ‘undit
3608 674 3625 709 :
3664 671 3799 713 seor-

2218 740 2408 811 piones
2455 758 2579 796 cum
2627 744 2801 797 cauda
2842 751 2899 797 et
2930 751 3094 813 caput
3138 743 3332 813 equale
3378 747 3587 801 occidit
3630 766 3646 799 :
3678 749 3799 803 idem

2221 832 2485 897 diabolus,
2517 834 2607 903 qui
2640 834 2795 889 initio
2825 842 2881 888 et
2910 835 3016 888 ﬁne.
3041 834 3291 905 decipere
3322 837 3478 893 vult:
3513 839 3686 894 homo
3703 840 3799 898 dis-

2221 923 2487 977 cendebat
2514 963 2529 988 ,
2562 923 2614 977 id
2640 934 2722 978 est
2753 926 2985 980 mundus
3009 926 3101 995 qui
3147 929 3437 984 anathema
3484 930 3692 984 dicitur
3714 948 3731 984 :
3756 933 3801 986 in

2222 1010 2478 1075 latrones,
2500 1014 2552 1067 td
2575 1020 2661 1068 est
2684 1015 2981 1070 daemones:
3006 1016 3428 1087 dispoliaveruut
3455 1019 3638 1083 illum,
3663 1021 3714 1075 id
3734 1024 3804 1075 est

2222 1102 2289 1158 de
2330 1103 2470 1157 bona
2516 1103 2665 1159 ﬁde:
2698 1103 3106 1175 ﬁagellaverunt
3147 1107 3293 1161 illum
3317 1144 3333 1173 ,
3374 1109 3429 1163 id
3467 1118 3557 1164 est
3598 1125 3803 1180 pecare

2221 1191 2469 1248 fecerunt
2491 1209 2613 1249 eum
2639 1210 2655 1248 :
2678 1197 2995 1251 semivivum
3038 1198 3389 1267 reliquerunt,
3422 1200 3480 1255 id
3528 1211 3617 1257 est
3645 1204 3803 1257 vim

2221 1292 2439 1352 corpus,
2466 1285 2853 1340 conscientiam
2873 1295 2928 1342 et
2952 1287 3187 1342 animam
3208 1298 3482 1344 mortuam
3501 1308 3519 1343 :
3541 1294 3801 1358 sacerdos,

2223 1373 2277 1428 id
2314 1382 2398 1428 est
2434 1372 2616 1430 Aaron
2646 1394 2660 1429 :
2688 1375 2908 1442 Levita,
2958 1378 3010 1432 id
3039 1388 3122 1433 est
3156 1379 3329 1435 tribus
3368 1380 3505 1435 Levi
3532 1396 3663 1436 cum
3703 1384 3803 1455 lege

2223 1481 2318 1523 sua
2349 1484 2363 1523 :
2405 1470 2798 1534 Samaritanus,
2836 1472 2889 1526 id
2923 1480 3009 1527 est
3046 1471 3333 1527 Christus:
3368 1475 3462 1542 qui
3492 1484 3582 1530 est
3618 1476 3687 1530 de
3722 1492 3801 1531 su-

2222 1559 2480 1615 burbanis
2510 1559 2800 1628 Samaritae;
2840 1561 2955 1631 ipse
3001 1562 3390 1632 interpretatur
3418 1573 3613 1619 custos
3634 1605 3651 1630 ,
3691 1566 3802 1636 quia

2224 1651 2291 1705 de
2328 1650 2544 1706 Christo
2570 1652 2680 1706 Deo
2710 1669 2724 1705 :
2751 1654 3061 1708 custodiens
3086 1654 3339 1724 parvulos
3368 1654 3641 1711 Dominus
3666 1674 3681 1710 :
3704 1657 3803 1710 alli-

2226 1744 2372 1814 gavit
2401 1743 2621 1798 vulnera
2657 1745 2806 1814 ejus,
2840 1744 2893 1798 id
2920 1754 3004 1800 est
3032 1759 3129 1816 per
3170 1747 3557 1817 paenitentiam
3604 1749 3802 1804 strinxit

612 1844 711 1902 Vir
738 1845 977 1916 quidam,
1024 1843 1076 1898 id
1109 1851 1193 1898 est
1221 1842 1448 1912 populus
1484 1838 1724 1911 gentium
1752 1855 1765 1892 ς
1789 1837 2121 1908 temporibus
2151 1833 2198 1894 Β
2225 1845 2476 1909 peccata:
2502 1836 2737 1891 infundit
2761 1837 2879 1893 oleo
2906 1848 2962 1892 et
2986 1838 3130 1903 vino,
3152 1838 3452 1894 severitate
3473 1848 3534 1893 et
3552 1842 3799 1896 suavitate

539 1935 724 1991 multis
743 1975 758 2000 ,
786 1934 838 1989 id
866 1942 951 1988 est
977 1948 1007 1987 a
1036 1932 1303 2003 principio
1330 1930 1513 1985 mundi
1543 1948 1554 1984 :
1591 1930 1981 1985 Vestimentum
2012 1942 2118 1983 non

539 2026 884 2090 induebatur,
906 2025 959 2079 id
978 2033 1060 2079 est
1082 2024 1206 2079 ﬁde.
1241 2021 1351 2078 Nec
1380 2022 1630 2077 manebat
1660 2021 1714 2075 in
1745 2021 1923 2085 domo,
1962 2021 2013 2074 id
2039 2027 2121 2074 est

541 2118 595 2173 in
625 2117 862 2173 Ecclesia
900 2135 913 2171 :
947 2117 1041 2171 sed
1072 2117 1125 2170 in
1166 2115 1548 2179 monumentis,
1584 2113 1636 2167 id
1661 2123 1745 2169 est
1778 2112 2119 2168 consuetudo

539 2206 845 2278 peccandi:
887 2204 1093 2261 catenis
1134 2205 1382 2275 pedibus,
1438 2203 1490 2258 id
1553 2212 1636 2261 est
1676 2204 1764 2260 lex
1811 2212 2018 2258 natura
2066 2211 2120 2258 et

540 2296 780 2351 litterae:
811 2296 1051 2361 sedente,
1094 2295 1146 2351 id
1192 2306 1275 2350 est
1324 2295 1375 2349 in
1421 2294 1557 2360 title;
1595 2303 1715 2366 post
1742 2294 2068 2364 baptismum
2100 2310 2114 2348 :

542 2389 819 2453 vestitum,
848 2387 903 2442 id
945 2395 1027 2442 est
1052 2387 1104 2440 in
1146 2386 1606 2441 immortalitatem
1646 2405 1660 2438 :
1694 2385 1760 2441 ad
1790 2387 1953 2457 pedes
1979 2384 2115 2455 ejus,

543 2479 595 2534 id
622 2479 805 2535 estad
843 2477 1127 2548 Apostolus
1166 2495 1180 2530 :
1222 2477 1423 2532 dimisit
1468 2477 1616 2532 illum
1658 2485 1714 2532 et
1756 2476 1893 2531 dixit
1918 2477 2032 2532 redi
2064 2478 2119 2531 in
2164 2508 2167 2509 ν

540 2570 758 2626 domum
800 2579 965 2635 tuam,
1013 2569 1251 2624 ostendit
1279 2570 1347 2624 de
1384 2569 1646 2635 theoriea,
1692 2584 1799 2624 non
1839 2570 2022 2624 venire
2051 2571 2117 2625 ad

541 2661 772 2717 actuale.
2103 2652 2112 2660 ’

613 2750 835 2815 Mulier,
870 2752 925 2807 id
951 2760 1035 2807 est
1063 2752 1304 2808 Eeeiesia
1330 2770 1343 2805 :
1371 2750 1572 2805 ﬂuxum
1603 2751 1882 2822 sanguinis
1906 2793 1919 2817 ,
1956 2751 2010 2806 id
2034 2759 2120 2807 est

545 2842 629 2897 lex
661 2853 867 2898 natura;
909 2860 922 2896 :
962 2844 1030 2898 ab
1058 2844 1215 2898 annis
1236 2843 1512 2897 duodecim
1534 2883 1547 2907 ,
1575 2842 1629 2896 id
1656 2852 1739 2897 est
1764 2843 1882 2896 dua:
1912 2852 2115 2898 anates.

615 2933 800 3004 Tangit
829 2932 1091 3001 ﬁmbriam
1131 2931 1413 2986 vestimenti
1448 2931 1561 3001 ejus
1581 2972 1595 2996 ,
1625 2932 1677 2985 id
1707 2943 1789 2985 est
1813 2933 2040 2986 credidit
2064 2932 2115 2986 in

541 3025 825 3081 minimum
850 3023 1164 3077 mandatum
1202 3021 1405 3077 Christi
1440 3038 1452 3074 :
1482 3022 1604 3091 quis
1633 3029 1715 3076 est
1755 3021 1846 3091 qui
1883 3036 1970 3076 me
2001 3022 2121 3077 teti-

539 3118 649 3191 git,
683 3116 736 3171 id
767 3124 849 3171 est
875 3116 965 3186 qui
1004 3128 1090 3171 me
1118 3115 1387 3185 credidit:
1422 3118 1675 3169 virtutem
1702 3114 1769 3168 de
1797 3130 1880 3169 me
1915 3116 2113 3180 exisse,

549 3211 603 3266 id
634 3218 718 3266 est
765 3210 830 3264 ad
872 3210 1155 3279 probatum
1186 3208 1276 3278 qui
1326 3208 1485 3263 ﬁdem
1532 3207 1721 3262 habuit
1770 3225 1783 3260 :

546 3302 824 3359 Johannes
835 3300 1156 3366 etJacobus,
1171 3301 1225 3356 id
1249 3308 1332 3356 est
1355 3299 1506 3364 ﬁdes,
1526 3314 1671 3369 spes,
1699 3299 1926 3355 caritas:
1945 3311 2119 3370 paler,

544 3395 598 3449 id
625 3402 707 3449 est
724 3394 1009 3464 episcOpus
1039 3411 1051 3446 :
1085 3400 1278 3457 mater,
1297 3391 1535 3446 Ecclesia
1568 3408 1581 3445 :
1614 3392 1829 3446 castella
1853 3401 1907 3446 et
1931 3392 2122 3447 civita-

538 3497 637 3551 tes,
684 3490 739 3543 id
765 3498 849 3543 est
877 3488 1021 3543 servi
1059 3496 1114 3542 et
1150 3487 1400 3551 Domini;
1434 3490 1793 3539 narraverunt
1821 3484 1871 3537 ei
1897 3496 2018 3551 quae
2046 3482 2122 3537 fe-

536 3590 724 3635 cerant
757 3598 770 3633 :
818 3580 933 3635 dies
976 3579 1141 3648 erepit
1190 3578 1477 3643 declinare,
1522 3576 1577 3632 id
1600 3584 1684 3631 est
1718 3575 1837 3630 ﬁeri
1861 3590 2005 3637 nox;
2039 3574 2123 3630 di—

536 3672 721 3735 mittit,
760 3671 970 3724 turbam
1002 3668 1231 3723 Judmos.

617 3757 722 3813 Vos
760 3760 882 3813 date
910 3758 1014 3812 illis
1038 3758 1379 3823 manducare,
1424 3758 1476 3813 id
1511 3765 1594 3813 est
1632 3759 1923 3828 praedicate
1948 3759 2121 3830 genti-

534 3850 659 3914 bus,
695 3849 985 3912 benedixit,
1029 3850 1085 3904 id
1117 3858 1201 3904 est
1240 3848 1590 3919 Evangelium
1617 3866 1630 3903 :
1658 3848 1835 3920 fregit,
1862 3849 1914 3904 id
1944 3859 2028 3905 est
2053 3849 2121 3905 ad

534 3939 768 3996 litteram
800 3958 813 3993 :
846 3948 1059 4010 oportet
1103 3940 1270 3995 illium
1310 3941 1545 3997 hominis
1585 3941 1746 3996 malta
1782 3942 1911 4013 pali,
1952 3943 2004 3997 id
2036 3951 2122 3998 est

536 4035 719 4088 mori:
762 4033 1080 4104 navigantes
1125 4048 1191 4090 ex
1232 4033 1417 4104 politia
1463 4034 1704 4105 periculo
1753 4037 1973 4107 navigii,
2022 4036 2117 4106 qui

535 4125 983 4196 tranquillitatem
1018 4135 1145 4197 post;
1168 4128 1299 4181 Vidit
1339 4127 1659 4198 periculum,
1706 4140 1960 4183 excessus
2001 4127 2115 4196 ejus

532 4214 698 4272 multa
734 4217 847 4286 pati
876 4218 1119 4285 sequenti
1143 4217 1250 4283 die,
1282 4217 1334 4271 id
1362 4226 1444 4272 est
1473 4217 1529 4271 in
1568 4219 1802 4273 secunda
1839 4217 1953 4289 lege
1984 4236 1997 4271 :
2032 4217 2119 4274 vir

532 4311 600 4365 de
630 4310 782 4365 turba
812 4310 1155 4375 exclamavit,
1189 4311 1240 4365 id
1267 4319 1352 4365 est
1382 4311 1655 4366 Abraham
1682 4329 1696 4365 :
1725 4311 1867 4365 ﬁlius
1898 4312 2111 4377 unicus,

539 4403 590 4459 id
622 4413 708 4459 est
734 4416 895 4460 omne
921 4419 1093 4476 genus
1124 4422 1137 4457 :
1163 4403 1341 4459 subito
1369 4404 1633 4470 clamans,
1662 4402 1713 4459 id
1744 4412 1827 4459 est
1848 4404 2132 4470 irascens,-

1833 3166 2121 3263 14.15;};
2146 3166 2202 3259 c’

2224 1930 2506 1999 scriptura:
2530 1928 2751 1997 praemio
2783 1936 2839 1983 et
2870 1942 3030 1999 paena
3058 1945 3074 1982 :
3102 1929 3157 1983 in
3192 1929 3509 1999 iumentum
3542 1944 3732 1995 sm,
3754 1932 3799 1986 id

2223 2031 2308 2077 est
2337 2021 2391 2075 iu
2427 2036 2623 2090 corpus
2666 2036 2853 2087 suum;
2887 2022 3014 2091 quia
3049 2036 3145 2091 per
3169 2021 3484 2091 passionem
3523 2022 3799 2077 humau-

2222 2126 2390 2185 genus
2414 2112 2665 2183 perduxit
2701 2113 2769 2168 ad
2808 2113 3111 2178 stabulum,
3142 2113 3197 2169 id
3233 2122 3318 2169 est
3351 2116 3421 2169 ad
3458 2115 3755 2171 Ecclesia:
3783 2135 3797 2170 :

2222 2206 2357 2261 duos
2391 2206 2659 2269 denarios,
2685 2205 2738 2261 id
2765 2215 2851 2260 est
2872 2208 3005 2262 duas
3030 2206 3171 2278 leges
3195 2224 3209 2260 :
3236 2207 3387 2262 dedit
3409 2208 3731 2275 stabulario,
3751 2209 3798 2264 id

2222 2304 2307 2352 est
2342 2297 2474 2352 ordo
2500 2297 2818 2352 doctorum:
2861 2298 3237 2369 quodcumque
3275 2314 3441 2370 super
3478 2300 3797 2371 erogaveris,

2220 2391 2277 2447 id
2298 2399 2381 2446 cst
2405 2392 2780 2462 quodcumque
2807 2391 3003 2447 feceris
3030 2407 3127 2462 per
3152 2392 3493 2464 diligentiam
3538 2403 3713 2457 tuam,
3740 2393 3798 2448 de

2222 2483 2466 2540 doctrina
2491 2484 2792 2549 hominum,
2819 2496 2929 2555 ego‘
2946 2492 3243 2549 revertens,
3272 2485 3325 2540 id
3345 2494 3432 2541 est
3457 2486 3533 2539 ad

2222 2573 2441 2629 reddam
2481 2574 2573 2628 tibi
2610 2593 2623 2627 :
2659 2574 2848 2639 Marta,
2875 2575 2927 2629 id
2948 2584 3031 2629 est
3059 2575 3299 2631 Ecclesia
3323 2577 3585 2632 actualis.

2296 2664 2487 2730 Maria,
2519 2665 2571 2720 id
2593 2674 2674 2721 est
2702 2666 2945 2721 Ecclesia
2972 2667 3234 2733 theorica,
3269 2683 3391 2737 qua:
3418 2669 3591 2724 verba
3613 2666 3799 2725 Christi

2222 2773 2437 2829 semper
2464 2759 2651 2813 audit:
2680 2758 2848 2813 Marta
2893 2760 3077 2815 dixit:
3114 2768 3174 2815 ut
3211 2775 3369 2816 soror
3409 2774 3512 2816 sua
3557 2776 3621 2818 se
3658 2764 3798 2833 :de-

2223 2865 2381 2905 vasse
2417 2852 2541 2920 quia
2571 2866 2705 2920 opus
2742 2860 2843 2917 est,
2874 2853 3064 2906 activa:
3099 2853 3224 2906 vita:
3263 2860 3324 2907 ut
3357 2867 3423 2908 ea
3470 2856 3799 2926 oontemphc

2224 2942 2331 2997 tiva
2357 2943 2549 2998 debeat
2583 2944 2839 3011 adjuvare
2869 2963 2883 2999 ;
2914 2945 3128 3010 Amice,
3163 2947 3217 3003 id
3257 2953 3340 3002 est
3379 2948 3619 3004 doctor'
3648 2949 3797 3004 leti:

2222 3045 2408 3103 nocte,
2443 3038 2495 3092 id
2524 3046 2608 3093 est
2647 3039 2699 3093 in
2740 3042 3170 3109 opportunitate:
3202 3049 3313 3098 tres
3332 3057 3547 3111 panes,
3582 3045 3797 3101 ostendit

2225 3127 2381 3185 ﬁdem
2412 3129 2735 3186 Trinitatis:
2769 3133 2989 3189 Amicus
3026 3148 3210 3199 meus,
3247 3135 3301 3191 id
3340 3142 3430 3191 est
3472 3136 3619 3192 alios
3648 3140 3800 3210 pani-

2226 3224 2445 3279 tentiam
2474 3238 2640 3295 agens
2673 3225 2740 3279 de
2764 3226 2846 3280 via
2868 3266 2883 3289 ,
2916 3225 2967 3279 id
2994 3235 3076 3282 est
3106 3222 3170 3281 de
3205 3227 3431 3283 mundo.
3480 3227 3609 3285 Non
3647 3232 3798 3286 habet

2222 3315 2363 3387 quod
2389 3330 2581 3384 ponam
2613 3324 2739 3372 ante
2763 3332 2911 3382 eum,
2942 3317 2999 3372 id
3021 3326 3105 3373 est
3134 3332 3242 3372 non
3265 3318 3384 3375 scio
3413 3319 3624 3377 docere
3652 3336 3797 3378 eum:

2220 3405 2420 3460 ostium
2454 3405 2717 3472 clausum,
2745 3407 2801 3462 id
2819 3415 2903 3463 est
2928 3407 3125 3464 OStium
3152 3407 3277 3464 cali
3306 3410 3459 3478 quod
3482 3426 3601 3467 non
3622 3412 3798 3482 aperit,

2223 3495 2324 3549 nisi
2363 3496 2565 3550 caritas
2595 3498 2747 3567 pueri
2785 3498 2889 3552 mei
2927 3512 3135 3554 mecum
3175 3508 3334 3565 sunt,
3363 3499 3421 3554 id
3470 3512 3561 3557 est
3593 3503 3803 3558 virtutes

2221 3585 2475 3642 etelestes
2498 3604 2510 3641 :
2534 3587 2676 3658 quod
2720 3587 2917 3645 deforis
2948 3599 3031 3645 est
3069 3599 3125 3645 et
3152 3590 3316 3656 intus,
3345 3592 3404 3648 id
3446 3604 3535 3649 est
3562 3597 3655 3666 qui
3691 3596 3803 3651 fecit

2221 3695 2415 3750 corpus
2446 3681 2559 3752 ipse
2581 3681 2707 3737 fecit
2735 3683 2969 3737 animam
3006 3701 3021 3738 :
3043 3685 3164 3739 date
3188 3684 3603 3757 eleemosynam
3628 3699 3683 3743 et
3702 3704 3804 3743 out-

2221 3775 2308 3829 nia
2338 3775 2534 3830 munda
2573 3784 2697 3830 sunt
2728 3795 2740 3830 :
2774 3786 2827 3830 et
2850 3776 2895 3831 si
2935 3793 3041 3832 non
3077 3776 3335 3833 dederitis
3375 3778 3668 3835 immunda
3694 3789 3804 3835 sum

2221 3868 2400 3923 omnia
2445 3883 2566 3939 quae
2613 3870 2842 3926 habetis.
2889 3869 3005 3926 Noli
3057 3871 3247 3926 timere
3292 3872 3535 3942 pusillus
3563 3889 3695 3945 grex
3727 3873 3807 3927 :id

2220 3972 2345 4017 sunt
2382 3962 2550 4018 Judaii
2591 3963 2845 4019 dixerunt
2882 3966 3007 4034 quia
3044 3964 3392 4020 crediderunt
3428 3980 3444 4019 :
3475 3965 3626 4035 quod
3658 3967 3807 4021 male-

2220 4053 2395 4108 dictus
2419 4052 2518 4107 fuit
2545 4053 2598 4108 in
2628 4054 2744 4124 lege
2780 4056 2870 4125 qui
2900 4071 3103 4125 pauper
3140 4054 3325 4110 ﬁebat.

2290 4144 2474 4199 Lumbi
2503 4147 2654 4200 vestri
2683 4149 2949 4215 prmcincti
2971 4159 2991 4199 .'
3022 4148 3256 4203 ostendit
3302 4149 3671 4204 castitatem:
3715 4147 3806 4203 LI-

2218 4251 2393 4291 cerna:
2414 4236 2688 4301 ardentes,
2705 4237 2756 4292 id
2784 4247 2867 4292 est
2887 4254 3045 4309 opera
3070 4240 3230 4295 bona.
3247 4237 3320 4295 Ut
3344 4254 3474 4294 cum
3498 4241 3742 4303 venerit,
3762 4238 3809 4293 id

2218 4335 2299 4380 est
2318 4327 2368 4379 in
2391 4325 2577 4382 dolore
2599 4345 2613 4379 :
2631 4337 2685 4381 et
2703 4327 3015 4392 pulsaverit,
3042 4330 3092 4384 id
3113 4338 3196 4385 est
3214 4328 3396 4383 anima
3418 4346 3525 4400 per
3546 4342 3772 4385 mortem
3789 4340 3809 4381 :

2211 4424 2271 4471 ἐι
2297 4416 2581 4471 confestim
2608 4417 2877 4486 aperiant,
2904 4419 2957 4472 id
2988 4430 3073 4475 est
3107 4434 3322 4489 semper
3354 4431 3621 4491 paratum
3656 4433 3807 4476 eset:

534 4492 761 4555 etelidit
796 4500 854 4554 in
885 4499 1195 4553 adulatione
1218 4500 1449 4569 proximi
1484 4519 1497 4555 :
1530 4501 1922 4569 dissipateum,
1952 4500 2005 4555 id
2031 4508 2197 4610 est
2220 4507 2432 4561 transiit
2470 4516 2522 4561 et
2563 4507 2892 4563 ministrabit
2929 4510 3054 4575 illis,
3087 4510 3141 4564 id
3168 4520 3252 4565 est
3277 4521 3401 4580 post
3440 4512 3714 4583 judicium
3738 4511 3805 4566 ri-

533 4589 589 4645 in
617 4590 1013 4659 desperatione,
1056 4605 1180 4645 cum
1224 4606 1436 4660 spuma,
1477 4591 1528 4646 id
1559 4600 1643 4645 est
1672 4607 1793 4645 cum
1832 4591 2059 4647 stultitia
2094 4606 2111 4646 :

534 4692 753 4735 manum
787 4695 950 4750 super
978 4690 1241 4746 aratrum,
1286 4682 1339 4735 id
1377 4691 1461 4736 est
1502 4696 1638 4752 opus
1676 4697 1838 4750 super
1865 4683 2112 4755 Evange-

533 4768 661 4823 Bum
695 4784 709 4821 :
744 4779 911 4835 retro,
963 4771 1013 4824 id
1072 4781 1159 4826 est
1197 4772 1249 4825 in
1296 4772 1497 4851 mundo
1539 4791 1551 4825 :
1589 4771 1870 4838 Vomeres,
1925 4774 1978 4829 id
2033 4784 2113 4830 est

533 4860 735 4916 caritas
776 4875 792 4917 :
845 4872 1079 4933 quatuor
1127 4865 1314 4929 boves,
1364 4862 1416 4918 id
1460 4873 1544 4918 est
1588 4875 1820 4934 quatuor
1870 4867 2112 4939 Evange-

534 4954 671 5009 listte
707 4954 1052 5029 :designavit
1092 4957 1351 5013 Dominus
1394 4958 1530 5013 alios
1581 4960 1921 5029 septuaginta
1950 4961 2113 5017 disci-

532 5050 706 5120 pulos,
752 5051 893 5107 sicu't
930 5051 1138 5125 Moyses
1180 5053 1340 5124 elegit
1389 5055 1728 5125 septuaginta
1772 5055 2114 5125 presbyteros

533 5142 601 5197 de
652 5144 933 5200 duodecim
970 5146 1166 5211 tribus,
1215 5144 1269 5203 id
1293 5156 1376 5203 est
1408 5154 1468 5202 nt
1517 5148 1855 5219 septuaginta
1903 5149 2115 5221 linguas

534 5233 625 5303 qui
655 5234 853 5290 divisas
879 5244 1035 5291 erant
1061 5252 1159 5306 per
1196 5236 1503 5307 superbiam
1551 5239 1604 5292 in
1645 5253 1807 5293 unam
1850 5239 2111 5309 linguam,

532 5340 631 5397 per
683 5328 1041 5383 humilitatem
1087 5330 1326 5385 adnnare
1364 5349 1376 5384 :
1418 5330 1574 5386 binos
1604 5330 1867 5387 animales
1899 5332 1952 5386 in
1986 5347 2112 5387 arca

532 5425 589 5471 et
635 5417 751 5473 dnd
786 5419 1033 5490 discipuli
1092 5420 1159 5475 ad
1215 5418 1689 5491 praedicationem,
1744 5423 2031 5477 caritatem
2095 5440 2109 5477 :

531 5507 768 5565 estcridit
808 5526 1008 5567 novum
1050 5519 1105 5567 et
1130 5512 1295 5569 vetus
1315 5512 1721 5570 Testamentum
1772 5531 1785 5569 :
1829 5529 2025 5586 corpus
2059 5516 2117 5572 et

531 5603 729 5665 anima,
754 5606 838 5659 vir
866 5615 920 5661 et
944 5605 1157 5673 mulier,
1184 5614 1241 5663 et
1269 5609 1375 5662 duo
1398 5608 1667 5677 discipuli.

604 5692 755 5747 Mitto
782 5712 869 5749 vos
895 5700 1027 5751 sicut
1054 5716 1215 5769 agnos
1242 5699 1377 5752 inter
1400 5697 1549 5767 lupos
1573 5713 1591 5751 :
1628 5696 1740 5767 Ego
1773 5707 1979 5768 pastor,
2013 5712 2115 5756 vos

532 5793 696 5851 oves;
721 5785 826 5856 lupi
846 5826 863 5854 ,
888 5788 937 5842 id
958 5799 1038 5844 est
1058 5790 1263 5846 Scriba:
1290 5798 1344 5845 et
1370 5788 1645 5847 Pharisrei.
1680 5788 1955 5846 Dzemonia
1982 5791 2111 5848 sub;

2220 4608 2332 4654 tam
2359 4608 2621 4655 aeternam
2655 4620 2667 4655 :
2697 4602 2870 4673 ignem
2898 4603 3019 4657 veni
3057 4603 3270 4659 mittere
3300 4604 3355 4659 in
3389 4616 3639 4671 terram,
3663 4608 3715 4661 id
3734 4608 3805 4659 est

2219 4693 2504 4749 caritatem
2531 4710 2547 4748 :
2570 4703 2625 4749 et
2666 4693 2742 4749 illi
2783 4694 2985 4750 (ἱειὶιωί
3017 4696 3186 4750 decim
3217 4704 3271 4750 et
3308 4706 3439 4752 octo
3468 4698 3803 4771 signiﬁcant,

2216 4801 2379 4857 super
2402 4800 2538 4857 quos
2574 4788 2829 4843 ceciderit
2855 4789 3050 4851 turris,
3083 4788 3134 4843 id
3172 4798 3257 4843 est
3294 4791 3535 4860 spiritus
3565 4802 3807 4854 sanctus,

2214 4876 2342 4946 quia
2373 4878 2520 4949 sylva
2548 4877 2745 4933 missus
2772 4877 2971 4934 dicitur
2995 4895 3008 4931 :
3032 4878 3243 4934 dimitte
3272 4893 3395 4935 eam
3428 4889 3489 4937 et
3515 4882 3629 4938 hoc
3655 4894 3810 4944 anno,

2218 4967 2272 5022 id
2305 4976 2391 5023 est
2427 4968 2772 5040 Evangelium
2810 4985 2822 5023 :
2859 4967 3057 5024 fodiem
3082 4969 3227 5024 circa
3260 4968 3409 5023 illam
3429 5011 3448 5037 ,
3480 4972 3538 5026 id
3571 4981 3657 5027 est
3677 4984 3810 5042 pr:-

2216 5058 2415 5124 dicem,
2438 5057 2665 5115 collinus
2686 5046 2961 5125 stercoris,
2988 5068 3202 5131 peccata
3225 5062 3507 5127 conﬁteri,
3532 5063 3595 5118 in
3618 5063 3809 5125 fidum,

2216 5149 2270 5205 id
2308 5158 2389 5206 est
2416 5150 2469 5204 in
2494 5148 2637 5204 diem
2664 5149 2853 5219 judicii
2886 5167 2900 5205 :
2934 5148 3144 5216 mulier,
3182 5151 3233 5205 id
3259 5160 3344 5206 est
3375 5153 3692 5209 hmhanum
3722 5166 3811 5223 ge-

2215 5257 2352 5297 nus:
2386 5241 2574 5311 spiritu
2598 5240 2950 5309 inﬁrmitatis,
2982 5244 3036 5297 id
3068 5251 3152 5299 est
3186 5241 3288 5297 ﬁde
3317 5252 3375 5299 et
3396 5259 3575 5315 Opera
3609 5265 3623 5299 :
3650 5248 3815 5299 am

2215 5331 2391 5388 decim
2421 5340 2471 5387 et
2501 5341 2642 5396 octo,
2673 5333 2726 5387 id
2759 5343 2843 5389 est
2872 5334 2990 5391 duae
3021 5335 3188 5405 leges,
3209 5336 3323 5391 sive
3353 5337 3449 5407 qui
3485 5353 3602 5394 non
3629 5337 3814 5409 imple

2221 5431 2414 5479 verunt
2453 5423 2639 5479 decem
2670 5425 2831 5480 verba
2860 5426 2993 5497 legis
3028 5435 3082 5482 et
3117 5442 3221 5482 non
3252 5427 3622 5484 crediderunt
3650 5430 3702 5483 in
3738 5442 3817 5480 re-

2220 5514 2612 5570 Snrrectionem
2643 5516 2768 5585 quia
2811 5526 3004 5572 octavo
3038 5518 3126 5573 die
3175 5519 3265 5583 ﬁt,
3311 5534 3413 5590 per
3457 5530 3577 5575 tres
3628 5533 3814 5575 εευοε.

2223 5605 2457 5661 ostendit
2482 5605 2694 5660 inﬁrma
2720 5606 2820 5660 fuit
2845 5618 2972 5663 ante
2998 5608 3167 5682 legem
3200 5628 3213 5664 :
3240 5611 3341 5665 sub
3375 5610 3516 5682 lege,
3556 5612 3667 5666 sub
3691 5624 3815 5682 gra-

2222 5697 2296 5752 tia
2330 5715 2344 5751 :
2376 5696 2634 5751 inclinata
2669 5698 2734 5752 ad
2767 5706 2998 5759 terram,
3045 5701 3095 5753 id
3129 5710 3211 5756 est
3242 5708 3459 5755 terrena
3496 5702 3811 5756 desideria:

2220 5805 2433 5849 sursum
2463 5790 2732 5860 respicere
2751 5830 2766 5855 ,
2800 5791 2849 5845 id
2886 5800 2976 5847 est
2994 5793 3118 5863 quia
3141 5794 3383 5849 etelestia
3417 5810 3523 5865 per
3542 5795 3817 5866 peniten-
