3948 6328
181 376 274 436 901

886 372 1255 432 EXPOSITIO
1291 373 1361 429 IN
1398 368 1734 443 QUATUOR

1842 364 2187 424 lANCELlA.
2225 398 2299 413 -
2332 370 2404 427 1N
2440 370 2701 429 ιεεΑιι.

3344 381 3453 442 θῦΞ

181 495 305 549 tiam
360 502 468 547 non
521 490 836 561 requirebat
867 507 882 544 :
930 491 1145 545 vocavit
1181 491 1247 545 ad
1296 506 1356 546 se
1379 531 1394 554 ,
1448 490 1500 543 id
1549 497 1631 543 est
1670 501 1766 557 per
1792 484 1842 545 Δ
1870 500 2014 537 non:
2042 484 2355 541 vulneribus
2378 487 2585 557 plenus,
2621 487 2673 543 id
2696 496 2779 544 est
2800 491 3040 559 peccatis
3059 491 3211 551 dives
3236 492 3454 559 Iudaeos

177 581 587 646 confessionem,
628 589 682 635 et
714 580 968 649 imposuit
997 580 1069 634 illi
1101 595 1353 644 manum,
1397 581 1450 635 id
1491 589 1576 636 est
1620 581 1760 636 bona

175 668 413 740 exempla
437 685 453 723 :
477 677 663 725 curata
693 678 807 734 est,
836 685 959 740 spes
986 670 1233 725 sanitatis
1262 688 1275 725 :
1315 672 1484 741 prima
1514 671 1757 737 sabbati,

173 764 224 818 id
266 772 349 817 est
391 763 445 817 in
490 763 727 817 futuram
766 763 1045 833 requiem:
1079 764 1242 818 dicite
1269 764 1412 834 vulpi
1454 764 1551 830 illi,
1593 765 1646 819 id
1676 768 1761 820 εει

171 852 438 919 Herodes,
470 854 597 923 quia
624 853 871 908 diabolus
901 852 1098 907 animal
1126 862 1245 918 est,
1272 854 1483 908 interne
1526 854 1756 921 habitat,

167 949 319 1003 vinea
349 948 695 1013 exterminat,
740 949 815 1003 ita
859 947 1100 1004 Herodes
1144 948 1389 1004 diabolus
1426 950 1755 1006 exterminat

163 1040 318 1095 vinea
342 1048 401 1094 ut
426 1040 624 1095 dicitur
651 1042 806 1096 vinea
833 1041 900 1095 de
924 1040 1159 1113 [Egypto
1190 1042 1532 1097 transtulisti.

182 1148 187 1153 ν
235 1131 407 1187 Homo
435 1133 771 1204 hydropicus,
810 1134 873 1189 id’
898 1142 981 1188 est
1011 1135 1304 1188 humanum
1344 1149 1551 1205 genus:
1584 1132 1752 1190 forni-

162 1226 333 1289 cator,
366 1227 735 1297 adprehensus
762 1227 991 1292 sanavit,
1020 1227 1255 1283 ostendit
1276 1230 1419 1299 quod
1447 1237 1558 1283 tum
1590 1228 1753 1300 impe-

164 1326 245 1372 tus
274 1317 646 1373 fornicationis
674 1329 897 1374 sanatur
929 1337 942 1372 :
974 1320 1159 1384 homo,
1188 1320 1242 1375 id
1275 1329 1355 1376 est
1384 1320 1524 1377 Deus
1546 1320 1743 1378 Pater:

161 1424 315 1465 creua
346 1427 536 1482 magna
558 1454 572 1477 ,
599 1412 649 1467 id
676 1420 757 1467 est
790 1411 1161 1482 Evangeiium,
1190 1414 1404 1468 vocavit
1431 1415 1659 1479 multos,
1692 1414 1749 1471 id

158 1508 238 1555 est
262 1499 477 1557 Iudaeos
512 1520 524 1555 :
556 1502 704 1557 misit
738 1517 953 1557 servum
985 1518 1163 1568 suum,
1202 1503 1255 1558 id
1279 1514 1361 1559 est
1383 1503 1660 1560 Christum
1690 1505 1742 1561 in

156 1609 375 1647 carnem
411 1614 422 1647 :
457 1603 643 1663 parata
674 1604 800 1650 sunt
828 1595 1040 1659 omnia,
1078 1596 1130 1649 id
1155 1604 1238 1651 est
1267 1598 1410 1667 quod
1438 1598 1502 1652 de
1526 1576 1747 1652 Christo

153 1688 475 1758 prophetata
505 1695 629 1741 sunt
664 1705 676 1740 ε
713 1687 893 1742 villam
919 1688 1024 1742 emi
1049 1730 1061 1753 ,
1088 1688 1143 1742 id
1172 1698 1259 1743 εει
1290 1703 1389 1759 pro
1417 1689 1644 1743 avaritia
1673 1689 1747 1744 ad

152 1778 427 1833 Christum
475 1793 581 1832 non
611 1778 731 1833 veni
765 1797 777 1833 :
799 1776 926 1849 juga
974 1777 1171 1842 boum,
1220 1778 1274 1832 id
1319 1787 1404 1835 est
1445 1780 1735 1850 superbia:

1867 577 2136 648 significat
2179 595 2192 630 :
2234 594 2438 648 pauper
2468 589 2685 647 gentes;
2718 596 2882 637 canes
2923 582 3178 641 doctores
3216 588 3307 658 qui
3354 604 3454 660 per

1864 669 2102 740 linguam
2144 669 2369 725 vulnera
2400 681 2593 726 sanant
2626 673 2678 740 in
2710 673 2831 729 sinu
2869 673 3133 742 Abrahae,
3184 677 3238 733 id
3281 689 3364 736 est
3394 679 3451 737 in

1860 762 2048 831 requie
2075 778 2089 814 :
2118 759 2362 831 sepultus
2386 761 2438 815 in
2463 761 2694 827 inferno,
2720 764 2772 817 id
2793 772 2876 820 est
2897 766 2950 820 in
2975 766 3157 821 littera
3185 785 3198 821 :
3223 768 3443 828 elevans

1859 852 2049 909 oculos
2087 868 2243 917 suos,
2288 854 2414 922 quia
2460 850 2630 909 Judaei
2671 856 2811 911 oeuli
2841 858 3089 924 luerunt,
3116 859 3169 913 id
3203 870 3288 916 est
3316 860 3444 918 boni

1858 945 2088 999 vivendo
2116 961 2287 1016 usque
2314 946 2383 1000 ad
2408 945 2685 1001 Christum
2711 964 2723 1002 :
2750 948 2907 1014 vidit,
2936 940 3207 1006 Abraham
3235 952 3316 1007 sic
3339 953 3446 1012 erit

1854 1046 1978 1108 post
2013 1038 2276 1109 judicium
2309 1039 2375 1094 de
2413 1038 2657 1103 inferno,
2707 1041 2892 1096 vident
2942 1058 3167 1114 regnum
3214 1044 3308 1102 Dei
3342 1064 3357 1101 :
3386 1053 3450 1106 ut

1856 1126 2117 1196 majorem
2150 1142 2365 1197 pmnam
2394 1129 2630 1185 habeant
2651 1169 2666 1193 ,
2700 1138 2761 1185 et
2792 1130 3001 1199 majore
3025 1137 3280 1205 gaudium
3306 1156 3318 1191 :
3347 1154 3445 1193 ex-

1854 1227 2087 1274 tremum
2119 1220 2271 1291 digiti
2299 1221 2381 1305 sui
2411 1222 2466 1275 in
2496 1236 2637 1292 aqua
2661 1263 2675 1286 ,
2719 1222 2770 1276 id
2801 1231 2885 1278 est
2910 1225 3002 1292 qui
3035 1228 3276 1284 modicas
3301 1229 3443 1285 elee—

1852 1328 2106 1385 mosynas
2128 1317 2257 1370 dant
2285 1334 2298 1369 :
2328 1318 2542 1371 crucior
2569 1317 2625 1372 in
2649 1319 2752 1372 hac
2781 1316 3019 1384 ﬂamma,
3050 1320 3104 1375 id
3125 1329 3209 1377 est
3232 1322 3285 1377 in
3310 1337 3438 1393 pro-

1848 1411 1965 1480 pria
1992 1426 2152 1481 paena
2189 1428 2201 1463 :
2249 1426 2380 1466 caus
2423 1422 2705 1481 magnum,
2732 1412 2785 1466 id
2809 1421 2896 1467 est
2923 1412 3168 1469 confusio
3196 1416 3439 1471 omnium

1849 1516 2049 1566 rerum,
2085 1502 2198 1558 sive
2221 1503 2486 1558 vetuslex
2518 1522 2530 1557 :
2566 1504 2816 1574 recepisti
2842 1504 2984 1559 bona
3009 1504 3063 1560 in
3094 1505 3205 1561 vita
3246 1515 3356 1570 tua,
3382 1506 3439 1563 id

1846 1603 1930 1649 est
1957 1596 2156 1650 bonum
2196 1593 2388 1658 fecisti,
2439 1595 2688 1666 recepisti
2721 1614 2733 1650 :
2768 1595 3009 1652 Lazarus
3041 1596 3204 1662 mala,
3255 1598 3315 1657 id
3351 1605 3439 1655 est

1844 1686 1969 1757 quia
1999 1686 2199 1741 indicta
2229 1688 2294 1741 de
2324 1687 2481 1742 malis
2511 1688 2626 1742 suis
2664 1687 2715 1740 in
2744 1686 2853 1741 vita
2879 1702 2976 1742 sua
3008 1687 3214 1756 recepit
3240 1706 3252 1742 :
3278 1688 3437 1757 quin-

1844 1793 1949 1847 que
1978 1777 2196 1842 fratres,
2228 1779 2279 1833 id
2306 1788 2390 1833 est
2416 1780 2655 1849 quinque
2683 1778 2804 1834 libri
2839 1777 3009 1848 Moysi
3032 1780 3435 1836 observabant:

152 1866 313 1922 aliter
341 1867 466 1938 juga
510 1867 672 1923 boum
715 1868 951 1940 quinque
992 1884 1207 1936 sensus,
1233 1870 1318 1926 vel
1344 1871 1587 1941 quinque
1615 1870 1737 1925 libri
1769 1855 1816 1916 Β
1844 1869 2053 1940 signum
2099 1884 2167 1925 ex
2220 1871 2452 1925 mortuis
2496 1869 2881 1936 resurrexerit,
2928 1870 2981 1925 id
3011 1868 3213 1926 factum
3252 1880 3341 1929 est
3376 1872 3434 1929 in

150 1960 322 2033 Moysi
356 1980 369 2016 :
404 1961 683 2018 mulierem
720 1962 884 2029 duxi,
917 1962 968 2017 id
1001 1972 1083 2018 est
1121 1963 1390 2019 luxuriam
1428 1981 1443 2019 :
1472 1980 1737 2035 pauperes

147 2061 202 2107 et
239 2053 451 2109 debiles
474 2096 486 2117 ,
520 2053 570 2107 id
599 2062 725 2110 sunt
754 2054 846 2125 qui
877 2062 1208 2126 cognoscunt
1241 2066 1460 2127 peccata
1493 2073 1588 2113 sua
1621 2073 1635 2112 :
1665 2062 1737 2117 ite

145 2145 200 2201 in
223 2146 361 2210 vias,
395 2145 447 2201 id
476 2155 559 2201 est
589 2146 655 2200 ad
684 2155 871 2218 gentes
895 2167 908 2198 :
940 2146 1247 2218 compellite
1293 2149 1499 2205 intrare
1522 2193 1536 2216 ,
1570 2150 1623 2206 id
1652 2160 1737 2208 est

144 2250 245 2307 per
265 2235 662 2292 confessionem
687 2254 700 2289 :
729 2246 931 2293 turrem
957 2237 1245 2305 aediﬁcare,
1285 2240 1337 2295 id
1356 2250 1438 2296 est
1458 2241 1736 2299 Christum

145 2327 326 2398 sequi,
349 2335 617 2398 Sumptus,
637 2327 688 2383 id
710 2337 793 2383 est
813 2328 1198 2386 abrenuntiare
1224 2331 1423 2388 mundo
1444 2351 1459 2389 :
1477 2335 1597 2405 quis
1618 2351 1731 2403 rex,

144 2415 197 2470 id
236 2424 324 2471 est
348 2416 656 2488 Apostolus,
688 2420 1025 2475 committere
1050 2420 1271 2487 bellum,
1297 2422 1351 2478 id
1371 2431 1453 2479 est
1481 2440 1735 2497 compen-

145 2514 414 2568 sationem
444 2526 667 2584 operum
700 2533 712 2569 :
743 2514 1000 2571 adversus
1026 2510 1188 2571 alium
1219 2532 1420 2589 regem,
1453 2520 1506 2574 id
1535 2529 1617 2576 est
1640 2521 1728 2576 ad-

141 2616 341 2661 versus
365 2605 639 2662 Christum
670 2622 794 2662 cum
819 2607 994 2662 decim
1028 2607 1214 2674 millia,
1249 2609 1299 2663 id
1330 2619 1416 2664 est
1446 2627 1570 2666 cum
1601 2627 1731 2683 ope-

142 2695 298 2751 ribus
343 2712 462 2766 quas
504 2698 670 2752 sentit
713 2698 914 2769 homo:
949 2714 1069 2753 cum
1100 2698 1289 2767 viginti
1322 2700 1522 2766 millia,
1562 2702 1614 2755 id
1650 2712 1733 2758 εει

138 2803 269 2843 cum
296 2803 477 2858 opera,
512 2804 632 2859 qua:
658 2798 782 2843 sunt
812 2790 865 2843 in
894 2790 1127 2855 occulto,
1155 2800 1207 2845 et
1244 2791 1296 2845 in
1327 2791 1475 2861 pala,
1512 2792 1733 2863 legatio-

138 2895 270 2935 nem
304 2879 470 2935 mittit
490 2921 505 2943 ,
535 2879 588 2935 id
614 2890 696 2936 est
723 2881 1029 2938 miserendo
1049 2924 1063 2948 ,
1094 2882 1490 2956 cleemosynam
1526 2885 1730 2951 dando,

134 2982 303 3044 rogat
331 2988 451 3043 qua:
482 2972 547 3026 ad
579 2988 765 3043 pacem
794 2978 939 3039 sunt,
972 2982 1031 3028 ut
1062 2981 1164 3040 est,
1191 2989 1296 3029 non
1324 2975 1494 3031 intres
1518 2977 1570 3030 in
1594 2973 1734 3044 judi-

135 3064 230 3120 cio
262 3080 386 3119 cum
418 3079 575 3120 servo
609 3073 716 3128 tuo,
743 3063 966 3120 Domine
992 3083 1004 3119 :
1028 3063 1081 3119 iu
1109 3074 1252 3120 terra
1273 3106 1287 3131 ,
1318 3066 1368 3121 id
1391 3075 1474 3121 est
1506 3065 1558 3120 in
1591 3066 1730 3121 divi-

132 3156 253 3211 tias
285 3175 298 3210 :
330 3157 385 3210 in
417 3154 832 3226 Sterquilinium,
864 3157 915 3211 id
937 3164 1017 3212 est
1043 3158 1096 3211 in
1118 3166 1514 3229 paupertatem,
1538 3158 1732 3213 mulier

1840 1959 2059 2016 Christo
2098 1970 2412 2033 resnrgente
2440 1977 2456 2015 :
2484 1961 2575 2016 alii
2611 1975 2679 2016 ex
2722 1960 2921 2016 Judaeis
2965 1961 3311 2017 crediderunt
3341 1980 3357 2017 :
3383 1962 3433 2019 si

1839 2048 1976 2121 lapis
1994 2053 2313 2117 molarisrid
2329 2063 2410 2109 est
2433 2054 2477 2108 si
2501 2053 2795 2125 gentiles...
2818 2063 2879 2108 ut
2901 2067 3072 2123 aluus
3099 2054 3305 2111 metens
3323 2072 3435 2113 non

1837 2143 1970 2198 vidit
1990 2144 2077 2199 cui
2097 2145 2284 2209 servit,
2303 2145 2417 2199 sive
2438 2127 2795 2214 Philosophos
2808 2146 2966 2202 docet
2989 2144 3393 2218 Philosophiam
3410 2163 3431 2202 ς

1837 2250 1958 2307 quae
1983 2234 2059 2291 illi
2087 2252 2191 2291 non
2218 2236 2439 2308 prodest
2461 2238 2555 2292 sed
2583 2242 2784 2293 sancire
2813 2238 3248 2311 Ecclesiaamuge
3273 2237 3432 2296 nobis

1836 2329 2021 2393 ﬁdem,
2046 2329 2097 2384 id
2128 2339 2210 2384 est
2238 2330 2365 2385 dum
2394 2344 2561 2401 auges
2594 2329 2925 2384 mandatum.

1862 2432 1869 2437 '
1912 2415 2051 2474 Huic'
2081 2420 2259 2475 arbori
2300 2436 2477 2483 moro,
2511 2420 2565 2474 id
2596 2429 2679 2476 est
2707 2419 3015 2490 Evangelia,
3041 2421 3137 2491 qui
3166 2422 3423 2478 rubicun-

1834 2510 1955 2565 dam
1986 2508 2187 2565 ChriSti
2217 2525 2437 2565 crucem
2463 2509 2679 2564 nuntiat
2703 2528 2713 2561 :
2748 2510 2890 2565 sicut
2912 2524 3066 2566 moro
3092 2511 3431 2573 rubicundus

1834 2614 1918 2659 est
1948 2592 1977 2657 τ’
2015 2602 2312 2663 eiadicare.
2346 2602 2399 2657 id
2429 2610 2512 2657 est
2540 2601 2736 2673 populo
2763 2600 2993 2658 Iudaico
3026 2610 3085 2658 et
3123 2603 3430 2672 transplan-

1835 2700 1952 2752 tare
1988 2700 2039 2753 iu
2078 2698 2279 2769 pupqu
2313 2696 2531 2768 gentili,
2581 2696 2635 2750 id
2675 2704 2759 2751 est
2803 2697 2967 2751 arbor
2997 2710 3184 2761 moro,
3213 2695 3429 2752 fructus

1833 2791 1950 2859 ejus
1971 2790 2181 2861 primus
2208 2789 2382 2855 albus,
2411 2797 2597 2858 postea
2626 2786 2979 2853 rubicundus,
3011 2788 3207 2845 deinde
3234 2788 3429 2859 niger:

1834 2883 1906 2937 ita
1946 2881 2210 2943 diabolus,
2248 2881 2373 2935 dum
2415 2880 2639 2951 angelus
2671 2879 2826 2934 albus
2854 2879 2977 2944 fuit,
3009 2879 3164 2950 niger
3199 2880 3255 2939 in
3284 2880 3431 2936 occi-

1832 2974 1986 3027 sione
2023 2972 2174 3036 Adaa,
2209 2972 2411 3026 rubens
2452 2971 2505 3025 in
2534 2969 2825 3024 homicidio
2854 2967 2985 3025 Cain
3024 2978 3080 3023 et
3106 2968 3242 3024 Abel
3273 2990 3287 3023 :
3319 2970 3429 3025 duo

1833 3065 2130 3128 molentes,
2175 3061 2416 3117 ostendit
2450 3062 2589 3129 duas
2622 3056 2940 3117 Ecclesias:
2984 3059 3069 3115 vel
3111 3060 3217 3116 duo
3263 3068 3431 3117 testa-

1835 3165 2016 3212 menta
2060 3157 2220 3227 judex
2255 3165 2310 3210 et
2339 3155 2498 3209 vidua
2538 3155 2605 3209 de
2641 3154 2953 3224 semiplenis
2975 3194 2991 3219 ,
3021 3162 3077 3209 et
3108 3155 3428 3224 patientiam

130 3247 391 3316 quazdam
413 3287 427 3311 ,
479 3248 531 3302 id
579 3254 662 3301 est
700 3246 945 3311 divitias,
983 3247 1202 3302 lucerna
1249 3262 1476 3304 accensa
1497 3290 1511 3314 ,
1552 3249 1604 3304 id
1647 3257 1731 3304 est
1757 3238 1802 3301 C
1834 3251 2054 3306 habebit
2077 3250 2130 3304 in
2156 3249 2263 3303 illis
2287 3249 2380 3304 sed
2407 3264 2515 3303 non
2543 3261 2760 3316 semper
2783 3247 3075 3301 tacebunt:
3106 3247 3212 3303 duo
3238 3262 3430 3304 ascen-

128 3336 495 3408 Evangelium
526 3356 541 3391 :
569 3337 788 3408 dragma
820 3337 1033 3392 inventa
1062 3338 1113 3391 in
1143 3339 1322 3405 domo,
1349 3340 1401 3394 id
1428 3347 1510 3395 est
1539 3354 1730 3409 pecca-

130 3439 226 3485 tor
249 3430 306 3484 in
333 3427 573 3485 Ecclesia
599 3444 927 3485 conversus:
955 3430 1115 3485 homo
1142 3431 1381 3500 quidam,
1408 3431 1461 3486 id
1484 3441 1568 3486 est
1588 3433 1730 3488 Deus

127 3519 324 3575 Pater.

208 3614 364 3670 Duos
387 3614 558 3684 ﬁlios,
589 3612 805 3672 Judieos
840 3622 896 3671 et
934 3624 1141 3687 gentes,
1173 3617 1298 3689 quia
1336 3616 1536 3675 Iudaeis
1578 3621 1730 3691 prius

128 3708 260 3763 data
291 3717 376 3763 est
405 3709 490 3764 lex
523 3724 539 3763 :
571 3712 639 3764 da
668 3711 800 3765 mihi
831 3713 1157 3782 portionem,
1189 3712 1240 3766 id
1277 3722 1360 3767 est
1388 3713 1573 3767 vitam‘
1593 3728 1731 3783 pia:-

127 3811 352 3856 sentem
382 3801 562 3856 divisit
587 3803 909 3868 substantia,
937 3804 989 3859 id
1017 3812 1100 3858 est
1130 3804 1279 3860 dedit
1303 3804 1607 3860 libertatem
1643 3820 1730 3858 ar-

124 3895 310 3958 bitrii,
349 3902 579 3964 utroque
608 3894 841 3966 populo:
870 3910 1096 3967 peregre
1120 3896 1394 3966 profectus
1421 3905 1506 3951 est
1525 3937 1539 3960 ,
1570 3896 1621 3949 id
1648 3905 1730 3949 est

126 4004 155 4042 a
193 3988 314 4043 Ded
344 4006 356 4041 :
386 3987 617 4042 vivendo
645 3987 939 4053 luxuriose,
985 3988 1039 4043 id
1078 3997 1163 4043 est
1204 3988 1358 4043 idolis
1405 3988 1679 4041 adorando
1711 4000 1726 4038 :

124 4078 279 4135 fame
310 4078 513 4142 valida,
546 4078 596 4133 id
626 4086 711 4133 est
739 4079 803 4133 de
832 4079 997 4133 verbo
1026 4080 1119 4134 Dei
1154 4097 1167 4133 :
1198 4080 1288 4132 uni
1326 4078 1546 4141 civium,
1571 4077 1623 4129 id
1649 4085 1731 4131 est

120 4170 472 4239 PliilOSOpho
498 4188 511 4223 :
542 4170 593 4223 in
625 4168 745 4223 villa
774 4184 869 4224 sua
889 4210 903 4235 ,
935 4170 989 4225 id
1033 4180 1115 4225 est
1157 4169 1208 4224 in
1242 4170 1477 4224 mundo:
1507 4182 1731 4238 pascere

120 4281 356 4337 porcos,
382 4265 433 4318 id
463 4272 546 4319 est
569 4272 628 4318 ut
656 4280 805 4318 more
826 4279 1112 4333 porcorum
1134 4264 1269 4318 vixit
1292 4278 1306 4317 τ
1334 4272 1389 4318 ει
1409 4264 1474 4318 de
1494 4262 1727 4331 siliquis,

121 4361 176 4415 id
199 4369 293 4413 est
316 4360 543 4430 implere
574 4369 841 4424 ventrem,
860 4369 914 4414 et
938 4376 1041 4412 non
1069 4359 1530 4429 impiuguescere:
1556 4358 1727 4427 porci,

119 4452 177 4508 id
202 4461 297 4507 est
321 4451 494 4506 stulti.
526 4448 840 4505 Mercenarii
868 4452 1040 4520 patris
1062 4451 1188 4516 mei,
1218 4451 1270 4504 id
1299 4450 1492 4519 estqui
1515 4449 1730 4521 viliores

119 4553 260 4600 sunt
308 4542 457 4597 servi
506 4542 637 4596 Dei:
686 4542 915 4611 panibus
956 4543 1366 4606 saturabuntur,
1408 4541 1460 4595 id
1508 4547 1591 4595 est
1635 4540 1729 4593 du—

122 4637 317 4691 cti-ina
347 4651 363 4689 :
393 4634 613 4704 peccavi
647 4634 700 4687 in
731 4634 887 4699 etelo,
920 4634 1018 4705 ipsi
1042 4634 1235 4689 dicunt
1267 4634 1388 4701 hoc,
1415 4634 1508 4703 qui
1543 4633 1724 4686 diabo-

120 4734 239 4787 lum
274 4738 493 4801 patrem
530 4727 761 4793 habent,
790 4727 882 4796 qui
923 4728 1167 4797 peccavit
1204 4727 1256 4780 in
1292 4725 1431 4781 caelo
1465 4744 1476 4777 :
1522 4723 1731 4778 miseri-

113 4826 322 4880 cordia
357 4831 556 4885 motus,
586 4820 636 4874 id
658 4829 743 4875 est
773 4816 993 4875 venitin
1021 4836 1187 4875 carne
1215 4836 1231 4875 :
1261 4820 1326 4874 ad
1361 4832 1550 4874 servos
1573 4833 1727 4884 suos,

112 4919 169 4973 i.l
201 4928 293 4972 est
332 4915 401 4969 ad
431 4913 669 4983 postolos
698 4932 711 4966 :
754 4912 890 4968 stola
914 4913 1171 4983 Aprima,
1202 4914 1335 4971 ﬁdes
1362 4930 1525 4984 quam
1555 4912 1727 4967 Adam

110 5011 420 5084 perdidit:
462 5009 745 5072 annulum,
775 5008 827 5062 id
851 5016 939 5062 est
959 5022 1092 5062 crux
1136 5008 1189 5062 in
1232 5007 1462 5062 lrontem
1490 5025 1503 5060 :
1529 5006 1731 5062 calcia-

109 5115 341 5161 menta,
371 5102 425 5157 id
450 5110 532 5155 est
559 5100 945 5171 Evangelium:
975 5098 1199 5153 vitulum
1225 5099 1546 5169 saginatum,
1570 5098 1623 5152 id
1645 5105 1731 5152 est

109 5199 399 5254 Christus
437 5211 503 5251 ex
546 5196 758 5252 duobus
804 5194 1011 5266 legibus
1058 5202 1305 5248 mortuus
1352 5200 1518 5248 erat:
1551 5190 1605 5247 id
1647 5198 1735 5246 est

107 5290 302 5345 Adam
336 5305 353 5341 :
387 5287 603 5352 revixit,
626 5285 679 5341 id
705 5296 789 5341 est
810 5301 907 5356 per
932 5283 1258 5357 baptismum
1284 5283 1539 5355 perierat;
1567 5282 1617 5336 id
1644 5291 1730 5338 est

107 5380 167 5437 in
212 5379 648 5449 disperatione:
687 5379 939 5433 inventus
980 5386 1084 5441 est,
1116 5377 1169 5431 id
1198 5384 1283 5431 est
1323 5375 1379 5430 in
1423 5390 1557 5444 spe:
1590 5374 1730 5429 [ilius

104 5475 343 5536 senior,
379 5471 433 5525 id
464 5479 543 5527 est
571 5470 741 5526 Judaei
768 5488 781 5525 :
813 5471 871 5525 in
894 5486 1046 5541 agro,
1078 5469 1130 5525 id
1160 5477 1243 5524 est
1278 5468 1556 5522 immundo
1590 5466 1731 5522 desi-

102 5569 278 5625 derio
311 5581 331 5620 :
365 5565 698 5637 simphonias
736 5573 793 5621 et
832 5566 1030 5621 choros
1053 5605 1068 5631 ,
1113 5563 1167 5618 id
1215 5570 1299 5617 est
1342 5559 1626 5632 prophetia
1674 5567 1730 5615 et

98 5658 436 5735 Evangelia
466 5677 478 5713 :
513 5660 618 5715 duo
649 5660 815 5724 servi,
848 5660 903 5715 id
927 5667 1012 5714 est
1047 5658 1232 5713 Isaias.

177 5756 451 5810 Lazarus
473 5753 743 5807 mendicus
771 5765 789 5803 :
816 5750 1020 5806 Nomen
1051 5748 1304 5821 pauperis
1325 5746 1475 5811 dicit,
1504 5752 1562 5799 et
1587 5743 1728 5799 divi-

89 5853 181 5910 tis
228 5859 398 5913 non;
437 5845 682 5902 homines
721 5846 893 5902 bonos
935 5843 1164 5915 scriptos
1204 5842 1259 5896 in
1288 5839 1428 5897 cmlo
1464 5846 1520 5894 et
1557 5836 1731 5894 malos

1833 3342 2048 3404 derunt.
2081 3358 2220 3397 unus
2243 3340 2623 3413 magniﬁcabat
2654 3338 3002 3393 sanctitatem
3034 3352 3188 3392 suam
3213 3347 3267 3392 et
3293 3353 3425 3409 per-

1834 3434 2045 3489 diderat
2093 3446 2213 3488 eam
2253 3451 2267 3486 :
2310 3433 2450 3487 alter
2498 3430 2880 3501 niagnilicabat
2926 3436 3151 3499 peecata
3199 3444 3325 3495 sua,
3367 3439 3425 3486 et

1831 3526 2111 3596 perierunt
2143 3542 2155 3577 :
2183 3522 2369 3594 jejuno
2392 3522 2476 3577 bis
2496 3522 2551 3574 in
2571 3519 2856 3584 sabbatho,
2881 3518 2936 3575 id
2965 3527 3049 3574 est
3075 3520 3281 3589 absque
3304 3520 3428 3578 cibo

1832 3624 1888 3671 et
1912 3616 2139 3669 muliere
2169 3633 2180 3668 :
2207 3613 2339 3685 quid
2370 3612 2565 3667 faciam
2593 3618 2652 3665 ut
2675 3612 2841 3665 vitam
2870 3618 3132 3667 sternam
3171 3611 3426 3680 habeam,

1834 3707 1887 3761 id
1916 3713 2086 3761 estut
2115 3720 2277 3776 supra
2321 3703 2556 3767 dictum,
2591 3700 2778 3757 talium
2819 3710 2905 3756 est
2948 3715 3172 3772 regnum
3210 3701 3306 3758 Dei
3334 3721 3347 3758 :
3371 3712 3429 3761 et

1834 3800 1909 3854 ita
1937 3798 2285 3853 Nichodimus
2315 3796 2567 3851 similiter
2602 3796 2878 3865 cogitabat
2901 3813 2915 3849 :
2938 3796 3212 3865 quomodo
3248 3806 3431 3867 potest

1835 3893 1995 3947 homo
2026 3892 2221 3945 iterum
2250 3889 2461 3944 renasci
2489 3906 2502 3941 :
2529 3903 2638 3942 non
2667 3887 2884 3943 occides
2905 3895 2962 3942 et
2990 3886 3231 3956 reliqua:
3258 3903 3430 3958 quare

1835 3986 1949 4040 haec
1980 3984 2132 4045 dixit,
2164 3984 2289 4052 quia
2316 3983 2369 4035 in
2401 3982 2517 4049 ipso
2539 3979 2783 4035 corruit:
2811 3994 2935 4034 cum
2967 3979 3430 4050 adpropinquaret

1833 4074 2093 4136 hiericho,
2129 4074 2179 4127 id
2204 4080 2288 4126 est
2314 4086 2438 4126 cum
2466 4069 2613 4123 venit
2643 4068 2711 4124 ad
2738 4068 3190 4130 incarnationem.

1913 4168 2006 4222 Vir
2024 4167 2233 4220 nomine
2247 4162 2539 4225 lac/uuas,
2558 4161 2611 4215 id
2643 4168 2725 4215 est
2756 4158 2976 4214 Judaius
3001 4159 3105 4217 fuit
3130 4169 3185 4215 et
3213 4158 3429 4219 Judaeos

1834 4260 2135 4332 significat,
2167 4258 2555 4325 interpretatur
2584 4250 2915 4322 justiﬁcatus
2937 4290 2953 4316 ,
2984 4252 3124 4307 sicut
3160 4249 3329 4308 Judaei
3368 4266 3430 4308 se

1825 4354 2128 4422 justilicant
2152 4369 2164 4403 :
2198 4360 2421 4419 propter
2442 4345 2655 4399 turbam
2679 4384 2694 4408 ,
2728 4343 2784 4399 id
2815 4352 2901 4403 est
2925 4342 3238 4399 divitiarum
3261 4350 3320 4398 et
3344 4342 3459 4425 vi;

1835 4447 2031 4501 tiorum
2058 4461 2070 4495 :
2100 4443 2151 4495 in
2180 4441 2410 4501 arbore,
2439 4437 2494 4491 id
2529 4446 2613 4491 est
2633 4435 2849 4491 crucis:
2881 4433 3106 4493 dimidio
3132 4433 3419 4499 bonorum,

1834 4539 1885 4592 id
1917 4545 2001 4591 est
2030 4531 2351 4589 substantia!
2374 4543 2539 4593 meae,
2563 4530 2634 4584 do
2659 4526 3011 4599 pauperibus,
3048 4525 3103 4579 id
3125 4534 3209 4580 est
3237 4525 3429 4595 frange

1833 4629 2093 4687 esurienti
2131 4642 2325 4698 panem
2358 4632 2508 4680 tuum
2537 4642 2549 4678 :
2578 4631 2633 4679 et
2657 4622 2702 4677 si
2739 4620 2865 4691 quid
2904 4617 3145 4673 fraudavi
3167 4658 3180 4682 ,
3206 4619 3426 4673 reddam

1834 4720 2213 4796 quadruplum,
2254 4719 2355 4773 hoc
2392 4718 2446 4771 in
2481 4714 2599 4785 lege
2638 4713 2703 4767 de
2740 4710 3024 4765 animabus
3053 4707 3255 4762 dictum
3287 4714 3342 4762 et
3369 4707 3426 4763 in

1834 4817 2127 4890 Evangelia
2156 4815 2223 4869 de
2260 4810 2406 4867 omni
2438 4817 2684 4864 creatura
2725 4804 2925 4859 dicitur
2953 4820 2964 4854 :
2995 4801 3156 4855 homo
3196 4800 3424 4867 nobilis,

1833 4915 1891 4971 id
1919 4925 1998 4969 est
2024 4912 2275 4967 Christus
2306 4906 2442 4961 abiit
2468 4905 2523 4959 in
2556 4901 2833 4971 regionem
2858 4896 3238 4965 longinquam,
3263 4896 3316 4950 id
3346 4902 3429 4951 est

1836 5007 1890 5062 in
1918 5004 2116 5060 cmlum
2149 5020 2165 5055 :
2197 4998 2447 5067 accipere
2474 5007 2698 5065 regnum
2724 4988 2848 5054 sibi,
2874 4988 2927 5043 id
2953 4995 3037 5043 est
3066 4999 3291 5057 regnum
3317 4999 3429 5042 cte-

1837 5098 2030 5154 lestem
2061 5102 2119 5150 et
2145 5088 2343 5147 reverti
2382 5087 2451 5141 ad
2480 5081 2747 5152 judicium
2778 5095 2792 5131 :
2834 5079 3019 5134 decem
3062 5074 3236 5143 servi,
3269 5075 3321 5131 id
3344 5085 3431 5134 est

1837 5202 1996 5247 omne
2029 5200 2199 5257 genus
2236 5182 2569 5236 humanum:
2600 5173 2787 5227 decem
2831 5183 2992 5233 mna,
3030 5166 3219 5223 decem
3260 5164 3426 5223 verba

1838 5282 1975 5351 legis
1996 5298 2015 5338 ι
2042 5279 2186 5333 cives
2208 5274 2345 5344 ejus,
2375 5269 2432 5327 id
2450 5275 2533 5324 est
2560 5264 2751 5321 Judaei.

1910 5370 2168 5425 Miserum
2194 5362 2534 5434 legationem,
2577 5357 2630 5411 id
2668 5364 2752 5411 est
2784 5353 3114 5411 occisionem
3138 5350 3425 5422 Apostolo-

1836 5479 1954 5518 rum
1992 5478 2004 5513 :
2033 5457 2237 5529 primus
2261 5465 2451 5508 servus
2477 5458 2532 5504 et
2555 5445 2824 5503 secundus
2843 5443 2979 5500 ordo
3000 5442 3379 5513 Apostolorum
3404 5454 3422 5497 :

1834 5554 1958 5611 Mna
1997 5545 2419 5614 uniuscujusque
2454 5540 2620 5604 servi,
2654 5538 2705 5593 id
2735 5546 2820 5594 est
2854 5536 3121 5607 scriptura
3155 5552 3167 5588 :
3214 5533 3422 5591 similes

1832 5650 1934 5713 sui,
1961 5654 2248 5712 utrumque
2271 5637 2506 5693 invenit:
2526 5634 2689 5704 Lapis
2714 5631 2984 5688 clamabat
3007 5630 3060 5684 id
3083 5637 3209 5684 sunt
3230 5637 3420 5699 gentes

1829 5741 1999 5799 Judaei
2028 5742 2347 5797 tacuerunt:
2383 5730 2527 5785 ﬂevit
2551 5743 2714 5799 super
2728 5741 2872 5791 eam,
2903 5723 3140 5779 ostendit
3171 5738 3269 5779 nos
3289 5719 3421 5779 ﬂere

1828 5842 2051 5909 peccata
2077 5836 2261 5886 nostra
2289 5844 2301 5882 :
2325 5821 2740 5890 circumdabunt
2766 5826 2836 5884 te,
2867 5814 2922 5870 id
2940 5822 3026 5873 est
3052 5814 3284 5873 Romani
3316 5815 3419 5877 cir-
