3948 6328
493 371 601 431 905

985 355 1379 417 WALAFRIDI
1417 350 1666 412 STRABI
1698 349 1908 410 FULD.
1949 343 2116 405 MON.
2156 343 2309 402 OPP.
2349 340 2533 399 PARS
2569 339 2613 398 Ι.
2651 324 2727 382 ξ-
2763 331 3209 396 THEOLOGICA

3669 335 3780 392 θοι

496 488 892 552 cumdederunt
909 498 1030 542 eam
1057 480 1319 551 undique,
1341 478 1394 532 id
1421 482 1504 532 est
1528 475 1676 530 intus
1705 479 1759 528 et
1785 470 1933 526 foras
1961 486 1974 524 -.
2000 465 2070 521 al-
2099 473 2152 534 Α
2175 464 2326 520 misit
2349 476 2475 517 eum
2500 461 2570 516 ad
2595 459 2849 524 Pilatum,
2879 458 2933 514 id
2956 466 3042 514 est
3067 458 3124 513 in
3154 457 3262 514 ﬁde
3283 454 3782 512 Trmitatisszit

499 594 690 647 teram,
721 581 772 636 id
800 587 884 634 est
906 579 959 632 in
981 575 1283 632 infernum:
1307 569 1466 635 ﬁlios,
1498 569 1549 624 id
1574 574 1658 622 est
1680 565 1908 618 virtutes
1929 560 2073 630 quod

496 676 730 734 faciebat
756 673 811 729 in
841 671 926 727 die
956 689 969 724 :
997 669 1051 724 in
1093 673 1250 722 nocte
1278 664 1490 720 ruebat.
1529 661 1809 730 Ingressus
1843 655 1900 709 in
1940 662 2079 708 tem-

495 771 669 843 plum,
691 767 746 823 id
772 773 855 822 est
878 763 1003 836 quia
1033 761 1119 816 die
1149 757 1420 814 dominico
1450 753 1673 810 intravit
1701 753 1756 806 in
1781 747 2034 819 templum
2059 764 2072 800 :

498 838 813 933 quini-ebant
847 871 969 911 eum
1004 852 1261 923 perdere;
1289 847 1528 904 ostendit
1561 857 1754 899 novem
1791 841 1962 897 servis
1985 838 2077 908 qui

497 930 606 1009 lion
643 948 822 1020 negati
861 953 987 1002 sunt
1021 944 1073 998 in
1101 939 1418 997 ministeriis
1453 937 1605 992 suis:
1642 935 1805 989 homo
1833 930 2075 1000 quidam,

496 1043 552 1100 id
580 1052 662 1100 est
691 1043 836 1098 Deus
861 1039 1022 1096 Pater
1051 1056 1063 1090 :
1095 1033 1356 1106 plantavit
1379 1031 1616 1092 vineam,
1640 1027 1695 1081 id
1718 1032 1802 1081 est
1825 1022 2073 1079 Iudaeos:

500 1137 718 1193 calones
740 1133 794 1189 id
830 1139 956 1188 sunt
985 1127 1346 1200 legislatores:
1376 1123 1489 1192 ipse
1517 1133 1746 1191 peregre
1769 1116 1886 1179 fuit,
1920 1115 1972 1170 id
1996 1123 2080 1170 est

498 1242 689 1284 omnes
708 1223 913 1281 dimisit
934 1223 987 1276 in
1016 1221 1265 1275 libertate
1291 1214 1498 1270 arbitrii
1524 1212 1606 1268 sui
1634 1229 1646 1265 :
1684 1210 1920 1280 primum
1959 1221 2078 1262 ser-

497 1334 659 1381 vum,
687 1317 741 1372 id
782 1324 866 1371 est
887 1313 1122 1368 Isaiam:
1168 1306 1460 1364 secundum
1484 1345 1497 1368 ,
1532 1304 1584 1357 id
1625 1312 1708 1357 est
1746 1299 2076 1357 Jeremiam:

497 1409 753 1472 tertium,
795 1407 849 1462 id
893 1413 977 1460 est
1005 1400 1172 1458 Dabel
1204 1418 1218 1454 :
1260 1407 1412 1454 extra
1437 1395 1650 1450 vineam
1672 1435 1686 1459 ,
1721 1392 1775 1447 id
1815 1400 1897 1447 est
1923 1399 2078 1447 extra

497 1497 798 1557 Jerusalem
824 1513 838 1550 :
861 1494 991 1564 quid
1016 1492 1176 1547 faciet
1197 1488 1456 1545 Dominus
1476 1485 1645 1540 vinea:
1669 1503 1681 1538 :
1708 1481 1854 1538 venit
1876 1488 1931 1536 et
1954 1495 2080 1551 per-

501 1589 659 1652 didit,
685 1587 740 1643 id
760 1597 844 1643 est
865 1599 1038 1639 matus
1066 1580 1206 1635 mala
1231 1575 1701 1649 conquassabitur,
1725 1573 1780 1628 id
1809 1580 1892 1628 est
1919 1585 2081 1626 cruce

500 1687 746 1738 conteret
771 1681 1073 1735 voluntates
1097 1674 1214 1746 ejus
1239 1692 1252 1728 :
1277 1669 1594 1728 comminuit
1621 1668 1806 1732 illum,
1834 1665 1887 1720 id
1913 1673 1996 1720 est
2023 1665 2079 1719 in

500 1777 738 1833 vindicta
767 1772 986 1832 crucis:
1017 1771 1162 1827 Gens
1188 1769 1242 1824 in
1266 1775 1500 1840 gentem,
1535 1763 1587 1820 id
1619 1770 1702 1818 est
1724 1760 1868 1832 genti
1890 1760 1942 1814 in
1966 1758 2077 1813 Ro-

499 1883 690 1926 manos
717 1886 730 1922 :
758 1881 985 1939 regnum
1007 1863 1062 1920 in
1089 1877 1275 1932 regno,
1301 1859 1354 1914 id
1375 1866 1458 1914 est
1483 1856 1575 1912 alii
1601 1855 1860 1911 adversus
1882 1852 2080 1906 Roma-

2177 555 2245 610 ad
2274 562 2463 624 gentes
2489 552 2556 607 ad
2589 550 2801 622 plebem
2831 548 2997 605 Israel
3025 563 3041 602 :
3073 547 3204 603 facti
3228 563 3356 602 sum
3381 547 3546 603 amici
3569 587 3586 613 ,
3620 547 3675 600 id
3693 555 3781 604 est

2176 656 2404 715 uterque
2428 642 2662 715 populus
2691 642 2761 697 ad
2789 641 2951 695 ﬁdem
2980 639 3202 695 Christi.
3230 639 3477 696 Herodes
3503 638 3781 710 signiﬁcat

2175 738 2432 808 populum
2470 744 2752 808 gentium:
2786 732 2991 788 Pilatus
3012 731 3247 787 Iudaeos.
3281 732 3592 787 Leviathan
3627 731 3778 786 densi

2180 831 2384 885 seduna
2426 829 2724 883 Barrabam
2762 825 2907 880 filius
2934 824 3133 880 diaboli
3161 824 3360 880 dicitur
3393 842 3406 878 :
3449 823 3584 881 ﬂete
3617 839 3778 896 super

2178 933 2295 982 vos,
2324 919 2376 973 id
2399 929 2485 974 est
2509 932 2674 986 super
2694 923 2910 986 gentem
2939 924 3211 970 vestram:
3245 923 3375 969 tunc
3400 914 3676 985 incipient
3703 915 3780 969 di-

2181 1024 2340 1074 cere,
2379 1009 2434 1064 id
2475 1016 2560 1064 est
2596 1007 2770 1078 plebis
2805 1005 3010 1061 Israel:
3049 1005 3214 1061 dicite
3258 1005 3577 1071 montibus,
3619 1005 3678 1059 id
3700 1012 3781 1061 est

2180 1100 2513 1155 Patriarcbis
2533 1099 2763 1154 collibus
2781 1137 2798 1164 ,
2830 1097 2886 1152 id
2912 1105 2996 1152 est
3017 1095 3304 1168 Prophetis
3338 1113 3352 1149 :
3387 1097 3613 1151 dimitte
3642 1094 3779 1162 illis,

2181 1192 2236 1248 id
2263 1201 2350 1248 est
2389 1192 2574 1247 bibant
2615 1191 2933 1262 sanguinem
2973 1205 3133 1260 quem
3164 1188 3528 1256 ell‘underint,
3562 1199 3630 1244 ut
3655 1193 3781 1246 ﬁant

2181 1300 2311 1340 vasa
2338 1285 2724 1340 misericordiae
2748 1300 2870 1354 qua:
2897 1293 3022 1339 sunt
3050 1299 3176 1339 vasa
3203 1284 3296 1339 ira:
3325 1298 3341 1336 :
3369 1284 3634 1338 nesciunt
3658 1285 3780 1355 quid

2182 1376 2388 1433 faciunt
2427 1385 2484 1432 et
2516 1377 2562 1432 si
2597 1377 2800 1432 scirent
2827 1376 3112 1432 Dominum
3153 1373 3461 1444 majestatis
3502 1375 3778 1445 nunquam

2183 1471 2617 1527 cruciﬁxissent:
2647 1470 2774 1541 quia
2799 1485 2897 1540 per
2927 1469 3285 1541 ignorantiam
3308 1467 3601 1524 fecerunt:
3627 1467 3779 1523 hodie

2183 1577 2397 1618 mecum
2425 1561 2535 1616 eris
2568 1561 2623 1616 in
2647 1559 2902 1631 paradiso
2924 1598 2939 1624 ,
2970 1558 3025 1613 id
3059 1565 3142 1614 est
3164 1557 3258 1628 qui
3286 1557 3544 1628 sequitur
3564 1555 3778 1612 Christo

2183 1657 2437 1712 tenebras
2465 1671 2571 1711 non
2599 1655 2762 1710 habet
2784 1652 2880 1709 sed
2904 1651 3086 1707 lumen
3108 1653 3254 1706 vitae.

2252 1745 2468 1815 Josepli,
2494 1747 2548 1801 id
2565 1755 2651 1802 est
2670 1744 2900 1816 populus
2919 1742 3106 1808 Israel,
3120 1750 3366 1798 aromata
3388 1749 3446 1798 et
3479 1750 3773 1814 unguenta,

2184 1837 2242 1892 id
2262 1846 2345 1892 est
2365 1835 2897 1907 ﬁdes,spes,caritas
2921 1852 2934 1888 :
2954 1849 3062 1890 una
3087 1834 3323 1900 sabbati,
3339 1833 3395 1890 id
3418 1843 3513 1890 est
3535 1833 3776 1905 Evange-

495 1976 598 2018 nos
629 1979 642 2014 :
673 1913 931 2023 terrozes,
959 1956 1014 2011 id
1043 1963 1126 2010 est
1156 1951 1431 2024 quadrigae
1452 1949 1507 2004 in
1533 1961 1658 2003 aere
1682 1944 2074 2000 audiebantur:

2184 1927 2314 1984 lium
2346 1929 2489 1997 quod
2523 1926 2746 1984 lucescit
2770 1941 2868 1997 per
2912 1933 3126 1982 noctem
3148 1925 3352 1980 veteris
3385 1925 3730 1982 Testamenti
3759 1943 3770 1978 :

497 2055 653 2124 signa
679 2057 839 2106 erunt
865 2066 879 2103 :
907 2055 969 2102 ut
994 2045 1096 2100 fuit
1115 2059 1276 2114 supra
1296 2039 1592 2096 Jerusalem
1616 2055 1631 2094 :
1655 2034 1808 2092 stella
1828 2049 1950 2090 cum
1971 2032 2084 2104 gla-

499 2145 590 2200 dio
623 2144 804 2215 igneo,
829 2142 1144 2209 contingunt
1173 2137 1227 2190 in
1250 2133 1580 2197 testimonio,
1609 2131 1664 2186 id
1692 2135 1776 2185 est
1797 2129 1862 2183 de
1883 2125 2080 2182 Judaeis

500 2233 568 2289 ad
593 2242 780 2304 gentes
807 2249 822 2286 :
856 2245 984 2301 ergo
1010 2227 1079 2283 do
1099 2224 1252 2281 vobis
1282 2239 1376 2279 eos
1401 2230 1456 2278 et
1485 2218 1802 2291 sapientiam
1833 2217 1888 2272 in
1911 2215 2082 2286 Moysi

501 2325 704 2381 dicitur
731 2320 966 2379 ostendit
987 2320 1082 2375 tibi
1106 2319 1248 2373 Deus
1280 2314 1621 2386 sapientiam.

573 2415 806 2489 Capillus
841 2413 906 2468 de
937 2413 1104 2483 capite
1140 2426 1244 2464 non
1281 2407 1487 2478 peribit,
1515 2405 1568 2459 id
1595 2410 1680 2458 est
1703 2399 2029 2458 mortalitate
2063 2417 2078 2454 :

499 2506 797 2566 Jerusalem
821 2501 1140 2566 calcabitur,
1165 2499 1219 2554 id
1249 2504 1334 2554 est
1372 2496 1514 2551 idola
1557 2493 1872 2549 adorabitur
1909 2491 1964 2546 in
1991 2506 2080 2559 ea,

500 2600 672 2656 donec
713 2590 998 2666 impleatur
1037 2599 1276 2660 tempora
1318 2586 1594 2658 gentium,
1642 2586 1695 2640 id
1747 2592 1831 2640 est
1867 2583 2081 2638 Judaeos

496 2704 788 2750 conversos
827 2689 882 2743 in
917 2689 1082 2742 ﬁnem
1117 2681 1304 2739 mundi
1333 2697 1346 2735 :
1377 2680 1530 2750 signa
1561 2678 1616 2733 in
1646 2675 1778 2742 sole,
1810 2676 1863 2732 id
1901 2683 1985 2731 est
2012 2675 2083 2730 ad

495 2785 733 2841 litteram
766 2799 779 2836 :
807 2795 969 2837 sonus
992 2777 1186 2842 maris,
1213 2775 1265 2830 id
1292 2781 1376 2830 est
1398 2771 1600 2828 factum
1629 2778 1713 2826 est
1742 2785 1896 2825 mare
1923 2769 2083 2825 sodo-

500 2877 745 2933 miticum
776 2872 989 2942 :pisces
1022 2883 1148 2924 suos
1189 2866 1244 2921 in
1283 2873 1423 2920 terra
1453 2863 1600 2934 jacet
1629 2880 1641 2916 :
1684 2860 1988 2916 venientem
2026 2860 2081 2916 in

501 2968 737 3026 nubibus
756 2964 904 3029 εαξη,
927 2963 980 3019 id
1001 2960 1158 3017 estin
1204 2957 1480 3028 prophetis
1525 2963 1579 3010 et
1605 2953 1892 3025 apostolis:
1925 2952 2081 3008 ﬁcul-

502 3075 608 3118 nea
635 3067 690 3114 et
714 3057 883 3120 arbae,
909 3054 963 3110 id
990 3060 1075 3109 est
1099 3065 1366 3124 synagoga
1387 3058 1441 3103 et
1471 3045 1738 3102 homines.
1766 3042 1822 3099 lu
1858 3043 1944 3098 die
1985 3042 2082 3097 do-

500 3169 629 3210 cens
664 3151 717 3206 in
757 3147 1046 3219 templum,
1073 3144 1129 3200 id
1172 3152 1255 3199 est
1282 3140 1550 3197 laboravit
1589 3154 1710 3193 cum
1752 3136 1950 3192 Judaeis
1977 3149 1991 3188 :
2023 3133 2078 3189 in

497 3253 688 3309 nocte,
730 3241 787 3297 in
831 3247 1013 3296 monte
1057 3235 1285 3300 Oliveti,
1329 3231 1382 3289 id
1413 3239 1496 3289 est
1535 3228 1908 3300 requiescebat
1953 3241 2076 3283 cum

498 3335 831 3480 “inibit?”
861 3422 979 3494 fora
1001 3435 1150 3492 aqua:
1172 3424 1410 3489 portans,
1431 3414 1484 3470 id
1506 3421 1589 3468 est
1612 3411 1778 3483 Moysi
1801 3417 1856 3466 et
1883 3409 2079 3466 Johan-

497 3532 595 3573 nes
622 3514 863 3584 Baptista
890 3511 1118 3565 :domus
1147 3505 1429 3562 caanaculi.
1464 3504 1518 3558 id
1543 3511 1626 3557 est
1652 3501 1915 3565 Ecclesia,
1938 3509 2079 3556 stra-

499 3616 634 3671 tum,
653 3605 705 3660 id
726 3614 812 3658 est
838 3602 999 3656 Iidem
1021 3597 1324 3659 Trinitatis,
1351 3597 1520 3650 donec
1545 3592 1830 3663 impleatur
1852 3607 2076 3662 regnum

435 3711 440 3716 ‘
498 3701 614 3766 Dei,
645 3701 700 3756 id
729 3706 813 3754 est
843 3693 1200 3752 ministerium
1229 3704 1484 3761 magnum
1509 3706 1524 3743 :
1558 3689 1664 3743 duo
1690 3686 1888 3743 calices
1910 3701 2077 3744 unum

499 3807 624 3848 cum
665 3803 836 3859 aqua,
873 3787 1100 3842 alterum
1140 3798 1262 3839 cum
1293 3784 1434 3850 vim,
1467 3779 1520 3839 id
1561 3792 1644 3839 est
1683 3798 1807 3838 cum
1854 3782 2075 3837 mixtico

499 3895 655 3952 aquae
679 3889 732 3936 et
756 3877 867 3935 vini
890 3877 944 3936 in
965 3875 1134 3936 calice
1152 3919 1165 3945 ,
1188 3892 1371 3932 vmum
1396 3891 1561 3931 unum
1590 3890 1712 3930 cum
1735 3889 1874 3944 aqua
1895 3880 2076 3927 osten-

501 3976 580 4036 dit
601 3976 906 4049 passionem
923 3989 1018 4045 per
1029 3971 1374 4042 baptismum.
1390 3967 1638 4037 Nunquid
1659 3965 1857 4035 aliquid
1882 3963 2078 4019 defecit

497 4069 672 4131 vobis,
703 4067 918 4138 quando
947 4063 1108 4119 ﬁebat
1133 4075 1257 4117 cum
1283 4059 1387 4114 illis
1411 4059 1464 4113 in
1495 4073 1735 4122 carnem,
1759 4056 1813 4112 id
1841 4064 1924 4111 est
1943 4069 2076 4126 pra:-

497 4161 733 4232 cipiebat
774 4158 882 4213 illis
911 4172 1016 4212 non
1057 4155 1257 4209 habere
1283 4167 1469 4206 curam
1513 4150 1691 4206 seculi
1735 4150 1860 4205 dum
1892 4157 2072 4204 autem

497 4255 567 4309 ab
597 4252 703 4307 illis
735 4265 794 4306 se
820 4253 1036 4318 separat
1059 4244 1258 4299 habere
1280 4243 1495 4297 unicam
1527 4241 1686 4296 ﬁdem
1727 4258 1740 4295 :
1781 4247 1926 4294 emat
1966 4239 2077 4310 gla-

498 4345 667 4408 dium,
694 4343 746 4397 id
772 4350 858 4396 est
878 4341 1051 4411 legem
1081 4356 1095 4392 :
1121 4337 1228 4393 duo
1249 4335 1431 4407 gladii,
1460 4334 1513 4389 id
1539 4342 1665 4389 sunt
1685 4333 1819 4388 duas
1839 4333 2002 4404 leges.

569 4433 619 4489 F
621 4434 744 4490 ilius
774 4431 1000 4488 hominis
1036 4430 1218 4485 sedens
1249 4428 1320 4482 ad
1356 4426 1553 4481 dextris
1582 4426 1826 4480 uirtutis:
1857 4433 1918 4480 ut
1941 4424 2078 4480 dixit

2182 2020 2435 2076 mulieres
2456 2019 2643 2091 primis
2663 2017 3119 2075 resurrectionem
3140 2017 3416 2072 viderunt.
3441 2019 3658 2087 Aptum
3683 2016 3775 2071 fuit

2183 2119 2243 2164 ut
2278 2125 2376 2179 per
2407 2109 2551 2180 ipsas
2581 2109 2733 2178 prius
2766 2107 2916 2162 salus
2941 2106 3271 2162 cucurrisset
3310 2120 3414 2178 per
3443 2121 3592 2176 quas
3634 2107 3772 2177 prius

2182 2202 2508 2257 aucurrebat
2537 2216 2684 2255 mors
2718 2217 2730 2253 :
2761 2208 2816 2255 et
2840 2213 2968 2254 ecce
2994 2197 3102 2253 duo
3135 2197 3238 2252 viri
3265 2206 3549 2254 steterunt
3588 2198 3646 2252 in
3673 2198 3772 2252 Ila-

2186 2295 2325 2350 thzeo
2349 2294 2526 2354 primo
2552 2291 2769 2363 angelus
2788 2332 2802 2358 ,
2827 2291 2883 2346 in
2913 2289 3094 2346 Marco
3119 2289 3440 2346 adolescens
3483 2291 3542 2345 in
3575 2289 3771 2348 Joanne

2182 2389 2289 2443 duo
2323 2387 2498 2458 angeli
2538 2402 2591 2440 in
2633 2385 2776 2440 Luca
2819 2385 2925 2440 duo
2951 2383 3054 2438 viri
3090 2381 3372 2448 dicuntur,
3405 2383 3462 2437 id
3490 2391 3582 2439 est
3614 2383 3770 2438 multa

2182 2479 2376 2534 itinera
2418 2476 2704 2532 mulierum
2755 2484 2812 2531 et
2858 2475 3074 2530 diversa
3116 2483 3242 2529 sunt
3287 2473 3540 2530 visiones
3595 2476 3678 2531 vel
3721 2475 3770 2531 in

2182 2584 2346 2623 unum
2375 2585 2387 2622 :
2417 2569 2611 2622 iterum
2643 2574 2698 2621 et
2722 2581 2828 2620 una
2854 2565 2990 2620 visio
3017 2573 3073 2620 et
3103 2565 3396 2621 dissimiles
3425 2573 3564 2621 sunt
3587 2582 3769 2622 narra-

2181 2662 2353 2718 tiones
2381 2660 2862 2732 Evangelistarum.

2251 2754 2583 2809 Linteamina
2611 2751 2724 2808 sola
2756 2751 2926 2822 posita
2948 2792 2962 2816 ,
2994 2750 3283 2806 ostendunt
3307 2749 3454 2820 quod
3496 2765 3608 2806 non
3639 2751 3766 2808 indi-

2182 2858 2310 2926 gent
2341 2863 2571 2922 corpora
2608 2845 2929 2903 vestimenta
2966 2851 3090 2916 post
3126 2843 3600 2914 resurrectionem
3638 2845 3768 2899 sicut

2180 2944 2387 2999 mirans
2407 2983 2422 3008 ,
2462 2941 2516 2995 id
2556 2946 2639 2996 est
2663 2939 2808 3010 quod
2846 2936 3236 3008 derelinquitur
3267 2937 3606 2992 vestimenta
3634 2938 3768 2992 :dno

2181 3055 2247 3094 ex
2281 3037 2386 3092 illis
2413 3037 2596 3100 ibant,
2625 3033 2862 3091 ostendit
2889 3041 3075 3104 gentes
3112 3032 3239 3104 quia
3283 3031 3366 3086 sic
3402 3040 3662 3087 ostensus
3692 3040 3768 3086 est

2182 3131 2289 3202 illis
2314 3130 2406 3200 qui
2433 3127 2568 3184 foris
2587 3136 2773 3192 erant;
2800 3127 2940 3182 sicut
2957 3127 3042 3182 his
3061 3127 3153 3196 qui
3180 3125 3327 3181 intus
3351 3133 3519 3181 erant
3540 3143 3557 3179 ε
3579 3125 3767 3182 castel-

2179 3223 2311 3287 lum,
2339 3222 2393 3276 id
2418 3231 2503 3277 est
2533 3220 2813 3276 mundum.
2875 3276 2884 3284 κ

2105 3294 2150 3357 C
2249 3313 2567 3379 Jerusalem,
2596 3313 2650 3368 id
2680 3320 2764 3368 est
2798 3311 3038 3368 ccelestis
3073 3311 3333 3378 stadium,
3367 3311 3425 3366 id
3458 3319 3552 3366 est
3584 3319 3764 3367 octava

2181 3421 2309 3477 pars
2345 3406 2411 3460 de
2438 3404 2690 3460 milliario
2719 3421 2733 3458 :
2762 3403 2939 3458 stadia
2965 3419 3031 3458 ιι
3061 3403 3304 3458 ostendit
3333 3418 3629 3458 numerum
3666 3403 3765 3456 die-

2181 3512 2302 3552 rum
2345 3497 2400 3551 in
2436 3497 2631 3566 quibus
2663 3495 2839 3551 factus
2885 3501 2972 3550 est
3011 3494 3267 3550 mundus.
3307 3493 3524 3548 Nomen
3571 3493 3764 3549 castelli

2180 3589 2403 3654 Emaus,
2425 3594 2480 3642 et
2507 3587 2622 3657 ipse
2646 3586 2804 3642 ﬁnxit
2823 3601 2882 3642 se
2909 3586 3120 3658 longius
3149 3586 3230 3641 ire
3256 3603 3270 3640 :
3291 3585 3467 3649 idest,
3495 3586 3568 3640 ad
3589 3595 3765 3655 gentes

2181 3688 2236 3732 et
2269 3686 2636 3754 cognoverunt
2666 3695 2719 3736 in
2752 3677 3016 3736 tinctione
3048 3677 3242 3752 panis,
3270 3686 3325 3731 et
3363 3692 3476 3731 non
3509 3691 3765 3749 cognove-

2180 3787 2305 3834 runt
2330 3791 2454 3831 eum
2475 3776 2528 3830 in
2556 3774 2994 3846 praidicationem
3016 3771 3494 3829 audire.'Evanuit
3515 3771 3586 3824 ab
3608 3768 3764 3825 oculis

2179 3884 2364 3924 eorum
2413 3882 2428 3921 :
2481 3867 2718 3923 ostendit
2771 3865 2912 3936 quod
2959 3881 3064 3921 non
3109 3879 3405 3935 possumus
3445 3865 3670 3918 tardare
3714 3863 3758 3916 in

2179 3964 2444 4030 theorica,
2473 3971 2527 4018 et
2565 3962 2774 4034 longius
2804 3960 2906 4016 fuit
2934 3960 3002 4016 ab
3038 3961 3116 4016 eis
3135 4001 3151 4028 ,
3188 3959 3409 4030 quando
3437 3974 3550 4012 non
3576 3972 3762 4030 cogno-

2178 4062 2393 4119 verunt,
2438 4053 2494 4108 id
2550 4052 2792 4121 estquia
2849 4051 3060 4122 longius
3109 4064 3401 4120 possumus
3439 4063 3664 4103 manere
3712 4047 3758 4101 in

2180 4145 2374 4202 actuali
2389 4144 2500 4199 vita
2518 4162 2530 4198 :
2547 4159 2669 4199 cum
2685 4142 2923 4214 aperiret
2939 4142 3094 4197 nobis
3105 4143 3412 4211 scripturas
3431 4159 3444 4193 :
3461 4157 3572 4210 pax
3594 4139 3755 4193 vobis:

2178 4252 2324 4292 nunc
2349 4251 2445 4292 eos
2470 4243 2760 4305 congregat
2789 4233 2842 4287 in
2873 4247 3035 4288 unam
3063 4232 3288 4302 pacem?
3313 4248 3491 4302 quare
3531 4247 3639 4287 non
3663 4242 3758 4283 uno

2177 4328 2299 4384 loco
2325 4325 2561 4381 surrexit
2590 4332 2643 4379 et
2673 4322 2950 4378 ascendit?
2988 4323 3113 4392 quia
3135 4322 3329 4379 ,honor
3367 4321 3659 4376 descendit
3683 4319 3758 4374 Je~

2178 4419 2410 4475 rusalem
2443 4418 2510 4472 ad
2541 4425 2745 4489 gentes.
2777 4415 3036 4471 Dominus
3066 4414 3154 4468 hic
3189 4412 3439 4482 implevit
3475 4413 3627 4483 quod
3657 4414 3756 4483 ipse

496 4524 762 4584 Dominus
785 4521 1013 4577 Domino
1047 4534 1168 4575 meo
1203 4526 1259 4573 et
1283 4517 1488 4586 reliqua
1515 4533 1528 4568 :
1569 4513 1626 4569 In
1653 4522 1804 4570 veste
1837 4513 1958 4568 alba
1989 4527 2074 4568 re-
2096 4517 2151 4578 1)
2176 4510 2314 4566 dixit
2339 4518 2490 4566 orate
2528 4523 2625 4578 pro
2653 4507 3102 4592 persequentibus
3126 4504 3309 4560 dimisi
3327 4539 3350 4560 ε

521 4647 3750 4698 NW

1444 4769 1552 4848 IN
1609 4767 2284 4848 EVANGELIUM
2342 4765 2804 4845 JOANNIS.

567 5013 632 5069 In
657 5008 909 5080 principio
931 5015 1042 5062 erat
1068 5003 1319 5069 Verbum,
1343 5001 1395 5058 id
1423 5008 1505 5056 est
1529 4999 1655 5071 quia
1677 4998 1855 5054 omnia
1878 4999 1931 5052 in
1954 4999 2070 5069 ipso

493 5105 818 5162 inchoantur
850 5109 904 5156 et
931 5099 1209 5156 ﬁniuntur.
1243 5095 1479 5150 Verbum
1517 5093 1696 5147 Patris
1730 5091 1902 5146 Filius
1929 5091 2068 5163 apud

493 5197 701 5253 Deum:
730 5193 854 5262 quia
890 5191 1058 5246 Filius
1103 5187 1243 5259 apud
1286 5187 1500 5241 Patrem
1541 5199 1756 5252 semper
1789 5189 1902 5246 est,
1931 5183 2070 5240 Deus

492 5298 612 5346 erat
649 5272 913 5350 Verbum,
956 5284 1008 5339 id
1043 5290 1127 5337 est
1160 5280 1301 5334 Deus
1330 5286 1447 5333 erat
1483 5277 1650 5332 Filius
1681 5294 1692 5329 :
1718 5275 1820 5331 hoc
1859 5290 1920 5330 e-
1961 5284 1978 5322 ’.
2011 5275 2068 5330 in

489 5381 758 5454 principio
783 5379 923 5450 apud
961 5376 1128 5429 Deum
1160 5391 1173 5427 :
1213 5373 1392 5428 omnia
1419 5385 1516 5440 per
1546 5371 1718 5440 ipsum
1753 5367 1894 5423 facta
1918 5375 2065 5432 sunt,

489 5483 545 5530 et
580 5473 696 5529 sine
733 5472 849 5542 ipso
875 5467 1076 5523 factum
1115 5474 1199 5520 est
1236 5463 1407 5519 nihil:
1436 5463 1552 5518 haec
1576 5461 1756 5518 idola:
1789 5461 1930 5532 quod
1963 5469 2066 5524 est,

490 5575 544 5622 In
564 5581 628 5619 eo
651 5565 758 5617 vita
780 5568 920 5625 erat,
945 5559 1050 5614 hoc
1070 5564 1153 5610 est
1174 5557 1297 5626 quia
1326 5555 1398 5609 illi
1423 5555 1602 5610 omnia
1626 5563 1912 5625 antequam
1939 5553 2072 5608 ﬁant

491 5659 676 5711 vivant
700 5673 713 5708 :
746 5655 856 5708 vita
893 5659 1012 5706 erat
1038 5649 1128 5703 lux
1158 5648 1435 5702 hominum
1455 5687 1468 5712 ,
1493 5647 1584 5700 lux
1607 5660 1661 5702 et
1686 5647 1794 5700 vita
1822 5646 2071 5702 Christus

491 5758 609 5802 est:
643 5748 697 5800 in
730 5744 964 5800 tenebris
1008 5741 1181 5804 lucet,
1229 5739 1281 5793 id
1323 5747 1408 5792 est
1449 5739 1498 5792 in
1537 5739 1732 5809 populo
1760 5739 2066 5794 Judmorum

491 5854 588 5913 per
609 5838 777 5906 legem
800 5836 1162 5906 etProphetas
1179 5851 1190 5888 :
1209 5832 1373 5888 Judazi
1398 5848 1516 5886 eum
1540 5847 1644 5886 non
1671 5839 2065 5902 cognoverunt:

2173 5007 2291 5054 erat
2319 4999 2410 5054 lux
2431 5014 2558 5054 vera
2585 5015 2706 5069 quae
2734 4998 3020 5054 inluminat
3041 5011 3255 5054 omnem
3285 4997 3573 5052 hominem
3599 5007 3652 5053 et
3677 5011 3751 5052 rc-

2173 5090 2316 5161 liqua
2342 5106 2356 5145 :
2383 5091 2472 5145 lux
2503 5105 2631 5146 vera
2659 5090 2948 5146 inluminat
2972 5090 3275 5156 nascendo,
3311 5091 3616 5148 nutriendo
3636 5133 3651 5157 ,
3679 5093 3750 5146 vi-

2172 5183 2368 5248 vendo,
2393 5190 2446 5237 et
2473 5197 2569 5252 per
2595 5182 2822 5252 gratiam
2851 5182 3100 5252 baptismi
3141 5180 3349 5252 Spiritu
3391 5184 3604 5238 sancti.
3634 5181 3752 5237 inll-

2172 5273 2347 5328 minat
2387 5272 2670 5328 scientiam
2719 5273 2774 5328 in
2822 5273 3080 5329 mundum
3129 5272 3309 5339 venit,
3356 5273 3749 5329 mundumnol

2174 5366 2441 5434 cognovit,
2470 5365 2520 5418 id
2549 5374 2633 5420 est
2655 5365 2882 5436 populus
2901 5364 3208 5420 Iudaeorum
3230 5379 3390 5434 :pars
3411 5364 3614 5430 aliena,
3635 5377 3752 5434 pars

2175 5459 2352 5528 aliqua
2402 5457 2654 5527 cognovit
2696 5472 2817 5511 eum
2849 5475 2862 5510 :
2901 5455 2955 5512 in
2997 5472 3094 5512 sua
3135 5455 3324 5512 venit:
3361 5455 3428 5510 in
3469 5472 3571 5512 sua
3600 5460 3748 5527 gente

2132 5554 2144 5567 '
2176 5549 2468 5604 secundum
2496 5563 2715 5602 carnem
2743 5547 2862 5602 :sui
2890 5561 3013 5602 eum
3043 5563 3150 5602 non
3177 5556 3536 5618 receperunt:
3559 5547 3746 5617 quique

2176 5657 2296 5697 eum
2327 5649 2670 5711 receperunt,
2693 5641 2842 5697 dedit
2862 5649 3180 5711 potestatem
3206 5639 3346 5696 ﬁlios
3366 5639 3463 5694 Dei
3487 5639 3606 5695 ﬁeri
3625 5681 3639 5693 .
3657 5652 3748 5710 per

2180 5735 2339 5790 ﬁdem
2365 5750 2431 5790 ex
2453 5751 2517 5791 eo
2545 5735 2657 5789 nati
2685 5741 2810 5790 sunt
2834 5749 2932 5805 per
2960 5733 3360 5790 renovationem
3383 5733 3638 5806 baptismi
3662 5751 3676 5785 :
3697 5738 3752 5787 α

2177 5829 2403 5899 gratiam
2429 5826 2665 5898 Spiritus
2695 5830 2888 5883 sancti.
