3948 6328
175 342 269 410 908

901 330 1265 394 EXPOSITIO
1300 325 1367 385 IN
1405 320 1739 397 QUATUOR
1777 320 2191 380 EVANCELIA.
2233 352 2301 360 —
2336 319 2404 374 iN
2442 315 2632 375 IOAN.

3308 307 3414 366 906

243 459 467 515 Verbum
507 471 630 510 caro
662 453 860 524 factum
897 459 990 513 est,
1020 458 1064 502 et
1101 446 1349 500 habitavit
1402 444 1460 497 in
1483 443 1650 506 nobis,
1681 440 1734 493 id
1762 445 1808 502 Α
1839 434 2111 488 nationem
2139 430 2287 484 auris
2331 430 2512 485 cordis
2557 428 2699 482 unde
2735 424 3006 494 Propheta
3047 422 3156 488 ait,
3197 421 3418 480 audiam

169 563 364 632 estpcr
389 547 815 616 adsumptionem
843 542 1024 598 carnis
1049 560 1061 572 ο
1095 539 1327 595 vidimus
1353 534 1576 606 gloriam
1598 533 1734 603 ejus,

174 646 224 701 id
251 627 384 708 'est,
429 656 526 712 per
576 635 1098 707 transﬁgurationem
1186 639 1240 684 et
1287 627 1737 683 resurrectionem

149 738 306 793 "illius
335 754 347 788 :
379 743 498 804 post
539 746 626 786 me
658 730 836 792 venit,
865 726 1140 787 ostendit,
1189 721 1482 778 secundum
1519 729 1738 771 carnem

173 827 503 882 nativitatem
535 838 550 876 :
591 829 717 876 ante
758 834 844 874 me
887 818 1063 872 factus
1099 824 1182 871 est
1215 832 1228 867 :
1259 813 1313 867 id
1336 819 1419 866 est
1442 824 1537 880 per
1566 809 1738 878 ipsum

172 920 306 974 facta
335 925 458 972 sunt
485 915 664 969 omnia
694 927 708 965 :
740 919 793 966 et
825 911 950 979 quia
992 909 1140 978 prior
1179 918 1263 958 me
1299 909 1437 959 erat.
1465 907 1519 954 et
1545 898 1612 952 de
1637 896 1742 966 ple-

172 1007 409 1063 nitudine
435 1005 550 1075 ejus
577 1017 676 1057 nos
701 1015 890 1056 omnes
915 996 1218 1066 accepimus
1248 1009 1262 1045 :
1295 988 1574 1070 Nascendo
1592 1025 1607 1050 ,
1636 1001 1738 1038 nu~

174 1098 407 1162 triendo,
429 1096 685 1158 vivendo,
714 1093 942 1163 gratiam
979 1103 1078 1158 pro
1111 1084 1304 1156 gratia.
1330 1080 1513 1136 Veteri
1548 1079 1740 1134 Testa-

171 1191 333 1245 menti
377 1188 546 1260 gratia
592 1186 717 1239 novi
763 1179 1092 1236 Tcstamenti
1125 1193 1138 1230 :
1169 1177 1298 1230 Item
1345 1188 1441 1243 per
1484 1170 1643 1225 ﬁdem
1688 1176 1744 1223 et

168 1280 444 1335 caritatem
480 1296 492 1331 :
539 1291 634 1346 per
661 1275 893 1328 litteram
933 1268 1066 1338 legis
1095 1265 1177 1320 vel
1217 1261 1554 1334 prophetiam
1583 1276 1596 1312 :
1631 1267 1742 1312 tres

169 1370 309 1424 modi
341 1385 437 1438 per
464 1367 693 1438 gratiam
725 1361 974 1433 baptismi
1014 1357 1240 1429 gratiam
1278 1364 1536 1408 aeternam
1556 1391 1570 1415 ,
1603 1349 1744 1403 ﬁlius

168 1462 255 1532 qui
282 1472 366 1516 cst
394 1461 446 1514 in
475 1459 592 1514 sinu
620 1456 812 1526 patris,
843 1455 897 1508 id
923 1463 1006 1507 est
1035 1452 1088 1505 in
1115 1449 1278 1504 corde
1299 1446 1383 1500 vel
1407 1445 1463 1498 in
1493 1448 1738 1498 secreto:

167 1551 451 1607 confessus
479 1557 582 1614 est,
616 1545 876 1602 Johannis
905 1558 1014 1597 non
1039 1555 1160 1596 esse
1191 1538 1482 1594 Christum.

241 1662 366 1716 Non
400 1661 626 1731 negavit,
670 1668 1143 1727 seprmcursorem
1183 1665 1302 1704 esse
1335 1645 1560 1709 Christi,
1587 1642 1745 1697 aliter

165 1753 402 1810 ostendit
426 1766 620 1806 novum
645 1749 1048 1803 Testamentum
1076 1753 1130 1797 et
1148 1756 1247 1812 ego
1268 1738 1570 1794 nesciebam
1595 1749 1740 1798 eum,

166 1843 402 1898 ostendit
429 1840 701 1895 Iohannes
736 1853 842 1891 non
880 1835 1020 1890 scire
1057 1848 1155 1902 per
1190 1830 1516 1900 baptismum
1545 1824 1747 1881 Christi

167 1937 503 2003 redemptum
534 1945 652 1986 esse
683 1930 936 1983 Inundum
966 1968 980 1990 ,
1014 1939 1138 1979 nam
1164 1922 1368 1978 sciebat
1407 1933 1530 1974 eum
1579 1915 1748 1970 ﬁlium

167 2027 262 2081 Dei
295 2040 416 2081 esse
443 2031 498 2078 et
530 2031 714 2076 natum
751 2023 802 2072 in
835 2030 1013 2072 carne.

238 2138 380 2194 [tabi
401 2137 486 2191 ubi
513 2135 759 2201 habitas?
786 2133 838 2187 id
869 2141 953 2186 est
990 2131 1041 2184 in
1076 2142 1182 2197 qua
1209 2123 1488 2182 doctrina?
1513 2134 1750 2177 commo-

165 2231 314 2287 veris
343 2247 356 2282 :
391 2229 504 2282 sive
529 2228 724 2281 decere
760 2239 774 2276 :
800 2223 997 2285 venite,
1027 2219 1216 2274 discite
1241 2215 1543 2270 doctrinam
1574 2226 1749 2266 meam

165 2323 260 2393 qui
311 2320 457 2375 omni
500 2318 616 2372 vult
659 2316 844 2369 venire
892 2314 960 2368 ad
1003 2328 1081 2375 se,
1115 2309 1253 2380 apud
1284 2323 1407 2363 eum
1438 2310 1755 2360 manserunt

167 2420 256 2473 die
299 2418 388 2472 illo
409 2458 422 2481 ,
449 2414 737 2471 ostendunt
769 2426 965 2464 novum
997 2409 1398 2462 Testamentum
1438 2401 1551 2456 sive
1587 2400 1754 2452 vitam

167 2518 494 2581 prmsentcm
528 2523 540 2558 :
572 2507 702 2558 hora
733 2503 939 2557 decima
980 2496 1250 2568 signiﬁcat
1275 2507 1498 2563 vespere
1523 2488 1706 2544 mundi
1739 2506 1751 2540 :

167 2603 226 2656 in
269 2594 567 2656 crastinum
616 2595 782 2649 voluit
825 2592 974 2647 exire
1003 2591 1054 2644 in
1087 2587 1361 2644 Galilzeam
1387 2624 1402 2650 ,
1431 2581 1486 2636 id
1514 2590 1598 2635 est
1635 2587 1756 2649 post

166 2689 627 2746 resurrectionem
657 2698 810 2739 suam
850 2681 916 2736 ad
956 2688 1140 2751 gentes
1175 2675 1275 2731 sub
1300 2673 1402 2729 ﬁco
1422 2713 1435 2737 ,
1465 2671 1517 2725 id
1547 2677 1632 2724 est
1657 2668 1756 2723 sub

165 2781 311 2851 legis
337 2779 514 2833 littera
542 2775 624 2832 vel
654 2787 922 2845 synagoga
958 2789 970 2825 :
1003 2768 1170 2825 caelos
1207 2771 1441 2835 apertos,
1472 2761 1527 2815 id
1554 2766 1637 2814 est
1664 2772 1756 2828 ge-

168 2871 295 2924 neri
329 2871 563 2924 lmmano
583 2907 596 2930 ,
626 2865 844 2933 angelos
879 2861 1229 2916 ascendentes
1251 2864 1305 2910 et
1334 2852 1721 2909 descendentes
1741 2889 1756 2914 ,

168 2960 228 3015 id
264 2968 346 3012 est
369 2957 421 3011 in
444 2956 806 3010 ministerium
830 2952 1058 3007 Christi:
1090 2949 1176 3002 die
1197 2945 1358 3000 tertio
1380 2942 1580 3011 nuptiae
1608 2939 1761 2994 factzc

168 3056 335 3109 sunt,
379 3046 433 3100 id
468 3054 552 3100 est
593 3044 751 3098 tertia
797 3043 882 3096 lex
909 3082 924 3105 ,
953 3039 1168 3109 nuptias
1204 3034 1476 3104 copulatio
1509 3029 1762 3085 Ecclesia:

1838 525 1966 595 quid
1996 524 2247 592 loquatur
2307 522 2361 574 in
2395 536 2481 574 me
2519 519 2776 573 Dominus
2815 517 2956 571 Deus
2986 534 2998 569 :
3034 515 3177 584 quod
3211 515 3421 572 scimus

1839 615 2146 685 loquimur,
2187 613 2331 681 quod
2375 612 2606 665 vidimus
2651 618 2946 674 testamur,
2995 607 3140 677 quod
3185 607 3416 662 dicimus

1839 711 2064 774 scimus,
2089 709 2324 764 ostendit
2356 723 2454 777 per
2479 708 2669 762 modos
2691 701 2978 761 loeutionis
3013 705 3126 759 sive
3150 712 3262 759 tota
3291 703 3416 758 Tri-

1841 801 2005 866 nitas,
2029 801 2113 855 vcl
2146 799 2390 854 Christus
2415 813 2536 853 cum
2560 797 2818 867 apostolis
2837 806 2890 850 et
2911 795 3190 865 prophetis
3215 814 3228 847 :
3261 802 3422 849 testa-

1841 907 1998 956 mur,
2054 892 2110 946 id
2161 901 2248 946 est
2293 889 2662 944 testimonium
2710 888 2948 943 damus:
2987 885 3420 941 testimoniorum

1842 991 2152 1036 nostrorum
2182 995 2289 1034 non
2317 979 2595 1049 accipitis,
2635 978 2689 1033 id
2731 986 2818 1032 est
2844 977 3278 1046 praedicationem
3319 990 3419 1030 no-

1843 1083 2012 1129 stram
2039 1071 2385 1128 nou'creditis
2409 1087 2422 1123 :
2449 1069 2696 1126 Christus
2714 1069 2780 1124 de
2801 1067 2939 1124 ctelo
2964 1067 3244 1123 descendit
3263 1067 3421 1122 adsu-

1842 1163 2040 1217 mendo
2075 1176 2314 1216 carnem.

1917 1251 2084 1305 Nemo
2106 1249 2338 1303 ascendit
2364 1249 2433 1302 ad
2463 1246 2670 1318 ctutum,
2685 1245 2791 1300 nisi
2811 1244 3061 1301 Christus
3081 1260 3203 1300 cum
3221 1245 3416 1299 arbore

1845 1341 1895 1395 id
1922 1351 2003 1395 est
2031 1340 2269 1395 Ecclesia
2303 1357 2317 1392 :
2343 1338 2486 1393 sicut
2513 1336 2781 1391 exaltatus
2811 1350 3035 1403 serpens
3061 1335 3115 1388 in
3163 1335 3376 1388 deserto
3405 1352 3417 1387 :

1842 1440 1900 1487 et
1919 1433 2165 1486 Christus
2193 1430 2462 1486 exaltatus
2487 1429 2649 1484 estin
2691 1427 2871 1481 libano
2909 1425 3088 1480 crucis
3119 1441 3133 1479 :
3175 1425 3316 1479 sicut
3351 1425 3425 1479 illi

1842 1523 2086 1593 percussi
2107 1539 2138 1577 a
2159 1521 2500 1590 serpentibus
2525 1535 2539 1574 :
2565 1520 2637 1574 ita
2666 1533 2765 1588 per
2802 1517 2976 1572 visum
3006 1517 3271 1586 serpentis
3299 1516 3426 1571 aerei

1847 1613 2222 1668 liberabuntur
2253 1631 2266 1666 :
2305 1613 2380 1666 ita
2405 1621 2458 1666 et
2489 1613 2650 1666 homo
2684 1623 2976 1680 percussus
3009 1623 3041 1661 a
3078 1607 3293 1662 diabolo
3335 1608 3428 1676 qui

1846 1704 2338 1774 creditpassionem
2365 1703 2574 1758 Christi
2589 1699 2907 1755 liberabitur
2925 1717 2937 1752 :
2956 1697 3116 1753 Venit
3142 1699 3195 1751 in
3223 1705 3427 1751 terram

1774 1801 1820 1858 B
1845 1798 2110 1862 Iudaeam,
2136 1799 2189 1853 in
2213 1806 2414 1851 terram
2445 1793 2799 1849 confessionis
2833 1793 2888 1846 in
2925 1791 3097 1856 Enon,
3129 1791 3181 1844 id
3228 1796 3312 1844 est
3337 1805 3431 1844 no-

1852 1903 1973 1942 men
2003 1888 2102 1942 loci
2132 1888 2221 1942 ubi
2255 1885 2670 1941 immolaverunt
2697 1882 2835 1937 ﬁlios
2870 1890 2927 1936 et
2973 1880 3110 1935 ﬁlias
3157 1895 3283 1936 suas
3325 1881 3432 1936 da:-

1850 1979 2071 2042 moniis,
2097 1979 2238 2032 unde
2267 1978 2478 2046 accepit
2502 1989 2696 2029 nomen
2733 1975 3018 2044 gehenna:
3065 1971 3219 2041 juxta
3263 1971 3433 2027 Salim

1852 2083 1970 2137 quae
1997 2068 2383 2137 interpretatur
2402 2065 2552 2134 pacis
2573 2080 2733 2134 quam
2760 2071 3087 2118 vocaverunt
3109 2063 3263 2117 iebus
3289 2063 3434 2116 unde

1851 2167 2179 2228 acceperunt
2238 2171 2432 2211 nomen
2489 2154 2738 2220 Iebusei;
2799 2152 3040 2208 nondum
3107 2151 3254 2206 enim
3313 2158 3437 2206 erat

1849 2250 2086 2306 Joannes
2109 2251 2163 2303 in
2187 2261 2426 2313 carcere,
2457 2246 2695 2301 ostendit
2723 2245 2849 2315 quia
2873 2241 3112 2297 nondum
3147 2248 3270 2296 erat
3307 2254 3436 2296 con-

1853 2339 2146 2394 summatio
2165 2337 2298 2407 legis
2325 2336 2518 2391 litterae
2556 2353 2569 2389 :
2611 2335 2761 2388 illum
2807 2340 3021 2403 oportet
3057 2345 3325 2396 crescere,
3349 2343 3438 2385 me

1857 2437 2038 2482 autem
2081 2426 2247 2480 minui
2282 2443 2294 2477 :
2324 2425 2415 2494 qui
2445 2423 2735 2494 putabatur
2760 2435 2878 2476 esse
2915 2420 3202 2492 propheta,
3252 2417 3441 2472 inven-

1856 2526 1945 2572 tus
1971 2526 2054 2572 est
2071 2515 2322 2571 Christus
2350 2523 2404 2569 et
2429 2514 2520 2583 qui
2561 2512 2851 2584 putabatur
2893 2525 3012 2567 esse
3057 2509 3305 2565 Christus
3357 2509 3442 2564 in-

1858 2620 2052 2666 ventus
2076 2619 2158 2664 est
2183 2607 2450 2678 PrOpheta
2487 2623 2501 2660 :
2527 2605 2670 2674 quod
2697 2603 2808 2658 vidi
2832 2610 2887 2658 et
2916 2601 3099 2656 audivi
3140 2598 3439 2655 secundum

1860 2703 2194 2758 divinitatem
2228 2719 2240 2754 :
2271 2701 2374 2754 hoc
2397 2697 2718 2753 testiﬁcatur
2743 2713 2756 2748 :
2785 2693 3080 2749 secundum
3105 2691 3440 2746 divinitatem
3477 2685 3494 2696 ’

1861 2792 2227 2850 testimonium
2273 2791 2391 2860 ejus
2454 2803 2613 2844 nemo
2679 2785 2932 2854 accepit:
2977 2783 3068 2837 hic
3118 2789 3293 2836 totum
3339 2794 3442 2850 pro

1860 2894 2016 2958 parte
2043 2882 2289 2952 ponitur;
2326 2879 2454 2934 item
2487 2876 2692 2932 credite
2719 2875 2845 2944 quia
2875 2874 3015 2928 Deus
3037 2886 3204 2924 veras
3230 2876 3332 2924 est.

1935 2971 2213 3041 Oportebat
2226 2983 2343 3022 eum
2366 2968 2589 3022 transire
2609 2981 2700 3035 per
2713 2961 3038 3025 Samariam,
3059 2958 3294 3015 ostendit
3306 2958 3447 3013 sicut

1863 3064 2178 3138 praedicavit
2201 3061 2416 3123 Iudaeis,
2442 3058 2763 3130 praedicaret
2783 3064 2839 3108 et
2861 3052 3111 3124 gentibus
3139 3068 3152 3104 :
3181 3051 3445 3120 praedium

167 3154 308 3194 cum
360 3134 573 3190 Chrism
625 3132 937 3224 intelligi“
967 3148 979 3184 τ
1023 3128 1188 3224 mari?
1240 3124 1367 3224 fles}!
1511 3119 1726 3224 “"9"”
1746 3128 1836 3206 ’VC
1938 3119 2031 3209 est
2049 3147 2258 3224 agrum,
2288 3119 2412 3204 fons
2428 3119 2494 3202 ad
2515 3147 2783 3202 ﬁueudum
2806 3119 3000 3215 puteus
3026 3143 3093 3196 ad
3119 3119 3412 3211 potandum
3432 3163 3448 3170 >-

163 3227 419 3284 ostendit
448 3239 775 3297 synagogam
806 3241 818 3275 :
852 3220 1008 3275 Iesus
1039 3226 1094 3272 et
1122 3214 1368 3284 discipuli
1391 3211 1523 3280 ‘ejus
1545 3250 1559 3274 ,
1591 3209 1762 3278 ﬁgura

168 3318 478 3383 Ecclesire,
529 3315 812 3371 deﬁciente
847 3313 1013 3375 vino,
1066 3309 1118 3363 id
1163 3315 1249 3362 est
1297 3302 1527 3360 defectio
1572 3300 1765 3354 littera:

167 3410 334 3480 legis.

254 3518 509 3574 Nondum
531 3515 660 3571 venit
690 3515 817 3567 hora
841 3529 976 3576 mea,
1007 3509 1057 3563 id
1093 3515 1175 3563 est
1209 3506 1444 3561 nondum
1463 3503 1611 3560 venit
1636 3512 1770 3558 tem-

170 3631 288 3688 pus
315 3611 583 3685 passionis
609 3608 810 3664 Christi
841 3621 936 3659 scx
964 3603 1154 3658 hidria:
1173 3643 1186 3666 ,
1219 3615 1312 3654 sex
1338 3607 1527 3652 mtatcs
1547 3637 1562 3662 ,
1609 3597 1661 3649 in
1689 3595 1772 3648 vi-

170 3727 318 3768 num
346 3708 608 3764 Christus.
625 3701 1037 3758 Architriclinus
1057 3696 1330 3752 Iohannes
1353 3693 1607 3758 ostendit,
1625 3693 1768 3762 quod

170 3809 315 3856 ante
345 3798 478 3853 bibit
500 3795 773 3850 Iohannes
803 3791 1104 3862 passionem
1137 3801 1298 3857 quam
1326 3783 1604 3838 Christus:
1630 3797 1770 3851 aqua

169 3895 376 3950 vinum
404 3891 636 3952 factum,
683 3883 918 3941 ostendit
955 3881 1291 3936 renationem
1319 3884 1374 3930 et
1401 3883 1556 3928 vetus
1587 3871 1774 3927 Testa-

171 3995 434 4043 mentum
482 3984 535 4037 in
581 3995 795 4035 novum.
849 3975 1021 4030 Aliter
1063 3987 1161 4042 per
1204 3983 1399 4039 aquam
1447 3965 1774 4035 baptismum

170 4077 455 4137 Johannis
485 4089 580 4143 per
606 4073 790 4126 vinum
829 4067 1010 4138 passio
1035 4062 1237 4126 Ωιινίᾕί
1256 4101 1270 4126 ,
1306 4059 1432 4112 item
1462 4071 1558 4126 per
1593 4055 1776 4109 vinum

173 4170 416 4241 sanguis
445 4163 645 4222 Christi
676 4171 733 4217 ut
761 4159 878 4230 ipse
909 4157 1003 4222 ait,
1033 4153 1253 4224 sanguis
1278 4149 1395 4219 ejus
1423 4164 1585 4204 verus
1620 4154 1780 4215 potus

173 4274 312 4328 est,
347 4263 545 4315 bonum
595 4256 780 4308 vinum
832 4262 1050 4305 servare
1077 4287 1092 4311 ,
1137 4242 1375 4299 ostendit
1421 4237 1776 4310 mysterium:

176 4351 459 4427 mysteria
508 4347 707 4403 veteris
757 4338 1087 4397 Testamcnti
1132 4351 1230 4405 per
1273 4335 1440 4388 boves
1490 4327 1782 4384 vendentcs

178 4425 453 4502 doctores
481 4437 737 4494 ostendit.
775 4433 866 4503 qui
894 4433 1031 4487 dona
1062 4442 1216 4483 sacra
1241 4425 1502 4487 vendunt,
1532 4436 1628 4491 per
1654 4433 1783 4473 oves

1868 3247 2122 3316 fatigatus
2147 3242 2301 3297 Iesus
2324 3257 2392 3296 ex
2433 3240 2627 3294 itinere
2656 3255 2670 3290 :
2704 3236 2940 3292 ostendit
2978 3233 3307 3289 veniendum
3351 3247 3452 3303 per

1871 3329 2302 3386 incarnationem
2363 3340 2525 3394 super
2570 3322 2854 3377 historiam
2905 3319 3038 3388 legis
3093 3317 3309 3382 litterae,
3353 3332 3454 3388 per

1868 3423 2060 3478 horam
2091 3429 2298 3475 sextam
2325 3415 2486 3472 ﬁdem
2512 3413 2974 3469 Samaritanorum
3020 3408 3337 3478 intelligitur
3361 3407 3455 3477 qui

1869 3520 2032 3567 erant
2063 3509 2339 3564 ferventes
2373 3524 2388 3560 :
2423 3505 2618 3559 mulier
2653 3503 2706 3558 id
2745 3509 2826 3556 est
2869 3515 3138 3572 synagoga
3172 3517 3185 3552 :
3235 3499 3458 3554 haurire

1873 3619 2067 3674 aquam
2101 3602 2310 3657 discere
2332 3597 2614 3653 historiam
2657 3594 2791 3664 legis
2836 3593 3077 3647 litterae:
3119 3591 3254 3660 petit
3297 3590 3456 3646 Iesus

1875 3695 2062 3751 bibere
2094 3693 2148 3748 id
2175 3699 2258 3747 est
2285 3698 2474 3760 petere
2502 3687 2661 3742 ﬁdem
2709 3686 2952 3740 mulieris
2995 3693 3188 3754 puteus
3218 3683 3360 3738 altus
3402 3682 3458 3736 id

1873 3797 1956 3844 est
1984 3786 2213 3843 altitudo
2246 3784 2490 3856 mysterii
2527 3781 2702 3853 legis:
2750 3779 2869 3833 fons
2909 3793 3065 3846 aqua:
3103 3776 3346 3831 salientis
3393 3775 3460 3829 ad

1874 3880 2041 3933 vitam
2069 3887 2326 3932 aeternam
2352 3876 2403 3929 id
2430 3883 2514 3929 est
2533 3871 2844 3942 praedicatio
2872 3869 3144 3939 Evangelii
3169 3867 3462 3922 cbulliente

1873 3983 1943 4028 ex
1968 3987 2063 4027 ore
2091 3969 2453 4041 apostolorum
2490 3966 2603 4020 sive
2638 3963 2972 4018 credentium
3002 3979 3015 4014 :
3040 3961 3278 4028 quinque
3299 3960 3462 4019 viros.

1877 4065 2110 4121 ostendit
2123 4062 2360 4132 quinque
2376 4047 2540 4112 libros
2554 4056 2738 4126 Moysi,
2755 4063 2807 4106 et
2817 4055 2960 4106 hunc
2973 4052 3186 4120 quidem
3201 4050 3368 4104 habes
3381 4060 3467 4104 est

1882 4168 2005 4214 tuus
2022 4155 2257 4214 ostendit
2277 4153 2471 4208 librum
2486 4151 2680 4205 Iosue:
2708 4144 2938 4215 reliquid
2962 4142 3211 4214 hydriam
3232 4157 3384 4196 suam
3411 4142 3465 4196 id

1881 4257 1964 4305 est
1980 4247 2263 4319 pristinam
2289 4239 2756 4299 conversationem
2783 4253 2796 4290 :
2821 4235 3021 4289 abiitin
3038 4231 3312 4287 civitatem
3346 4245 3441 4285 :os

1886 4339 2058 4395 tendit
2076 4334 2405 4406 primitivam
2430 4330 2728 4386 Ecclesiam
2754 4325 2912 4396 quasi
2935 4325 3002 4378 ad
3023 4330 3210 4392 gentes
3252 4321 3366 4376 sive
3399 4320 3470 4375 ad

1890 4429 2147 4500 populum
2166 4445 2178 4480 :
2206 4425 2378 4480 levate
2395 4423 2581 4477 oculos
2596 4430 2806 4474 vestros
2818 4418 2872 4472 id
2898 4423 2982 4471 est
3001 4414 3187 4470 oculos
3201 4412 3323 4467 ﬁdei
3343 4430 3356 4442 ο
3389 4413 3471 4465 al-

179 4533 454 4594 homincs
490 4527 806 4598 simpliciter
831 4521 1089 4584 ostendit,
1116 4514 1385 4587 ﬂagellum
1406 4513 1472 4567 de
1494 4509 1784 4573 resticulis,
1817 4496 1867 4554 Ι)
2005 4533 2209 4574 messes
2225 4517 2277 4571 id
2299 4523 2384 4570 εει
2406 4514 2569 4569 corda
2593 4510 2826 4566 ﬁdelium
2843 4525 2858 4562 ς
2877 4507 2968 4576 qui
2993 4501 3468 4561 seminaverumid

181 4628 244 4683 id
282 4633 375 4680 est
412 4621 646 4676 vindicta
685 4631 787 4686 pro
828 4612 995 4668 variis
1040 4608 1277 4680 peccatis
1311 4604 1451 4658 unde
1477 4601 1786 4672 ejiciuntur,

182 4721 263 4776 de
314 4712 561 4770 Ecclesia
595 4725 608 4767 :
643 4708 798 4763 Iesus
826 4720 932 4759 non
960 4701 1216 4757 credebat
1249 4713 1308 4753 se
1343 4697 1516 4765 ipsum
1551 4692 1656 4746 illis
1681 4732 1694 4756 ,
1735 4689 1789 4744 id

182 4817 287 4866 est
313 4821 415 4877 pro
437 4813 590 4874 parte
611 4800 792 4855 carnis
815 4796 1165 4852 Nicbodimus
1184 4799 1342 4846 nocte
1364 4787 1508 4841 venit
1531 4787 1595 4840 ad
1619 4784 1790 4844 illum,

183 4917 302 4973 per
326 4905 539 4952 noctem
563 4891 801 4948 ostendit
826 4889 1064 4943 litteram
1093 4885 1224 4954 legis
1249 4901 1262 4935 :
1292 4883 1406 4937 sive
1431 4877 1792 4948 ignorantiam

186 4990 392 5049 cordis
417 4997 478 5041 ut
503 4986 884 5040 inlustraretur
914 4995 943 5034 a
974 4977 1176 5031 lumine
1195 5014 1210 5036 ,
1241 4971 1482 5027 scientize
1517 4969 1611 5022 Dei
1638 4986 1651 5021 :
1684 4966 1791 5022 sci—

187 5097 338 5138 mus
363 5077 506 5148 quod
533 5091 564 5129 a
601 5075 708 5128 Deo
733 5069 958 5133 venisti,
989 5064 1225 5121 ostendit
1243 5078 1336 5116 eos
1362 5060 1453 5130 qui
1477 5064 1797 5127 receperunt

189 5171 492 5229 Christum
521 5181 617 5236 per
643 5165 801 5219 ﬁdem
821 5202 835 5225 ,
863 5174 994 5215 caro
1033 5155 1272 5210 nascitur
1295 5167 1362 5206 ex
1388 5164 1550 5206 carne
1587 5157 1641 5202 et
1674 5163 1798 5202 san-

191 5265 402 5338 guine,
429 5269 491 5315 ut
521 5259 666 5313 vivat
693 5251 1044 5323 corporaliter
1070 5248 1122 5302 in
1156 5243 1380 5306 mundo,
1412 5241 1608 5295 iterum
1635 5253 1788 5293 rena-

191 5329 392 5413 scitur
418 5350 598 5405 anima
625 5343 968 5402 ineﬁ'abiliter
995 5347 1049 5393 et
1084 5335 1291 5408 Spiritu
1330 5341 1521 5388 sancto
1561 5339 1621 5384 ut
1653 5329 1798 5413 vivat

194 5450 263 5503 in
306 5451 590 5498 aeternum.

286 5556 526 5625 Spiritus
549 5551 636 5606 ubi
657 5549 762 5605 vult
788 5547 973 5617 spirat,
999 5544 1051 5599 id
1074 5549 1158 5598 est
1181 5553 1340 5610 quem
1360 5535 1472 5591 vult
1497 5533 1822 5598 inluminat,

197 5654 369 5709 sicut
395 5646 524 5702 dicit
544 5639 849 5714 Apostolus,
881 5637 972 5707 qui
1001 5636 1146 5691 enim
1170 5633 1408 5688 adhaeret
1428 5626 1642 5682 Christo
1670 5639 1808 5679 unus

163 5765 170 5770 δ
196 5737 453 5813 spiritus
478 5744 579 5793 est.
611 5734 812 5786 Vocem
841 5742 1014 5782 meam
1045 5723 1200 5779 audis
1219 5763 1232 5790 ,
1272 5718 1562 5779 ostendunt
1593 5715 1810 5771 inlumi-

622 5828 898 5892 ΡΔτιιοι..
933 5818 1156 5878 CXIV.

1891 4623 1973 4671 est
2003 4611 2293 4682 prophetas
2316 4607 2408 4676 qui
2439 4610 2650 4659 metunt
2667 4607 2796 4657 sunt
2815 4596 3064 4670 apostoli.
3095 4594 3294 4649 Mansit
3328 4594 3470 4663 apud

1892 4724 1986 4764 eos
2006 4681 2148 4760 duos
2170 4703 2284 4757 dies
2311 4699 2363 4753 id
2395 4699 2477 4752 eSt
2509 4703 2632 4765 post
2659 4693 2765 4746 duo
2795 4693 3116 4743 testamenta
3149 4684 3341 4738 tradita
3371 4681 3460 4736 Iu-

1895 4801 2022 4855 daeis
2055 4821 2067 4850 ;
2104 4795 2237 4849 abiit
2258 4793 2310 4846 in
2339 4788 2615 4846 Galilaeam
2647 4784 2700 4838 id
2723 4789 2807 4836 est
2835 4780 2900 4833 ad
2929 4784 3113 4848 gentes
3148 4774 3276 4829 :hic
3315 4772 3474 4827 aliter

1895 4893 1986 4962 qui
2007 4887 2204 4944 mortui
2235 4892 2361 4940 sunt
2396 4877 2770 4948 corporaliter,
2804 4874 2856 4927 in
2898 4870 3078 4924 futuro
3116 4867 3341 4921 audiunt
3375 4879 3474 4919 vo—

1896 5000 2012 5042 cem
2044 4980 2159 5049 ejus
2194 4987 2248 5032 et
2273 4973 2663 5030 resuscitantur
2688 4985 2700 5021 :
2727 4968 2865 5021 sicut
2904 4962 3067 5017 habet
3108 4959 3163 5014 in
3211 4973 3270 5014 se
3309 4957 3475 5012 vitam

1898 5079 1970 5132 ita
2001 5084 2058 5127 et
2085 5071 2270 5126 ﬁlius:
2306 5063 2448 5135 quod
2503 5061 2703 5117 dicitur
2742 5055 2892 5110 dedit
2943 5052 3054 5106 ﬁlio
3098 5051 3201 5105 hoc
3245 5057 3329 5104 est
3377 5063 3477 5116 pro

1896 5176 2048 5240 parte
2076 5161 2254 5219 carnis
2279 5176 2292 5212 :
2318 5156 2411 5226 qui
2433 5153 2574 5209 bona
2596 5151 2840 5205 fecerunt
2865 5146 2919 5199 in
2941 5141 3340 5199 resurrectione
3354 5139 3479 5193 vita:

1898 5231 2002 5314 hoc
2029 5263 2113 5311 est
2140 5253 2231 5322 qui
2277 5250 2515 5319 seipsum
2564 5243 2768 5315 judicat
2809 5236 3045 5306 resurgit
3091 5243 3146 5289 et
3186 5233 3342 5288 aliter
3385 5231 3480 5301 qui

1901 5345 2102 5403 mortui
2133 5341 2332 5400 suntin
2358 5335 2620 5410 peccatis,
2641 5348 2739 5404 per
2763 5328 3173 5386 conversionem
3219 5323 3340 5377 ﬁdei
3395 5323 3478 5376 vi-

1903 5437 2123 5495 vuntad
2146 5434 2333 5498 vitam,
2367 5429 2470 5500 ipsi
2500 5431 2789 5495 resurgunt
2830 5421 2898 5476 ad
2934 5418 3217 5490 judicium,
3255 5412 3347 5484 qui
3394 5413 3485 5466 hic

1907 5529 2050 5587 male
2081 5532 2309 5598 egerunt
2341 5540 2354 5576 :
2379 5518 2524 5590 quod
2551 5516 2680 5572 dicit
2701 5529 2806 5569 non
2834 5511 2974 5565 facio
3003 5524 3032 5560 a
3065 5520 3149 5558 me
3169 5502 3482 5572 quicquam,

1909 5591 2146 5678 ostendit
2168 5631 2266 5686 pro
2293 5621 2447 5685 parte
2475 5607 2717 5679 corporis
2758 5623 2770 5658 :
2801 5604 2944 5658 sicut
2971 5597 3130 5652 audio
3159 5604 3212 5649 et
3248 5591 3432 5660 judico
3466 5609 3478 5644 :

1908 5713 2170 5786 judicium
2200 5721 2380 5764 meum
2411 5703 2613 5773 justum
2647 5707 2747 5755 est.
2788 5709 2893 5748 non
2934 5700 3118 5757 quacro
3156 5683 3482 5740 voluntatem

2901 5781 2980 5840 9.9
