3948 6328
553 306 657 360 907

551 435 750 487 meam,
787 434 890 476 seu
928 435 1000 489 qu
1081 421 1229 475 misit
1284 437 1371 479 me
1415 421 1611 490 Patris,
1660 425 1747 480 hic
1797 427 2125 481 voluntatem
2156 429 2204 488 Α
2231 426 2436 482 tionum
2479 437 2830 496 paternarum

552 527 704 566 suam
734 511 936 581 posuit,
967 525 1066 579 pro
1093 513 1374 568 membris.

621 601 684 657 Si
715 601 1065 655 testimonium
1089 602 1326 668 perhibeo
1349 604 1415 658 de
1450 620 1552 670 me,
1577 606 1926 663 testimonium
1955 626 2126 663 meum

541 708 649 746 nan
666 700 739 744 est
762 705 938 745 verum
955 707 974 755 ;
995 690 1135 746 sicut
1154 692 1231 745 ait
1251 692 1524 758 Salomon,
1541 694 1697 749 lauda
1723 703 1773 750 te
1792 697 1999 752 alienus
2019 714 2125 752 non

533 799 606 838 os
629 791 810 838 tuum:
838 797 1012 852 neque
1033 797 1215 838 vocem
1237 782 1353 852 ejus
1374 784 1600 840 audiunt
1619 801 1876 856 unquam,
1891 791 2126 844 ostendit

544 875 790 930 infideles
827 876 918 945 qui
975 876 1415 944 praedicationem
1471 877 1588 948 ejus
1617 895 1722 933 non
1777 890 2121 952 receperunt,

541 964 788 1018 ascendit
816 964 870 1018 in
908 973 1146 1019 montem
1187 979 1311 1019 cum
1363 965 1636 1037 discipulis
1660 966 1772 1024 suis
1829 968 1881 1024 id
1931 978 2013 1025 est
2055 972 2122 1026 ad

542 1052 791 1108 altiorem
820 1052 986 1107 vitam
1015 1054 1306 1110 ascendere
1337 1063 1605 1126 temptans
1643 1054 1907 1126 Philipum
1937 1059 1991 1113 id
2039 1068 2122 1114 est

541 1144 607 1198 ad
639 1145 970 1214 probandum
1004 1160 1110 1200 non
1131 1147 1200 1200 ad
1241 1146 1614 1217 perdendum:
1656 1147 1891 1216 quinque
1929 1164 2116 1217 panes,

539 1235 777 1305 quinque
802 1234 924 1290 libri
956 1235 1124 1306 Moysi
1151 1254 1164 1290 :
1195 1250 1294 1306 per
1328 1237 1646 1303 ordiatium,
1681 1238 1996 1310 intelligitur
2027 1257 2117 1296 as-

537 1325 742 1394 peritas
768 1324 902 1395 legis
945 1325 1136 1380 littera:
1167 1343 1181 1379 :
1214 1325 1416 1380 faenum
1444 1325 1692 1392 multum,
1738 1326 1999 1396 perfectio
2024 1345 2119 1400 po-

534 1418 646 1488 puli
681 1419 917 1474 ostendit
947 1435 962 1472 :
997 1419 1235 1490 nunquid
1263 1429 1449 1490 pereat
1485 1421 1551 1475 de
1586 1421 1810 1490 reliquis
1835 1421 1889 1477 id
1910 1431 1994 1478 est
2019 1438 2111 1477 no-

535 1506 630 1561 lite
662 1509 875 1563 mittere
907 1511 1209 1564 doctrinam
1265 1511 1357 1564 ubi
1395 1525 1505 1565 non
1547 1511 1780 1567 aedificat
1813 1531 1825 1564 :
1872 1513 2117 1568 ascendit

534 1599 680 1653 solus
726 1599 780 1653 in
836 1609 1070 1656 montem
1113 1602 1167 1657 id
1204 1609 1289 1657 est
1341 1601 1407 1656 ad
1447 1608 1674 1671 patrem,
1720 1602 2114 1658 descenderunt

532 1687 777 1756 discipuli
807 1691 872 1743 ad
903 1705 1073 1755 mare,
1110 1692 1213 1746 hoc
1237 1699 1322 1746 est
1355 1692 1428 1746 ad
1472 1696 1696 1762 gentes:
1745 1695 2109 1749 ascenderunt

1045 306 1431 364 WALAFRIDI
1469 309 1716 366 STRABI
1754 302 1967 369 FULD.
1999 314 2166 371 MON.
2205 315 2357 372 OPP.
2399 316 2579 374 PARS
2617 319 2657 374 ί.
2699 350 2770 362 --
2804 321 3261 382 THEOLOGICA.

3709 335 3797 389 908

2884 452 2894 485 :
2944 434 3060 488 sive
3108 435 3407 493 Ecclesnam
3454 454 3524 494 ex
3564 444 3794 510 gentibus

2228 533 2348 587 quae
2373 519 2686 589 relinquens
2707 522 2874 578 Deum
2901 524 3166 582 fornicata
3188 537 3274 584 est
3294 545 3417 584 cum
3443 535 3790 592 dzemonibos:

2227 608 2352 676 quia
2381 608 2659 664 adducunt
2681 626 2802 666 eam
2827 614 2881 668 in
2913 616 3109 680 medio,
3151 620 3390 674 ostendit
3421 619 3640 678 Judreos
3680 643 3792 696 qun

2225 706 2567 754 accusatores
2595 709 2724 756 sunt
2764 702 3018 760 Ecclesia:
3059 705 3298 763 Christi:
3335 709 3549 780 Moyses
3591 717 3790 771 utenda-

2225 790 2304 844 vit
2325 789 2563 860 lapidare
2591 801 2647 847 tu
2675 795 2804 863 quid
2834 797 3006 853 dicis?
3032 808 3354 871 temptantes
3394 820 3519 860 eum
3546 823 3647 876 pro
3675 810 3786 862 dua-

2221 881 2323 936 bus
2353 881 2553 949 causis,
2585 885 2629 940 si
2658 885 2882 942 dixisset
2906 888 3142 959 lapidare
3167 893 3431 950 dixissent
3453 897 3530 951 illi
3574 914 3680 952 non
3723 899 3790 954 fa-

2221 973 2297 1027 cit
2322 972 2409 1028 illc
2436 975 2580 1042 quod
2603 976 2762 1032 docet
2787 981 3041 1036 remittite
3075 983 3142 1036 ad
3172 999 3290 1047 nos,
3335 987 3384 1040 si
3424 987 3657 1043 dixisset
3696 1006 3786 1044 non

2221 1060 2446 1130 lapidari
2477 1063 3124 1125 dixissentcontradictor
3161 1072 3296 1142 legis
3342 1083 3468 1130 est:
3514 1075 3673 1133 Jesus
3714 1080 3786 1133 in-

2219 1149 2426 1205 clinans
2454 1167 2513 1206 se
2535 1154 2786 1209 deorsum
2837 1156 2888 1210 id
2939 1168 3023 1213 est
3071 1161 3138 1214 de
3179 1162 3399 1217 sedibus
3447 1167 3692 1235 paternis
3743 1171 3786 1223 in

2218 1243 2476 1296 mundum
2531 1245 2600 1299 ad
2646 1246 2956 1303 redimenda
3003 1258 3228 1320 peccata
3283 1256 3506 1324 generis
3561 1258 3786 1322 humani,

2217 1331 2385 1402 digito
2407 1334 2678 1391 scribebat
2707 1336 2762 1392 in
2805 1348 2950 1394 terra
2992 1358 3012 1397 :
3055 1345 3292 1398 ostendit
3333 1355 3567 1415 peccata
3620 1364 3785 1404 eorum

2213 1423 2387 1477 erexit
2419 1432 2469 1479 te
2495 1439 2555 1480 se
2575 1434 2634 1480 ut
2661 1428 2896 1498 erigeret
2923 1445 3015 1487 eos
3058 1448 3147 1502 qui
3180 1434 3508 1492 incedebant
3530 1439 3585 1493 in
3617 1456 3790 1510 pecca-

2217 1512 2286 1567 tis
2312 1531 2322 1566 :
2359 1513 2555 1570 iterum
2579 1517 2852 1574 inclinans
2881 1535 2960 1586 se,
2982 1523 3249 1579 scribebat
3278 1526 3330 1580 in
3367 1538 3538 1592 terra,
3569 1537 3788 1586 ostendit

2215 1605 2442 1659 remissa
2473 1617 2694 1674 peccata
2726 1611 3005 1666 mulieris:
3035 1618 3295 1670 remansit
3324 1618 3478 1674 solus
3500 1619 3659 1676 Iesus
3683 1639 3786 1677 cum

2214 1692 2439 1750 tnnlicre
2465 1696 2518 1750 in
2547 1697 2727 1764 domo,
2751 1701 2804 1754 id
2834 1709 2916 1756 est
2941 1719 3062 1758 cum
3097 1688 3334 1763 Ecciesia
3361 1726 3413 1764 in
3442 1716 3683 1768 mundo:
3712 1720 3789 1785 qui

532 1776 585 1830 in
607 1793 798 1832 navem
824 1778 875 1833 id
903 1787 988 1834 est
1015 1781 1067 1834 in
1095 1780 1649 1838 Ecclesiamtenebra:
1697 1780 1855 1839 factae
1901 1793 2025 1838 sunt
2045 1785 2109 1839 id
2140 1769 2184 1829 Β
2211 1786 2458 1854 sequitur
2495 1804 2582 1842 me
2607 1805 2710 1844 non
2739 1791 2979 1849 ambulat
3009 1796 3061 1849 in
3094 1799 3331 1854 tenebris
3351 1841 3366 1866 ,
3412 1807 3664 1860 ostendit
3699 1769 3786 1862 non

520 1876 612 1920 est
654 1878 1066 1944 vesperascente
1107 1872 1314 1927 mundo
1362 1881 1456 1926 aut
1484 1873 1742 1944 impetum
1782 1875 2110 1945 persecutio-

524 1957 611 2012 nis
658 1968 779 2028 post
818 1962 1188 2016 ascensionem
1232 1961 1432 2018 Christi
1471 1979 1485 2016 :
1532 1963 1877 2035 remigantes,
1920 1963 1973 2019 id
2025 1973 2108 2021 est

524 2046 897 2119 confugientes
924 2051 988 2105 ad
1018 2051 1315 2106 Christum.

593 2135 778 2190 Iesum
810 2139 1162 2195 ambulantem
1190 2145 1343 2211 super
1383 2153 1528 2198 mare
1575 2143 1629 2199 id
1677 2153 1761 2201 est
1804 2145 2103 2202 calcantem

521 2228 651 2282 vitia
679 2230 864 2284 mundi
893 2248 908 2284 :
937 2232 1120 2288 turbas
1146 2234 1501 2290 ascendentes
1537 2235 1590 2290 in
1625 2251 1818 2292 navem
1859 2254 2104 2306 quzeren-

522 2323 603 2371 tes
627 2314 829 2380 Iesum,
860 2320 1097 2374 ostendit
1141 2329 1201 2376 ut
1265 2337 1454 2380 omnes
1479 2340 1610 2379 cum
1659 2328 1877 2396 proprio
1920 2327 2103 2384 labore

520 2409 808 2477 requirunt
846 2408 1122 2466 Christum
1169 2423 1389 2468 :-manu
1429 2415 1626 2470 dicitur
1657 2416 1809 2486 apud
1848 2417 2103 2474 Hebraaos

509 2499 661 2554 unde
694 2501 904 2572 accepit
933 2518 1126 2558 nomen
1172 2520 1370 2560 manna
1417 2507 1557 2576 apud
1602 2507 1826 2563 Latinos
1870 2510 1975 2566 hoc
2017 2519 2101 2566 est

513 2592 670 2661 panis
690 2593 845 2648 vivus
863 2594 980 2649 sive
1004 2610 1200 2666 corpus
1243 2596 1444 2653 Christi
1493 2599 1934 2671 transfiguratum
1977 2617 2098 2673 my-

511 2683 700 2749 sterio,
731 2684 904 2740 tribus
928 2686 1101 2742 modis
1125 2689 1419 2744 suscitatur
1445 2690 1606 2746 homo
1639 2691 1691 2746 id
1736 2700 1822 2747 est
1863 2693 1930 2749 de
1977 2693 2098 2748 inli-

513 2776 733 2832 delitate
778 2776 845 2831 ad
896 2779 1077 2844 tidem,
1119 2782 1184 2834 de
1222 2790 1446 2850 peccato
1499 2783 1566 2837 ad
1598 2784 1989 2853 pmnitentiam,
2040 2785 2096 2840 in

515 2866 813 2922 novissimo
837 2867 923 2922 die
952 2871 1322 2938 corporaliter,
1368 2872 1419 2924 in
1464 2873 1948 2928 resurrectionem:
1995 2889 2095 2944 ego

511 2955 637 3010 vivo
659 2965 878 3025 propter
899 2966 1126 3025 patrem,
1152 2960 1442 3014 ostendunt
1463 2962 1756 3015 secundum
1779 2962 2088 3018 divitatem:

510 3046 866 3115 scenophegia
913 3047 966 3101 id
994 3057 1076 3102 est
1124 3048 1269 3103 ﬁctio
1323 3048 1824 3106 tabernaculorum:
1884 3068 1981 3108 vos
2001 3069 2089 3109 as-

509 3136 738 3192 cenditis
778 3136 846 3192 ad
906 3136 1046 3193 diem
1089 3137 1311 3206 festum,
1357 3157 1456 3211 ego
1501 3156 1606 3196 non
1660 3143 1932 3200 ascendo:
1981 3145 2089 3201 Vos
2117 3145 2161 3206 C

507 3225 701 3296 quibus
726 3227 982 3282 mundum
1011 3229 1308 3284 delectatur
1341 3247 1440 3301 ego
1483 3247 1588 3287 non
1614 3235 1922 3300 ascendam,
1961 3236 2088 3305 quia

505 3334 612 3373 non
637 3334 756 3374 sum
787 3319 852 3374 de
888 3321 1106 3382 mundo,
1143 3322 1227 3375 die
1254 3321 1390 3376 festo
1424 3323 1718 3378 mediante.

575 3411 819 3466 Ascendit
857 3407 1014 3466 Iesus
1037 3413 1455 3484 Jerosolymam,
1492 3417 1726 3472 maxime
1773 3418 2090 3474 incendente

504 3501 620 3555 zelo
644 3493 992 3558 Iudaeorum:
1039 3518 1156 3558 mea
1204 3505 1446 3560 doctrina
1489 3522 1594 3562 non
1629 3519 1714 3564 est
1757 3523 1899 3575 mea,
1944 3520 1998 3566 et
2041 3511 2087 3566 si

489 3603 624 3642 mea
653 3591 921 3658 quomodo
943 3606 1048 3644 non
1084 3584 1236 3646 mea?
1277 3609 1395 3649 mea
1432 3604 1515 3649 est
1554 3612 1673 3666 quae
1715 3612 1781 3651 ex
1824 3613 1920 3655 ore
1965 3612 2086 3655 meo

503 3677 584 3730 eis
605 3676 890 3746 procedit:
921 3693 1028 3732 non
1055 3687 1138 3734 est
1165 3695 1282 3735 mea
1318 3683 1441 3752 quia
1468 3700 1587 3752 qua:
1635 3686 1703 3740 ad
1741 3696 1948 3757 patrem
1991 3704 2087 3743 au-

505 3765 659 3819 divi:
710 3765 824 3820 haec
868 3766 1060 3836 loquor
1103 3769 1280 3834 vobis,
1315 3771 1485 3825 aliter
1516 3775 1810 3828 secundum
1863 3790 2083 3832 carnem

503 3870 622 3909 mea
643 3864 749 3922 est,
787 3856 880 3912 sed
917 3861 1211 3914 secundum
1264 3861 1598 3918 divinitatem
1658 3880 1762 3920 non
1801 3878 1885 3922 est
1937 3883 2081 3936 mea,

504 3961 670 3999 unum
699 3961 835 4018 opus
864 3945 965 4004 feci
997 3958 1052 4004 et
1079 3961 1270 4006 omnes
1301 3952 1573 4008 miramini
1609 3965 1776 4010 totum
1807 3958 2080 4016 hominem

501 4032 692 4093 sanum
721 4038 822 4094 feci
853 4039 906 4092 in
933 4038 1217 4108 sabbatho,
1254 4044 1356 4099 hoc
1380 4054 1462 4100 est
1487 4054 1653 4101 totum
1682 4064 1852 4119 genus
1892 4052 2080 4107 Imma-

498 4143 649 4194 num,
674 4128 726 4182 in
744 4143 882 4183 novo
911 4127 1256 4186 Testamento
1285 4151 1298 4185 :
1330 4135 1751 4204 nolitejudicare
1785 4142 2078 4196 secundum

499 4218 691 4274 faciem
723 4218 776 4274 id
815 4227 899 4275 est
947 4235 1238 4290 personam
1291 4225 1528 4280 hominis
1574 4227 1741 4283 nolite
1789 4231 2076 4300 accipere:

497 4308 721 4364 nescitis
747 4310 890 4365 unde
919 4311 1020 4365 sim
1046 4307 1100 4365 id
1133 4321 1218 4367 est
1261 4315 1559 4369 secundum
1611 4331 1851 4374 carnem.

567 4400 753 4460 Adhuc
781 4401 1043 4456 modicum
1073 4404 1332 4460 vobiscum
1363 4422 1499 4472 sum,
1533 4407 1771 4464 ostendit
1809 4424 1980 4481 usque
2019 4412 2073 4468 in

2211 1884 2417 1930 tantum
2442 1893 2668 1947 gressus
2699 1883 2892 1950 pedum
2930 1885 3024 1939 sed
3059 1886 3309 1944 atl‘e‘ctum
3338 1893 3527 1948 cordis
3549 1911 3569 1948 :
3609 1914 3712 1952 non
3745 1902 3785 1952 in

2209 1967 2480 2032 tenebris,
2511 1969 2564 2022 id
2590 1978 2673 2024 est
2709 1971 3057 2042 ignorantize,
3086 1992 3261 2047 neque
3293 1996 3346 2033 tn
3397 1985 3645 2040 tenebris
3675 2003 3786 2056 pee-

2206 2064 2479 2112 catorum:
2504 2060 2597 2115 sed
2625 2062 2842 2118 habebit
2867 2063 3044 2121 lumen
3067 2069 3208 2135 vitaz,
3235 2070 3287 2124 id
3313 2082 3400 2127 est
3419 2073 3609 2130 lumen
3633 2079 3783 2134 scien-

2207 2149 2294 2204 tia:
2318 2161 2371 2206 et
2402 2151 2580 2208 lumen
2610 2165 2930 2224 perpetuum
2959 2159 3124 2215 multa
3160 2163 3333 2219 habeo
3367 2167 3436 2221 de
3463 2171 3623 2225 vobis
3656 2173 3783 2241 loqui

2203 2248 2258 2295 et
2292 2239 2580 2310 judicare,
2611 2246 2847 2302 ostendit
2882 2250 3007 2318 quia
3039 2251 3085 2306 si
3113 2255 3458 2314 credideritis
3504 2261 3675 2316 muita
3702 2239 3781 2318 vos

2203 2333 2443 2388 docebo:
2475 2336 2574 2390 etsi
2606 2352 2712 2392 non
2742 2341 3110 2410 credideritis,
3142 2346 3309 2401 multa
3349 2346 3503 2419 loqui
3533 2354 3601 2407 od
3632 2370 3779 2410 excu-

2202 2425 2468 2480 sationem
2495 2437 2750 2484 vestram.

2264 2554 2371 2610 ‘Ille
2393 2557 2456 2611 ab
2482 2559 2630 2614 ini.’io
2654 2561 2917 2617 homicida
2952 2574 3101 2622 erat:
3135 2569 3262 2639 quia
3307 2575 3669 2644 semetipsum
3708 2579 3774 2631 in-

2189 2645 2414 2702 terfecit
2443 2652 2840 2720 superbiendo‘:
2873 2656 3032 2712 aliter
3053 2661 3287 2729 primum
3314 2663 3603 2723 hominem
3631 2686 3772 2740 quem

2198 2737 2340 2793 Deus
2369 2739 2730 2798 immortalem
2760 2748 2998 2802 condidit
3021 2759 3076 2806 et
3105 2751 3280 2822 ipsum
3313 2754 3448 2811 fecit
3480 2737 3770 2826 mortalem,

2195 2841 2251 2886 et
2276 2848 2374 2902 per
2407 2834 2524 2903 ejus
2561 2840 2958 2908 suggestionem
2979 2846 3202 2901 'occisus
3241 2858 3322 2903 est
3362 2851 3508 2907 Abel
3535 2870 3548 2907 :
3577 2857 3770 2924 quise:

2195 2924 2346 2978 vobis
2377 2932 2570 2996 arguet
2610 2945 2694 2984 me
2728 2933 2792 2986 de
2818 2937 3088 3002 peccato?
3123 2939 3216 3008 qui
3251 2955 3317 2994 ex
3352 2941 3468 2998 Deo
3512 2955 3599 3000 est
3623 2950 3767 3002 verba

2195 3011 2290 3068 Dei
2317 3016 2487 3084 audit,
2516 3018 2569 3073 id
2597 3029 2680 3073 est
2705 3022 2798 3090 qui
2834 3024 3086 3098 intelligit
3110 3038 3164 3082 et
3195 3028 3325 3085 facit
3352 3051 3364 3085 :
3403 3033 3769 3093 Samaritanus

2193 3119 2253 3159 es
2281 3115 2336 3160 et
2358 3107 2681 3165 dazmonium
2707 3111 2891 3180 babes,
2917 3117 3006 3172 hic
3027 3120 3169 3188 quod
3196 3137 3302 3177 non
3327 3124 3432 3180 fuit
3457 3143 3565 3182 nec
3588 3129 3770 3184 habere

2192 3205 2248 3250 et
2274 3198 2417 3267 quod
2447 3209 2567 3254 erat
2599 3205 2833 3260 tacendo
2855 3210 3136 3265 consensit
3161 3227 3173 3261 :
3214 3227 3314 3283 ego
3341 3215 3580 3285 gloriam
3611 3235 3766 3274 meam

2188 3302 2298 3343 non
2325 3304 2543 3359 quaaro,
2582 3301 2668 3348 est
2703 3296 2795 3364 qui
2837 3300 3032 3366 quaerit
3056 3309 3110 3355 et
3130 3299 3373 3370 judicet:
3408 3307 3559 3364 Dens
3587 3309 3764 3372 Pater;

2188 3394 2297 3434 non
2327 3397 2514 3452 quaaro
2545 3385 2688 3468 sicut
2715 3389 3056 3449 simulatores
3081 3393 3290 3451 faciunt
3315 3409 3372 3452 et
3409 3402 3615 3471 injuste
3635 3407 3766 3474 judi-

2188 3479 2352 3524 cant:
2386 3471 2659 3529 Abraham
2711 3488 2866 3546 pater
2907 3492 3088 3538 vester
3127 3486 3422 3542 exsultavit
3469 3502 3533 3545 ut
3582 3471 3770 3549 vident

2187 3559 2328 3614 diem
2358 3576 2540 3617 meum
2567 3581 2581 3618 :
2621 3566 2754 3621 vidit
2783 3576 2838 3622 et
2865 3572 3080 3639 gavisus
3117 3583 3229 3640 est,
3261 3577 3315 3630 ια
3341 3589 3429 3632 εει
3453 3582 3594 3636 vidit
3626 3585 3768 3639 ﬁdem

2185 3648 2241 3703 in
2267 3651 2457 3720 spiritu
2481 3661 2535 3706 et
2561 3655 2695 3709 vidit
2733 3657 2882 3712 illum
2914 3660 2966 3714 in
2997 3676 3227 3730 persona
3259 3669 3594 3738 "angelorum
3623 3693 3636 3726 :
3675 3685 3772 3728 tres

2183 3742 2339 3808 vidit,
2372 3745 2527 3814 quasi
2555 3764 2720 3802 unum
2747 3751 3001 3807 salutavit
3024 3754 3112 3810 ubi
3135 3757 3271 3812 dixit
3295 3760 3559 3819 divertite
3581 3766 3769 3821 domini

2184 3833 2290 3888 mei
2321 3834 2387 3888 ad
2414 3835 2634 3892 domum
2670 3841 2812 3896 servi
2841 3846 3007 3899 vestri
3039 3849 3084 3901 si
3109 3848 3288 3904 inveni
3317 3855 3559 3921 gratiam
3583 3859 3634 3911 in
3657 3875 3772 3913 orn-

2170 3919 2248 3977 lis
2279 3925 2385 3980 tuis
2411 3943 2424 3979 :
2458 3943 2614 3983 amen
2648 3946 2804 3986 amen
2829 3933 2950 3990 dico
2978 3937 3129 3993 vobis
3162 3948 3244 3994 est
3272 3956 3433 3997 amen
3471 3949 3773 4015 geminatus

2182 4013 2506 4082 intellectus,
2539 4033 2664 4075 vere
2691 4022 2805 4077 sive
2832 4023 3059 4082 fideliter
3085 4047 3098 4081 :
3132 4033 3464 4089 adnuntians
3480 4013 3702 4092 Novum
3725 4051 3774 4094 et

2179 4103 2349 4160 Vetus
2379 4106 2825 4169 Testamentum:
2875 4128 3002 4174 ante
3046 4120 3319 4178 Abranam
3361 4141 3466 4197 ego
3509 4145 3671 4185 sum:
3712 4132 3772 4186 de

2179 4193 2462 4252 divinitate
2494 4198 2644 4256 locus
2679 4213 2803 4258 est:
2841 4206 3082 4264 tulerunt
3107 4210 3312 4283 lapides
3352 4193 3424 4270 ut
3439 4213 3698 4288 iacerent
3725 4225 3769 4276 in

2177 4297 2320 4349 eum.
2351 4288 2402 4342 id
2433 4298 2516 4344 est
2539 4291 2749 4361 lapidea
2771 4299 2934 4352 corda
2961 4301 3250 4360 habentes:
3277 4306 3575 4368 abscondit
3596 4314 3766 4378 Jesus,

2177 4379 2413 4432 ostendit
2448 4396 2508 4436 se
2549 4383 2870 4442 absconsum
2916 4406 2947 4443 a
2988 4393 3244 4451 cordibus
3271 4412 3466 4455 eorum
3494 4419 3582 4468 se,
3611 4407 3768 4461 exivit

495 4491 803 4561 passionem
836 4509 857 4546 τε
897 4494 1155 4562 quaeretis
1192 4512 1280 4552 me
1319 4507 1376 4552 et
1411 4467 1517 4553 non
1561 4499 1846 4557 invenietis
1987 4467 2073 4560 est
2103 4494 2152 4550 ἰ)
2179 4467 2243 4522 de
2273 4469 2490 4539 [emplo’
2523 4471 2576 4528 id
2603 4483 2686 4528 ⁸⁵⁸
2715 4474 2783 4530 de
2811 4479 3008 4552 Ρ⁰Ρυ¹⁰
3030 4480 3338 4540 ³υάω⁰¹⁹¹¹π¹
3365 4486 3534 4547 Iesus
3564 4497 3766 4548 ιηιιείίι

422 4577 428 4584 ’
494 4580 852 4651 corporaliter
873 4590 928 4640 et
954 4585 1044 4640 ubi
1071 4599 1171 4656 ego
1199 4601 1319 4642 sum
1339 4603 1436 4643 vos
1481 4605 1584 4644 non
1619 4592 1844 4659 potestis
1891 4597 2075 4652 venire

493 4669 552 4724 id
578 4678 662 4724 est
695 4685 790 4739 per
820 4671 1251 4730 incredulitatem
1271 4676 1374 4732 nisi
1418 4683 1516 4746 per
1552 4676 1712 4733 fidem
1737 4697 1751 4734 :
1800 4681 1856 4735 in
1887 4685 2073 4738 novis-

493 4763 632 4817 simo
664 4771 842 4818 autem
866 4763 952 4818 die
973 4762 1283 4822 festiVitatis
1316 4767 1368 4838 id
1405 4778 1486 4823 est
1521 4781 1740 4839 peracta
1784 4772 2073 4831 festivitate

489 4850 796 4907 Iudaeorum
823 4873 835 4907 :
865 4855 957 4924 qui
985 4855 1100 4911 sitit
1133 4859 1316 4912 veniat
1339 4868 1394 4914 et
1426 4861 1576 4916 bibat
1600 4864 1658 4919 id
1689 4874 1774 4920 est
1821 4868 1913 4936 qui
1953 4870 2070 4924 sitit

493 4945 720 4998 verbum
748 4945 842 5001 Dei
876 4947 1060 5003 veniat
1103 4958 1159 5004 et
1194 4950 1343 5006 bibat
1390 4953 1689 5010 doctrinam
1741 4957 2018 5030 Evangelii
2051 4968 2065 5015 ὲ

491 5028 710 5089 ﬁumina
735 5037 799 5092 de
835 5045 1022 5094 ventre
1055 5038 1108 5094 id
1130 5051 1215 5095 est
1257 5042 1501 5098 doctrina
1545 5046 1611 5100 de
1650 5049 1854 5114 corde:
1904 5028 2074 5107 fluent

491 5141 644 5195 aquae
665 5126 798 5182 viva:
842 5128 895 5183 id
939 5138 1023 5185 est
1068 5131 1381 5200 praedicatio
1427 5134 1703 5208 Evangelii
1745 5153 1865 5208 qua:
1905 5141 2070 5198 donat

489 5227 802 5288 perpetuam
823 5219 990 5274 vitam
1021 5237 1033 5273 :
1068 5223 1192 5290 quia
1223 5221 1377 5280 Jesus
1400 5229 1635 5283 nondum
1677 5235 1797 5282 erat
1845 5231 2066 5288 honori-

488 5305 701 5374 ficatus,
728 5308 963 5365 ostendit
984 5312 1483 5371 honorificationem
1518 5318 1787 5386 passionis
1807 5329 1863 5375 et
1884 5338 2066 5378 resur-

487 5398 742 5461 rectionis
798 5417 810 5454 :
863 5401 1064 5455 reversi
1123 5411 1249 5456 sunt
1301 5408 1668 5477 unusquisque
1737 5409 1790 5464 in
1846 5412 2061 5468 domum

485 5502 638 5544 suam
669 5488 722 5545 id
751 5498 832 5546 est
859 5491 912 5546 in
939 5491 1197 5547 malitiam
1230 5510 1403 5550 suam.

557 5580 751 5635 Mulier
787 5583 840 5636 in
871 5583 1130 5639 adulterio
1169 5586 1507 5658 deprehensa,
1559 5593 1794 5648 ostendit
1828 5611 2061 5669 synago-

485 5671 607 5728 sam
635 5684 755 5738 qua:
790 5671 1110 5728 adulteravit
1148 5674 1317 5745 legem
1352 5676 1517 5747 Moysi
1564 5689 1746 5738 secuta
1777 5691 1858 5739 est
1895 5686 2058 5742 tradi-

2176 4562 2536 4628 per‘medium
2562 4579 2773 4632 eorum,
2805 4569 2858 4624 id
2884 4579 2969 4626 est
2996 4573 3130 4628 abiit
3152 4575 3220 4630 ad
3249 4589 3465 4648 gentes.

2260 4685 2398 4748 Vidit
2438 4697 2697 4754 hominem
2726 4715 2923 4758 carum
2949 4723 2981 4762 α
3011 4710 3313 4764 nativitate:
3358 4728 3549 4772 czecus
3578 4719 3762 4774 huma-

2174 4799 2304 4837 num
2351 4800 2520 4855 genus
2552 4789 2922 4859 significatur:
2969 4796 3150 4867 Neque
3197 4801 3282 4854 hic
3324 4809 3570 4872 peccarit
3613 4829 3763 4880 neque

2170 4883 2413 4942 parentes
2442 4876 2579 4945 ejus,
2606 4889 2665 4933 ut
2691 4881 2961 4954 intelligas
2988 4887 3089 4944 hoc
3109 4891 3251 4958 quod
3274 4893 3416 4948 dixit
3443 4913 3627 4967 neque

2171 4966 2353 5021 cavit:
2393 4968 2566 5024 Adam
2608 4973 2814 5041 primus
2857 4986 3073 5032 creatus
3105 4981 3172 5035 ad
3213 4966 3761 5048 videndumima-lnm

2172 5058 2386 5115 clausos
2411 5061 2598 5116 habuit
2625 5065 2830 5128 oculos,
2855 5082 2975 5122 cum
3008 5077 3382 5143 transgressus
3411 5078 3520 5133 fuit
3545 5087 3762 5136 manda-

2173 5157 2281 5202 tum
2310 5151 2444 5207 Dei:
2485 5163 2702 5221 apertos
2723 5157 2906 5212 oculos
2938 5162 3106 5214 tenuit
3145 5163 3213 5215 ad
3247 5166 3452 5220 malum
3482 5180 3545 5224 et
3571 5174 3762 5226 clausit

2171 5239 2238 5291 ad
2268 5240 2511 5293 bonum?
2543 5244 2670 5311 quid
2718 5245 2884 5315 igitur
2919 5262 3168 5317 parentes
3207 5252 3311 5308 nisi
3351 5272 3535 5327 genus
3579 5263 3762 5316 burna.

2171 5343 2322 5392 num,
2353 5338 2409 5384 et
2435 5331 2781 5402 instigatures
2806 5337 3061 5394 vitiorum
3097 5352 3189 5397 aut
3229 5345 3344 5414 ipsa
3387 5349 3523 5404 vitia
3552 5352 3761 5421 signiti-

2171 5419 2402 5471 cantur?
2423 5435 2508 5475 me
2535 5433 2748 5491 oportet
2773 5428 3012 5495 operari,
3041 5429 3092 5483 id
3118 5439 3201 5485 est
3230 5435 3532 5502 praedicare
3553 5458 3567 5492 :
3592 5419 3764 5492 donec

2169 5502 2286 5563 dies
2313 5518 2416 5574 est,
2453 5511 2505 5565 id
2540 5522 2624 5568 est
2653 5514 2778 5570 dum
2813 5533 2932 5572 sum
2976 5519 3028 5574 in
3062 5525 3260 5578 mundo
3290 5543 3302 5577 :
3344 5541 3495 5582 venit
3527 5545 3665 5589 nox,
3709 5530 3763 5582 id

2167 5609 2250 5654 est
2278 5603 2586 5669 persecutio
2608 5608 2974 5676 apostolorum
2999 5612 3113 5668 sive
3142 5619 3450 5682 persecutio
3479 5621 3763 5674 Antichri-

2167 5691 2275 5746 sti:
2312 5708 2415 5748 nox
2445 5697 2663 5765 quando
2701 5715 2859 5758 nemo
2900 5711 3077 5772 potest
3117 5708 3362 5775 operari,
3409 5711 3464 5768 id
3508 5723 3599 5767 est
3636 5721 3764 5781 post
