  <div class='ocr_page' id='page_1' title='image "/cluster/home/n/w/nwhite01/storage/ocr_20150623/114/hvd.32044018909580/463.png"; bbox 0 0 3948 6328; ppageno 0'>
   <div class='ocr_carea' id='block_1_1' title="bbox 542 351 3790 427">
    <p class='ocr_par' dir='ltr' id='par_1_1' title="bbox 542 351 3790 427">
     <span class='ocr_line' id='line_1_1' title="bbox 542 351 3790 427; baseline 0.003 -18"><span class='ocrx_word' id='word_1_1' title='bbox 542 352 646 409; x_wconf 79' lang='lat' dir='ltr'><strong>9H</strong></span> <span class='ocrx_word' id='word_1_2' title='bbox 774 406 777 413; x_wconf 85' lang='grc'><strong>,</strong></span> <span class='ocrx_word' id='word_1_3' title='bbox 1047 351 1437 411; x_wconf 75' lang='lat' dir='ltr'><strong>WALAFBIDI</strong></span> <span class='ocrx_word' id='word_1_4' title='bbox 1475 353 1722 413; x_wconf 73' lang='lat' dir='ltr'><strong>STRABI</strong></span> <span class='ocrx_word' id='word_1_5' title='bbox 1759 355 1963 413; x_wconf 86' lang='lat' dir='ltr'><strong>FULD.</strong></span> <span class='ocrx_word' id='word_1_6' title='bbox 2004 353 2170 411; x_wconf 73' lang='grc' dir='ltr'><strong>ΜΟΝ.</strong></span> <span class='ocrx_word' id='word_1_7' title='bbox 2211 352 2361 410; x_wconf 79' lang='lat' dir='ltr'><strong>OPP.</strong></span> <span class='ocrx_word' id='word_1_8' title='bbox 2398 356 2582 413; x_wconf 82' lang='lat' dir='ltr'><strong>PARS</strong></span> <span class='ocrx_word' id='word_1_9' title='bbox 2617 356 2660 413; x_wconf 82' lang='lat' dir='ltr'><strong>I.</strong></span> <span class='ocrx_word' id='word_1_10' title='bbox 2699 387 2772 397; x_wconf 91' lang='lat'><strong>--</strong></span> <span class='ocrx_word' id='word_1_11' title='bbox 2810 356 3241 416; x_wconf 80' lang='lat' dir='ltr'><strong>THEOLOGlCA</strong></span> <span class='ocrx_word' id='word_1_12' title='bbox 3686 365 3790 427; x_wconf 61' lang='lat' dir='ltr'><strong>Mi</strong></span> 
     </span>
    </p>
   </div>
   <div class='ocr_carea' id='block_1_2' title="bbox 546 461 3788 547">
    <p class='ocr_par' dir='ltr' id='par_1_2' title="bbox 546 461 3788 547">
     <span class='ocr_line' id='line_1_2' title="bbox 546 461 3788 547; baseline 0.006 -31"><span class='ocrx_word' id='word_1_13' title='bbox 546 469 740 547; x_wconf 79' lang='lat' dir='ltr'><strong>gentes</strong></span> <span class='ocrx_word' id='word_1_14' title='bbox 763 476 861 533; x_wconf 88' lang='lat' dir='ltr'><strong>per</strong></span> <span class='ocrx_word' id='word_1_15' title='bbox 882 461 1320 532; x_wconf 73' lang='lat' dir='ltr'><strong>pmdicationem</strong></span> <span class='ocrx_word' id='word_1_16' title='bbox 1346 468 1713 537; x_wconf 77' lang='lat' dir='ltr'><strong>apostolorum</strong></span> <span class='ocrx_word' id='word_1_17' title='bbox 1738 482 2031 525; x_wconf 87' lang='lat' dir='ltr'><strong>conversas</strong></span> <span class='ocrx_word' id='word_1_18' title='bbox 2055 468 2124 523; x_wconf 88' lang='lat' dir='ltr'><strong>ad</strong></span> <span class='ocrx_word' id='word_1_19' title='bbox 2154 470 2199 530; x_wconf 89' lang='lat' dir='ltr'><strong>A</strong></span> <span class='ocrx_word' id='word_1_20' title='bbox 2227 479 2554 540; x_wconf 63' lang='lat' dir='ltr'><strong>praeceptum</strong></span> <span class='ocrx_word' id='word_1_21' title='bbox 2588 486 2789 528; x_wconf 89' lang='lat' dir='ltr'><strong>novum</strong></span> <span class='ocrx_word' id='word_1_22' title='bbox 2815 473 2887 529; x_wconf 95' lang='lat' dir='ltr'><strong>do</strong></span> <span class='ocrx_word' id='word_1_23' title='bbox 2906 473 3060 530; x_wconf 84' lang='lat' dir='ltr'><strong>vobis</strong></span> <span class='ocrx_word' id='word_1_24' title='bbox 3093 483 3152 529; x_wconf 92' lang='lat' dir='ltr'><strong>ut</strong></span> <span class='ocrx_word' id='word_1_25' title='bbox 3189 482 3244 530; x_wconf 90' lang='lat' dir='ltr'><strong>et</strong></span> <span class='ocrx_word' id='word_1_26' title='bbox 3269 475 3513 547; x_wconf 84' lang='lat' dir='ltr'><strong>diligatis</strong></span> <span class='ocrx_word' id='word_1_27' title='bbox 3538 477 3788 537; x_wconf 61' lang='lat' dir='ltr'><strong>invisas:</strong></span> 
     </span>
    </p>
   </div>
   <div class='ocr_carea' id='block_1_3' title="bbox 542 540 3787 634">
    <p class='ocr_par' dir='ltr' id='par_1_3' title="bbox 542 540 3787 634">
     <span class='ocr_line' id='line_1_3' title="bbox 542 540 3787 634; baseline 0.006 -26"><span class='ocrx_word' id='word_1_28' title='bbox 542 540 744 610; x_wconf 67' lang='lat' dir='ltr'><strong>tidem:</strong></span> <span class='ocrx_word' id='word_1_29' title='bbox 775 567 1005 625; x_wconf 84' lang='lat' dir='ltr'><strong>granum</strong></span> <span class='ocrx_word' id='word_1_30' title='bbox 1030 554 1203 610; x_wconf 86' lang='lat' dir='ltr'><strong>tritici</strong></span> <span class='ocrx_word' id='word_1_31' title='bbox 1233 555 1460 627; x_wconf 81' lang='lat' dir='ltr'><strong>ﬁguram</strong></span> <span class='ocrx_word' id='word_1_32' title='bbox 1481 556 1682 613; x_wconf 78' lang='lat' dir='ltr'><strong>Christi</strong></span> <span class='ocrx_word' id='word_1_33' title='bbox 1708 566 1873 625; x_wconf 86' lang='lat' dir='ltr'><strong>tenet,</strong></span> <span class='ocrx_word' id='word_1_34' title='bbox 1905 559 1950 613; x_wconf 89' lang='lat' dir='ltr'><strong>si</strong></span> <span class='ocrx_word' id='word_1_35' title='bbox 1979 572 2124 612; x_wconf 88' lang='lat' dir='ltr'><strong>mor-</strong></span> <span class='ocrx_word' id='word_1_36' title='bbox 2227 560 2285 614; x_wconf 91' lang='lat' dir='ltr'><strong>in</strong></span> <span class='ocrx_word' id='word_1_37' title='bbox 2316 568 2499 617; x_wconf 90' lang='lat' dir='ltr'><strong>vetere</strong></span> <span class='ocrx_word' id='word_1_38' title='bbox 2528 562 2726 618; x_wconf 90' lang='lat' dir='ltr'><strong>dicitur</strong></span> <span class='ocrx_word' id='word_1_39' title='bbox 2752 562 2945 634; x_wconf 76' lang='lat' dir='ltr'><strong>diliges</strong></span> <span class='ocrx_word' id='word_1_40' title='bbox 2970 566 3204 622; x_wconf 91' lang='lat' dir='ltr'><strong>amicum</strong></span> <span class='ocrx_word' id='word_1_41' title='bbox 3232 576 3288 623; x_wconf 93' lang='lat' dir='ltr'><strong>et</strong></span> <span class='ocrx_word' id='word_1_42' title='bbox 3311 540 3687 626; x_wconf 71' lang='lat' dir='ltr'><strong>odiobabebis</strong></span> <span class='ocrx_word' id='word_1_43' title='bbox 3704 572 3787 628; x_wconf 85' lang='lat' dir='ltr'><strong>ini-</strong></span> 
     </span>
    </p>
   </div>
   <div class='ocr_carea' id='block_1_4' title="bbox 544 642 3791 731">
    <p class='ocr_par' dir='ltr' id='par_1_4' title="bbox 544 642 3791 731">
     <span class='ocr_line' id='line_1_4' title="bbox 544 642 3791 731; baseline 0.007 -32"><span class='ocrx_word' id='word_1_44' title='bbox 544 654 695 699; x_wconf 89' lang='lat' dir='ltr'><strong>tuum</strong></span> <span class='ocrx_word' id='word_1_45' title='bbox 718 642 883 700; x_wconf 79' lang='lat' dir='ltr'><strong>fuerit</strong></span> <span class='ocrx_word' id='word_1_46' title='bbox 903 643 1070 698; x_wconf 91' lang='lat' dir='ltr'><strong>multa</strong></span> <span class='ocrx_word' id='word_1_47' title='bbox 1093 659 1259 716; x_wconf 87' lang='lat' dir='ltr'><strong>grana</strong></span> <span class='ocrx_word' id='word_1_48' title='bbox 1287 645 1464 702; x_wconf 77' lang='lat' dir='ltr'><strong>adfert</strong></span> <span class='ocrx_word' id='word_1_49' title='bbox 1491 665 1504 701; x_wconf 94' lang='lat'><strong>:</strong></span> <span class='ocrx_word' id='word_1_50' title='bbox 1545 648 1624 703; x_wconf 89' lang='lat' dir='ltr'><strong>sic</strong></span> <span class='ocrx_word' id='word_1_51' title='bbox 1650 655 1706 703; x_wconf 92' lang='lat' dir='ltr'><strong>et</strong></span> <span class='ocrx_word' id='word_1_52' title='bbox 1732 647 1983 704; x_wconf 89' lang='lat' dir='ltr'><strong>Christus</strong></span> <span class='ocrx_word' id='word_1_53' title='bbox 2009 687 2021 701; x_wconf 95' lang='lat'><strong>.</strong></span> <span class='ocrx_word' id='word_1_54' title='bbox 2054 683 2070 703; x_wconf 87' lang='lat'><strong>.</strong></span> <span class='ocrx_word' id='word_1_55' title='bbox 2102 689 2115 702; x_wconf 91' lang='lat'><strong>.</strong></span> <span class='ocrx_word' id='word_1_56' title='bbox 2225 652 2445 719; x_wconf 77' lang='lat' dir='ltr'><strong>inicum,</strong></span> <span class='ocrx_word' id='word_1_57' title='bbox 2473 655 2732 711; x_wconf 86' lang='lat' dir='ltr'><strong>Dominus</strong></span> <span class='ocrx_word' id='word_1_58' title='bbox 2761 657 2892 712; x_wconf 88' lang='lat' dir='ltr'><strong>dicit</strong></span> <span class='ocrx_word' id='word_1_59' title='bbox 2918 657 3125 731; x_wconf 87' lang='lat' dir='ltr'><strong>diligite</strong></span> <span class='ocrx_word' id='word_1_60' title='bbox 3149 662 3397 719; x_wconf 80' lang='lat' dir='ltr'><strong>inimicos</strong></span> <span class='ocrx_word' id='word_1_61' title='bbox 3417 672 3673 719; x_wconf 83' lang='lat' dir='ltr'><strong>vestros:</strong></span> <span class='ocrx_word' id='word_1_62' title='bbox 3704 666 3791 723; x_wconf 83' lang='lat' dir='ltr'><strong>hoc</strong></span> 
     </span>
    </p>
   </div>
   <div class='ocr_carea' id='block_1_5' title="bbox 540 735 3788 825">
    <p class='ocr_par' dir='ltr' id='par_1_5' title="bbox 540 735 3788 825">
     <span class='ocr_line' id='line_1_5' title="bbox 540 735 3788 825; baseline 0.008 -35"><span class='ocrx_word' id='word_1_63' title='bbox 540 735 922 808; x_wconf 87' lang='lat' dir='ltr'><strong>multiplicavit</strong></span> <span class='ocrx_word' id='word_1_64' title='bbox 946 735 1244 791; x_wconf 77' lang='lat' dir='ltr'><strong>Ecclesium</strong></span> <span class='ocrx_word' id='word_1_65' title='bbox 1274 752 1447 792; x_wconf 89' lang='lat' dir='ltr'><strong>suam.</strong></span> <span class='ocrx_word' id='word_1_66' title='bbox 2223 753 2307 798; x_wconf 90' lang='lat' dir='ltr'><strong>est</strong></span> <span class='ocrx_word' id='word_1_67' title='bbox 2328 754 2656 817; x_wconf 61' lang='lat' dir='ltr'><strong>praeceptum</strong></span> <span class='ocrx_word' id='word_1_68' title='bbox 2678 764 2901 814; x_wconf 88' lang='lat' dir='ltr'><strong>novum,</strong></span> <span class='ocrx_word' id='word_1_69' title='bbox 2928 765 3035 807; x_wconf 91' lang='lat' dir='ltr'><strong>non</strong></span> <span class='ocrx_word' id='word_1_70' title='bbox 3058 756 3412 812; x_wconf 87' lang='lat' dir='ltr'><strong>eonturbetur</strong></span> <span class='ocrx_word' id='word_1_71' title='bbox 3428 772 3529 812; x_wconf 85' lang='lat' dir='ltr'><strong>eor</strong></span> <span class='ocrx_word' id='word_1_72' title='bbox 3546 767 3788 825; x_wconf 65' lang='lat' dir='ltr'><strong>vestrum,</strong></span> 
     </span>
    </p>
   </div>
   <div class='ocr_carea' id='block_1_6' title="bbox 612 826 3788 914">
    <p class='ocr_par' dir='ltr' id='par_1_6' title="bbox 612 826 3788 914">
     <span class='ocr_line' id='line_1_6' title="bbox 612 826 3788 914; baseline 0.008 -32"><span class='ocrx_word' id='word_1_73' title='bbox 612 826 928 896; x_wconf 81' lang='lat' dir='ltr'><strong>Ctariﬁcabo</strong></span> <span class='ocrx_word' id='word_1_74' title='bbox 954 835 1003 881; x_wconf 84' lang='lat' dir='ltr'><strong>et</strong></span> <span class='ocrx_word' id='word_1_75' title='bbox 1030 827 1217 880; x_wconf 80' lang='lat' dir='ltr'><strong>iterum</strong></span> <span class='ocrx_word' id='word_1_76' title='bbox 1246 826 1571 897; x_wconf 79' lang='lat' dir='ltr'><strong>clariﬁcabo’,</strong></span> <span class='ocrx_word' id='word_1_77' title='bbox 1604 831 1657 886; x_wconf 93' lang='lat' dir='ltr'><strong>id</strong></span> <span class='ocrx_word' id='word_1_78' title='bbox 1676 838 1762 886; x_wconf 90' lang='lat' dir='ltr'><strong>est</strong></span> <span class='ocrx_word' id='word_1_79' title='bbox 1786 831 2022 887; x_wconf 81' lang='lat' dir='ltr'><strong>clariﬁca</strong></span> <span class='ocrx_word' id='word_1_80' title='bbox 2052 832 2121 887; x_wconf 90' lang='lat' dir='ltr'><strong>il-</strong></span> <span class='ocrx_word' id='word_1_81' title='bbox 2223 834 2314 891; x_wconf 87' lang='lat' dir='ltr'><strong>hic</strong></span> <span class='ocrx_word' id='word_1_82' title='bbox 2340 837 2601 907; x_wconf 67' lang='lat' dir='ltr'><strong>praadicat</strong></span> <span class='ocrx_word' id='word_1_83' title='bbox 2628 840 2901 910; x_wconf 87' lang='lat' dir='ltr'><strong>Apostolis</strong></span> <span class='ocrx_word' id='word_1_84' title='bbox 2942 844 3008 897; x_wconf 90' lang='lat' dir='ltr'><strong>de</strong></span> <span class='ocrx_word' id='word_1_85' title='bbox 3048 845 3302 914; x_wconf 84' lang='lat' dir='ltr'><strong>passione</strong></span> <span class='ocrx_word' id='word_1_86' title='bbox 3344 862 3469 913; x_wconf 84' lang='lat' dir='ltr'><strong>sua,</strong></span> <span class='ocrx_word' id='word_1_87' title='bbox 3514 850 3720 905; x_wconf 82' lang='lat' dir='ltr'><strong>credite</strong></span> <span class='ocrx_word' id='word_1_88' title='bbox 3743 850 3788 905; x_wconf 80' lang='lat' dir='ltr'><strong>is</strong></span> 
     </span>
    </p>
   </div>
   <div class='ocr_carea' id='block_1_7' title="bbox 539 913 3570 1003">
    <p class='ocr_par' dir='ltr' id='par_1_7' title="bbox 539 913 3570 1003">
     <span class='ocr_line' id='line_1_7' title="bbox 539 913 3570 1003; baseline 0.006 -28"><span class='ocrx_word' id='word_1_89' title='bbox 539 920 651 976; x_wconf 89' lang='lat' dir='ltr'><strong>lum</strong></span> <span class='ocrx_word' id='word_1_90' title='bbox 698 920 751 974; x_wconf 93' lang='lat' dir='ltr'><strong>in</strong></span> <span class='ocrx_word' id='word_1_91' title='bbox 792 919 1190 977; x_wconf 82' lang='lat' dir='ltr'><strong>resurrectione</strong></span> <span class='ocrx_word' id='word_1_92' title='bbox 1219 919 1435 986; x_wconf 83' lang='lat' dir='ltr'><strong>Lazari,</strong></span> <span class='ocrx_word' id='word_1_93' title='bbox 1454 913 1667 977; x_wconf 85' lang='lat' dir='ltr'><strong>iterum</strong></span> <span class='ocrx_word' id='word_1_94' title='bbox 1707 923 1942 979; x_wconf 82' lang='lat' dir='ltr'><strong>clariﬁca</strong></span> <span class='ocrx_word' id='word_1_95' title='bbox 1966 924 2119 979; x_wconf 90' lang='lat' dir='ltr'><strong>illum</strong></span> <span class='ocrx_word' id='word_1_96' title='bbox 2226 925 2411 991; x_wconf 83' lang='lat' dir='ltr'><strong>Deum,</strong></span> <span class='ocrx_word' id='word_1_97' title='bbox 2443 936 2498 983; x_wconf 90' lang='lat' dir='ltr'><strong>et</strong></span> <span class='ocrx_word' id='word_1_98' title='bbox 2523 929 2574 983; x_wconf 92' lang='lat' dir='ltr'><strong>in</strong></span> <span class='ocrx_word' id='word_1_99' title='bbox 2606 945 2694 985; x_wconf 89' lang='lat' dir='ltr'><strong>me</strong></span> <span class='ocrx_word' id='word_1_100' title='bbox 2722 931 2926 987; x_wconf 79' lang='lat' dir='ltr'><strong>credite</strong></span> <span class='ocrx_word' id='word_1_101' title='bbox 2954 913 3078 1003; x_wconf 87' lang='lat' dir='ltr'><strong>quia</strong></span> <span class='ocrx_word' id='word_1_102' title='bbox 3106 935 3275 992; x_wconf 85' lang='lat' dir='ltr'><strong>Filius</strong></span> <span class='ocrx_word' id='word_1_103' title='bbox 3302 939 3396 993; x_wconf 85' lang='lat' dir='ltr'><strong>Dci</strong></span> <span class='ocrx_word' id='word_1_104' title='bbox 3422 955 3570 994; x_wconf 73' lang='grc' dir='ltr'>εωιι.</span> 
     </span>
    </p>
   </div>
   <div class='ocr_carea' id='block_1_8' title="bbox 539 1007 3789 1093">
    <p class='ocr_par' dir='ltr' id='par_1_8' title="bbox 539 1007 3789 1093">
     <span class='ocr_line' id='line_1_8' title="bbox 539 1007 3789 1093; baseline 0.008 -29"><span class='ocrx_word' id='word_1_105' title='bbox 539 1010 594 1064; x_wconf 90' lang='lat' dir='ltr'><strong>in</strong></span> <span class='ocrx_word' id='word_1_106' title='bbox 624 1024 719 1063; x_wconf 90' lang='lat' dir='ltr'><strong>sua</strong></span> <span class='ocrx_word' id='word_1_107' title='bbox 744 1007 1180 1066; x_wconf 84' lang='lat' dir='ltr'><strong>resurrectione:</strong></span> <span class='ocrx_word' id='word_1_108' title='bbox 1212 1008 1464 1078; x_wconf 81' lang='lat' dir='ltr'><strong>princeps</strong></span> <span class='ocrx_word' id='word_1_109' title='bbox 1487 1010 1671 1065; x_wconf 90' lang='lat' dir='ltr'><strong>mundi</strong></span> <span class='ocrx_word' id='word_1_110' title='bbox 1692 1011 1927 1066; x_wconf 88' lang='lat' dir='ltr'><strong>mittitur</strong></span> <span class='ocrx_word' id='word_1_111' title='bbox 1949 1010 2117 1077; x_wconf 82' lang='lat' dir='ltr'><strong>foras,</strong></span> <span class='ocrx_word' id='word_1_112' title='bbox 2292 1016 2499 1074; x_wconf 78' lang='lat' dir='ltr'><strong>Credite</strong></span> <span class='ocrx_word' id='word_1_113' title='bbox 2528 1021 2582 1075; x_wconf 81' lang='lat' dir='ltr'><strong>in</strong></span> <span class='ocrx_word' id='word_1_114' title='bbox 2605 1021 2761 1077; x_wconf 85' lang='lat' dir='ltr'><strong>domo</strong></span> <span class='ocrx_word' id='word_1_115' title='bbox 2806 1025 2975 1093; x_wconf 81' lang='lat' dir='ltr'><strong>patris</strong></span> <span class='ocrx_word' id='word_1_116' title='bbox 3028 1028 3151 1093; x_wconf 80' lang='lat' dir='ltr'><strong>mei,</strong></span> <span class='ocrx_word' id='word_1_117' title='bbox 3198 1029 3253 1083; x_wconf 88' lang='lat' dir='ltr'><strong>id</strong></span> <span class='ocrx_word' id='word_1_118' title='bbox 3312 1038 3399 1085; x_wconf 83' lang='lat' dir='ltr'><strong>est</strong></span> <span class='ocrx_word' id='word_1_119' title='bbox 3456 1031 3519 1085; x_wconf 85' lang='lat' dir='ltr'><strong>in</strong></span> <span class='ocrx_word' id='word_1_120' title='bbox 3565 1030 3789 1089; x_wconf 76' lang='lat' dir='ltr'><strong>Eccles&#39;n</strong></span> 
     </span>
    </p>
   </div>
   <div class='ocr_carea' id='block_1_9' title="bbox 538 1095 3789 1180">
    <p class='ocr_par' dir='ltr' id='par_1_9' title="bbox 538 1095 3789 1180">
     <span class='ocr_line' id='line_1_9' title="bbox 538 1095 3789 1180; baseline 0.009 -28"><span class='ocrx_word' id='word_1_121' title='bbox 538 1097 593 1152; x_wconf 88' lang='lat' dir='ltr'><strong>id</strong></span> <span class='ocrx_word' id='word_1_122' title='bbox 623 1105 705 1153; x_wconf 89' lang='lat' dir='ltr'><strong>est</strong></span> <span class='ocrx_word' id='word_1_123' title='bbox 740 1097 952 1153; x_wconf 87' lang='lat' dir='ltr'><strong>diabolo</strong></span> <span class='ocrx_word' id='word_1_124' title='bbox 973 1095 1149 1166; x_wconf 88' lang='lat' dir='ltr'><strong>ejecto</strong></span> <span class='ocrx_word' id='word_1_125' title='bbox 1174 1097 1242 1151; x_wconf 90' lang='lat' dir='ltr'><strong>de</strong></span> <span class='ocrx_word' id='word_1_126' title='bbox 1266 1106 1534 1167; x_wconf 83' lang='lat' dir='ltr'><strong>potestate</strong></span> <span class='ocrx_word' id='word_1_127' title='bbox 1569 1099 1755 1154; x_wconf 90' lang='lat' dir='ltr'><strong>mundi</strong></span> <span class='ocrx_word' id='word_1_128' title='bbox 1793 1115 1890 1171; x_wconf 90' lang='lat' dir='ltr'><strong>per</strong></span> <span class='ocrx_word' id='word_1_129' title='bbox 1914 1101 2121 1170; x_wconf 79' lang='lat' dir='ltr'><strong>passio-</strong></span> <span class='ocrx_word' id='word_1_130' title='bbox 2222 1109 2532 1170; x_wconf 84' lang='lat' dir='ltr'><strong>mansiones</strong></span> <span class='ocrx_word' id='word_1_131' title='bbox 2568 1107 2751 1167; x_wconf 72' lang='lat' dir='ltr'><strong>multa:</strong></span> <span class='ocrx_word' id='word_1_132' title='bbox 2793 1123 2920 1169; x_wconf 88' lang='lat' dir='ltr'><strong>sunt</strong></span> <span class='ocrx_word' id='word_1_133' title='bbox 2965 1115 3017 1171; x_wconf 92' lang='lat' dir='ltr'><strong>id</strong></span> <span class='ocrx_word' id='word_1_134' title='bbox 3053 1125 3137 1172; x_wconf 89' lang='lat' dir='ltr'><strong>est</strong></span> <span class='ocrx_word' id='word_1_135' title='bbox 3184 1119 3324 1173; x_wconf 90' lang='lat' dir='ltr'><strong>sicut</strong></span> <span class='ocrx_word' id='word_1_136' title='bbox 3371 1120 3428 1175; x_wconf 92' lang='lat' dir='ltr'><strong>in</strong></span> <span class='ocrx_word' id='word_1_137' title='bbox 3451 1137 3569 1177; x_wconf 90' lang='lat' dir='ltr'><strong>uno</strong></span> <span class='ocrx_word' id='word_1_138' title='bbox 3592 1122 3789 1180; x_wconf 84' lang='lat' dir='ltr'><strong>homine</strong></span> 
     </span>
    </p>
   </div>
   <div class='ocr_carea' id='block_1_10' title="bbox 534 1187 3789 1283">
    <p class='ocr_par' dir='ltr' id='par_1_10' title="bbox 534 1187 3789 1283">
     <span class='ocr_line' id='line_1_10' title="bbox 534 1187 3789 1283; baseline 0.005 -39"><span class='ocrx_word' id='word_1_139' title='bbox 534 1204 660 1245; x_wconf 89' lang='lat' dir='ltr'><strong>nem</strong></span> <span class='ocrx_word' id='word_1_140' title='bbox 700 1189 919 1245; x_wconf 90' lang='lat' dir='ltr'><strong>crucis:</strong></span> <span class='ocrx_word' id='word_1_141' title='bbox 964 1187 1240 1243; x_wconf 85' lang='lat' dir='ltr'><strong>ambulate</strong></span> <span class='ocrx_word' id='word_1_142' title='bbox 1278 1188 1405 1242; x_wconf 90' lang='lat' dir='ltr'><strong>dum</strong></span> <span class='ocrx_word' id='word_1_143' title='bbox 1447 1188 1621 1244; x_wconf 88' lang='lat' dir='ltr'><strong>lucem</strong></span> <span class='ocrx_word' id='word_1_144' title='bbox 1657 1189 1889 1255; x_wconf 86' lang='lat' dir='ltr'><strong>habetis,</strong></span> <span class='ocrx_word' id='word_1_145' title='bbox 1933 1190 1986 1246; x_wconf 93' lang='lat' dir='ltr'><strong>id</strong></span> <span class='ocrx_word' id='word_1_146' title='bbox 2034 1197 2124 1246; x_wconf 90' lang='lat' dir='ltr'><strong>est</strong></span> <span class='ocrx_word' id='word_1_147' title='bbox 2222 1215 2414 1257; x_wconf 76' lang='lat' dir='ltr'><strong>sensus</strong></span> <span class='ocrx_word' id='word_1_148' title='bbox 2483 1204 2688 1261; x_wconf 72' lang='lat' dir='ltr'><strong>divisus</strong></span> <span class='ocrx_word' id='word_1_149' title='bbox 2760 1224 2774 1261; x_wconf 73' lang='grc' dir='ltr'><strong>ε</strong></span> <span class='ocrx_word' id='word_1_150' title='bbox 2827 1216 2912 1262; x_wconf 72' lang='grc' dir='ltr'><strong>εει</strong></span> <span class='ocrx_word' id='word_1_151' title='bbox 2982 1209 3058 1264; x_wconf 65' lang='lat' dir='ltr'><strong>ita</strong></span> <span class='ocrx_word' id='word_1_152' title='bbox 3121 1210 3176 1265; x_wconf 79' lang='lat' dir='ltr'><strong>in</strong></span> <span class='ocrx_word' id='word_1_153' title='bbox 3245 1211 3490 1267; x_wconf 70' lang='lat' dir='ltr'><strong>Ecclesia</strong></span> <span class='ocrx_word' id='word_1_154' title='bbox 3550 1229 3674 1283; x_wconf 56' lang='lat' dir='ltr'><strong>qua</strong></span> <span class='ocrx_word' id='word_1_155' title='bbox 3719 1226 3789 1272; x_wconf 65' lang='grc' dir='ltr'>ω</span> 
     </span>
    </p>
   </div>
   <div class='ocr_carea' id='block_1_11' title="bbox 535 1283 3790 1375">
    <p class='ocr_par' dir='ltr' id='par_1_11' title="bbox 535 1283 3790 1375">
     <span class='ocr_line' id='line_1_11' title="bbox 535 1283 3790 1375; baseline 0.007 -36"><span class='ocrx_word' id='word_1_156' title='bbox 535 1285 663 1339; x_wconf 90' lang='lat' dir='ltr'><strong>dum</strong></span> <span class='ocrx_word' id='word_1_157' title='bbox 699 1283 977 1339; x_wconf 85' lang='lat' dir='ltr'><strong>Christum</strong></span> <span class='ocrx_word' id='word_1_158' title='bbox 1004 1284 1360 1354; x_wconf 84' lang='lat' dir='ltr'><strong>corporaliter</strong></span> <span class='ocrx_word' id='word_1_159' title='bbox 1400 1294 1454 1340; x_wconf 87' lang='grc' dir='ltr'><strong>ει</strong></span> <span class='ocrx_word' id='word_1_160' title='bbox 1492 1285 1812 1356; x_wconf 87' lang='lat' dir='ltr'><strong>spiritaliter</strong></span> <span class='ocrx_word' id='word_1_161' title='bbox 1838 1285 2117 1343; x_wconf 80' lang='lat' dir='ltr'><strong>vobiscum</strong></span> <span class='ocrx_word' id='word_1_162' title='bbox 2219 1308 2419 1364; x_wconf 90' lang='lat' dir='ltr'><strong>corpus</strong></span> <span class='ocrx_word' id='word_1_163' title='bbox 2478 1294 2676 1352; x_wconf 88' lang='lat' dir='ltr'><strong>Christi</strong></span> <span class='ocrx_word' id='word_1_164' title='bbox 2716 1299 2909 1369; x_wconf 69' lang='lat' dir='ltr'><strong>gratia:</strong></span> <span class='ocrx_word' id='word_1_165' title='bbox 2964 1300 3145 1356; x_wconf 62' lang='lat' dir='ltr'><strong>multa:</strong></span> <span class='ocrx_word' id='word_1_166' title='bbox 3198 1312 3324 1358; x_wconf 89' lang='lat' dir='ltr'><strong>sunt</strong></span> <span class='ocrx_word' id='word_1_167' title='bbox 3364 1304 3562 1359; x_wconf 84' lang='lat' dir='ltr'><strong>:vado</strong></span> <span class='ocrx_word' id='word_1_168' title='bbox 3617 1320 3790 1375; x_wconf 78' lang='lat' dir='ltr'><strong>parare</strong></span> 
     </span>
    </p>
   </div>
   <div class='ocr_carea' id='block_1_12' title="bbox 534 1374 3790 1466">
    <p class='ocr_par' dir='ltr' id='par_1_12' title="bbox 534 1374 3790 1466">
     <span class='ocr_line' id='line_1_12' title="bbox 534 1374 3790 1466; baseline 0.007 -36"><span class='ocrx_word' id='word_1_169' title='bbox 534 1374 789 1430; x_wconf 86' lang='lat' dir='ltr'><strong>habetis:</strong></span> <span class='ocrx_word' id='word_1_170' title='bbox 830 1389 901 1430; x_wconf 91' lang='lat' dir='ltr'><strong>ne</strong></span> <span class='ocrx_word' id='word_1_171' title='bbox 929 1375 1169 1430; x_wconf 73' lang='lat' dir='ltr'><strong>tenebrae</strong></span> <span class='ocrx_word' id='word_1_172' title='bbox 1201 1389 1298 1430; x_wconf 92' lang='lat' dir='ltr'><strong>vos</strong></span> <span class='ocrx_word' id='word_1_173' title='bbox 1337 1376 1895 1446; x_wconf 55' lang='lat' dir='ltr'><strong>comprehendant,’id</strong></span> <span class='ocrx_word' id='word_1_174' title='bbox 1917 1387 2002 1433; x_wconf 88' lang='lat' dir='ltr'><strong>est</strong></span> <span class='ocrx_word' id='word_1_175' title='bbox 2035 1388 2118 1434; x_wconf 90' lang='lat' dir='ltr'><strong>te-</strong></span> <span class='ocrx_word' id='word_1_176' title='bbox 2218 1385 2375 1441; x_wconf 86' lang='lat' dir='ltr'><strong>vobis</strong></span> <span class='ocrx_word' id='word_1_177' title='bbox 2418 1385 2521 1452; x_wconf 90' lang='lat' dir='ltr'><strong>loc,</strong></span> <span class='ocrx_word' id='word_1_178' title='bbox 2554 1387 2607 1441; x_wconf 91' lang='lat' dir='ltr'><strong>id</strong></span> <span class='ocrx_word' id='word_1_179' title='bbox 2640 1396 2723 1443; x_wconf 91' lang='lat' dir='ltr'><strong>est</strong></span> <span class='ocrx_word' id='word_1_180' title='bbox 2761 1390 2969 1459; x_wconf 81' lang='lat' dir='ltr'><strong>parabo</strong></span> <span class='ocrx_word' id='word_1_181' title='bbox 3004 1390 3157 1448; x_wconf 83' lang='lat' dir='ltr'><strong>vobis</strong></span> <span class='ocrx_word' id='word_1_182' title='bbox 3186 1393 3375 1460; x_wconf 89' lang='lat' dir='ltr'><strong>vitam,</strong></span> <span class='ocrx_word' id='word_1_183' title='bbox 3405 1396 3559 1450; x_wconf 90' lang='lat' dir='ltr'><strong>sicut</strong></span> <span class='ocrx_word' id='word_1_184' title='bbox 3582 1374 3790 1466; x_wconf 76' lang='lat' dir='ltr'><strong>Aposto-</strong></span> 
     </span>
    </p>
   </div>
   <div class='ocr_carea' id='block_1_13' title="bbox 535 1465 3789 1556">
    <p class='ocr_par' dir='ltr' id='par_1_13' title="bbox 535 1465 3789 1556">
     <span class='ocr_line' id='line_1_13' title="bbox 535 1465 3789 1556; baseline 0.008 -38"><span class='ocrx_word' id='word_1_185' title='bbox 535 1466 733 1523; x_wconf 91' lang='lat' dir='ltr'><strong>nebras</strong></span> <span class='ocrx_word' id='word_1_186' title='bbox 785 1465 1108 1535; x_wconf 67' lang='lat' dir='ltr'><strong>ignorantia:</strong></span> <span class='ocrx_word' id='word_1_187' title='bbox 1157 1473 1210 1521; x_wconf 88' lang='lat' dir='ltr'><strong>et</strong></span> <span class='ocrx_word' id='word_1_188' title='bbox 1260 1468 1664 1537; x_wconf 88' lang='lat' dir='ltr'><strong>persecutiones</strong></span> <span class='ocrx_word' id='word_1_189' title='bbox 1719 1478 2113 1538; x_wconf 85' lang='lat' dir='ltr'><strong>peccatorum:</strong></span> <span class='ocrx_word' id='word_1_190' title='bbox 2218 1474 2302 1530; x_wconf 91' lang='lat' dir='ltr'><strong>lus</strong></span> <span class='ocrx_word' id='word_1_191' title='bbox 2325 1478 2645 1533; x_wconf 78' lang='lat' dir='ltr'><strong>advocatum</strong></span> <span class='ocrx_word' id='word_1_192' title='bbox 2691 1478 2955 1536; x_wconf 75' lang='lat' dir='ltr'><strong>habemus</strong></span> <span class='ocrx_word' id='word_1_193' title='bbox 2980 1482 3121 1553; x_wconf 88' lang='lat' dir='ltr'><strong>apud</strong></span> <span class='ocrx_word' id='word_1_194' title='bbox 3178 1481 3401 1540; x_wconf 83' lang='lat' dir='ltr'><strong>Patrem</strong></span> <span class='ocrx_word' id='word_1_195' title='bbox 3426 1526 3443 1549; x_wconf 94' lang='lat'><strong>,</strong></span> <span class='ocrx_word' id='word_1_196' title='bbox 3499 1486 3601 1556; x_wconf 85' lang='lat' dir='ltr'><strong>qui</strong></span> <span class='ocrx_word' id='word_1_197' title='bbox 3633 1465 3789 1543; x_wconf 81' lang='lat' dir='ltr'><strong>inter-</strong></span> 
     </span>
    </p>
   </div>
   <div class='ocr_carea' id='block_1_14' title="bbox 533 1556 3784 1646">
    <p class='ocr_par' dir='ltr' id='par_1_14' title="bbox 533 1556 3784 1646">
     <span class='ocr_line' id='line_1_14' title="bbox 533 1556 3784 1646; baseline 0.007 -36"><span class='ocrx_word' id='word_1_198' title='bbox 533 1556 820 1612; x_wconf 88' lang='lat' dir='ltr'><strong>abscondit</strong></span> <span class='ocrx_word' id='word_1_199' title='bbox 848 1557 916 1612; x_wconf 91' lang='lat' dir='ltr'><strong>ab</strong></span> <span class='ocrx_word' id='word_1_200' title='bbox 940 1557 1053 1624; x_wconf 88' lang='lat' dir='ltr'><strong>eis,</strong></span> <span class='ocrx_word' id='word_1_201' title='bbox 1076 1558 1143 1614; x_wconf 49' lang='lat' dir='ltr'><strong>iid</strong></span> <span class='ocrx_word' id='word_1_202' title='bbox 1189 1567 1273 1612; x_wconf 87' lang='lat' dir='ltr'><strong>est</strong></span> <span class='ocrx_word' id='word_1_203' title='bbox 1297 1559 1651 1628; x_wconf 86' lang='lat' dir='ltr'><strong>corporaliter</strong></span> <span class='ocrx_word' id='word_1_204' title='bbox 1681 1560 1796 1617; x_wconf 88' lang='lat' dir='ltr'><strong>sive</strong></span> <span class='ocrx_word' id='word_1_205' title='bbox 1826 1562 2118 1631; x_wconf 87' lang='lat' dir='ltr'><strong>spirituali-</strong></span> <span class='ocrx_word' id='word_1_206' title='bbox 2216 1566 2381 1637; x_wconf 86' lang='lat' dir='ltr'><strong>pellat</strong></span> <span class='ocrx_word' id='word_1_207' title='bbox 2433 1581 2532 1637; x_wconf 91' lang='lat' dir='ltr'><strong>pro</strong></span> <span class='ocrx_word' id='word_1_208' title='bbox 2561 1568 2718 1623; x_wconf 88' lang='lat' dir='ltr'><strong>nobis</strong></span> <span class='ocrx_word' id='word_1_209' title='bbox 2752 1586 2765 1623; x_wconf 92' lang='lat'><strong>:</strong></span> <span class='ocrx_word' id='word_1_210' title='bbox 2812 1584 2912 1641; x_wconf 89' lang='lat' dir='ltr'><strong>ego</strong></span> <span class='ocrx_word' id='word_1_211' title='bbox 2938 1586 3057 1626; x_wconf 89' lang='lat' dir='ltr'><strong>sum</strong></span> <span class='ocrx_word' id='word_1_212' title='bbox 3106 1572 3195 1626; x_wconf 82' lang='lat' dir='ltr'><strong>via</strong></span> <span class='ocrx_word' id='word_1_213' title='bbox 3234 1583 3297 1628; x_wconf 85' lang='lat' dir='ltr'><strong>et</strong></span> <span class='ocrx_word' id='word_1_214' title='bbox 3323 1575 3541 1630; x_wconf 82' lang='lat' dir='ltr'><strong>veritas</strong></span> <span class='ocrx_word' id='word_1_215' title='bbox 3592 1586 3650 1632; x_wconf 88' lang='lat' dir='ltr'><strong>et</strong></span> <span class='ocrx_word' id='word_1_216' title='bbox 3674 1579 3784 1646; x_wconf 79' lang='lat' dir='ltr'><strong>vita,</strong></span> 
     </span>
    </p>
   </div>
   <div class='ocr_carea' id='block_1_15' title="bbox 532 1644 3786 1738">
    <p class='ocr_par' dir='ltr' id='par_1_15' title="bbox 532 1644 3786 1738">
     <span class='ocr_line' id='line_1_15' title="bbox 532 1644 3786 1738; baseline 0.008 -38"><span class='ocrx_word' id='word_1_217' title='bbox 532 1656 637 1711; x_wconf 88' lang='lat' dir='ltr'><strong>ter,</strong></span> <span class='ocrx_word' id='word_1_218' title='bbox 675 1644 923 1713; x_wconf 87' lang='lat' dir='ltr'><strong>Domine,</strong></span> <span class='ocrx_word' id='word_1_219' title='bbox 955 1648 1340 1717; x_wconf 48' lang='lat' dir='ltr'><strong>quis&#39;credidit</strong></span> <span class='ocrx_word' id='word_1_220' title='bbox 1374 1649 1577 1703; x_wconf 90' lang='lat' dir='ltr'><strong>auditui</strong></span> <span class='ocrx_word' id='word_1_221' title='bbox 1612 1651 1842 1705; x_wconf 90' lang='lat' dir='ltr'><strong>nostro?</strong></span> <span class='ocrx_word' id='word_1_222' title='bbox 1868 1652 1990 1720; x_wconf 87' lang='lat' dir='ltr'><strong>quis</strong></span> <span class='ocrx_word' id='word_1_223' title='bbox 2017 1667 2117 1722; x_wconf 87' lang='lat' dir='ltr'><strong>pro</strong></span> <span class='ocrx_word' id='word_1_224' title='bbox 2215 1658 2302 1713; x_wconf 86' lang='lat' dir='ltr'><strong>via</strong></span> <span class='ocrx_word' id='word_1_225' title='bbox 2356 1658 2475 1714; x_wconf 90' lang='lat' dir='ltr'><strong>sine</strong></span> <span class='ocrx_word' id='word_1_226' title='bbox 2501 1673 2689 1715; x_wconf 89' lang='lat' dir='ltr'><strong>errore</strong></span> <span class='ocrx_word' id='word_1_227' title='bbox 2737 1658 2985 1718; x_wconf 83' lang='lat' dir='ltr'><strong>Christus</strong></span> <span class='ocrx_word' id='word_1_228' title='bbox 3010 1671 3118 1729; x_wconf 88' lang='lat' dir='ltr'><strong>est,</strong></span> <span class='ocrx_word' id='word_1_229' title='bbox 3143 1665 3351 1729; x_wconf 77' lang='lat' dir='ltr'><strong>veritas</strong></span> <span class='ocrx_word' id='word_1_230' title='bbox 3370 1666 3498 1721; x_wconf 82' lang='lat' dir='ltr'><strong>sine</strong></span> <span class='ocrx_word' id='word_1_231' title='bbox 3546 1644 3786 1738; x_wconf 66' lang='lat' dir='ltr'><strong>(alt-italo,</strong></span> 
     </span>
    </p>
   </div>
   <div class='ocr_carea' id='block_1_16' title="bbox 533 1737 3321 1820">
    <p class='ocr_par' dir='ltr' id='par_1_16' title="bbox 533 1737 3321 1820">
     <span class='ocr_line' id='line_1_16' title="bbox 533 1737 3321 1820; baseline 0.007 -30"><span class='ocrx_word' id='word_1_232' title='bbox 533 1737 760 1793; x_wconf 84' lang='lat' dir='ltr'><strong>raritate</strong></span> <span class='ocrx_word' id='word_1_233' title='bbox 782 1739 1002 1808; x_wconf 90' lang='lat' dir='ltr'><strong>ponitur</strong></span> <span class='ocrx_word' id='word_1_234' title='bbox 1021 1738 1134 1793; x_wconf 85' lang='lat' dir='ltr'><strong>sive</strong></span> <span class='ocrx_word' id='word_1_235' title='bbox 1157 1753 1256 1809; x_wconf 89' lang='lat' dir='ltr'><strong>pro</strong></span> <span class='ocrx_word' id='word_1_236' title='bbox 1277 1737 1588 1795; x_wconf 79' lang='lat' dir='ltr'><strong>ditiicultate</strong></span> <span class='ocrx_word' id='word_1_237' title='bbox 1609 1740 1825 1797; x_wconf 90' lang='lat' dir='ltr'><strong>auditus</strong></span> <span class='ocrx_word' id='word_1_238' title='bbox 1848 1742 1980 1797; x_wconf 91' lang='lat' dir='ltr'><strong>des</strong></span> <span class='ocrx_word' id='word_1_239' title='bbox 1999 1751 2109 1809; x_wconf 90' lang='lat' dir='ltr'><strong>est;</strong></span> <span class='ocrx_word' id='word_1_240' title='bbox 2154 1819 2163 1820; x_wconf 16' lang='grc' dir='ltr'>ί</span> <span class='ocrx_word' id='word_1_241' title='bbox 2217 1749 2329 1803; x_wconf 88' lang='lat' dir='ltr'><strong>vita</strong></span> <span class='ocrx_word' id='word_1_242' title='bbox 2368 1748 2490 1806; x_wconf 85' lang='lat' dir='ltr'><strong>sine</strong></span> <span class='ocrx_word' id='word_1_243' title='bbox 2513 1744 2689 1805; x_wconf 82' lang='lat' dir='ltr'><strong>morte</strong></span> <span class='ocrx_word' id='word_1_244' title='bbox 2712 1750 2828 1820; x_wconf 90' lang='lat' dir='ltr'><strong>ipse</strong></span> <span class='ocrx_word' id='word_1_245' title='bbox 2852 1760 2954 1807; x_wconf 85' lang='lat' dir='ltr'><strong>est.</strong></span> <span class='ocrx_word' id='word_1_246' title='bbox 3214 1778 3223 1787; x_wconf 86' lang='lat'><strong><em>-</em></strong></span> <span class='ocrx_word' id='word_1_247' title='bbox 3300 1780 3321 1789; x_wconf 61' lang='grc' dir='ltr'><strong><em>υ</em></strong></span> 
     </span>
    </p>
   </div>
   <div class='ocr_carea' id='block_1_17' title="bbox 532 1819 3784 1920">
    <p class='ocr_par' dir='ltr' id='par_1_17' title="bbox 532 1819 3784 1920">
     <span class='ocr_line' id='line_1_17' title="bbox 532 1819 3784 1920; baseline 0.007 -38"><span class='ocrx_word' id='word_1_248' title='bbox 532 1842 696 1899; x_wconf 79' lang='lat' dir='ltr'><strong>quam</strong></span> <span class='ocrx_word' id='word_1_249' title='bbox 738 1843 839 1899; x_wconf 88' lang='lat' dir='ltr'><strong>per</strong></span> <span class='ocrx_word' id='word_1_250' title='bbox 867 1828 1128 1899; x_wconf 87' lang='lat' dir='ltr'><strong>Spiritum</strong></span> <span class='ocrx_word' id='word_1_251' title='bbox 1163 1838 1423 1884; x_wconf 84' lang='lat' dir='ltr'><strong>sanctum</strong></span> <span class='ocrx_word' id='word_1_252' title='bbox 1456 1830 1800 1887; x_wconf 80' lang='lat' dir='ltr'><strong>audivimus:</strong></span> <span class='ocrx_word' id='word_1_253' title='bbox 1831 1833 2114 1887; x_wconf 86' lang='lat' dir='ltr'><strong>brachium</strong></span> <span class='ocrx_word' id='word_1_254' title='bbox 2143 1819 2191 1879; x_wconf 82' lang='grc' dir='ltr'><strong>Β</strong></span> <span class='ocrx_word' id='word_1_255' title='bbox 2289 1840 2493 1896; x_wconf 79' lang='lat' dir='ltr'><strong>Amodo</strong></span> <span class='ocrx_word' id='word_1_256' title='bbox 2540 1841 2704 1898; x_wconf 77' lang='lat' dir='ltr'><strong>nostis</strong></span> <span class='ocrx_word' id='word_1_257' title='bbox 2734 1819 2857 1898; x_wconf 63' lang='lat' dir='ltr'><strong>eum</strong></span> <span class='ocrx_word' id='word_1_258' title='bbox 2894 1854 2943 1898; x_wconf 86' lang='lat' dir='ltr'><strong>et</strong></span> <span class='ocrx_word' id='word_1_259' title='bbox 2992 1845 3193 1899; x_wconf 76' lang='lat' dir='ltr'><strong>vidistis</strong></span> <span class='ocrx_word' id='word_1_260' title='bbox 3219 1862 3363 1913; x_wconf 70' lang='lat' dir='ltr'><strong>eum,</strong></span> <span class='ocrx_word' id='word_1_261' title='bbox 3403 1846 3459 1901; x_wconf 91' lang='lat' dir='ltr'><strong>id</strong></span> <span class='ocrx_word' id='word_1_262' title='bbox 3502 1857 3612 1913; x_wconf 84' lang='lat' dir='ltr'><strong>est,</strong></span> <span class='ocrx_word' id='word_1_263' title='bbox 3650 1866 3784 1920; x_wconf 73' lang='lat' dir='ltr'><strong>quem</strong></span> 
     </span>
    </p>
   </div>
   <div class='ocr_carea' id='block_1_18' title="bbox 530 1918 3787 2011">
    <p class='ocr_par' dir='ltr' id='par_1_18' title="bbox 530 1918 3787 2011">
     <span class='ocr_line' id='line_1_18' title="bbox 530 1918 3787 2011; baseline 0.006 -38"><span class='ocrx_word' id='word_1_264' title='bbox 530 1918 744 1974; x_wconf 88' lang='lat' dir='ltr'><strong>Domini</strong></span> <span class='ocrx_word' id='word_1_265' title='bbox 764 1919 936 1975; x_wconf 89' lang='lat' dir='ltr'><strong>Filius</strong></span> <span class='ocrx_word' id='word_1_266' title='bbox 959 1919 1056 1974; x_wconf 84' lang='lat' dir='ltr'><strong>Dei</strong></span> <span class='ocrx_word' id='word_1_267' title='bbox 1093 1928 1211 1986; x_wconf 91' lang='lat' dir='ltr'><strong>est,</strong></span> <span class='ocrx_word' id='word_1_268' title='bbox 1239 1921 1655 1991; x_wconf 67' lang='lat' dir='ltr'><strong>qai‘revclatum</strong></span> <span class='ocrx_word' id='word_1_269' title='bbox 1685 1930 1799 1990; x_wconf 90' lang='lat' dir='ltr'><strong>est,</strong></span> <span class='ocrx_word' id='word_1_270' title='bbox 1826 1923 1880 1979; x_wconf 92' lang='lat' dir='ltr'><strong>id</strong></span> <span class='ocrx_word' id='word_1_271' title='bbox 1900 1933 1986 1980; x_wconf 86' lang='lat' dir='ltr'><strong>est</strong></span> <span class='ocrx_word' id='word_1_272' title='bbox 2012 1925 2114 1980; x_wconf 90' lang='lat' dir='ltr'><strong>ali-</strong></span> <span class='ocrx_word' id='word_1_273' title='bbox 2217 1944 2585 2006; x_wconf 79' lang='lat' dir='ltr'><strong>cognoverunt</strong></span> <span class='ocrx_word' id='word_1_274' title='bbox 2624 1935 2796 1992; x_wconf 82' lang='lat' dir='ltr'><strong>oculis</strong></span> <span class='ocrx_word' id='word_1_275' title='bbox 2820 1938 3063 2008; x_wconf 85' lang='lat' dir='ltr'><strong>corporis</strong></span> <span class='ocrx_word' id='word_1_276' title='bbox 3090 1978 3108 2004; x_wconf 96' lang='lat'><strong>,</strong></span> <span class='ocrx_word' id='word_1_277' title='bbox 3134 1948 3190 1993; x_wconf 90' lang='lat' dir='ltr'><strong>et</strong></span> <span class='ocrx_word' id='word_1_278' title='bbox 3236 1950 3629 2011; x_wconf 82' lang='lat' dir='ltr'><strong>cognoverunt</strong></span> <span class='ocrx_word' id='word_1_279' title='bbox 3645 1918 3787 2000; x_wconf 65' lang='lat' dir='ltr'><strong>omnis</strong></span> 
     </span>
    </p>
   </div>
   <div class='ocr_carea' id='block_1_19' title="bbox 526 2008 2094 2104">
    <p class='ocr_par' dir='ltr' id='par_1_19' title="bbox 526 2008 2094 2081">
     <span class='ocr_line' id='line_1_19' title="bbox 526 2008 2094 2081; baseline 0.006 -19"><span class='ocrx_word' id='word_1_280' title='bbox 526 2022 636 2079; x_wconf 86' lang='lat' dir='ltr'><strong>qua</strong></span> <span class='ocrx_word' id='word_1_281' title='bbox 666 2023 797 2079; x_wconf 84' lang='lat' dir='ltr'><strong>pars</strong></span> <span class='ocrx_word' id='word_1_282' title='bbox 826 2022 907 2063; x_wconf 80' lang='lat' dir='ltr'><strong>ex</strong></span> <span class='ocrx_word' id='word_1_283' title='bbox 942 2008 1151 2063; x_wconf 72' lang='lat' dir='ltr'><strong>Judmis</strong></span> <span class='ocrx_word' id='word_1_284' title='bbox 1195 2010 1593 2066; x_wconf 65' lang='lat' dir='ltr'><strong>revelatum‘ex</strong></span> <span class='ocrx_word' id='word_1_285' title='bbox 1624 2013 1904 2081; x_wconf 79' lang='lat' dir='ltr'><strong>gentibus,</strong></span> <span class='ocrx_word' id='word_1_286' title='bbox 1938 2014 1992 2068; x_wconf 92' lang='lat' dir='ltr'><strong>id</strong></span> <span class='ocrx_word' id='word_1_287' title='bbox 2035 2030 2094 2072; x_wconf 90' lang='lat' dir='ltr'><strong>es</strong></span> 
     </span>
    </p>
   </div>
   <div class='ocr_carea' id='block_1_20' title="bbox 2201 2008 3788 2104">
    <p class='ocr_par' dir='ltr' id='par_1_20' title="bbox 2206 2008 3788 2104">
     <span class='ocr_line' id='line_1_20' title="bbox 2206 2008 3788 2104; baseline 0.006 -22"><span class='ocrx_word' id='word_1_288' title='bbox 2206 2029 2397 2083; x_wconf 58' lang='lat' dir='ltr'><strong>&#39;cordis</strong></span> <span class='ocrx_word' id='word_1_289' title='bbox 2424 2068 2441 2094; x_wconf 92' lang='lat'><strong>,</strong></span> <span class='ocrx_word' id='word_1_290' title='bbox 2488 2029 2785 2085; x_wconf 85' lang='lat' dir='ltr'><strong>secundum</strong></span> <span class='ocrx_word' id='word_1_291' title='bbox 2840 2030 3177 2088; x_wconf 80' lang='lat' dir='ltr'><strong>divinitatem</strong></span> <span class='ocrx_word' id='word_1_292' title='bbox 3215 2008 3326 2104; x_wconf 27' lang='lat' dir='ltr'><strong>perv</strong></span> <span class='ocrx_word' id='word_1_293' title='bbox 3363 2033 3788 2091; x_wconf 66' lang='grc' dir='ltr'>ἰηιιιειηιίοεω</span> 
     </span>
    </p>
   </div>
   <div class='ocr_carea' id='block_1_21' title="bbox 528 2100 3790 2197">
    <p class='ocr_par' dir='ltr' id='par_1_21' title="bbox 528 2100 3790 2197">
     <span class='ocr_line' id='line_1_21' title="bbox 528 2100 3790 2197; baseline 0.006 -43"><span class='ocrx_word' id='word_1_294' title='bbox 528 2100 622 2170; x_wconf 80' lang='lat' dir='ltr'><strong>qui</strong></span> <span class='ocrx_word' id='word_1_295' title='bbox 645 2101 820 2155; x_wconf 87' lang='lat' dir='ltr'><strong>credit</strong></span> <span class='ocrx_word' id='word_1_296' title='bbox 840 2101 896 2154; x_wconf 89' lang='lat' dir='ltr'><strong>in</strong></span> <span class='ocrx_word' id='word_1_297' title='bbox 926 2115 1015 2155; x_wconf 83' lang='lat' dir='ltr'><strong>me</strong></span> <span class='ocrx_word' id='word_1_298' title='bbox 1036 2116 1143 2155; x_wconf 88' lang='lat' dir='ltr'><strong>non</strong></span> <span class='ocrx_word' id='word_1_299' title='bbox 1172 2102 1345 2156; x_wconf 90' lang='lat' dir='ltr'><strong>solum</strong></span> <span class='ocrx_word' id='word_1_300' title='bbox 1374 2106 1668 2197; x_wconf 73' lang='lat' dir='ltr'><strong>secundum</strong></span> <span class='ocrx_word' id='word_1_301' title='bbox 1697 2107 2114 2197; x_wconf 85' lang='lat' dir='ltr'><strong>humanitatem,</strong></span> <span class='ocrx_word' id='word_1_302' title='bbox 2214 2119 2454 2191; x_wconf 71' lang='lat' dir='ltr'><strong>Spiritus</strong></span> <span class='ocrx_word' id='word_1_303' title='bbox 2473 2122 2647 2177; x_wconf 70' lang='lat' dir='ltr'><strong>sancti</strong></span> <span class='ocrx_word' id='word_1_304' title='bbox 2678 2139 2692 2176; x_wconf 86' lang='lat'><strong>:</strong></span> <span class='ocrx_word' id='word_1_305' title='bbox 2753 2122 2957 2191; x_wconf 80' lang='lat' dir='ltr'><strong>majora</strong></span> <span class='ocrx_word' id='word_1_306' title='bbox 2986 2124 3179 2179; x_wconf 84' lang='lat' dir='ltr'><strong>horum</strong></span> <span class='ocrx_word' id='word_1_307' title='bbox 3218 2100 3378 2192; x_wconf 51' lang='lat' dir='ltr'><strong>iacit,</strong></span> <span class='ocrx_word' id='word_1_308' title='bbox 3406 2126 3545 2197; x_wconf 80' lang='lat' dir='ltr'><strong>quia</strong></span> <span class='ocrx_word' id='word_1_309' title='bbox 3567 2127 3790 2183; x_wconf 57' lang='lat' dir='ltr'><strong>Christm</strong></span> 
     </span>
    </p>
   </div>
   <div class='ocr_carea' id='block_1_22' title="bbox 527 2188 2094 2289">
    <p class='ocr_par' dir='ltr' id='par_1_22' title="bbox 527 2188 2094 2265">
     <span class='ocr_line' id='line_1_22' title="bbox 527 2188 2094 2265; baseline 0.006 -21"><span class='ocrx_word' id='word_1_310' title='bbox 527 2188 626 2244; x_wconf 76' lang='lat' dir='ltr'><strong>sed</strong></span> <span class='ocrx_word' id='word_1_311' title='bbox 652 2189 947 2244; x_wconf 86' lang='lat' dir='ltr'><strong>secundum</strong></span> <span class='ocrx_word' id='word_1_312' title='bbox 976 2189 1333 2256; x_wconf 83' lang='lat' dir='ltr'><strong>divinitatem,</strong></span> <span class='ocrx_word' id='word_1_313' title='bbox 1356 2191 1513 2246; x_wconf 84' lang='lat' dir='ltr'><strong>aliter</strong></span> <span class='ocrx_word' id='word_1_314' title='bbox 1555 2209 1662 2249; x_wconf 90' lang='lat' dir='ltr'><strong>non</strong></span> <span class='ocrx_word' id='word_1_315' title='bbox 1693 2195 1868 2251; x_wconf 89' lang='lat' dir='ltr'><strong>solum</strong></span> <span class='ocrx_word' id='word_1_316' title='bbox 1910 2199 1966 2253; x_wconf 92' lang='lat' dir='ltr'><strong>in</strong></span> <span class='ocrx_word' id='word_1_317' title='bbox 1994 2213 2094 2265; x_wconf 55' lang='lat' dir='ltr'><strong>me1</strong></span> 
     </span>
    </p>
   </div>
   <div class='ocr_carea' id='block_1_23' title="bbox 2201 2188 3790 2289">
    <p class='ocr_par' dir='ltr' id='par_1_23' title="bbox 2215 2188 3790 2289">
     <span class='ocr_line' id='line_1_23' title="bbox 2215 2188 3790 2289; baseline 0.005 -20"><span class='ocrx_word' id='word_1_318' title='bbox 2215 2188 2314 2284; x_wconf 79' lang='lat' dir='ltr'><strong>per</strong></span> <span class='ocrx_word' id='word_1_319' title='bbox 2333 2213 2604 2270; x_wconf 75' lang='lat' dir='ltr'><strong>ﬁmbriam</strong></span> <span class='ocrx_word' id='word_1_320' title='bbox 2626 2188 2905 2271; x_wconf 80' lang='lat' dir='ltr'><strong>mulierem</strong></span> <span class='ocrx_word' id='word_1_321' title='bbox 2926 2217 3176 2283; x_wconf 78' lang='lat' dir='ltr'><strong>sanavit:</strong></span> <span class='ocrx_word' id='word_1_322' title='bbox 3227 2188 3481 2289; x_wconf 77' lang='lat' dir='ltr'><strong>Aposth</strong></span> <span class='ocrx_word' id='word_1_323' title='bbox 3542 2234 3675 2276; x_wconf 83' lang='lat' dir='ltr'><strong>vero</strong></span> <span class='ocrx_word' id='word_1_324' title='bbox 3706 2234 3790 2289; x_wconf 69' lang='lat' dir='ltr'><strong>per</strong></span> 
     </span>
    </p>
   </div>
   <div class='ocr_carea' id='block_1_24' title="bbox 529 2278 3050 2362">
    <p class='ocr_par' dir='ltr' id='par_1_24' title="bbox 529 2278 3050 2362">
     <span class='ocr_line' id='line_1_24' title="bbox 529 2278 3050 2362; baseline 0.006 -26"><span class='ocrx_word' id='word_1_325' title='bbox 529 2280 622 2336; x_wconf 86' lang='lat' dir='ltr'><strong>sed</strong></span> <span class='ocrx_word' id='word_1_326' title='bbox 661 2289 718 2335; x_wconf 90' lang='lat' dir='ltr'><strong>et</strong></span> <span class='ocrx_word' id='word_1_327' title='bbox 744 2280 799 2335; x_wconf 91' lang='lat' dir='ltr'><strong>in</strong></span> <span class='ocrx_word' id='word_1_328' title='bbox 842 2278 1005 2336; x_wconf 88' lang='lat' dir='ltr'><strong>Patre</strong></span> <span class='ocrx_word' id='word_1_329' title='bbox 1025 2282 1152 2351; x_wconf 89' lang='lat' dir='ltr'><strong>quia</strong></span> <span class='ocrx_word' id='word_1_330' title='bbox 1179 2297 1280 2353; x_wconf 80' lang='lat' dir='ltr'><strong>ego</strong></span> <span class='ocrx_word' id='word_1_331' title='bbox 1310 2285 1363 2338; x_wconf 92' lang='lat' dir='ltr'><strong>in</strong></span> <span class='ocrx_word' id='word_1_332' title='bbox 1390 2284 1552 2340; x_wconf 84' lang='lat' dir='ltr'><strong>Patre</strong></span> <span class='ocrx_word' id='word_1_333' title='bbox 1591 2293 1648 2341; x_wconf 90' lang='lat' dir='ltr'><strong>et</strong></span> <span class='ocrx_word' id='word_1_334' title='bbox 1689 2286 1854 2342; x_wconf 88' lang='lat' dir='ltr'><strong>Pater</strong></span> <span class='ocrx_word' id='word_1_335' title='bbox 1893 2288 1948 2344; x_wconf 88' lang='lat' dir='ltr'><strong>in</strong></span> <span class='ocrx_word' id='word_1_336' title='bbox 1985 2305 2111 2346; x_wconf 88' lang='lat' dir='ltr'><strong>me:</strong></span> <span class='ocrx_word' id='word_1_337' title='bbox 2215 2278 2464 2360; x_wconf 65' lang='grc' dir='ltr'><strong>ίιιηυι-αιη</strong></span> <span class='ocrx_word' id='word_1_338' title='bbox 2494 2305 2738 2361; x_wconf 70' lang='lat' dir='ltr'><strong>inﬁrmos</strong></span> <span class='ocrx_word' id='word_1_339' title='bbox 2764 2307 3050 2362; x_wconf 58' lang='lat' dir='ltr'><strong>curabunt,</strong></span> 
     </span>
    </p>
   </div>
   <div class='ocr_carea' id='block_1_25' title="bbox 529 2372 2117 2449">
    <p class='ocr_par' dir='ltr' id='par_1_25' title="bbox 529 2372 2117 2449">
     <span class='ocr_line' id='line_1_25' title="bbox 529 2372 2117 2449; baseline 0.008 -24"><span class='ocrx_word' id='word_1_340' title='bbox 529 2372 624 2443; x_wconf 88' lang='lat' dir='ltr'><strong>qui</strong></span> <span class='ocrx_word' id='word_1_341' title='bbox 651 2372 800 2428; x_wconf 83' lang='lat' dir='ltr'><strong>videt</strong></span> <span class='ocrx_word' id='word_1_342' title='bbox 828 2387 916 2428; x_wconf 91' lang='lat' dir='ltr'><strong>me</strong></span> <span class='ocrx_word' id='word_1_343' title='bbox 941 2372 1088 2428; x_wconf 91' lang='lat' dir='ltr'><strong>videt</strong></span> <span class='ocrx_word' id='word_1_344' title='bbox 1115 2374 1207 2444; x_wconf 88' lang='lat' dir='ltr'><strong>qui</strong></span> <span class='ocrx_word' id='word_1_345' title='bbox 1237 2391 1323 2430; x_wconf 90' lang='lat' dir='ltr'><strong>me</strong></span> <span class='ocrx_word' id='word_1_346' title='bbox 1350 2376 1530 2443; x_wconf 82' lang='lat' dir='ltr'><strong>misit;</strong></span> <span class='ocrx_word' id='word_1_347' title='bbox 1569 2392 1633 2433; x_wconf 88' lang='lat' dir='ltr'><strong>ac</strong></span> <span class='ocrx_word' id='word_1_348' title='bbox 1663 2379 1708 2434; x_wconf 90' lang='lat' dir='ltr'><strong>si</strong></span> <span class='ocrx_word' id='word_1_349' title='bbox 1738 2387 1926 2449; x_wconf 85' lang='lat' dir='ltr'><strong>aperte</strong></span> <span class='ocrx_word' id='word_1_350' title='bbox 1948 2382 2117 2439; x_wconf 79' lang='lat' dir='ltr'><strong>dixis-</strong></span> 
     </span>
    </p>
   </div>
   <div class='ocr_carea' id='block_1_26' title="bbox 525 2463 2116 2533">
    <p class='ocr_par' dir='ltr' id='par_1_26' title="bbox 525 2463 2116 2533">
     <span class='ocr_line' id='line_1_26' title="bbox 525 2463 2116 2533; baseline 0.006 -14"><span class='ocrx_word' id='word_1_351' title='bbox 525 2469 627 2528; x_wconf 81' lang='lat' dir='ltr'><strong>set,</strong></span> <span class='ocrx_word' id='word_1_352' title='bbox 655 2463 747 2533; x_wconf 87' lang='lat' dir='ltr'><strong>qui</strong></span> <span class='ocrx_word' id='word_1_353' title='bbox 774 2463 909 2518; x_wconf 83' lang='lat' dir='ltr'><strong>vidit</strong></span> <span class='ocrx_word' id='word_1_354' title='bbox 931 2478 1019 2519; x_wconf 89' lang='lat' dir='ltr'><strong>me</strong></span> <span class='ocrx_word' id='word_1_355' title='bbox 1035 2479 1231 2519; x_wconf 82' lang='lat' dir='ltr'><strong>verum</strong></span> <span class='ocrx_word' id='word_1_356' title='bbox 1274 2466 1699 2525; x_wconf 54' lang='lat' dir='ltr'><strong>hominem-“esse</strong></span> <span class='ocrx_word' id='word_1_357' title='bbox 1727 2479 1782 2526; x_wconf 82' lang='lat' dir='ltr'><strong>et</strong></span> <span class='ocrx_word' id='word_1_358' title='bbox 1816 2472 1990 2528; x_wconf 90' lang='lat' dir='ltr'><strong>credit</strong></span> <span class='ocrx_word' id='word_1_359' title='bbox 2028 2488 2116 2529; x_wconf 90' lang='lat' dir='ltr'><strong>me</strong></span> 
     </span>
    </p>
   </div>
   <div class='ocr_carea' id='block_1_27' title="bbox 525 2553 2113 2622">
    <p class='ocr_par' dir='ltr' id='par_1_27' title="bbox 525 2553 2113 2622">
     <span class='ocr_line' id='line_1_27' title="bbox 525 2553 2113 2622; baseline 0.008 -14"><span class='ocrx_word' id='word_1_360' title='bbox 525 2569 714 2609; x_wconf 78' lang='lat' dir='ltr'><strong>verum</strong></span> <span class='ocrx_word' id='word_1_361' title='bbox 751 2553 921 2610; x_wconf 89' lang='lat' dir='ltr'><strong>Deum</strong></span> <span class='ocrx_word' id='word_1_362' title='bbox 964 2569 1117 2622; x_wconf 89' lang='lat' dir='ltr'><strong>esse,</strong></span> <span class='ocrx_word' id='word_1_363' title='bbox 1148 2556 1293 2611; x_wconf 86' lang='lat' dir='ltr'><strong>videt</strong></span> <span class='ocrx_word' id='word_1_364' title='bbox 1327 2567 1384 2613; x_wconf 84' lang='lat' dir='ltr'><strong>et</strong></span> <span class='ocrx_word' id='word_1_365' title='bbox 1406 2557 1623 2615; x_wconf 82' lang='lat' dir='ltr'><strong>Patrem</strong></span> <span class='ocrx_word' id='word_1_366' title='bbox 1649 2563 1944 2617; x_wconf 85' lang='lat' dir='ltr'><strong>secundum</strong></span> <span class='ocrx_word' id='word_1_367' title='bbox 1972 2563 2113 2620; x_wconf 71' lang='lat' dir='ltr'><strong>divi-</strong></span> 
     </span>
    </p>
   </div>
   <div class='ocr_carea' id='block_1_28' title="bbox 2748 2434 3253 2509">
    <p class='ocr_par' dir='ltr' id='par_1_28' title="bbox 2748 2434 3253 2509">
     <span class='ocr_line' id='line_1_28' title="bbox 2748 2434 3253 2509; baseline 0.01 -19"><span class='ocrx_word' id='word_1_368' title='bbox 2748 2434 2982 2509; x_wconf 65' lang='lat' dir='ltr'><strong>Etr-plt&#39;cit</strong></span> <span class='ocrx_word' id='word_1_369' title='bbox 3045 2437 3253 2495; x_wconf 80' lang='lat' dir='ltr'><strong>Passio.</strong></span> 
     </span>
    </p>
   </div>
   <div class='ocr_carea' id='block_1_29' title="bbox 2280 2546 3788 2620">
    <p class='ocr_par' dir='ltr' id='par_1_29' title="bbox 2280 2546 3788 2620">
     <span class='ocr_line' id='line_1_29' title="bbox 2280 2546 3788 2620; baseline 0.007 -19"><span class='ocrx_word' id='word_1_370' title='bbox 2280 2546 2497 2620; x_wconf 75' lang='lat' dir='ltr'><strong>Rogabo</strong></span> <span class='ocrx_word' id='word_1_371' title='bbox 2522 2547 2737 2605; x_wconf 75' lang='lat' dir='ltr'><strong>Patrem</strong></span> <span class='ocrx_word' id='word_1_372' title='bbox 2767 2568 2938 2606; x_wconf 77' lang='lat' dir='ltr'><strong>meum</strong></span> <span class='ocrx_word' id='word_1_373' title='bbox 2969 2560 3019 2606; x_wconf 81' lang='lat' dir='ltr'><strong>et</strong></span> <span class='ocrx_word' id='word_1_374' title='bbox 3040 2552 3205 2607; x_wconf 85' lang='lat' dir='ltr'><strong>alium</strong></span> <span class='ocrx_word' id='word_1_375' title='bbox 3258 2550 3612 2610; x_wconf 74' lang='lat' dir='ltr'><strong>Paraclitum</strong></span> <span class='ocrx_word' id='word_1_376' title='bbox 3664 2557 3788 2612; x_wconf 72' lang='lat' dir='ltr'><strong>dabit</strong></span> 
     </span>
    </p>
   </div>
   <div class='ocr_carea' id='block_1_30' title="bbox 527 2644 775 2700">
    <p class='ocr_par' dir='ltr' id='par_1_30' title="bbox 527 2644 775 2700">
     <span class='ocr_line' id='line_1_30' title="bbox 527 2644 775 2700; baseline 0 -2"><span class='ocrx_word' id='word_1_377' title='bbox 527 2644 775 2700; x_wconf 88' lang='lat' dir='ltr'><strong>nitatem.</strong></span> 
     </span>
    </p>
   </div>
   <div class='ocr_carea' id='block_1_31' title="bbox 599 2712 2111 2813">
    <p class='ocr_par' dir='ltr' id='par_1_31' title="bbox 599 2712 2111 2813">
     <span class='ocr_line' id='line_1_31' title="bbox 599 2712 2111 2813; baseline 0.007 -23"><span class='ocrx_word' id='word_1_378' title='bbox 599 2736 725 2790; x_wconf 85' lang='lat' dir='ltr'><strong>Non</strong></span> <span class='ocrx_word' id='word_1_379' title='bbox 750 2738 865 2792; x_wconf 73' lang='lat' dir='ltr'><strong>veni</strong></span> <span class='ocrx_word' id='word_1_380' title='bbox 892 2746 952 2791; x_wconf 77' lang='grc' dir='ltr'>ἀι</span> <span class='ocrx_word' id='word_1_381' title='bbox 969 2712 1204 2808; x_wconf 69' lang='lat' dir='ltr'><strong>judicent</strong></span> <span class='ocrx_word' id='word_1_382' title='bbox 1226 2780 1242 2806; x_wconf 91' lang='lat'><strong>,</strong></span> <span class='ocrx_word' id='word_1_383' title='bbox 1289 2741 1381 2795; x_wconf 81' lang='lat' dir='ltr'><strong>sed</strong></span> <span class='ocrx_word' id='word_1_384' title='bbox 1419 2753 1472 2796; x_wconf 81' lang='lat' dir='ltr'><strong>ut</strong></span> <span class='ocrx_word' id='word_1_385' title='bbox 1503 2742 1788 2813; x_wconf 72' lang='lat' dir='ltr'><strong>salvi/irent</strong></span> <span class='ocrx_word' id='word_1_386' title='bbox 1814 2746 2069 2802; x_wconf 79' lang='lat' dir='ltr'><strong>mundum</strong></span> <span class='ocrx_word' id='word_1_387' title='bbox 2091 2760 2111 2800; x_wconf 91' lang='lat'><strong>:</strong></span> 
     </span>
    </p>
   </div>
   <div class='ocr_carea' id='block_1_32' title="bbox 524 2830 2115 2906">
    <p class='ocr_par' dir='ltr' id='par_1_32' title="bbox 524 2830 2115 2906">
     <span class='ocr_line' id='line_1_32' title="bbox 524 2830 2115 2906; baseline 0.007 -23"><span class='ocrx_word' id='word_1_388' title='bbox 524 2831 763 2884; x_wconf 87' lang='lat' dir='ltr'><strong>ostendit</strong></span> <span class='ocrx_word' id='word_1_389' title='bbox 796 2830 941 2899; x_wconf 85' lang='lat' dir='ltr'><strong>quod</strong></span> <span class='ocrx_word' id='word_1_390' title='bbox 991 2847 1088 2902; x_wconf 92' lang='lat' dir='ltr'><strong>per</strong></span> <span class='ocrx_word' id='word_1_391' title='bbox 1131 2832 1446 2889; x_wconf 65' lang='lat' dir='ltr'><strong>effusionem</strong></span> <span class='ocrx_word' id='word_1_392' title='bbox 1495 2836 1773 2906; x_wconf 76' lang='lat' dir='ltr'><strong>sanguinis</strong></span> <span class='ocrx_word' id='word_1_393' title='bbox 1822 2837 2115 2894; x_wconf 83' lang='lat' dir='ltr'><strong>redimeret</strong></span> 
     </span>
    </p>
   </div>
   <div class='ocr_carea' id='block_1_33' title="bbox 524 2919 2114 3000">
    <p class='ocr_par' dir='ltr' id='par_1_33' title="bbox 524 2919 2114 3000">
     <span class='ocr_line' id='line_1_33' title="bbox 524 2919 2114 3000; baseline 0.008 -26"><span class='ocrx_word' id='word_1_394' title='bbox 524 2919 825 2975; x_wconf 89' lang='lat' dir='ltr'><strong>mundum:</strong></span> <span class='ocrx_word' id='word_1_395' title='bbox 859 2921 1025 2975; x_wconf 89' lang='lat' dir='ltr'><strong>dilexi</strong></span> <span class='ocrx_word' id='word_1_396' title='bbox 1052 2937 1150 2977; x_wconf 86' lang='lat' dir='ltr'><strong>vos</strong></span> <span class='ocrx_word' id='word_1_397' title='bbox 1185 2924 1309 2992; x_wconf 87' lang='lat' dir='ltr'><strong>quia</strong></span> <span class='ocrx_word' id='word_1_398' title='bbox 1354 2940 1507 2979; x_wconf 87' lang='lat' dir='ltr'><strong>eram</strong></span> <span class='ocrx_word' id='word_1_399' title='bbox 1554 2927 1607 2980; x_wconf 90' lang='lat' dir='ltr'><strong>in</strong></span> <span class='ocrx_word' id='word_1_400' title='bbox 1654 2927 1914 2982; x_wconf 85' lang='lat' dir='ltr'><strong>mundum</strong></span> <span class='ocrx_word' id='word_1_401' title='bbox 1943 2944 2114 3000; x_wconf 87' lang='lat' dir='ltr'><strong>usque</strong></span> 
     </span>
    </p>
   </div>
   <div class='ocr_carea' id='block_1_34' title="bbox 525 3009 2111 3083">
    <p class='ocr_par' dir='ltr' id='par_1_34' title="bbox 525 3009 2111 3083">
     <span class='ocr_line' id='line_1_34' title="bbox 525 3009 2111 3083; baseline 0.006 -18"><span class='ocrx_word' id='word_1_402' title='bbox 525 3010 581 3066; x_wconf 93' lang='lat' dir='ltr'><strong>in</strong></span> <span class='ocrx_word' id='word_1_403' title='bbox 611 3011 777 3065; x_wconf 87' lang='lat' dir='ltr'><strong>linem</strong></span> <span class='ocrx_word' id='word_1_404' title='bbox 807 3009 1036 3065; x_wconf 77' lang='lat' dir='ltr'><strong>dilexit:</strong></span> <span class='ocrx_word' id='word_1_405' title='bbox 1073 3013 1379 3083; x_wconf 83' lang='lat' dir='ltr'><strong>exemplum</strong></span> <span class='ocrx_word' id='word_1_406' title='bbox 1405 3016 1556 3070; x_wconf 89' lang='lat' dir='ltr'><strong>dedit</strong></span> <span class='ocrx_word' id='word_1_407' title='bbox 1600 3024 1660 3070; x_wconf 91' lang='lat' dir='ltr'><strong>ut</strong></span> <span class='ocrx_word' id='word_1_408' title='bbox 1701 3032 1892 3072; x_wconf 90' lang='lat' dir='ltr'><strong>omnes</strong></span> <span class='ocrx_word' id='word_1_409' title='bbox 1929 3019 1982 3072; x_wconf 90' lang='lat' dir='ltr'><strong>in</strong></span> <span class='ocrx_word' id='word_1_410' title='bbox 2015 3020 2111 3075; x_wconf 88' lang='lat' dir='ltr'><strong>Dei</strong></span> 
     </span>
    </p>
   </div>
   <div class='ocr_carea' id='block_1_35' title="bbox 522 3098 2108 3171">
    <p class='ocr_par' dir='ltr' id='par_1_35' title="bbox 522 3098 2108 3171">
     <span class='ocr_line' id='line_1_35' title="bbox 522 3098 2108 3171; baseline 0.006 -18"><span class='ocrx_word' id='word_1_411' title='bbox 522 3098 754 3155; x_wconf 88' lang='lat' dir='ltr'><strong>veritate</strong></span> <span class='ocrx_word' id='word_1_412' title='bbox 798 3109 1154 3169; x_wconf 89' lang='lat' dir='ltr'><strong>permaneant</strong></span> <span class='ocrx_word' id='word_1_413' title='bbox 1194 3116 1366 3171; x_wconf 85' lang='lat' dir='ltr'><strong>usque</strong></span> <span class='ocrx_word' id='word_1_414' title='bbox 1409 3103 1462 3157; x_wconf 92' lang='lat' dir='ltr'><strong>in</strong></span> <span class='ocrx_word' id='word_1_415' title='bbox 1514 3103 1718 3159; x_wconf 81' lang='lat' dir='ltr'><strong>tinem:</strong></span> <span class='ocrx_word' id='word_1_416' title='bbox 1762 3120 1915 3161; x_wconf 85' lang='lat' dir='ltr'><strong>coena</strong></span> <span class='ocrx_word' id='word_1_417' title='bbox 1966 3107 2108 3164; x_wconf 80' lang='lat' dir='ltr'><strong>facta</strong></span> 
     </span>
    </p>
   </div>
   <div class='ocr_carea' id='block_1_36' title="bbox 2204 2639 3787 2714">
    <p class='ocr_par' dir='ltr' id='par_1_36' title="bbox 2204 2639 3787 2714">
     <span class='ocr_line' id='line_1_36' title="bbox 2204 2639 3787 2714; baseline 0.007 -22"><span class='ocrx_word' id='word_1_418' title='bbox 2204 2639 2358 2693; x_wconf 59' lang='lat' dir='ltr'><strong>vobis</strong></span> <span class='ocrx_word' id='word_1_419' title='bbox 2394 2658 2407 2693; x_wconf 91' lang='lat'><strong>:</strong></span> <span class='ocrx_word' id='word_1_420' title='bbox 2438 2654 2534 2710; x_wconf 89' lang='lat' dir='ltr'><strong>per</strong></span> <span class='ocrx_word' id='word_1_421' title='bbox 2580 2641 2662 2695; x_wconf 90' lang='lat' dir='ltr'><strong>his</strong></span> <span class='ocrx_word' id='word_1_422' title='bbox 2698 2640 2961 2713; x_wconf 85' lang='lat' dir='ltr'><strong>Spiritum</strong></span> <span class='ocrx_word' id='word_1_423' title='bbox 3010 2652 3289 2714; x_wconf 81' lang='lat' dir='ltr'><strong>acceptum</strong></span> <span class='ocrx_word' id='word_1_424' title='bbox 3321 2645 3559 2702; x_wconf 88' lang='lat' dir='ltr'><strong>dilectio</strong></span> <span class='ocrx_word' id='word_1_425' title='bbox 3608 2646 3699 2703; x_wconf 84' lang='lat' dir='ltr'><strong>Dei</strong></span> <span class='ocrx_word' id='word_1_426' title='bbox 3742 2660 3787 2703; x_wconf 79' lang='lat' dir='ltr'><strong>et</strong></span> 
     </span>
    </p>
   </div>
   <div class='ocr_carea' id='block_1_37' title="bbox 2211 2731 3786 2808">
    <p class='ocr_par' dir='ltr' id='par_1_37' title="bbox 2211 2731 3786 2808">
     <span class='ocr_line' id='line_1_37' title="bbox 2211 2731 3786 2808; baseline 0.005 -24"><span class='ocrx_word' id='word_1_427' title='bbox 2211 2731 2446 2801; x_wconf 79' lang='lat' dir='ltr'><strong>proximi</strong></span> <span class='ocrx_word' id='word_1_428' title='bbox 2477 2731 2794 2803; x_wconf 79' lang='lat' dir='ltr'><strong>intelligitur</strong></span> <span class='ocrx_word' id='word_1_429' title='bbox 2833 2752 2847 2787; x_wconf 91' lang='lat'><strong>:</strong></span> <span class='ocrx_word' id='word_1_430' title='bbox 2880 2734 3126 2803; x_wconf 85' lang='lat' dir='ltr'><strong>spiritum</strong></span> <span class='ocrx_word' id='word_1_431' title='bbox 3155 2736 3413 2791; x_wconf 80' lang='lat' dir='ltr'><strong>veritatis</strong></span> <span class='ocrx_word' id='word_1_432' title='bbox 3452 2754 3619 2808; x_wconf 87' lang='lat' dir='ltr'><strong>quem</strong></span> <span class='ocrx_word' id='word_1_433' title='bbox 3656 2755 3786 2792; x_wconf 68' lang='lat' dir='ltr'><strong>nuta—</strong></span> 
     </span>
    </p>
   </div>
   <div class='ocr_carea' id='block_1_38' title="bbox 2214 2823 3784 2895">
    <p class='ocr_par' dir='ltr' id='par_1_38' title="bbox 2214 2823 3784 2895">
     <span class='ocr_line' id='line_1_38' title="bbox 2214 2823 3784 2895; baseline 0.004 -18"><span class='ocrx_word' id='word_1_434' title='bbox 2214 2823 2315 2877; x_wconf 90' lang='lat' dir='ltr'><strong>dus</strong></span> <span class='ocrx_word' id='word_1_435' title='bbox 2336 2823 2583 2892; x_wconf 86' lang='lat' dir='ltr'><strong>accipere</strong></span> <span class='ocrx_word' id='word_1_436' title='bbox 2612 2840 2717 2877; x_wconf 89' lang='lat' dir='ltr'><strong>non</strong></span> <span class='ocrx_word' id='word_1_437' title='bbox 2756 2833 2954 2895; x_wconf 86' lang='lat' dir='ltr'><strong>potest,</strong></span> <span class='ocrx_word' id='word_1_438' title='bbox 2995 2823 3170 2891; x_wconf 86' lang='lat' dir='ltr'><strong>idest,</strong></span> <span class='ocrx_word' id='word_1_439' title='bbox 3211 2826 3303 2895; x_wconf 92' lang='lat' dir='ltr'><strong>qui</strong></span> <span class='ocrx_word' id='word_1_440' title='bbox 3369 2828 3645 2882; x_wconf 88' lang='lat' dir='ltr'><strong>mundum</strong></span> <span class='ocrx_word' id='word_1_441' title='bbox 3686 2827 3784 2882; x_wconf 83' lang='lat' dir='ltr'><strong>dili-</strong></span> 
     </span>
    </p>
   </div>
   <div class='ocr_carea' id='block_1_39' title="bbox 2213 2913 3781 2985">
    <p class='ocr_par' dir='ltr' id='par_1_39' title="bbox 2213 2913 3781 2985">
     <span class='ocr_line' id='line_1_39' title="bbox 2213 2913 3781 2985; baseline 0.001 -18"><span class='ocrx_word' id='word_1_442' title='bbox 2213 2913 2291 2984; x_wconf 89' lang='lat' dir='ltr'><strong>git</strong></span> <span class='ocrx_word' id='word_1_443' title='bbox 2316 2928 2420 2967; x_wconf 89' lang='lat' dir='ltr'><strong>non</strong></span> <span class='ocrx_word' id='word_1_444' title='bbox 2444 2913 2640 2984; x_wconf 87' lang='lat' dir='ltr'><strong>accipit</strong></span> <span class='ocrx_word' id='word_1_445' title='bbox 2667 2913 2836 2978; x_wconf 79' lang='lat' dir='ltr'><strong>ilium,</strong></span> <span class='ocrx_word' id='word_1_446' title='bbox 2868 2929 2975 2970; x_wconf 89' lang='lat' dir='ltr'><strong>non</strong></span> <span class='ocrx_word' id='word_1_447' title='bbox 3018 2914 3319 2985; x_wconf 82' lang='lat' dir='ltr'><strong>relinquam</strong></span> <span class='ocrx_word' id='word_1_448' title='bbox 3348 2932 3451 2970; x_wconf 88' lang='lat' dir='ltr'><strong>vos</strong></span> <span class='ocrx_word' id='word_1_449' title='bbox 3476 2916 3719 2981; x_wconf 74' lang='lat' dir='ltr'><strong>orianos,</strong></span> <span class='ocrx_word' id='word_1_450' title='bbox 3740 2917 3781 2969; x_wconf 81' lang='lat' dir='ltr'><strong>id</strong></span> 
     </span>
    </p>
   </div>
   <div class='ocr_carea' id='block_1_40' title="bbox 2211 3005 3777 3075">
    <p class='ocr_par' dir='ltr' id='par_1_40' title="bbox 2211 3005 3777 3075">
     <span class='ocr_line' id='line_1_40' title="bbox 2211 3005 3777 3075; baseline 0.003 -16"><span class='ocrx_word' id='word_1_451' title='bbox 2211 3013 2296 3059; x_wconf 88' lang='lat' dir='ltr'><strong>est</strong></span> <span class='ocrx_word' id='word_1_452' title='bbox 2322 3020 2428 3061; x_wconf 90' lang='lat' dir='ltr'><strong>non</strong></span> <span class='ocrx_word' id='word_1_453' title='bbox 2458 3005 2759 3075; x_wconf 82' lang='lat' dir='ltr'><strong>relinquam</strong></span> <span class='ocrx_word' id='word_1_454' title='bbox 2799 3020 2894 3061; x_wconf 87' lang='lat' dir='ltr'><strong>vos</strong></span> <span class='ocrx_word' id='word_1_455' title='bbox 2942 3007 3242 3062; x_wconf 85' lang='lat' dir='ltr'><strong>secundum</strong></span> <span class='ocrx_word' id='word_1_456' title='bbox 3298 3008 3688 3064; x_wconf 72' lang='lat' dir='ltr'><strong>divinitatem:</strong></span> <span class='ocrx_word' id='word_1_457' title='bbox 3735 3010 3777 3063; x_wconf 84' lang='lat' dir='ltr'><strong>in</strong></span> 
     </span>
    </p>
   </div>
   <div class='ocr_carea' id='block_1_41' title="bbox 2214 3092 3776 3165">
    <p class='ocr_par' dir='ltr' id='par_1_41' title="bbox 2214 3092 3776 3165">
     <span class='ocr_line' id='line_1_41' title="bbox 2214 3092 3776 3165; baseline 0.002 -15"><span class='ocrx_word' id='word_1_458' title='bbox 2214 3092 2305 3150; x_wconf 87' lang='lat' dir='ltr'><strong>illa</strong></span> <span class='ocrx_word' id='word_1_459' title='bbox 2331 3094 2419 3148; x_wconf 90' lang='lat' dir='ltr'><strong>die</strong></span> <span class='ocrx_word' id='word_1_460' title='bbox 2449 3096 2809 3165; x_wconf 78' lang='lat' dir='ltr'><strong>cognoscetis,</strong></span> <span class='ocrx_word' id='word_1_461' title='bbox 2852 3096 2905 3151; x_wconf 87' lang='lat' dir='ltr'><strong>id</strong></span> <span class='ocrx_word' id='word_1_462' title='bbox 2933 3106 3020 3150; x_wconf 81' lang='lat' dir='ltr'><strong>est</strong></span> <span class='ocrx_word' id='word_1_463' title='bbox 3054 3098 3109 3151; x_wconf 90' lang='lat' dir='ltr'><strong>in</strong></span> <span class='ocrx_word' id='word_1_464' title='bbox 3130 3096 3339 3163; x_wconf 75' lang='lat' dir='ltr'><strong>futuro,</strong></span> <span class='ocrx_word' id='word_1_465' title='bbox 3371 3099 3494 3154; x_wconf 82' lang='lat' dir='ltr'><strong>sive</strong></span> <span class='ocrx_word' id='word_1_466' title='bbox 3518 3099 3576 3153; x_wconf 82' lang='lat' dir='ltr'><strong>in</strong></span> <span class='ocrx_word' id='word_1_467' title='bbox 3625 3115 3776 3153; x_wconf 76' lang='lat' dir='ltr'><strong>resur-</strong></span> 
     </span>
    </p>
   </div>
   <div class='ocr_carea' id='block_1_42' title="bbox 521 3172 3773 3270">
    <p class='ocr_par' dir='ltr' id='par_1_42' title="bbox 521 3172 3773 3270">
     <span class='ocr_line' id='line_1_42' title="bbox 521 3172 3773 3270; baseline 0.004 -38"><span class='ocrx_word' id='word_1_468' title='bbox 521 3191 760 3248; x_wconf 71' lang='grc' dir='ltr'>υειθηάίι</span> <span class='ocrx_word' id='word_1_469' title='bbox 787 3192 1094 3262; x_wconf 69' lang='lat' dir='ltr'><strong>passionem</strong></span> <span class='ocrx_word' id='word_1_470' title='bbox 1124 3192 1323 3249; x_wconf 66' lang='lat' dir='ltr'><strong>Christi</strong></span> <span class='ocrx_word' id='word_1_471' title='bbox 1353 3195 1496 3250; x_wconf 59' lang='lat' dir='ltr'><strong>sicut</strong></span> <span class='ocrx_word' id='word_1_472' title='bbox 1532 3206 1657 3266; x_wconf 60' lang='lat' dir='ltr'><strong>post</strong></span> <span class='ocrx_word' id='word_1_473' title='bbox 1691 3211 1903 3254; x_wconf 68' lang='lat' dir='ltr'><strong>cmnam</strong></span> <span class='ocrx_word' id='word_1_474' title='bbox 1942 3215 2102 3270; x_wconf 67' lang='lat' dir='ltr'><strong>pra&quot;.</strong></span> <span class='ocrx_word' id='word_1_475' title='bbox 2134 3179 2183 3242; x_wconf 69' lang='grc' dir='ltr'>Ο</span> <span class='ocrx_word' id='word_1_476' title='bbox 2214 3185 2385 3241; x_wconf 82' lang='lat' dir='ltr'><strong>rectio</strong></span> <span class='ocrx_word' id='word_1_477' title='bbox 2424 3185 2694 3243; x_wconf 78' lang='lat' dir='ltr'><strong>CCIIIiSli.</strong></span> <span class='ocrx_word' id='word_1_478' title='bbox 2720 3172 2839 3259; x_wconf 61' lang='lat' dir='ltr'><strong>Ego</strong></span> <span class='ocrx_word' id='word_1_479' title='bbox 2870 3187 2923 3242; x_wconf 81' lang='grc' dir='ltr'>ἰιι</span> <span class='ocrx_word' id='word_1_480' title='bbox 2952 3187 3136 3254; x_wconf 86' lang='lat' dir='ltr'><strong>Patre,</strong></span> <span class='ocrx_word' id='word_1_481' title='bbox 3160 3189 3212 3243; x_wconf 72' lang='lat' dir='ltr'><strong>id</strong></span> <span class='ocrx_word' id='word_1_482' title='bbox 3234 3199 3320 3245; x_wconf 87' lang='lat' dir='ltr'><strong>est</strong></span> <span class='ocrx_word' id='word_1_483' title='bbox 3360 3190 3666 3245; x_wconf 82' lang='lat' dir='ltr'><strong>secundum</strong></span> <span class='ocrx_word' id='word_1_484' title='bbox 3708 3191 3773 3244; x_wconf 62' lang='grc' dir='ltr'><strong>ὦ·</strong></span> 
     </span>
    </p>
   </div>
   <div class='ocr_carea' id='block_1_43' title="bbox 524 3279 3774 3362">
    <p class='ocr_par' dir='ltr' id='par_1_43' title="bbox 524 3279 3774 3362">
     <span class='ocr_line' id='line_1_43' title="bbox 524 3279 3774 3362; baseline 0.005 -42"><span class='ocrx_word' id='word_1_485' title='bbox 524 3282 672 3338; x_wconf 70' lang='lat' dir='ltr'><strong>dium</strong></span> <span class='ocrx_word' id='word_1_486' title='bbox 710 3298 817 3339; x_wconf 79' lang='grc' dir='ltr'><strong>ηοη</strong></span> <span class='ocrx_word' id='word_1_487' title='bbox 857 3283 938 3349; x_wconf 63' lang='grc' dir='ltr'>ιιι,</span> <span class='ocrx_word' id='word_1_488' title='bbox 971 3285 1053 3339; x_wconf 69' lang='grc' dir='ltr'>δίο</span> <span class='ocrx_word' id='word_1_489' title='bbox 1096 3284 1343 3342; x_wconf 54' lang='lat' dir='ltr'><strong>Christus</strong></span> <span class='ocrx_word' id='word_1_490' title='bbox 1374 3297 1662 3358; x_wconf 54' lang='lat' dir='ltr'><strong>postquam</strong></span> <span class='ocrx_word' id='word_1_491' title='bbox 1705 3291 1872 3346; x_wconf 63' lang='lat' dir='ltr'><strong>semel</strong></span> <span class='ocrx_word' id='word_1_492' title='bbox 1915 3306 2107 3362; x_wconf 67' lang='lat' dir='ltr'><strong>passus</strong></span> <span class='ocrx_word' id='word_1_493' title='bbox 2208 3279 2510 3343; x_wconf 82' lang='lat' dir='ltr'><strong>vinitatem,</strong></span> <span class='ocrx_word' id='word_1_494' title='bbox 2550 3280 2843 3346; x_wconf 83' lang='lat' dir='ltr'><strong>vosiume,</strong></span> <span class='ocrx_word' id='word_1_495' title='bbox 2885 3282 3013 3351; x_wconf 86' lang='lat' dir='ltr'><strong>quia</strong></span> <span class='ocrx_word' id='word_1_496' title='bbox 3059 3284 3304 3339; x_wconf 87' lang='lat' dir='ltr'><strong>membra</strong></span> <span class='ocrx_word' id='word_1_497' title='bbox 3346 3298 3470 3338; x_wconf 87' lang='lat' dir='ltr'><strong>mea</strong></span> <span class='ocrx_word' id='word_1_498' title='bbox 3510 3284 3643 3339; x_wconf 83' lang='lat' dir='ltr'><strong>estis</strong></span> <span class='ocrx_word' id='word_1_499' title='bbox 3679 3303 3690 3336; x_wconf 90' lang='lat'><strong>:</strong></span> <span class='ocrx_word' id='word_1_500' title='bbox 3732 3292 3774 3336; x_wconf 81' lang='lat' dir='ltr'><strong>et</strong></span> 
     </span>
    </p>
   </div>
   <div class='ocr_carea' id='block_1_44' title="bbox 519 3373 3773 3451">
    <p class='ocr_par' dir='ltr' id='par_1_44' title="bbox 519 3373 3773 3451">
     <span class='ocr_line' id='line_1_44' title="bbox 519 3373 3773 3451; baseline 0.002 -25"><span class='ocrx_word' id='word_1_501' title='bbox 519 3377 605 3426; x_wconf 83' lang='lat' dir='ltr'><strong>est</strong></span> <span class='ocrx_word' id='word_1_502' title='bbox 645 3385 752 3427; x_wconf 92' lang='lat' dir='ltr'><strong>non</strong></span> <span class='ocrx_word' id='word_1_503' title='bbox 793 3373 1032 3429; x_wconf 77' lang='lat' dir='ltr'><strong>ostendit</strong></span> <span class='ocrx_word' id='word_1_504' title='bbox 1078 3386 1137 3429; x_wconf 87' lang='lat' dir='ltr'><strong>se</strong></span> <span class='ocrx_word' id='word_1_505' title='bbox 1184 3374 1383 3430; x_wconf 87' lang='lat' dir='ltr'><strong>iterum</strong></span> <span class='ocrx_word' id='word_1_506' title='bbox 1429 3391 1717 3446; x_wconf 86' lang='lat' dir='ltr'><strong>passurum</strong></span> <span class='ocrx_word' id='word_1_507' title='bbox 1749 3394 1765 3433; x_wconf 94' lang='lat'><strong>:</strong></span> <span class='ocrx_word' id='word_1_508' title='bbox 1807 3396 2036 3451; x_wconf 82' lang='lat' dir='ltr'><strong>surgens</strong></span> <span class='ocrx_word' id='word_1_509' title='bbox 2073 3396 2105 3436; x_wconf 84' lang='lat' dir='ltr'><strong>a</strong></span> <span class='ocrx_word' id='word_1_510' title='bbox 2206 3389 2307 3446; x_wconf 87' lang='lat' dir='ltr'><strong>ego</strong></span> <span class='ocrx_word' id='word_1_511' title='bbox 2326 3376 2379 3430; x_wconf 91' lang='lat' dir='ltr'><strong>in</strong></span> <span class='ocrx_word' id='word_1_512' title='bbox 2406 3376 2575 3441; x_wconf 81' lang='lat' dir='ltr'><strong>vobis,</strong></span> <span class='ocrx_word' id='word_1_513' title='bbox 2606 3376 2659 3431; x_wconf 90' lang='lat' dir='ltr'><strong>id</strong></span> <span class='ocrx_word' id='word_1_514' title='bbox 2688 3384 2791 3442; x_wconf 88' lang='lat' dir='ltr'><strong>est,</strong></span> <span class='ocrx_word' id='word_1_515' title='bbox 2836 3377 2889 3433; x_wconf 92' lang='lat' dir='ltr'><strong>in</strong></span> <span class='ocrx_word' id='word_1_516' title='bbox 2921 3377 3209 3435; x_wconf 86' lang='lat' dir='ltr'><strong>dilectione</strong></span> <span class='ocrx_word' id='word_1_517' title='bbox 3228 3381 3413 3436; x_wconf 85' lang='lat' dir='ltr'><strong>cordis</strong></span> <span class='ocrx_word' id='word_1_518' title='bbox 3442 3382 3608 3437; x_wconf 82' lang='lat' dir='ltr'><strong>vestri</strong></span> <span class='ocrx_word' id='word_1_519' title='bbox 3640 3395 3773 3433; x_wconf 74' lang='lat' dir='ltr'><strong>:ma-</strong></span> 
     </span>
    </p>
   </div>
   <div class='ocr_carea' id='block_1_45' title="bbox 426 3442 2104 3533">
    <p class='ocr_par' dir='ltr' id='par_1_45' title="bbox 426 3442 2104 3533">
     <span class='ocr_line' id='line_1_45' title="bbox 426 3442 2104 3533; baseline 0.006 -16"><span class='ocrx_word' id='word_1_520' title='bbox 426 3442 433 3530; x_wconf 49' lang='grc' dir='ltr'>ξ</span> <span class='ocrx_word' id='word_1_521' title='bbox 519 3476 678 3518; x_wconf 74' lang='lat' dir='ltr'><strong>omna</strong></span> <span class='ocrx_word' id='word_1_522' title='bbox 701 3502 717 3527; x_wconf 93' lang='lat'><strong>,</strong></span> <span class='ocrx_word' id='word_1_523' title='bbox 763 3462 1002 3519; x_wconf 83' lang='lat' dir='ltr'><strong>ostendit</strong></span> <span class='ocrx_word' id='word_1_524' title='bbox 1030 3463 1339 3533; x_wconf 85' lang='lat' dir='ltr'><strong>passionem</strong></span> <span class='ocrx_word' id='word_1_525' title='bbox 1368 3478 1610 3524; x_wconf 87' lang='lat' dir='ltr'><strong>nostram</strong></span> <span class='ocrx_word' id='word_1_526' title='bbox 1650 3471 2104 3528; x_wconf 88' lang='lat' dir='ltr'><strong>resurrectionem</strong></span> 
     </span>
    </p>
   </div>
   <div class='ocr_carea' id='block_1_46' title="bbox 519 3552 2106 3627">
    <p class='ocr_par' dir='ltr' id='par_1_46' title="bbox 519 3552 2106 3627">
     <span class='ocr_line' id='line_1_46' title="bbox 519 3552 2106 3627; baseline 0.008 -20"><span class='ocrx_word' id='word_1_527' title='bbox 519 3552 637 3609; x_wconf 87' lang='lat' dir='ltr'><strong>sive</strong></span> <span class='ocrx_word' id='word_1_528' title='bbox 664 3555 1081 3611; x_wconf 89' lang='lat' dir='ltr'><strong>ascensionem:</strong></span> <span class='ocrx_word' id='word_1_529' title='bbox 1133 3557 1286 3626; x_wconf 90' lang='lat' dir='ltr'><strong>ponit</strong></span> <span class='ocrx_word' id='word_1_530' title='bbox 1326 3562 1647 3617; x_wconf 87' lang='lat' dir='ltr'><strong>vestimenta</strong></span> <span class='ocrx_word' id='word_1_531' title='bbox 1690 3579 1819 3627; x_wconf 88' lang='lat' dir='ltr'><strong>sua,</strong></span> <span class='ocrx_word' id='word_1_532' title='bbox 1869 3565 2106 3621; x_wconf 88' lang='lat' dir='ltr'><strong>ostendit</strong></span> 
     </span>
    </p>
   </div>
   <div class='ocr_carea' id='block_1_47' title="bbox 518 3642 2031 3723">
    <p class='ocr_par' dir='ltr' id='par_1_47' title="bbox 518 3642 2031 3723">
     <span class='ocr_line' id='line_1_47' title="bbox 518 3642 2031 3723; baseline 0.01 -26"><span class='ocrx_word' id='word_1_533' title='bbox 518 3642 644 3713; x_wconf 83' lang='lat' dir='ltr'><strong>quia</strong></span> <span class='ocrx_word' id='word_1_534' title='bbox 673 3644 993 3715; x_wconf 85' lang='lat' dir='ltr'><strong>deponenda</strong></span> <span class='ocrx_word' id='word_1_535' title='bbox 1020 3657 1177 3702; x_wconf 86' lang='lat' dir='ltr'><strong>erant</strong></span> <span class='ocrx_word' id='word_1_536' title='bbox 1204 3650 1521 3707; x_wconf 89' lang='lat' dir='ltr'><strong>vestimenta</strong></span> <span class='ocrx_word' id='word_1_537' title='bbox 1559 3653 1676 3723; x_wconf 88' lang='lat' dir='ltr'><strong>ejus</strong></span> <span class='ocrx_word' id='word_1_538' title='bbox 1704 3656 1770 3710; x_wconf 92' lang='lat' dir='ltr'><strong>ad</strong></span> <span class='ocrx_word' id='word_1_539' title='bbox 1792 3672 2031 3712; x_wconf 88' lang='lat' dir='ltr'><strong>crucem.</strong></span> 
     </span>
    </p>
   </div>
   <div class='ocr_carea' id='block_1_48' title="bbox 928 3772 1687 3861">
    <p class='ocr_par' dir='ltr' id='par_1_48' title="bbox 928 3772 1687 3861">
     <span class='ocr_line' id='line_1_48' title="bbox 928 3772 1687 3861; baseline 0.011 -8"><span class='ocrx_word' id='word_1_540' title='bbox 928 3796 1176 3855; x_wconf 67' lang='lat' dir='ltr'><strong>meum</strong></span> <span class='ocrx_word' id='word_1_541' title='bbox 1202 3772 1687 3861; x_wconf 68' lang='grc' dir='ltr'><strong>εΑῬιτυιΑτιο.</strong></span> 
     </span>
    </p>
   </div>
   <div class='ocr_carea' id='block_1_49' title="bbox 587 3926 2104 4005">
    <p class='ocr_par' dir='ltr' id='par_1_49' title="bbox 587 3926 2104 4005">
     <span class='ocr_line' id='line_1_49' title="bbox 587 3926 2104 4005; baseline 0.014 -26"><span class='ocrx_word' id='word_1_542' title='bbox 587 3926 861 3997; x_wconf 76' lang='lat' dir='ltr'><strong>Accipiens</strong></span> <span class='ocrx_word' id='word_1_543' title='bbox 889 3928 1106 3985; x_wconf 85' lang='lat' dir='ltr'><strong>linteum</strong></span> <span class='ocrx_word' id='word_1_544' title='bbox 1130 3941 1180 3986; x_wconf 85' lang='lat' dir='ltr'><strong>et</strong></span> <span class='ocrx_word' id='word_1_545' title='bbox 1203 3935 1478 4004; x_wconf 68' lang='lat' dir='ltr'><strong>prwcinmit</strong></span> <span class='ocrx_word' id='word_1_546' title='bbox 1505 3952 1559 3992; x_wconf 78' lang='lat' dir='ltr'><strong>se</strong></span> <span class='ocrx_word' id='word_1_547' title='bbox 1580 3937 1762 4005; x_wconf 84' lang='lat' dir='ltr'><strong>linteo,</strong></span> <span class='ocrx_word' id='word_1_548' title='bbox 1786 3942 1839 3997; x_wconf 91' lang='lat' dir='ltr'><strong>id</strong></span> <span class='ocrx_word' id='word_1_549' title='bbox 1860 3952 1938 3998; x_wconf 88' lang='lat' dir='ltr'><strong>est</strong></span> <span class='ocrx_word' id='word_1_550' title='bbox 1967 3960 2104 4000; x_wconf 88' lang='lat' dir='ltr'><strong>mor-</strong></span> 
     </span>
    </p>
   </div>
   <div class='ocr_carea' id='block_1_50' title="bbox 516 4014 2103 4099">
    <p class='ocr_par' dir='ltr' id='par_1_50' title="bbox 516 4014 2103 4099">
     <span class='ocr_line' id='line_1_50' title="bbox 516 4014 2103 4099; baseline 0.013 -30"><span class='ocrx_word' id='word_1_551' title='bbox 516 4014 745 4072; x_wconf 77' lang='lat' dir='ltr'><strong>tificatio</strong></span> <span class='ocrx_word' id='word_1_552' title='bbox 789 4018 1001 4080; x_wconf 76' lang='lat' dir='ltr'><strong>ipsius:</strong></span> <span class='ocrx_word' id='word_1_553' title='bbox 1034 4021 1207 4079; x_wconf 87' lang='lat' dir='ltr'><strong>mittit</strong></span> <span class='ocrx_word' id='word_1_554' title='bbox 1256 4039 1451 4094; x_wconf 76' lang='lat' dir='ltr'><strong>aquam</strong></span> <span class='ocrx_word' id='word_1_555' title='bbox 1501 4027 1553 4081; x_wconf 89' lang='lat' dir='ltr'><strong>in</strong></span> <span class='ocrx_word' id='word_1_556' title='bbox 1590 4026 1814 4099; x_wconf 82' lang='lat' dir='ltr'><strong>pelvim,</strong></span> <span class='ocrx_word' id='word_1_557' title='bbox 1866 4035 2103 4089; x_wconf 87' lang='lat' dir='ltr'><strong>ostendit</strong></span> 
     </span>
    </p>
   </div>
   <div class='ocr_carea' id='block_1_51' title="bbox 512 4107 2100 4192">
    <p class='ocr_par' dir='ltr' id='par_1_51' title="bbox 512 4107 2100 4192">
     <span class='ocr_line' id='line_1_51' title="bbox 512 4107 2100 4192; baseline 0.014 -34"><span class='ocrx_word' id='word_1_558' title='bbox 512 4107 744 4177; x_wconf 87' lang='lat' dir='ltr'><strong>gratiam</strong></span> <span class='ocrx_word' id='word_1_559' title='bbox 779 4108 1074 4178; x_wconf 83' lang='lat' dir='ltr'><strong>baptismi:</strong></span> <span class='ocrx_word' id='word_1_560' title='bbox 1112 4114 1274 4184; x_wconf 74' lang='lat' dir='ltr'><strong>cmpit</strong></span> <span class='ocrx_word' id='word_1_561' title='bbox 1306 4115 1487 4173; x_wconf 87' lang='lat' dir='ltr'><strong>lavare</strong></span> <span class='ocrx_word' id='word_1_562' title='bbox 1522 4121 1689 4189; x_wconf 82' lang='lat' dir='ltr'><strong>pedes</strong></span> <span class='ocrx_word' id='word_1_563' title='bbox 1715 4123 2100 4192; x_wconf 84' lang='lat' dir='ltr'><strong>discipulorum</strong></span> 
     </span>
    </p>
   </div>
   <div class='ocr_carea' id='block_1_52' title="bbox 509 4206 2098 4285">
    <p class='ocr_par' dir='ltr' id='par_1_52' title="bbox 509 4206 2098 4285">
     <span class='ocr_line' id='line_1_52' title="bbox 509 4206 2098 4285; baseline 0.011 -30"><span class='ocrx_word' id='word_1_564' title='bbox 509 4214 731 4255; x_wconf 88' lang='lat' dir='ltr'><strong>suorum</strong></span> <span class='ocrx_word' id='word_1_565' title='bbox 757 4212 813 4256; x_wconf 89' lang='lat' dir='ltr'><strong>et</strong></span> <span class='ocrx_word' id='word_1_566' title='bbox 840 4211 1122 4276; x_wconf 77' lang='lat' dir='ltr'><strong>extergere</strong></span> <span class='ocrx_word' id='word_1_567' title='bbox 1156 4206 1354 4273; x_wconf 89' lang='lat' dir='ltr'><strong>linteo,</strong></span> <span class='ocrx_word' id='word_1_568' title='bbox 1386 4225 1488 4279; x_wconf 90' lang='lat' dir='ltr'><strong>per</strong></span> <span class='ocrx_word' id='word_1_569' title='bbox 1531 4212 1857 4269; x_wconf 76' lang='lat' dir='ltr'><strong>lavationem</strong></span> <span class='ocrx_word' id='word_1_570' title='bbox 1904 4219 2098 4285; x_wconf 76' lang='lat' dir='ltr'><strong>pedum</strong></span> 
     </span>
    </p>
   </div>
   <div class='ocr_carea' id='block_1_53' title="bbox 508 4288 2098 4371">
    <p class='ocr_par' dir='ltr' id='par_1_53' title="bbox 508 4288 2098 4371">
     <span class='ocr_line' id='line_1_53' title="bbox 508 4288 2098 4371; baseline 0.011 -26"><span class='ocrx_word' id='word_1_571' title='bbox 508 4288 839 4360; x_wconf 83' lang='lat' dir='ltr'><strong>baptismum</strong></span> <span class='ocrx_word' id='word_1_572' title='bbox 861 4293 1231 4363; x_wconf 88' lang='lat' dir='ltr'><strong>apostolorum</strong></span> <span class='ocrx_word' id='word_1_573' title='bbox 1255 4297 1592 4369; x_wconf 86' lang='lat' dir='ltr'><strong>intelligitur,</strong></span> <span class='ocrx_word' id='word_1_574' title='bbox 1616 4317 1715 4371; x_wconf 84' lang='lat' dir='ltr'><strong>per</strong></span> <span class='ocrx_word' id='word_1_575' title='bbox 1734 4305 2098 4362; x_wconf 82' lang='lat' dir='ltr'><strong>extersioncm</strong></span> 
     </span>
    </p>
   </div>
   <div class='ocr_carea' id='block_1_54' title="bbox 506 4380 2096 4457">
    <p class='ocr_par' dir='ltr' id='par_1_54' title="bbox 506 4380 2096 4457">
     <span class='ocr_line' id='line_1_54' title="bbox 506 4380 2096 4457; baseline 0.011 -22"><span class='ocrx_word' id='word_1_576' title='bbox 506 4380 662 4448; x_wconf 72' lang='lat' dir='ltr'><strong>lintei</strong></span> <span class='ocrx_word' id='word_1_577' title='bbox 710 4386 947 4441; x_wconf 86' lang='lat' dir='ltr'><strong>ostendit</strong></span> <span class='ocrx_word' id='word_1_578' title='bbox 982 4401 1094 4456; x_wconf 89' lang='lat' dir='ltr'><strong>per</strong></span> <span class='ocrx_word' id='word_1_579' title='bbox 1138 4380 1445 4457; x_wconf 78' lang='lat' dir='ltr'><strong>passionem</strong></span> <span class='ocrx_word' id='word_1_580' title='bbox 1488 4391 1690 4448; x_wconf 86' lang='lat' dir='ltr'><strong>Christi</strong></span> <span class='ocrx_word' id='word_1_581' title='bbox 1735 4399 2096 4453; x_wconf 78' lang='lat' dir='ltr'><strong>extersionem</strong></span> 
     </span>
    </p>
   </div>
   <div class='ocr_carea' id='block_1_55' title="bbox 500 4477 2093 4556">
    <p class='ocr_par' dir='ltr' id='par_1_55' title="bbox 500 4477 2093 4556">
     <span class='ocr_line' id='line_1_55' title="bbox 500 4477 2093 4556; baseline 0.011 -30"><span class='ocrx_word' id='word_1_582' title='bbox 500 4480 899 4542; x_wconf 86' lang='lat' dir='ltr'><strong>peccatorum:</strong></span> <span class='ocrx_word' id='word_1_583' title='bbox 934 4491 1039 4531; x_wconf 91' lang='lat' dir='ltr'><strong>non</strong></span> <span class='ocrx_word' id='word_1_584' title='bbox 1080 4477 1287 4534; x_wconf 87' lang='lat' dir='ltr'><strong>lavabis</strong></span> <span class='ocrx_word' id='word_1_585' title='bbox 1333 4480 1498 4549; x_wconf 88' lang='lat' dir='ltr'><strong>pedes</strong></span> <span class='ocrx_word' id='word_1_586' title='bbox 1527 4482 1659 4540; x_wconf 87' lang='lat' dir='ltr'><strong>mihi</strong></span> <span class='ocrx_word' id='word_1_587' title='bbox 1689 4485 1759 4539; x_wconf 84' lang='lat' dir='ltr'><strong>~in</strong></span> <span class='ocrx_word' id='word_1_588' title='bbox 1800 4495 2093 4556; x_wconf 79' lang='lat' dir='ltr'><strong>aeternum,</strong></span> 
     </span>
    </p>
   </div>
   <div class='ocr_carea' id='block_1_56' title="bbox 504 4568 2092 4642">
    <p class='ocr_par' dir='ltr' id='par_1_56' title="bbox 504 4568 2092 4642">
     <span class='ocr_line' id='line_1_56' title="bbox 504 4568 2092 4642; baseline 0.011 -25"><span class='ocrx_word' id='word_1_589' title='bbox 504 4577 706 4632; x_wconf 79' lang='lat' dir='ltr'><strong>pavore</strong></span> <span class='ocrx_word' id='word_1_590' title='bbox 734 4568 1053 4634; x_wconf 84' lang='lat' dir='ltr'><strong>perterritus</strong></span> <span class='ocrx_word' id='word_1_591' title='bbox 1075 4568 1288 4624; x_wconf 87' lang='lat' dir='ltr'><strong>dicebat</strong></span> <span class='ocrx_word' id='word_1_592' title='bbox 1310 4570 1412 4626; x_wconf 92' lang='lat' dir='ltr'><strong>hoc</strong></span> <span class='ocrx_word' id='word_1_593' title='bbox 1437 4591 1451 4627; x_wconf 92' lang='lat'><strong>:</strong></span> <span class='ocrx_word' id='word_1_594' title='bbox 1484 4574 1529 4629; x_wconf 94' lang='lat' dir='ltr'><strong>si</strong></span> <span class='ocrx_word' id='word_1_595' title='bbox 1559 4589 1666 4628; x_wconf 91' lang='lat' dir='ltr'><strong>non</strong></span> <span class='ocrx_word' id='word_1_596' title='bbox 1694 4575 1875 4633; x_wconf 81' lang='lat' dir='ltr'><strong>lavem</strong></span> <span class='ocrx_word' id='word_1_597' title='bbox 1897 4588 1966 4642; x_wconf 88' lang='lat' dir='ltr'><strong>te,</strong></span> <span class='ocrx_word' id='word_1_598' title='bbox 1985 4595 2092 4635; x_wconf 91' lang='lat' dir='ltr'><strong>non</strong></span> 
     </span>
    </p>
   </div>
   <div class='ocr_carea' id='block_1_57' title="bbox 504 4654 2092 4735">
    <p class='ocr_par' dir='ltr' id='par_1_57' title="bbox 504 4654 2092 4735">
     <span class='ocr_line' id='line_1_57' title="bbox 504 4654 2092 4735; baseline 0.011 -25"><span class='ocrx_word' id='word_1_599' title='bbox 504 4654 731 4713; x_wconf 86' lang='lat' dir='ltr'><strong>habebis</strong></span> <span class='ocrx_word' id='word_1_600' title='bbox 756 4666 967 4728; x_wconf 82' lang='lat' dir='ltr'><strong>partem</strong></span> <span class='ocrx_word' id='word_1_601' title='bbox 996 4675 1229 4727; x_wconf 88' lang='lat' dir='ltr'><strong>mecum,</strong></span> <span class='ocrx_word' id='word_1_602' title='bbox 1258 4663 1497 4719; x_wconf 90' lang='lat' dir='ltr'><strong>ostendit</strong></span> <span class='ocrx_word' id='word_1_603' title='bbox 1525 4667 1615 4735; x_wconf 83' lang='lat' dir='ltr'><strong>qui</strong></span> <span class='ocrx_word' id='word_1_604' title='bbox 1642 4681 1748 4722; x_wconf 90' lang='lat' dir='ltr'><strong>non</strong></span> <span class='ocrx_word' id='word_1_605' title='bbox 1778 4669 2092 4727; x_wconf 46' lang='lat' dir='ltr'><strong>est&#39;lavatus</strong></span> 
     </span>
    </p>
   </div>
   <div class='ocr_carea' id='block_1_58' title="bbox 503 4736 2089 4826">
    <p class='ocr_par' dir='ltr' id='par_1_58' title="bbox 503 4736 2089 4826">
     <span class='ocr_line' id='line_1_58' title="bbox 503 4736 2089 4826; baseline 0.012 -27"><span class='ocrx_word' id='word_1_606' title='bbox 503 4759 604 4814; x_wconf 90' lang='lat' dir='ltr'><strong>per</strong></span> <span class='ocrx_word' id='word_1_607' title='bbox 632 4746 956 4817; x_wconf 88' lang='lat' dir='ltr'><strong>baptismum</strong></span> <span class='ocrx_word' id='word_1_608' title='bbox 996 4760 1051 4805; x_wconf 89' lang='lat' dir='ltr'><strong>et</strong></span> <span class='ocrx_word' id='word_1_609' title='bbox 1072 4766 1176 4821; x_wconf 90' lang='lat' dir='ltr'><strong>per</strong></span> <span class='ocrx_word' id='word_1_610' title='bbox 1195 4736 1589 4811; x_wconf 69' lang='lat' dir='ltr'><strong>confessionem</strong></span> <span class='ocrx_word' id='word_1_611' title='bbox 1619 4758 1951 4826; x_wconf 80' lang='lat' dir='ltr'><strong>poenitentiae</strong></span> <span class='ocrx_word' id='word_1_612' title='bbox 1980 4778 2089 4817; x_wconf 93' lang='lat' dir='ltr'><strong>non</strong></span> 
     </span>
    </p>
   </div>
   <div class='ocr_carea' id='block_1_59' title="bbox 504 4834 2088 4918">
    <p class='ocr_par' dir='ltr' id='par_1_59' title="bbox 504 4834 2088 4918">
     <span class='ocr_line' id='line_1_59' title="bbox 504 4834 2088 4918; baseline 0.013 -31"><span class='ocrx_word' id='word_1_613' title='bbox 504 4834 961 4905; x_wconf 87' lang='lat' dir='ltr'><strong>babebitpartem</strong></span> <span class='ocrx_word' id='word_1_614' title='bbox 994 4842 1136 4910; x_wconf 89' lang='lat' dir='ltr'><strong>apud</strong></span> <span class='ocrx_word' id='word_1_615' title='bbox 1174 4842 1492 4899; x_wconf 91' lang='lat' dir='ltr'><strong>Dominum:</strong></span> <span class='ocrx_word' id='word_1_616' title='bbox 1520 4848 1729 4918; x_wconf 87' lang='lat' dir='ltr'><strong>accepit</strong></span> <span class='ocrx_word' id='word_1_617' title='bbox 1768 4850 2088 4908; x_wconf 82' lang='lat' dir='ltr'><strong>vestimenta</strong></span> 
     </span>
    </p>
   </div>
   <div class='ocr_carea' id='block_1_60' title="bbox 504 4925 2086 5003">
    <p class='ocr_par' dir='ltr' id='par_1_60' title="bbox 504 4925 2086 5003">
     <span class='ocr_line' id='line_1_60' title="bbox 504 4925 2086 5003; baseline 0.014 -26"><span class='ocrx_word' id='word_1_618' title='bbox 504 4937 626 4989; x_wconf 89' lang='lat' dir='ltr'><strong>sua,</strong></span> <span class='ocrx_word' id='word_1_619' title='bbox 654 4925 849 4981; x_wconf 89' lang='lat' dir='ltr'><strong>iterum</strong></span> <span class='ocrx_word' id='word_1_620' title='bbox 879 4932 1185 4986; x_wconf 87' lang='lat' dir='ltr'><strong>ostenditur</strong></span> <span class='ocrx_word' id='word_1_621' title='bbox 1216 4936 1358 5003; x_wconf 89' lang='lat' dir='ltr'><strong>quod</strong></span> <span class='ocrx_word' id='word_1_622' title='bbox 1379 4946 1681 4993; x_wconf 82' lang='lat' dir='ltr'><strong>revertetur</strong></span> <span class='ocrx_word' id='word_1_623' title='bbox 1706 4940 1773 4994; x_wconf 92' lang='lat' dir='ltr'><strong>ad</strong></span> <span class='ocrx_word' id='word_1_624' title='bbox 1798 4938 2011 4998; x_wconf 81' lang='lat' dir='ltr'><strong>Judaeos</strong></span> <span class='ocrx_word' id='word_1_625' title='bbox 2030 4944 2086 4999; x_wconf 93' lang='lat' dir='ltr'><strong>in</strong></span> 
     </span>
    </p>
   </div>
   <div class='ocr_carea' id='block_1_61' title="bbox 492 5014 2097 5097">
    <p class='ocr_par' dir='ltr' id='par_1_61' title="bbox 492 5014 2097 5097">
     <span class='ocr_line' id='line_1_61' title="bbox 492 5014 2097 5097; baseline 0.015 -31"><span class='ocrx_word' id='word_1_626' title='bbox 492 5014 669 5068; x_wconf 70' lang='lat' dir='ltr'><strong>«tinem</strong></span> <span class='ocrx_word' id='word_1_627' title='bbox 713 5020 896 5073; x_wconf 89' lang='lat' dir='ltr'><strong>mundi</strong></span> <span class='ocrx_word' id='word_1_628' title='bbox 923 5037 937 5074; x_wconf 90' lang='lat'><strong>:</strong></span> <span class='ocrx_word' id='word_1_629' title='bbox 974 5037 1082 5076; x_wconf 90' lang='lat' dir='ltr'><strong>non</strong></span> <span class='ocrx_word' id='word_1_630' title='bbox 1107 5032 1191 5078; x_wconf 90' lang='lat' dir='ltr'><strong>est</strong></span> <span class='ocrx_word' id='word_1_631' title='bbox 1229 5040 1385 5081; x_wconf 88' lang='lat' dir='ltr'><strong>servo</strong></span> <span class='ocrx_word' id='word_1_632' title='bbox 1413 5026 1588 5097; x_wconf 83' lang='lat' dir='ltr'><strong>major</strong></span> <span class='ocrx_word' id='word_1_633' title='bbox 1615 5029 1833 5086; x_wconf 87' lang='lat' dir='ltr'><strong>domino</strong></span> <span class='ocrx_word' id='word_1_634' title='bbox 1872 5046 1970 5088; x_wconf 89' lang='lat' dir='ltr'><strong>suo</strong></span> <span class='ocrx_word' id='word_1_635' title='bbox 1997 5049 2097 5090; x_wconf 91' lang='lat' dir='ltr'><strong>ne-</strong></span> 
     </span>
    </p>
   </div>
   <div class='ocr_carea' id='block_1_62' title="bbox 493 5103 2095 5194">
    <p class='ocr_par' dir='ltr' id='par_1_62' title="bbox 493 5103 2095 5194">
     <span class='ocr_line' id='line_1_62' title="bbox 493 5103 2095 5194; baseline 0.014 -37"><span class='ocrx_word' id='word_1_636' title='bbox 493 5117 611 5173; x_wconf 83' lang='lat' dir='ltr'><strong>que</strong></span> <span class='ocrx_word' id='word_1_637' title='bbox 633 5103 920 5174; x_wconf 85' lang='lat' dir='ltr'><strong>Apostolus</strong></span> <span class='ocrx_word' id='word_1_638' title='bbox 952 5125 1017 5165; x_wconf 91' lang='lat' dir='ltr'><strong>eo</strong></span> <span class='ocrx_word' id='word_1_639' title='bbox 1047 5113 1223 5183; x_wconf 90' lang='lat' dir='ltr'><strong>major</strong></span> <span class='ocrx_word' id='word_1_640' title='bbox 1243 5114 1337 5183; x_wconf 88' lang='lat' dir='ltr'><strong>qui</strong></span> <span class='ocrx_word' id='word_1_641' title='bbox 1364 5116 1513 5171; x_wconf 90' lang='lat' dir='ltr'><strong>misit</strong></span> <span class='ocrx_word' id='word_1_642' title='bbox 1540 5117 1712 5185; x_wconf 92' lang='lat' dir='ltr'><strong>illum,</strong></span> <span class='ocrx_word' id='word_1_643' title='bbox 1742 5119 1793 5174; x_wconf 92' lang='lat' dir='ltr'><strong>id</strong></span> <span class='ocrx_word' id='word_1_644' title='bbox 1818 5131 1900 5175; x_wconf 85' lang='lat' dir='ltr'><strong>est</strong></span> <span class='ocrx_word' id='word_1_645' title='bbox 1926 5122 1971 5177; x_wconf 89' lang='lat' dir='ltr'><strong>si</strong></span> <span class='ocrx_word' id='word_1_646' title='bbox 1993 5138 2095 5194; x_wconf 85' lang='lat' dir='ltr'><strong>ego</strong></span> 
     </span>
    </p>
   </div>
   <div class='ocr_carea' id='block_1_63' title="bbox 498 5193 2093 5284">
    <p class='ocr_par' dir='ltr' id='par_1_63' title="bbox 498 5193 2093 5284">
     <span class='ocr_line' id='line_1_63' title="bbox 498 5193 2093 5284; baseline 0.014 -37"><span class='ocrx_word' id='word_1_647' title='bbox 498 5193 681 5267; x_wconf 75' lang='lat' dir='ltr'><strong>patior</strong></span> <span class='ocrx_word' id='word_1_648' title='bbox 700 5204 755 5249; x_wconf 91' lang='lat' dir='ltr'><strong>et</strong></span> <span class='ocrx_word' id='word_1_649' title='bbox 778 5210 875 5251; x_wconf 92' lang='lat' dir='ltr'><strong>vos</strong></span> <span class='ocrx_word' id='word_1_650' title='bbox 898 5200 1163 5266; x_wconf 88' lang='lat' dir='ltr'><strong>patimini.</strong></span> <span class='ocrx_word' id='word_1_651' title='bbox 1186 5202 1358 5260; x_wconf 86' lang='lat' dir='ltr'><strong>Aliter</strong></span> <span class='ocrx_word' id='word_1_652' title='bbox 1379 5206 1424 5261; x_wconf 87' lang='lat' dir='ltr'><strong>si</strong></span> <span class='ocrx_word' id='word_1_653' title='bbox 1444 5221 1547 5277; x_wconf 86' lang='lat' dir='ltr'><strong>ego</strong></span> <span class='ocrx_word' id='word_1_654' title='bbox 1566 5224 1654 5264; x_wconf 88' lang='lat' dir='ltr'><strong>me</strong></span> <span class='ocrx_word' id='word_1_655' title='bbox 1678 5210 1901 5267; x_wconf 89' lang='lat' dir='ltr'><strong>humilio</strong></span> <span class='ocrx_word' id='word_1_656' title='bbox 1919 5193 2093 5284; x_wconf 87' lang='lat' dir='ltr'><strong>usque</strong></span> 
     </span>
    </p>
   </div>
   <div class='ocr_carea' id='block_1_64' title="bbox 499 5283 2085 5362">
    <p class='ocr_par' dir='ltr' id='par_1_64' title="bbox 499 5283 2085 5362">
     <span class='ocr_line' id='line_1_64' title="bbox 499 5283 2085 5362; baseline 0.013 -21"><span class='ocrx_word' id='word_1_657' title='bbox 499 5283 573 5341; x_wconf 78' lang='lat' dir='ltr'><strong>ad</strong></span> <span class='ocrx_word' id='word_1_658' title='bbox 599 5285 826 5357; x_wconf 86' lang='lat' dir='ltr'><strong>vestigia</strong></span> <span class='ocrx_word' id='word_1_659' title='bbox 847 5297 1052 5356; x_wconf 83' lang='lat' dir='ltr'><strong>vestra,</strong></span> <span class='ocrx_word' id='word_1_660' title='bbox 1082 5293 1153 5348; x_wconf 90' lang='lat' dir='ltr'><strong>ita</strong></span> <span class='ocrx_word' id='word_1_661' title='bbox 1179 5304 1234 5349; x_wconf 91' lang='lat' dir='ltr'><strong>et</strong></span> <span class='ocrx_word' id='word_1_662' title='bbox 1262 5311 1359 5352; x_wconf 89' lang='lat' dir='ltr'><strong>vos</strong></span> <span class='ocrx_word' id='word_1_663' title='bbox 1384 5298 1668 5357; x_wconf 85' lang='lat' dir='ltr'><strong>humiliate</strong></span> <span class='ocrx_word' id='word_1_664' title='bbox 1690 5316 1786 5357; x_wconf 88' lang='lat' dir='ltr'><strong>vos</strong></span> <span class='ocrx_word' id='word_1_665' title='bbox 1807 5283 2085 5362; x_wconf 86' lang='lat' dir='ltr'><strong>omnibus:</strong></span> 
     </span>
    </p>
   </div>
   <div class='ocr_carea' id='block_1_65' title="bbox 495 5373 2080 5453">
    <p class='ocr_par' dir='ltr' id='par_1_65' title="bbox 495 5373 2080 5453">
     <span class='ocr_line' id='line_1_65' title="bbox 495 5373 2080 5453; baseline 0.015 -24"><span class='ocrx_word' id='word_1_666' title='bbox 495 5373 699 5432; x_wconf 78' lang='lat' dir='ltr'><strong>levabit</strong></span> <span class='ocrx_word' id='word_1_667' title='bbox 729 5385 919 5432; x_wconf 88' lang='lat' dir='ltr'><strong>contra</strong></span> <span class='ocrx_word' id='word_1_668' title='bbox 959 5395 1045 5436; x_wconf 82' lang='lat' dir='ltr'><strong>me</strong></span> <span class='ocrx_word' id='word_1_669' title='bbox 1070 5383 1413 5453; x_wconf 87' lang='lat' dir='ltr'><strong>calcanenm,</strong></span> <span class='ocrx_word' id='word_1_670' title='bbox 1445 5387 1501 5444; x_wconf 94' lang='lat' dir='ltr'><strong>id</strong></span> <span class='ocrx_word' id='word_1_671' title='bbox 1524 5388 1610 5446; x_wconf 84' lang='lat' dir='ltr'><strong>est</strong></span> <span class='ocrx_word' id='word_1_672' title='bbox 1635 5390 1946 5449; x_wconf 85' lang='lat' dir='ltr'><strong>calcaneum</strong></span> <span class='ocrx_word' id='word_1_673' title='bbox 1984 5411 2080 5453; x_wconf 86' lang='lat' dir='ltr'><strong>ex-</strong></span> 
     </span>
    </p>
   </div>
   <div class='ocr_carea' id='block_1_66' title="bbox 450 5470 1205 5537">
    <p class='ocr_par' dir='ltr' id='par_1_66' title="bbox 450 5470 1205 5537">
     <span class='ocr_line' id='line_1_66' title="bbox 450 5470 1205 5537; baseline 0.007 -13"><span class='ocrx_word' id='word_1_674' title='bbox 450 5526 455 5529; x_wconf 45' lang='grc'><em>.</em></span> <span class='ocrx_word' id='word_1_675' title='bbox 492 5471 668 5525; x_wconf 73' lang='lat' dir='ltr'><strong>trama</strong></span> <span class='ocrx_word' id='word_1_676' title='bbox 696 5481 824 5537; x_wconf 89' lang='lat' dir='ltr'><strong>pars</strong></span> <span class='ocrx_word' id='word_1_677' title='bbox 850 5470 1078 5526; x_wconf 89' lang='lat' dir='ltr'><strong>membri</strong></span> <span class='ocrx_word' id='word_1_678' title='bbox 1101 5481 1205 5529; x_wconf 88' lang='grc' dir='ltr'>εει.</span> 
     </span>
    </p>
   </div>
   <div class='ocr_carea' id='block_1_67' title="bbox 562 5554 2073 5645">
    <p class='ocr_par' dir='ltr' id='par_1_67' title="bbox 562 5554 2073 5645">
     <span class='ocr_line' id='line_1_67' title="bbox 562 5554 2073 5645; baseline 0.013 -32"><span class='ocrx_word' id='word_1_679' title='bbox 562 5554 632 5613; x_wconf 84' lang='grc' dir='ltr'>Ει</span> <span class='ocrx_word' id='word_1_680' title='bbox 657 5574 752 5628; x_wconf 85' lang='lat' dir='ltr'><strong>per</strong></span> <span class='ocrx_word' id='word_1_681' title='bbox 782 5558 1037 5615; x_wconf 80' lang='lat' dir='ltr'><strong>bucellam</strong></span> <span class='ocrx_word' id='word_1_682' title='bbox 1067 5563 1295 5620; x_wconf 78' lang='lat' dir='ltr'><strong>introivit</strong></span> <span class='ocrx_word' id='word_1_683' title='bbox 1333 5567 1389 5622; x_wconf 85' lang='lat' dir='ltr'><strong>in</strong></span> <span class='ocrx_word' id='word_1_684' title='bbox 1414 5584 1535 5623; x_wconf 84' lang='lat' dir='ltr'><strong>eum</strong></span> <span class='ocrx_word' id='word_1_685' title='bbox 1569 5569 1832 5641; x_wconf 76' lang='lat' dir='ltr'><strong>Satanas,</strong></span> <span class='ocrx_word' id='word_1_686' title='bbox 1870 5575 1926 5632; x_wconf 87' lang='lat' dir='ltr'><strong>id</strong></span> <span class='ocrx_word' id='word_1_687' title='bbox 1954 5584 2073 5645; x_wconf 86' lang='lat' dir='ltr'><strong>est,</strong></span> 
     </span>
    </p>
   </div>
   <div class='ocr_carea' id='block_1_68' title="bbox 489 5647 2073 5737">
    <p class='ocr_par' dir='ltr' id='par_1_68' title="bbox 489 5647 2073 5737">
     <span class='ocr_line' id='line_1_68' title="bbox 489 5647 2073 5737; baseline 0.015 -35"><span class='ocrx_word' id='word_1_688' title='bbox 489 5647 632 5703; x_wconf 87' lang='lat' dir='ltr'><strong>sicut</strong></span> <span class='ocrx_word' id='word_1_689' title='bbox 656 5647 946 5719; x_wconf 82' lang='lat' dir='ltr'><strong>Apostolus</strong></span> <span class='ocrx_word' id='word_1_690' title='bbox 986 5654 1097 5721; x_wconf 90' lang='lat' dir='ltr'><strong>ait,</strong></span> <span class='ocrx_word' id='word_1_691' title='bbox 1125 5654 1216 5726; x_wconf 91' lang='lat' dir='ltr'><strong>qui</strong></span> <span class='ocrx_word' id='word_1_692' title='bbox 1244 5656 1461 5730; x_wconf 90' lang='lat' dir='ltr'><strong>indigne</strong></span> <span class='ocrx_word' id='word_1_693' title='bbox 1488 5663 1685 5734; x_wconf 88' lang='lat' dir='ltr'><strong>accipit</strong></span> <span class='ocrx_word' id='word_1_694' title='bbox 1730 5680 1928 5737; x_wconf 86' lang='lat' dir='ltr'><strong>corpus</strong></span> <span class='ocrx_word' id='word_1_695' title='bbox 1967 5667 2073 5725; x_wconf 93' lang='lat' dir='ltr'><strong>Do-</strong></span> 
     </span>
    </p>
   </div>
   <div class='ocr_carea' id='block_1_69' title="bbox 488 5737 2065 5817">
    <p class='ocr_par' dir='ltr' id='par_1_69' title="bbox 488 5737 2065 5817">
     <span class='ocr_line' id='line_1_69' title="bbox 488 5737 2065 5817; baseline 0.013 -22"><span class='ocrx_word' id='word_1_696' title='bbox 488 5737 644 5802; x_wconf 75' lang='lat' dir='ltr'><strong>mini.</strong></span> <span class='ocrx_word' id='word_1_697' title='bbox 666 5747 721 5796; x_wconf 84' lang='lat' dir='ltr'><strong>et</strong></span> <span class='ocrx_word' id='word_1_698' title='bbox 745 5745 1062 5816; x_wconf 83' lang='lat' dir='ltr'><strong>sanguinem</strong></span> <span class='ocrx_word' id='word_1_699' title='bbox 1082 5744 1490 5817; x_wconf 80' lang='lat' dir='ltr'><strong>ejus,judiciu‘m</strong></span> <span class='ocrx_word' id='word_1_700' title='bbox 1514 5755 1806 5812; x_wconf 88' lang='lat' dir='ltr'><strong>manducat</strong></span> <span class='ocrx_word' id='word_1_701' title='bbox 1823 5766 1879 5812; x_wconf 91' lang='lat' dir='ltr'><strong>et</strong></span> <span class='ocrx_word' id='word_1_702' title='bbox 1898 5759 2065 5815; x_wconf 72' lang='lat' dir='ltr'><strong>bibit:</strong></span> 
     </span>
    </p>
   </div>
   <div class='ocr_carea' id='block_1_70' title="bbox 2205 3469 3776 3542">
    <p class='ocr_par' dir='ltr' id='par_1_70' title="bbox 2205 3469 3776 3542">
     <span class='ocr_line' id='line_1_70' title="bbox 2205 3469 3776 3542; baseline 0.005 -19"><span class='ocrx_word' id='word_1_703' title='bbox 2205 3469 2476 3526; x_wconf 83' lang='lat' dir='ltr'><strong>nifestabo</strong></span> <span class='ocrx_word' id='word_1_704' title='bbox 2493 3471 2542 3526; x_wconf 89' lang='lat' dir='ltr'><strong>ei</strong></span> <span class='ocrx_word' id='word_1_705' title='bbox 2582 3473 2862 3542; x_wconf 86' lang='lat' dir='ltr'><strong>meipsum,</strong></span> <span class='ocrx_word' id='word_1_706' title='bbox 2908 3474 2960 3529; x_wconf 91' lang='lat' dir='ltr'><strong>id</strong></span> <span class='ocrx_word' id='word_1_707' title='bbox 3000 3482 3105 3540; x_wconf 87' lang='lat' dir='ltr'><strong>est,</strong></span> <span class='ocrx_word' id='word_1_708' title='bbox 3159 3475 3451 3532; x_wconf 88' lang='lat' dir='ltr'><strong>credentes</strong></span> <span class='ocrx_word' id='word_1_709' title='bbox 3509 3478 3569 3532; x_wconf 90' lang='lat' dir='ltr'><strong>in</strong></span> <span class='ocrx_word' id='word_1_710' title='bbox 3605 3478 3776 3532; x_wconf 78' lang='lat' dir='ltr'><strong>divini-</strong></span> 
     </span>
    </p>
   </div>
   <div class='ocr_carea' id='block_1_71' title="bbox 2209 3565 3777 3638">
    <p class='ocr_par' dir='ltr' id='par_1_71' title="bbox 2209 3565 3777 3638">
     <span class='ocr_line' id='line_1_71' title="bbox 2209 3565 3777 3638; baseline 0.004 -24"><span class='ocrx_word' id='word_1_711' title='bbox 2209 3570 2400 3624; x_wconf 83' lang='lat' dir='ltr'><strong>tatem,</strong></span> <span class='ocrx_word' id='word_1_712' title='bbox 2448 3565 2794 3619; x_wconf 84' lang='lat' dir='ltr'><strong>mansionem</strong></span> <span class='ocrx_word' id='word_1_713' title='bbox 2826 3567 2966 3635; x_wconf 90' lang='lat' dir='ltr'><strong>apud</strong></span> <span class='ocrx_word' id='word_1_714' title='bbox 2995 3581 3120 3622; x_wconf 90' lang='lat' dir='ltr'><strong>eum</strong></span> <span class='ocrx_word' id='word_1_715' title='bbox 3169 3567 3441 3623; x_wconf 83' lang='lat' dir='ltr'><strong>faciemus</strong></span> <span class='ocrx_word' id='word_1_716' title='bbox 3484 3569 3630 3624; x_wconf 88' lang='lat' dir='ltr'><strong>sicut</strong></span> <span class='ocrx_word' id='word_1_717' title='bbox 3680 3570 3777 3638; x_wconf 74' lang='lat' dir='ltr'><strong>ipse</strong></span> 
     </span>
    </p>
   </div>
   <div class='ocr_carea' id='block_1_72' title="bbox 2205 3653 3777 3727">
    <p class='ocr_par' dir='ltr' id='par_1_72' title="bbox 2205 3653 3777 3727">
     <span class='ocr_line' id='line_1_72' title="bbox 2205 3653 3777 3727; baseline 0.006 -22"><span class='ocrx_word' id='word_1_718' title='bbox 2205 3653 2299 3715; x_wconf 86' lang='lat' dir='ltr'><strong>ait,</strong></span> <span class='ocrx_word' id='word_1_719' title='bbox 2332 3653 2420 3708; x_wconf 88' lang='lat' dir='ltr'><strong>ubi</strong></span> <span class='ocrx_word' id='word_1_720' title='bbox 2457 3655 2564 3709; x_wconf 88' lang='lat' dir='ltr'><strong>duo</strong></span> <span class='ocrx_word' id='word_1_721' title='bbox 2593 3654 2675 3708; x_wconf 86' lang='lat' dir='ltr'><strong>vel</strong></span> <span class='ocrx_word' id='word_1_722' title='bbox 2721 3663 2831 3711; x_wconf 89' lang='lat' dir='ltr'><strong>tres</strong></span> <span class='ocrx_word' id='word_1_723' title='bbox 2872 3658 3184 3727; x_wconf 74' lang='lat' dir='ltr'><strong>congregati</strong></span> <span class='ocrx_word' id='word_1_724' title='bbox 3245 3657 3454 3714; x_wconf 81' lang='lat' dir='ltr'><strong>fuerint</strong></span> <span class='ocrx_word' id='word_1_725' title='bbox 3484 3661 3543 3714; x_wconf 92' lang='lat' dir='ltr'><strong>in</strong></span> <span class='ocrx_word' id='word_1_726' title='bbox 3583 3661 3777 3715; x_wconf 76' lang='lat' dir='ltr'><strong>nomine</strong></span> 
     </span>
    </p>
   </div>
   <div class='ocr_carea' id='block_1_73' title="bbox 2205 3746 3777 3820">
    <p class='ocr_par' dir='ltr' id='par_1_73' title="bbox 2205 3746 3777 3820">
     <span class='ocr_line' id='line_1_73' title="bbox 2205 3746 3777 3820; baseline 0.004 -22"><span class='ocrx_word' id='word_1_727' title='bbox 2205 3760 2347 3805; x_wconf 82' lang='lat' dir='ltr'><strong>meo.</strong></span> <span class='ocrx_word' id='word_1_728' title='bbox 2378 3746 2471 3799; x_wconf 73' lang='lat' dir='ltr'><strong>ubi</strong></span> <span class='ocrx_word' id='word_1_729' title='bbox 2506 3762 2623 3801; x_wconf 86' lang='lat' dir='ltr'><strong>sum</strong></span> <span class='ocrx_word' id='word_1_730' title='bbox 2661 3757 2713 3801; x_wconf 87' lang='lat' dir='ltr'><strong>et</strong></span> <span class='ocrx_word' id='word_1_731' title='bbox 2746 3762 2846 3817; x_wconf 82' lang='lat' dir='ltr'><strong>ego</strong></span> <span class='ocrx_word' id='word_1_732' title='bbox 2895 3758 2948 3803; x_wconf 88' lang='lat' dir='ltr'><strong>et</strong></span> <span class='ocrx_word' id='word_1_733' title='bbox 2994 3750 3244 3820; x_wconf 81' lang='lat' dir='ltr'><strong>reliqua:</strong></span> <span class='ocrx_word' id='word_1_734' title='bbox 3278 3766 3473 3820; x_wconf 86' lang='lat' dir='ltr'><strong>pacem</strong></span> <span class='ocrx_word' id='word_1_735' title='bbox 3512 3768 3688 3806; x_wconf 76' lang='lat' dir='ltr'><strong>meam</strong></span> <span class='ocrx_word' id='word_1_736' title='bbox 3718 3750 3777 3804; x_wconf 81' lang='lat' dir='ltr'><strong>do</strong></span> 
     </span>
    </p>
   </div>
   <div class='ocr_carea' id='block_1_74' title="bbox 2204 3838 3779 3911">
    <p class='ocr_par' dir='ltr' id='par_1_74' title="bbox 2204 3838 3779 3911">
     <span class='ocr_line' id='line_1_74' title="bbox 2204 3838 3779 3911; baseline 0.005 -22"><span class='ocrx_word' id='word_1_737' title='bbox 2204 3838 2375 3901; x_wconf 81' lang='lat' dir='ltr'><strong>vobis,</strong></span> <span class='ocrx_word' id='word_1_738' title='bbox 2411 3838 2462 3891; x_wconf 88' lang='lat' dir='ltr'><strong>id</strong></span> <span class='ocrx_word' id='word_1_739' title='bbox 2491 3847 2597 3903; x_wconf 80' lang='lat' dir='ltr'><strong>est,</strong></span> <span class='ocrx_word' id='word_1_740' title='bbox 2627 3839 2768 3895; x_wconf 82' lang='lat' dir='ltr'><strong>sicut</strong></span> <span class='ocrx_word' id='word_1_741' title='bbox 2791 3857 2891 3911; x_wconf 82' lang='lat' dir='ltr'><strong>ego</strong></span> <span class='ocrx_word' id='word_1_742' title='bbox 2916 3842 3184 3909; x_wconf 79' lang='lat' dir='ltr'><strong>patienter</strong></span> <span class='ocrx_word' id='word_1_743' title='bbox 3216 3841 3421 3900; x_wconf 82' lang='lat' dir='ltr'><strong>suﬂ&#39;ero</strong></span> <span class='ocrx_word' id='word_1_744' title='bbox 3474 3844 3681 3905; x_wconf 85' lang='lat' dir='ltr'><strong>omnia,</strong></span> <span class='ocrx_word' id='word_1_745' title='bbox 3733 3855 3779 3897; x_wconf 77' lang='lat' dir='ltr'><strong>et</strong></span> 
     </span>
    </p>
   </div>
   <div class='ocr_carea' id='block_1_75' title="bbox 2203 3929 3781 4005">
    <p class='ocr_par' dir='ltr' id='par_1_75' title="bbox 2203 3929 3781 4005">
     <span class='ocr_line' id='line_1_75' title="bbox 2203 3929 3781 4005; baseline 0.006 -27"><span class='ocrx_word' id='word_1_746' title='bbox 2203 3942 2300 3982; x_wconf 80' lang='lat' dir='ltr'><strong>vos</strong></span> <span class='ocrx_word' id='word_1_747' title='bbox 2328 3929 2643 3999; x_wconf 83' lang='lat' dir='ltr'><strong>patientiam</strong></span> <span class='ocrx_word' id='word_1_748' title='bbox 2667 3931 2887 3986; x_wconf 77' lang='lat' dir='ltr'><strong>habetis</strong></span> <span class='ocrx_word' id='word_1_749' title='bbox 2912 3950 2924 3984; x_wconf 91' lang='lat'><strong>:</strong></span> <span class='ocrx_word' id='word_1_750' title='bbox 2945 3947 3140 4004; x_wconf 81' lang='lat' dir='ltr'><strong>pacem</strong></span> <span class='ocrx_word' id='word_1_751' title='bbox 3178 3947 3358 3988; x_wconf 87' lang='lat' dir='ltr'><strong>meam</strong></span> <span class='ocrx_word' id='word_1_752' title='bbox 3398 3933 3656 4005; x_wconf 73' lang='lat' dir='ltr'><strong>relinquo</strong></span> <span class='ocrx_word' id='word_1_753' title='bbox 3701 3950 3781 3987; x_wconf 83' lang='lat' dir='ltr'><strong>vo-</strong></span> 
     </span>
    </p>
   </div>
   <div class='ocr_carea' id='block_1_76' title="bbox 2201 4018 3781 4096">
    <p class='ocr_par' dir='ltr' id='par_1_76' title="bbox 2201 4018 3781 4096">
     <span class='ocr_line' id='line_1_76' title="bbox 2201 4018 3781 4096; baseline 0.004 -23"><span class='ocrx_word' id='word_1_754' title='bbox 2201 4018 2305 4082; x_wconf 91' lang='lat' dir='ltr'><strong>bis,</strong></span> <span class='ocrx_word' id='word_1_755' title='bbox 2330 4018 2383 4074; x_wconf 90' lang='lat' dir='ltr'><strong>id</strong></span> <span class='ocrx_word' id='word_1_756' title='bbox 2414 4027 2519 4083; x_wconf 89' lang='lat' dir='ltr'><strong>est,</strong></span> <span class='ocrx_word' id='word_1_757' title='bbox 2550 4019 2690 4074; x_wconf 90' lang='lat' dir='ltr'><strong>sicut</strong></span> <span class='ocrx_word' id='word_1_758' title='bbox 2732 4036 2832 4093; x_wconf 89' lang='lat' dir='ltr'><strong>ego</strong></span> <span class='ocrx_word' id='word_1_759' title='bbox 2854 4037 3048 4093; x_wconf 84' lang='lat' dir='ltr'><strong>passus</strong></span> <span class='ocrx_word' id='word_1_760' title='bbox 3065 4039 3212 4089; x_wconf 83' lang='lat' dir='ltr'><strong>sum,</strong></span> <span class='ocrx_word' id='word_1_761' title='bbox 3233 4025 3311 4080; x_wconf 88' lang='lat' dir='ltr'><strong>ita</strong></span> <span class='ocrx_word' id='word_1_762' title='bbox 3354 4034 3415 4080; x_wconf 87' lang='lat' dir='ltr'><strong>et</strong></span> <span class='ocrx_word' id='word_1_763' title='bbox 3479 4041 3586 4081; x_wconf 84' lang='lat' dir='ltr'><strong>vos</strong></span> <span class='ocrx_word' id='word_1_764' title='bbox 3626 4026 3781 4096; x_wconf 79' lang='lat' dir='ltr'><strong>patie-</strong></span> 
     </span>
    </p>
   </div>
   <div class='ocr_carea' id='block_1_77' title="bbox 2202 4108 3779 4184">
    <p class='ocr_par' dir='ltr' id='par_1_77' title="bbox 2202 4108 3779 4184">
     <span class='ocr_line' id='line_1_77' title="bbox 2202 4108 3779 4184; baseline 0.009 -22"><span class='ocrx_word' id='word_1_765' title='bbox 2202 4108 2332 4163; x_wconf 89' lang='lat' dir='ltr'><strong>mini</strong></span> <span class='ocrx_word' id='word_1_766' title='bbox 2364 4127 2375 4162; x_wconf 89' lang='lat'><strong>:</strong></span> <span class='ocrx_word' id='word_1_767' title='bbox 2406 4124 2510 4165; x_wconf 90' lang='lat' dir='ltr'><strong>non</strong></span> <span class='ocrx_word' id='word_1_768' title='bbox 2547 4110 2692 4164; x_wconf 89' lang='lat' dir='ltr'><strong>sicut</strong></span> <span class='ocrx_word' id='word_1_769' title='bbox 2721 4114 2950 4167; x_wconf 85' lang='lat' dir='ltr'><strong>mundus</strong></span> <span class='ocrx_word' id='word_1_770' title='bbox 2976 4113 3071 4167; x_wconf 87' lang='lat' dir='ltr'><strong>dat</strong></span> <span class='ocrx_word' id='word_1_771' title='bbox 3100 4129 3298 4184; x_wconf 76' lang='lat' dir='ltr'><strong>pacem</strong></span> <span class='ocrx_word' id='word_1_772' title='bbox 3351 4129 3459 4184; x_wconf 76' lang='lat' dir='ltr'><strong>ego</strong></span> <span class='ocrx_word' id='word_1_773' title='bbox 3504 4117 3582 4171; x_wconf 87' lang='lat' dir='ltr'><strong>do</strong></span> <span class='ocrx_word' id='word_1_774' title='bbox 3622 4117 3779 4176; x_wconf 77' lang='lat' dir='ltr'><strong>vobis.</strong></span> 
     </span>
    </p>
   </div>
   <div class='ocr_carea' id='block_1_78' title="bbox 2201 4188 3777 4274">
    <p class='ocr_par' dir='ltr' id='par_1_78' title="bbox 2201 4188 3777 4274">
     <span class='ocr_line' id='line_1_78' title="bbox 2201 4188 3777 4274; baseline 0.002 -20"><span class='ocrx_word' id='word_1_775' title='bbox 2201 4188 2434 4255; x_wconf 85' lang='lat' dir='ltr'><strong>mundus</strong></span> <span class='ocrx_word' id='word_1_776' title='bbox 2453 4201 2809 4271; x_wconf 83' lang='lat' dir='ltr'><strong>interruptam</strong></span> <span class='ocrx_word' id='word_1_777' title='bbox 2848 4217 3038 4274; x_wconf 85' lang='lat' dir='ltr'><strong>pacem</strong></span> <span class='ocrx_word' id='word_1_778' title='bbox 3058 4206 3170 4271; x_wconf 87' lang='lat' dir='ltr'><strong>dat,</strong></span> <span class='ocrx_word' id='word_1_779' title='bbox 3197 4205 3342 4262; x_wconf 86' lang='lat' dir='ltr'><strong>Deus</strong></span> <span class='ocrx_word' id='word_1_780' title='bbox 3359 4216 3635 4262; x_wconf 62' lang='lat' dir='ltr'><strong>(sternam</strong></span> <span class='ocrx_word' id='word_1_781' title='bbox 3657 4209 3745 4261; x_wconf 80' lang='lat' dir='ltr'><strong>dat</strong></span> <span class='ocrx_word' id='word_1_782' title='bbox 3767 4226 3777 4256; x_wconf 89' lang='lat'><strong>:</strong></span> 
     </span>
    </p>
   </div>
   <div class='ocr_carea' id='block_1_79' title="bbox 2200 4291 3779 4362">
    <p class='ocr_par' dir='ltr' id='par_1_79' title="bbox 2200 4291 3779 4362">
     <span class='ocr_line' id='line_1_79' title="bbox 2200 4291 3779 4362; baseline 0.008 -18"><span class='ocrx_word' id='word_1_783' title='bbox 2200 4291 2348 4345; x_wconf 86' lang='lat' dir='ltr'><strong>venit</strong></span> <span class='ocrx_word' id='word_1_784' title='bbox 2387 4292 2642 4361; x_wconf 82' lang='lat' dir='ltr'><strong>princeps</strong></span> <span class='ocrx_word' id='word_1_785' title='bbox 2668 4294 2853 4349; x_wconf 91' lang='lat' dir='ltr'><strong>mundi</strong></span> <span class='ocrx_word' id='word_1_786' title='bbox 2888 4296 2958 4349; x_wconf 90' lang='lat' dir='ltr'><strong>ad</strong></span> <span class='ocrx_word' id='word_1_787' title='bbox 2981 4311 3088 4362; x_wconf 86' lang='lat' dir='ltr'><strong>me,</strong></span> <span class='ocrx_word' id='word_1_788' title='bbox 3110 4307 3167 4351; x_wconf 88' lang='lat' dir='ltr'><strong>et</strong></span> <span class='ocrx_word' id='word_1_789' title='bbox 3195 4296 3336 4352; x_wconf 83' lang='lat' dir='ltr'><strong>nihil</strong></span> <span class='ocrx_word' id='word_1_790' title='bbox 3356 4297 3413 4352; x_wconf 87' lang='lat' dir='ltr'><strong>in</strong></span> <span class='ocrx_word' id='word_1_791' title='bbox 3437 4314 3533 4352; x_wconf 87' lang='lat' dir='ltr'><strong>me</strong></span> <span class='ocrx_word' id='word_1_792' title='bbox 3568 4299 3779 4357; x_wconf 72' lang='lat' dir='ltr'><strong>invenit.</strong></span> 
     </span>
    </p>
   </div>
   <div class='ocr_carea' id='block_1_80' title="bbox 2197 4379 3781 4452">
    <p class='ocr_par' dir='ltr' id='par_1_80' title="bbox 2197 4379 3781 4452">
     <span class='ocr_line' id='line_1_80' title="bbox 2197 4379 3781 4452; baseline 0.006 -19"><span class='ocrx_word' id='word_1_793' title='bbox 2197 4379 2385 4447; x_wconf 80' lang='lat' dir='ltr'><strong>idest,</strong></span> <span class='ocrx_word' id='word_1_794' title='bbox 2414 4381 2661 4438; x_wconf 85' lang='lat' dir='ltr'><strong>diabolus</strong></span> <span class='ocrx_word' id='word_1_795' title='bbox 2695 4384 2843 4439; x_wconf 84' lang='lat' dir='ltr'><strong>venit</strong></span> <span class='ocrx_word' id='word_1_796' title='bbox 2872 4384 2941 4440; x_wconf 81' lang='lat' dir='ltr'><strong>ad</strong></span> <span class='ocrx_word' id='word_1_797' title='bbox 2967 4400 3205 4452; x_wconf 84' lang='lat' dir='ltr'><strong>crucem,</strong></span> <span class='ocrx_word' id='word_1_798' title='bbox 3236 4399 3292 4442; x_wconf 90' lang='lat' dir='ltr'><strong>et</strong></span> <span class='ocrx_word' id='word_1_799' title='bbox 3315 4387 3369 4441; x_wconf 90' lang='lat' dir='ltr'><strong>in</strong></span> <span class='ocrx_word' id='word_1_800' title='bbox 3426 4389 3663 4443; x_wconf 79' lang='lat' dir='ltr'><strong>Domino</strong></span> <span class='ocrx_word' id='word_1_801' title='bbox 3686 4402 3781 4443; x_wconf 76' lang='lat' dir='ltr'><strong>non</strong></span> 
     </span>
    </p>
   </div>
   <div class='ocr_carea' id='block_1_81' title="bbox 2190 4472 3778 4549">
    <p class='ocr_par' dir='ltr' id='par_1_81' title="bbox 2190 4472 3778 4549">
     <span class='ocr_line' id='line_1_81' title="bbox 2190 4472 3778 4549; baseline 0.005 -25"><span class='ocrx_word' id='word_1_802' title='bbox 2190 4472 2405 4527; x_wconf 81' lang='lat' dir='ltr'><strong>invenit</strong></span> <span class='ocrx_word' id='word_1_803' title='bbox 2430 4482 2734 4543; x_wconf 84' lang='lat' dir='ltr'><strong>peccatum,</strong></span> <span class='ocrx_word' id='word_1_804' title='bbox 2760 4477 3010 4545; x_wconf 63' lang='lat' dir='ltr'><strong>quaasivit</strong></span> <span class='ocrx_word' id='word_1_805' title='bbox 3042 4492 3236 4549; x_wconf 88' lang='lat' dir='ltr'><strong>capere</strong></span> <span class='ocrx_word' id='word_1_806' title='bbox 3258 4488 3456 4549; x_wconf 85' lang='lat' dir='ltr'><strong>captus</strong></span> <span class='ocrx_word' id='word_1_807' title='bbox 3480 4491 3573 4535; x_wconf 86' lang='lat' dir='ltr'><strong>est</strong></span> <span class='ocrx_word' id='word_1_808' title='bbox 3592 4482 3661 4536; x_wconf 85' lang='lat' dir='ltr'><strong>ab</strong></span> <span class='ocrx_word' id='word_1_809' title='bbox 3681 4496 3743 4535; x_wconf 83' lang='lat' dir='ltr'><strong>eo</strong></span> <span class='ocrx_word' id='word_1_810' title='bbox 3766 4500 3778 4532; x_wconf 90' lang='lat'><strong>:</strong></span> 
     </span>
    </p>
   </div>
   <div class='ocr_carea' id='block_1_82' title="bbox 2197 4563 3781 4642">
    <p class='ocr_par' dir='ltr' id='par_1_82' title="bbox 2197 4563 3781 4642">
     <span class='ocr_line' id='line_1_82' title="bbox 2197 4563 3781 4642; baseline 0.005 -25"><span class='ocrx_word' id='word_1_811' title='bbox 2197 4563 2337 4617; x_wconf 89' lang='lat' dir='ltr'><strong>sicut</strong></span> <span class='ocrx_word' id='word_1_812' title='bbox 2356 4564 2614 4634; x_wconf 67' lang='lat' dir='ltr'><strong>praecepit</strong></span> <span class='ocrx_word' id='word_1_813' title='bbox 2641 4565 2776 4620; x_wconf 85' lang='lat' dir='ltr'><strong>mihi</strong></span> <span class='ocrx_word' id='word_1_814' title='bbox 2805 4578 2959 4635; x_wconf 87' lang='lat' dir='ltr'><strong>pater</strong></span> <span class='ocrx_word' id='word_1_815' title='bbox 2979 4567 3058 4623; x_wconf 91' lang='lat' dir='ltr'><strong>sic</strong></span> <span class='ocrx_word' id='word_1_816' title='bbox 3082 4567 3244 4635; x_wconf 82' lang='lat' dir='ltr'><strong>iacio,</strong></span> <span class='ocrx_word' id='word_1_817' title='bbox 3269 4569 3424 4624; x_wconf 87' lang='lat' dir='ltr'><strong>misit</strong></span> <span class='ocrx_word' id='word_1_818' title='bbox 3452 4570 3613 4625; x_wconf 82' lang='lat' dir='ltr'><strong>illum</strong></span> <span class='ocrx_word' id='word_1_819' title='bbox 3641 4580 3781 4642; x_wconf 76' lang='lat' dir='ltr'><strong>pater</strong></span> 
     </span>
    </p>
   </div>
   <div class='ocr_carea' id='block_1_83' title="bbox 2184 4656 3783 4731">
    <p class='ocr_par' dir='ltr' id='par_1_83' title="bbox 2184 4656 3783 4731">
     <span class='ocr_line' id='line_1_83' title="bbox 2184 4656 3783 4731; baseline 0.004 -22"><span class='ocrx_word' id='word_1_820' title='bbox 2184 4664 2257 4710; x_wconf 77' lang='lat' dir='ltr'><strong>~ut</strong></span> <span class='ocrx_word' id='word_1_821' title='bbox 2284 4656 2599 4726; x_wconf 87' lang='lat' dir='ltr'><strong>sanguinem</strong></span> <span class='ocrx_word' id='word_1_822' title='bbox 2616 4672 2780 4712; x_wconf 88' lang='lat' dir='ltr'><strong>suum</strong></span> <span class='ocrx_word' id='word_1_823' title='bbox 2816 4657 3065 4715; x_wconf 81' lang='lat' dir='ltr'><strong>funderet</strong></span> <span class='ocrx_word' id='word_1_824' title='bbox 3091 4675 3191 4730; x_wconf 94' lang='lat' dir='ltr'><strong>pro</strong></span> <span class='ocrx_word' id='word_1_825' title='bbox 3212 4675 3417 4731; x_wconf 83' lang='lat' dir='ltr'><strong>genere</strong></span> <span class='ocrx_word' id='word_1_826' title='bbox 3447 4663 3715 4726; x_wconf 70' lang='lat' dir='ltr'><strong>tanniam,</strong></span> <span class='ocrx_word' id='word_1_827' title='bbox 3734 4672 3783 4716; x_wconf 82' lang='lat' dir='ltr'><strong>et</strong></span> 
     </span>
    </p>
   </div>
   <div class='ocr_carea' id='block_1_84' title="bbox 2193 4749 3782 4827">
    <p class='ocr_par' dir='ltr' id='par_1_84' title="bbox 2193 4749 3782 4827">
     <span class='ocr_line' id='line_1_84' title="bbox 2193 4749 3782 4827; baseline 0.002 -22"><span class='ocrx_word' id='word_1_828' title='bbox 2193 4750 2269 4805; x_wconf 84' lang='lat' dir='ltr'><strong>ita</strong></span> <span class='ocrx_word' id='word_1_829' title='bbox 2324 4749 2451 4805; x_wconf 82' lang='lat' dir='ltr'><strong>fecit</strong></span> <span class='ocrx_word' id='word_1_830' title='bbox 2478 4767 2498 4803; x_wconf 84' lang='lat'><strong>:</strong></span> <span class='ocrx_word' id='word_1_831' title='bbox 2525 4764 2627 4821; x_wconf 82' lang='lat' dir='ltr'><strong>ego</strong></span> <span class='ocrx_word' id='word_1_832' title='bbox 2649 4766 2768 4805; x_wconf 87' lang='lat' dir='ltr'><strong>sum</strong></span> <span class='ocrx_word' id='word_1_833' title='bbox 2822 4752 2948 4807; x_wconf 86' lang='lat' dir='ltr'><strong>vitis</strong></span> <span class='ocrx_word' id='word_1_834' title='bbox 2975 4768 3103 4808; x_wconf 87' lang='lat' dir='ltr'><strong>vera</strong></span> <span class='ocrx_word' id='word_1_835' title='bbox 3124 4754 3268 4809; x_wconf 89' lang='lat' dir='ltr'><strong>unde</strong></span> <span class='ocrx_word' id='word_1_836' title='bbox 3292 4752 3517 4824; x_wconf 81' lang='lat' dir='ltr'><strong>pertluit</strong></span> <span class='ocrx_word' id='word_1_837' title='bbox 3540 4756 3782 4827; x_wconf 78' lang='lat' dir='ltr'><strong>sanguis,</strong></span> 
     </span>
    </p>
   </div>
   <div class='ocr_carea' id='block_1_85' title="bbox 2179 4844 3784 4914">
    <p class='ocr_par' dir='ltr' id='par_1_85' title="bbox 2179 4844 3784 4914">
     <span class='ocr_line' id='line_1_85' title="bbox 2179 4844 3784 4914; baseline 0.002 -18"><span class='ocrx_word' id='word_1_838' title='bbox 2179 4849 2248 4896; x_wconf 64' lang='grc' dir='ltr'><strong>εει</strong></span> <span class='ocrx_word' id='word_1_839' title='bbox 2278 4855 2456 4911; x_wconf 84' lang='lat' dir='ltr'><strong>aqua:</strong></span> <span class='ocrx_word' id='word_1_840' title='bbox 2489 4850 2548 4896; x_wconf 89' lang='lat' dir='ltr'><strong>et</strong></span> <span class='ocrx_word' id='word_1_841' title='bbox 2567 4851 2721 4912; x_wconf 87' lang='lat' dir='ltr'><strong>pater</strong></span> <span class='ocrx_word' id='word_1_842' title='bbox 2747 4858 2902 4899; x_wconf 85' lang='lat' dir='ltr'><strong>meus</strong></span> <span class='ocrx_word' id='word_1_843' title='bbox 2927 4844 3167 4914; x_wconf 87' lang='lat' dir='ltr'><strong>agricola</strong></span> <span class='ocrx_word' id='word_1_844' title='bbox 3188 4852 3291 4912; x_wconf 88' lang='lat' dir='ltr'><strong>est,</strong></span> <span class='ocrx_word' id='word_1_845' title='bbox 3333 4845 3388 4900; x_wconf 94' lang='lat' dir='ltr'><strong>id</strong></span> <span class='ocrx_word' id='word_1_846' title='bbox 3428 4855 3543 4912; x_wconf 88' lang='lat' dir='ltr'><strong>est,</strong></span> <span class='ocrx_word' id='word_1_847' title='bbox 3616 4848 3784 4903; x_wconf 69' lang='lat' dir='ltr'><strong>cultor</strong></span> 
     </span>
    </p>
   </div>
   <div class='ocr_carea' id='block_1_86' title="bbox 2192 4932 3784 5008">
    <p class='ocr_par' dir='ltr' id='par_1_86' title="bbox 2192 4932 3784 5008">
     <span class='ocr_line' id='line_1_86' title="bbox 2192 4932 3784 5008; baseline 0.002 -20"><span class='ocrx_word' id='word_1_848' title='bbox 2192 4932 2451 4990; x_wconf 81' lang='lat' dir='ltr'><strong>Ecclesiae</strong></span> <span class='ocrx_word' id='word_1_849' title='bbox 2478 4952 2497 4987; x_wconf 71' lang='grc' dir='ltr'><strong>Δε</strong></span> <span class='ocrx_word' id='word_1_850' title='bbox 2534 4949 2631 4990; x_wconf 89' lang='lat' dir='ltr'><strong>vos</strong></span> <span class='ocrx_word' id='word_1_851' title='bbox 2652 4934 2924 5006; x_wconf 87' lang='lat' dir='ltr'><strong>palmites,</strong></span> <span class='ocrx_word' id='word_1_852' title='bbox 2950 4936 3007 4991; x_wconf 91' lang='lat' dir='ltr'><strong>id</strong></span> <span class='ocrx_word' id='word_1_853' title='bbox 3029 4948 3133 5001; x_wconf 88' lang='lat' dir='ltr'><strong>est,</strong></span> <span class='ocrx_word' id='word_1_854' title='bbox 3157 4937 3388 5008; x_wconf 89' lang='lat' dir='ltr'><strong>apostoli</strong></span> <span class='ocrx_word' id='word_1_855' title='bbox 3430 4938 3556 4994; x_wconf 82' lang='lat' dir='ltr'><strong>sive</strong></span> <span class='ocrx_word' id='word_1_856' title='bbox 3608 4938 3784 4995; x_wconf 77' lang='lat' dir='ltr'><strong>ﬁdeles</strong></span> 
     </span>
    </p>
   </div>
   <div class='ocr_carea' id='block_1_87' title="bbox 2192 5024 3785 5100">
    <p class='ocr_par' dir='ltr' id='par_1_87' title="bbox 2192 5024 3785 5100">
     <span class='ocr_line' id='line_1_87' title="bbox 2192 5024 3785 5100; baseline 0.002 -19"><span class='ocrx_word' id='word_1_857' title='bbox 2192 5024 2490 5081; x_wconf 57' lang='lat' dir='ltr'><strong>Ecclesia:</strong></span> <span class='ocrx_word' id='word_1_858' title='bbox 2523 5027 2664 5082; x_wconf 89' lang='lat' dir='ltr'><strong>sicut</strong></span> <span class='ocrx_word' id='word_1_859' title='bbox 2704 5027 2913 5097; x_wconf 90' lang='lat' dir='ltr'><strong>palmes</strong></span> <span class='ocrx_word' id='word_1_860' title='bbox 2959 5044 3069 5084; x_wconf 89' lang='lat' dir='ltr'><strong>non</strong></span> <span class='ocrx_word' id='word_1_861' title='bbox 3111 5037 3293 5100; x_wconf 83' lang='lat' dir='ltr'><strong>putest</strong></span> <span class='ocrx_word' id='word_1_862' title='bbox 3341 5044 3374 5084; x_wconf 82' lang='lat' dir='ltr'><strong>a</strong></span> <span class='ocrx_word' id='word_1_863' title='bbox 3425 5043 3490 5085; x_wconf 90' lang='lat' dir='ltr'><strong>se</strong></span> <span class='ocrx_word' id='word_1_864' title='bbox 3540 5029 3785 5086; x_wconf 75' lang='lat' dir='ltr'><strong>fructum</strong></span> 
     </span>
    </p>
   </div>
   <div class='ocr_carea' id='block_1_88' title="bbox 2176 5115 3784 5192">
    <p class='ocr_par' dir='ltr' id='par_1_88' title="bbox 2176 5115 3784 5192">
     <span class='ocr_line' id='line_1_88' title="bbox 2176 5115 3784 5192; baseline 0.004 -22"><span class='ocrx_word' id='word_1_865' title='bbox 2176 5115 2338 5172; x_wconf 80' lang='lat' dir='ltr'><strong>.ferre</strong></span> <span class='ocrx_word' id='word_1_866' title='bbox 2382 5116 2485 5171; x_wconf 89' lang='lat' dir='ltr'><strong>nisi</strong></span> <span class='ocrx_word' id='word_1_867' title='bbox 2507 5118 2773 5173; x_wconf 89' lang='lat' dir='ltr'><strong>manserit</strong></span> <span class='ocrx_word' id='word_1_868' title='bbox 2800 5118 2855 5173; x_wconf 90' lang='lat' dir='ltr'><strong>in</strong></span> <span class='ocrx_word' id='word_1_869' title='bbox 2877 5118 3005 5183; x_wconf 88' lang='lat' dir='ltr'><strong>vite,</strong></span> <span class='ocrx_word' id='word_1_870' title='bbox 3038 5119 3119 5175; x_wconf 89' lang='lat' dir='ltr'><strong>sic</strong></span> <span class='ocrx_word' id='word_1_871' title='bbox 3145 5127 3201 5175; x_wconf 93' lang='lat' dir='ltr'><strong>et</strong></span> <span class='ocrx_word' id='word_1_872' title='bbox 3246 5121 3639 5192; x_wconf 79' lang='lat' dir='ltr'><strong>unusquisque</strong></span> <span class='ocrx_word' id='word_1_873' title='bbox 3680 5137 3784 5177; x_wconf 84' lang='lat' dir='ltr'><strong>non</strong></span> 
     </span>
    </p>
   </div>
   <div class='ocr_carea' id='block_1_89' title="bbox 2186 5205 3317 5267">
    <p class='ocr_par' dir='ltr' id='par_1_89' title="bbox 2186 5205 3317 5267">
     <span class='ocr_line' id='line_1_89' title="bbox 2186 5205 3317 5267; baseline 0.004 -6"><span class='ocrx_word' id='word_1_874' title='bbox 2186 5205 2549 5264; x_wconf 33' lang='lat' dir='ltr'><strong>fertot‘ructum</strong></span> <span class='ocrx_word' id='word_1_875' title='bbox 2583 5209 2688 5264; x_wconf 87' lang='lat' dir='ltr'><strong>nisi</strong></span> <span class='ocrx_word' id='word_1_876' title='bbox 2712 5210 2977 5266; x_wconf 89' lang='lat' dir='ltr'><strong>manserit</strong></span> <span class='ocrx_word' id='word_1_877' title='bbox 2999 5211 3054 5266; x_wconf 93' lang='lat' dir='ltr'><strong>in</strong></span> <span class='ocrx_word' id='word_1_878' title='bbox 3080 5210 3317 5267; x_wconf 85' lang='lat' dir='ltr'><strong>Christo.</strong></span> 
     </span>
    </p>
   </div>
   <div class='ocr_carea' id='block_1_90' title="bbox 2256 5297 3787 5376">
    <p class='ocr_par' dir='ltr' id='par_1_90' title="bbox 2256 5297 3787 5376">
     <span class='ocr_line' id='line_1_90' title="bbox 2256 5297 3787 5376; baseline 0.005 -23"><span class='ocrx_word' id='word_1_879' title='bbox 2256 5297 2328 5354; x_wconf 86' lang='lat' dir='ltr'><strong>In</strong></span> <span class='ocrx_word' id='word_1_880' title='bbox 2351 5300 2449 5354; x_wconf 80' lang='lat' dir='ltr'><strong>hoc</strong></span> <span class='ocrx_word' id='word_1_881' title='bbox 2472 5299 2796 5371; x_wconf 77' lang='lat' dir='ltr'><strong>clariﬁcatus</strong></span> <span class='ocrx_word' id='word_1_882' title='bbox 2815 5312 2891 5358; x_wconf 81' lang='lat' dir='ltr'><strong>est</strong></span> <span class='ocrx_word' id='word_1_883' title='bbox 2926 5300 3092 5358; x_wconf 82' lang='lat' dir='ltr'><strong>Pater</strong></span> <span class='ocrx_word' id='word_1_884' title='bbox 3114 5319 3281 5369; x_wconf 75' lang='lat' dir='ltr'><strong>meus,</strong></span> <span class='ocrx_word' id='word_1_885' title='bbox 3306 5312 3366 5358; x_wconf 83' lang='lat' dir='ltr'><strong>ut</strong></span> <span class='ocrx_word' id='word_1_886' title='bbox 3402 5304 3654 5374; x_wconf 64' lang='lat' dir='ltr'><strong>fructm</strong></span> <span class='ocrx_word' id='word_1_887' title='bbox 3681 5306 3787 5376; x_wconf 78' lang='lat' dir='ltr'><strong>pri-</strong></span> 
     </span>
    </p>
   </div>
   <div class='ocr_carea' id='block_1_91' title="bbox 2186 5393 3788 5468">
    <p class='ocr_par' dir='ltr' id='par_1_91' title="bbox 2186 5393 3788 5468">
     <span class='ocr_line' id='line_1_91' title="bbox 2186 5393 3788 5468; baseline 0.002 -22"><span class='ocrx_word' id='word_1_888' title='bbox 2186 5408 2333 5447; x_wconf 85' lang='lat' dir='ltr'><strong>mum</strong></span> <span class='ocrx_word' id='word_1_889' title='bbox 2370 5393 2633 5464; x_wconf 74' lang='lat' dir='ltr'><strong>all&#39;eratis,</strong></span> <span class='ocrx_word' id='word_1_890' title='bbox 2660 5394 2715 5450; x_wconf 90' lang='lat' dir='ltr'><strong>id</strong></span> <span class='ocrx_word' id='word_1_891' title='bbox 2744 5403 2837 5451; x_wconf 85' lang='lat' dir='ltr'><strong>est</strong></span> <span class='ocrx_word' id='word_1_892' title='bbox 2873 5396 3017 5452; x_wconf 86' lang='lat' dir='ltr'><strong>sicut</strong></span> <span class='ocrx_word' id='word_1_893' title='bbox 3060 5396 3529 5466; x_wconf 66' lang='lat' dir='ltr'><strong>praedicationem,</strong></span> <span class='ocrx_word' id='word_1_894' title='bbox 3587 5412 3692 5468; x_wconf 79' lang='lat' dir='ltr'><strong>ego</strong></span> <span class='ocrx_word' id='word_1_895' title='bbox 3730 5402 3788 5449; x_wconf 86' lang='lat' dir='ltr'><strong>et</strong></span> 
     </span>
    </p>
   </div>
   <div class='ocr_carea' id='block_1_92' title="bbox 2183 5487 3786 5557">
    <p class='ocr_par' dir='ltr' id='par_1_92' title="bbox 2183 5487 3786 5557">
     <span class='ocr_line' id='line_1_92' title="bbox 2183 5487 3786 5557; baseline 0.001 -15"><span class='ocrx_word' id='word_1_896' title='bbox 2183 5488 2493 5557; x_wconf 84' lang='lat' dir='ltr'><strong>passionem</strong></span> <span class='ocrx_word' id='word_1_897' title='bbox 2519 5487 2868 5555; x_wconf 79' lang='lat' dir='ltr'><strong>fructiﬁcavi,</strong></span> <span class='ocrx_word' id='word_1_898' title='bbox 2893 5489 2969 5545; x_wconf 84' lang='lat' dir='ltr'><strong>ita</strong></span> <span class='ocrx_word' id='word_1_899' title='bbox 2988 5498 3049 5545; x_wconf 88' lang='lat' dir='ltr'><strong>et</strong></span> <span class='ocrx_word' id='word_1_900' title='bbox 3067 5504 3165 5545; x_wconf 89' lang='lat' dir='ltr'><strong>vos</strong></span> <span class='ocrx_word' id='word_1_901' title='bbox 3190 5488 3397 5544; x_wconf 79' lang='lat' dir='ltr'><strong>facite:</strong></span> <span class='ocrx_word' id='word_1_902' title='bbox 3448 5489 3604 5545; x_wconf 84' lang='lat' dir='ltr'><strong>sicut</strong></span> <span class='ocrx_word' id='word_1_903' title='bbox 3649 5488 3786 5543; x_wconf 77' lang='lat' dir='ltr'><strong>dile-</strong></span> 
     </span>
    </p>
   </div>
   <div class='ocr_carea' id='block_1_93' title="bbox 2182 5578 3786 5651">
    <p class='ocr_par' dir='ltr' id='par_1_93' title="bbox 2182 5578 3786 5651">
     <span class='ocr_line' id='line_1_93' title="bbox 2182 5578 3786 5651; baseline -0.002 -18"><span class='ocrx_word' id='word_1_904' title='bbox 2182 5579 2264 5633; x_wconf 79' lang='lat' dir='ltr'><strong>xit</strong></span> <span class='ocrx_word' id='word_1_905' title='bbox 2304 5594 2393 5635; x_wconf 90' lang='lat' dir='ltr'><strong>me</strong></span> <span class='ocrx_word' id='word_1_906' title='bbox 2421 5588 2598 5648; x_wconf 84' lang='lat' dir='ltr'><strong>pater,</strong></span> <span class='ocrx_word' id='word_1_907' title='bbox 2630 5588 2687 5634; x_wconf 91' lang='lat' dir='ltr'><strong>et</strong></span> <span class='ocrx_word' id='word_1_908' title='bbox 2706 5596 2807 5651; x_wconf 84' lang='lat' dir='ltr'><strong>ego</strong></span> <span class='ocrx_word' id='word_1_909' title='bbox 2836 5580 2998 5636; x_wconf 80' lang='lat' dir='ltr'><strong>dilexi</strong></span> <span class='ocrx_word' id='word_1_910' title='bbox 3027 5594 3142 5646; x_wconf 81' lang='lat' dir='ltr'><strong>vos,</strong></span> <span class='ocrx_word' id='word_1_911' title='bbox 3175 5580 3230 5636; x_wconf 90' lang='lat' dir='ltr'><strong>id</strong></span> <span class='ocrx_word' id='word_1_912' title='bbox 3257 5587 3363 5645; x_wconf 85' lang='lat' dir='ltr'><strong>est,</strong></span> <span class='ocrx_word' id='word_1_913' title='bbox 3422 5581 3575 5636; x_wconf 85' lang='lat' dir='ltr'><strong>sicut</strong></span> <span class='ocrx_word' id='word_1_914' title='bbox 3634 5578 3786 5634; x_wconf 84' lang='lat' dir='ltr'><strong>misit</strong></span> 
     </span>
    </p>
   </div>
   <div class='ocr_carea' id='block_1_94' title="bbox 2180 5669 3780 5741">
    <p class='ocr_par' dir='ltr' id='par_1_94' title="bbox 2180 5669 3780 5741">
     <span class='ocr_line' id='line_1_94' title="bbox 2180 5669 3780 5741; baseline -0.001 -17"><span class='ocrx_word' id='word_1_915' title='bbox 2180 5685 2268 5725; x_wconf 90' lang='lat' dir='ltr'><strong>me</strong></span> <span class='ocrx_word' id='word_1_916' title='bbox 2294 5679 2448 5740; x_wconf 90' lang='lat' dir='ltr'><strong>pater</strong></span> <span class='ocrx_word' id='word_1_917' title='bbox 2477 5669 2775 5740; x_wconf 69' lang='lat' dir='ltr'><strong>prtedicare</strong></span> <span class='ocrx_word' id='word_1_918' title='bbox 2801 5679 2853 5725; x_wconf 91' lang='grc' dir='ltr'><strong>ει</strong></span> <span class='ocrx_word' id='word_1_919' title='bbox 2876 5671 3010 5740; x_wconf 87' lang='lat' dir='ltr'><strong>pati,</strong></span> <span class='ocrx_word' id='word_1_920' title='bbox 3039 5680 3095 5725; x_wconf 91' lang='lat' dir='ltr'><strong>et</strong></span> <span class='ocrx_word' id='word_1_921' title='bbox 3114 5684 3216 5741; x_wconf 82' lang='lat' dir='ltr'><strong>ego</strong></span> <span class='ocrx_word' id='word_1_922' title='bbox 3247 5672 3408 5727; x_wconf 91' lang='lat' dir='ltr'><strong>mitto</strong></span> <span class='ocrx_word' id='word_1_923' title='bbox 3460 5686 3565 5727; x_wconf 85' lang='lat' dir='ltr'><strong>vos</strong></span> <span class='ocrx_word' id='word_1_924' title='bbox 3592 5690 3609 5725; x_wconf 89' lang='lat'><strong>:</strong></span> <span class='ocrx_word' id='word_1_925' title='bbox 3665 5682 3780 5723; x_wconf 78' lang='lat' dir='ltr'><strong>ma-</strong></span> 
     </span>
    </p>
   </div>
   <div class='ocr_carea' id='block_1_95' title="bbox 2174 5760 3779 5835">
    <p class='ocr_par' dir='ltr' id='par_1_95' title="bbox 2174 5760 3779 5835">
     <span class='ocr_line' id='line_1_95' title="bbox 2174 5760 3779 5835; baseline 0.001 -19"><span class='ocrx_word' id='word_1_926' title='bbox 2174 5760 2353 5832; x_wconf 85' lang='lat' dir='ltr'><strong>jorem</strong></span> <span class='ocrx_word' id='word_1_927' title='bbox 2408 5762 2691 5818; x_wconf 79' lang='lat' dir='ltr'><strong>caritatem</strong></span> <span class='ocrx_word' id='word_1_928' title='bbox 2741 5778 2899 5819; x_wconf 80' lang='lat' dir='ltr'><strong>nemo</strong></span> <span class='ocrx_word' id='word_1_929' title='bbox 2944 5763 3111 5819; x_wconf 88' lang='lat' dir='ltr'><strong>habet</strong></span> <span class='ocrx_word' id='word_1_930' title='bbox 3144 5773 3198 5819; x_wconf 91' lang='lat' dir='ltr'><strong>et</strong></span> <span class='ocrx_word' id='word_1_931' title='bbox 3246 5763 3507 5835; x_wconf 82' lang='lat' dir='ltr'><strong>reliqua:</strong></span> <span class='ocrx_word' id='word_1_932' title='bbox 3552 5764 3779 5822; x_wconf 82' lang='lat' dir='ltr'><strong>dilectio</strong></span> 
     </span>
    </p>
   </div>
  </div>
