3948 6328
205 400 320 460 ΜΞ

971 401 1332 462 EXPOSITIO
1365 404 1435 460 1N
1466 403 1798 473 QUATUOR
1834 404 2245 463 EVANGELIA.
2286 438 2357 450 --
2391 407 2461 465 ΙΝ
2492 407 2681 467 ΙῡΛΝ.

3350 416 3456 474 9η

208 515 404 573 fortior
423 522 509 571 est
535 524 730 581 morte,
784 530 884 587 ego
936 531 1037 586 pro
1080 517 1421 574 dilectionem
1464 516 1643 587 patior
1679 530 1780 585 pro
1806 517 1856 577 A
1882 523 2036 586 perat
2054 518 2413 590 principatum
2437 521 2737 577 sacerdotis
2762 538 2774 574 :
2801 519 3008 577 sedilia
3034 520 3145 578 visa
3165 531 3250 579 est
3280 526 3453 582 ostia-

205 609 386 675 vobis,
416 615 471 663 et
516 622 616 663 vos
655 608 899 678 patimini
947 624 1048 679 pro
1103 609 1382 665 Ecclesia:
1430 608 1610 664 omnia
1658 622 1781 677 qua:

206 697 391 752 audivi
420 704 626 766 apatre
650 712 772 753 meo
792 706 919 753 nota
942 696 1044 754 feci
1065 699 1240 764 vobis,
1296 697 1351 753 id
1386 707 1471 752 est
1514 705 1783 768 praecepta

209 786 489 857 Evangelii
521 804 535 841 :
570 786 706 859 elegi
733 802 829 843 vos
847 789 915 844 de
940 790 1159 855 mundo,
1186 790 1239 844 id
1260 796 1347 844 εει
1379 789 1447 844 de
1490 788 1780 845 mundanis

206 881 417 938 actibus
451 898 464 934 :
490 896 598 937 non
627 875 759 937 estis'
786 882 853 937 de
880 883 1097 947 mundo,
1121 883 1174 937 id
1224 890 1331 949 est,
1356 883 1484 952 quia
1539 897 1649 938 non
1692 881 1775 936 di-

203 972 371 1041 ligitis
415 972 672 1029 mundum
707 982 811 1028 :ut
848 973 947 1038 ait,
978 972 1253 1038 Salomon,
1284 973 1407 1028 talis
1449 980 1534 1028 est
1581 973 1785 1035 mulier,

205 1062 473 1128 adultera,
503 1077 624 1133 qua:
647 1078 770 1119 cum
795 1064 1087 1119 comederit
1110 1064 1301 1134 tetigit,
1327 1078 1592 1128 ossuum,
1619 1063 1773 1129 dicit,

204 1166 313 1207 non
370 1168 489 1207 sum
539 1163 762 1223 operata
804 1154 1005 1211 malum
1037 1194 1071 1220 ,_
1115 1154 1310 1224 ﬁgurat
1363 1155 1661 1213 Ecclesium
1707 1170 1787 1213 ex.

204 1241 476 1312 gentibus,
509 1256 629 1311 quae
650 1257 748 1312 per
771 1243 1164 1304 confessionem
1207 1243 1466 1301 abstersit
1495 1258 1559 1305 se
1579 1244 1646 1300 de
1668 1245 1772 1299 im-

203 1335 464 1391 munditia
491 1343 834 1406 peccatorum
865 1354 878 1391 :
907 1336 1156 1397 ahinitio
1174 1351 1389 1395 mecum
1418 1337 1558 1404 istis,
1588 1336 1641 1392 id
1688 1345 1775 1394 est

202 1422 279 1477 ab
302 1423 457 1480 initio
473 1424 889 1495 praedicationis.

275 1513 337 1570 Si
364 1530 459 1586 ego
497 1531 601 1570 non
641 1516 817 1571 abiero
852 1520 1142 1583 pamlitus
1180 1538 1284 1576 non
1324 1521 1486 1576 veniet
1537 1521 1606 1576 ad
1638 1538 1726 1576 vos
1753 1540 1772 1579 :

205 1619 332 1658 alim
357 1605 569 1661 venerit
601 1607 895 1676 paraclitus
917 1620 1108 1680 arguet
1139 1612 1396 1667 mundum
1430 1612 1498 1668 de
1524 1621 1772 1682 peccato,

200 1694 256 1749 id
282 1702 385 1761 est,
408 1696 536 1765 quia
564 1712 671 1752 non
714 1699 886 1754 credit
913 1699 967 1753 in
996 1716 1107 1763 me,
1137 1704 1322 1757 credat
1361 1718 1458 1772 per
1508 1703 1770 1771 praedica-

200 1785 401 1845 tionem
440 1785 716 1858 Evangelii
755 1805 769 1841 :
826 1789 894 1844 de
947 1789 1153 1859 judicio
1188 1800 1401 1857 autem,
1448 1792 1579 1861 quia
1629 1794 1773 1863 prin-

194 1889 327 1943 ceps
384 1876 570 1931 mundi
611 1875 883 1944 judicatus
934 1886 1062 1934 est:
1102 1878 1295 1949 Arguit
1341 1859 1682 1952 depeccato,
1718 1881 1770 1938 id
1797 1859 1849 1933 Β

193 1970 299 2027 εει,
350 1972 410 2041 ut
450 1979 548 2033 per
607 1967 1044 2035 praedicationem
1097 1979 1333 2031 vestram
1388 1980 1775 2031 convertantur

193 2055 264 2109 ad
311 2056 690 2125 pmnitcntiam
721 2076 737 2113 :
787 2060 854 2114 de
875 2060 1107 2129 jnstitia,
1142 2070 1201 2122 ut
1253 2062 1396 2118 sicut
1435 2063 1610 2134 diligit
1646 2079 1775 2133 pro-.-

193 2145 423 2213 ximum,
472 2147 660 2220 diligat
702 2158 759 2206 et
797 2151 1073 2215 Deum,ex
1134 2159 1247 2209 toto
1290 2154 1453 2210 corde
1485 2169 1500 2209 :
1531 2156 1600 2211 de
1622 2154 1769 2224 judi-

191 2239 302 2304 cio,
339 2248 401 2295 ut
440 2242 702 2313 quidquid
754 2244 917 2300 vultis
953 2253 1015 2300 ut
1054 2244 1256 2303 faciant
1305 2247 1457 2303 vobis
1502 2248 1769 2316 homines,

192 2338 253 2391 et
278 2344 375 2392 vos
403 2329 560 2392 facite
588 2333 691 2388 illis
721 2351 737 2389 :
770 2335 884 2390 hmc
903 2336 1047 2391 enim
1071 2344 1157 2392 est
1182 2336 1265 2393 lex
1293 2346 1350 2393 et
1371 2337 1665 2409 prophetae.

269 2420 536 2487 Modicum
558 2441 661 2479 non
690 2425 926 2481 uidebitis
950 2443 1052 2500 nte,
1098 2428 1152 2483 id
1181 2436 1285 2495 est,
1340 2429 1464 2485 dum
1512 2431 1661 2502 jacui
1715 2432 1770 2486 in

190 2510 444 2582 sepulcro
490 2530 504 2565 :
572 2515 842 2571 modicum
896 2517 1090 2573 iterum
1144 2528 1199 2575 et
1253 2521 1503 2585 videbitis
1546 2537 1670 2588 me,
1717 2522 1770 2583 id

191 2613 302 2668 est,
332 2618 431 2673 per
454 2607 907 2662 resurrectionem
938 2626 951 2662 :
976 2608 1127 2664 venit
1148 2610 1280 2665 hora
1318 2612 1534 2681 quando
1559 2627 1665 2675 non
1715 2613 1770 2677 in

186 2696 495 2767 proverbiis
515 2696 709 2768 loquar
735 2701 1034 2767 vobiscum,
1066 2703 1160 2757 sed
1182 2702 1357 2774 palam
1384 2704 1451 2759 de
1471 2701 1632 2768 Patre
1656 2719 1769 2759 ma-

186 2784 467 2842 nil‘estabo
488 2787 665 2853 vobis,
698 2789 751 2843 id
774 2799 879 2856 est,
910 2806 1009 2861 per
1054 2793 1505 2858 resurrectionem
1534 2812 1546 2848 :
1576 2796 1628 2850 in
1678 2794 1768 2851 illa

186 2876 287 2933 die
314 2878 366 2932 in
399 2880 617 2936 nomine
636 2896 758 2937 meo
789 2884 1003 2953 petetis,
1046 2884 1099 2940 id
1121 2895 1223 2951 est,
1253 2887 1378 2955 quia
1414 2888 1648 2945 ascendo
1700 2889 1768 2943 ad

185 2967 411 3036 lintrem
476 2974 807 3042 resurgendo
856 2989 952 3044 per
1000 2984 1344 3044 potestatem.
1390 2976 1553 3032 Pater
1597 2978 1771 3050 diligit

189 3074 317 3123 vos,
349 3061 473 3129 quia
501 3061 726 3133 diligitis
752 3079 838 3119 me
861 3066 1108 3135 relinquo
1139 3070 1421 3133 mundum,
1450 3078 1506 3124 et
1527 3072 1665 3125 vado
1699 3072 1767 3126 ad

185 3147 431 3214 Patrem,
462 3150 515 3205 id
542 3161 644 3217 est,
664 3166 765 3221 per
796 3157 1138 3223 praesentiam
1189 3158 1452 3227 corporis,
1516 3174 1642 3215 nam
1686 3174 1770 3216 se-

185 3240 428 3298 cundum
456 3240 789 3303 divinitatem
821 3262 927 3302 non
961 3249 1215 3319 relinquit
1274 3251 1531 3306 mundum
1571 3267 1585 3306 :
1616 3267 1766 3322 pres-

183 3346 373 3385 suram
408 3331 651 3401 habetis,
674 3334 727 3389 id
766 3344 864 3405 est,
898 3353 929 3392 a
975 3339 1263 3395 mundanis
1309 3340 1613 3399 hominibus
1667 3345 1764 3398 tri-

183 3421 522 3477 bulationem
555 3442 569 3477 :
596 3439 697 3497 ego
722 3427 828 3483 vici
859 3432 1140 3497 mundum,
1167 3430 1222 3487 id
1247 3438 1331 3488 est
1376 3430 1591 3502 alligavi
1656 3432 1767 3489 for—

184 3522 298 3567 tem
316 3514 369 3567 in
398 3516 618 3580 mundo,
644 3517 735 3585 qui
759 3526 844 3574 est
863 3518 1128 3577 diabolus.
1326 3524 1331 3529 ’

272 3605 419 3660 Venit
457 3607 609 3675 liora,
635 3606 814 3676 Pater,
842 3611 911 3664 ad
944 3611 1238 3681 clari/icere
1268 3611 1467 3668 Filium
1488 3625 1636 3670 tuum
1665 3628 1684 3669 .'
1711 3618 1767 3672 id

182 3707 276 3754 est
298 3713 395 3769 per
417 3701 868 3757 resurrectionem
900 3721 913 3756 :
943 3711 1003 3758 ut
1028 3704 1198 3760 Filius
1223 3705 1484 3769 clariﬁcet
1510 3716 1584 3774 te,
1602 3708 1655 3763 id
1683 3718 1768 3764 εει

182 3804 289 3859 per
317 3789 508 3844 Filium
545 3801 929 3848 convertantur
952 3802 1009 3850 et
1044 3796 1308 3851 credant:
1338 3812 1439 3868 ego
1474 3805 1527 3853 te
1563 3798 1765 3855 clariﬁ-

182 3880 310 3935 cavi
340 3895 502 3950 super
528 3889 750 3948 terram,
780 3884 835 3938 id
854 3892 937 3939 est
959 3893 1142 3949 notum
1183 3885 1286 3942 feci
1300 3887 1571 3953 omnibus,
1624 3887 1765 3959 apud

182 3984 247 4029 te
287 3972 626 4035 manifestavi
667 3990 865 4039 nomen
919 3986 1068 4031 tuum
1131 3978 1482 4046 hominibus,
1533 3981 1767 4035 ostendit

179 4065 332 4135 quod
358 4065 653 4133 secundum
676 4065 1034 4136 divinitatem,
1073 4083 1196 4122 cum
1218 4067 1378 4123 Patre
1399 4078 1537 4133 erat,
1570 4077 1624 4123 et
1643 4084 1764 4133 cor-

180 4155 451 4227 poraliter
475 4156 527 4210 in
555 4163 899 4227 terra:quos
922 4156 1056 4215 mihi
1086 4157 1278 4213 dedisti
1326 4158 1393 4213 de
1445 4159 1645 4214 nmndo
1688 4160 1766 4213 tui

181 4255 366 4311 erant,
399 4245 452 4299 in
479 4244 818 4317 prtescientia
848 4248 917 4302 ab
945 4247 1100 4303 initio
1134 4247 1211 4303 tui
1248 4257 1451 4303 erant:
1483 4248 1613 4303 mihi
1671 4262 1767 4305 eos

182 4338 409 4407 dedisti,
430 4338 488 4407 id
518 4348 622 4405 est,
648 4338 727 4407 ad
755 4338 1057 4394 docendum
1091 4357 1105 4393 :
1156 4347 1213 4394 et
1257 4354 1562 4395 sermonem
1588 4366 1592 4370 -
1615 4349 1765 4396 tuum

182 4440 567 4496 servaverunt,
605 4432 657 4487 id
686 4440 791 4497 est,
822 4432 876 4485 in
906 4430 1011 4487 ﬁde
1051 4442 1488 4501 permanserunt,
1530 4448 1631 4505 ego
1668 4448 1767 4504 pro

183 4522 271 4578 eis
315 4538 447 4593 rogo
491 4538 603 4577 non
636 4538 734 4593 pro
762 4524 979 4587 mundo,
1028 4523 1154 4592 quia
1178 4523 1282 4578 scit
1312 4524 1454 4580 Deus
1503 4526 1595 4595 qui
1642 4528 1770 4597 sunt

182 4614 347 4685 ejus:
403 4616 581 4670 omnia
621 4627 710 4671 tua
770 4632 885 4671 mea
916 4625 1064 4681 sunt,
1088 4624 1144 4671 et
1177 4631 1294 4670 mea
1345 4627 1435 4672 tua
1493 4625 1660 4673 sunt:
1713 4626 1769 4688 et

184 4706 515 4762 clariﬁcalus
539 4723 655 4760 sum
685 4707 737 4761 in
772 4707 872 4772 eis,
914 4706 967 4761 id
1016 4715 1119 4771 est,
1180 4708 1234 4761 in
1281 4705 1468 4762 iisdem
1519 4708 1767 4778 gentibus

185 4798 567 4855 manilestatus
593 4815 740 4864 sum,
766 4800 819 4855 id
847 4808 950 4865 est,
997 4800 1124 4869 quia
1149 4799 1497 4855 crediderunt
1538 4800 1590 4855 in
1636 4815 1763 4856 me:

184 4889 467 4946 inmundo
504 4905 620 4947 sum
643 4889 1020 4959 corporaliter,
1072 4890 1220 4945 ettin
1248 4891 1448 4945 mundo
1494 4905 1599 4945 non
1645 4906 1765 4947 sum

188 4984 542 5055 corporaliter
570 5003 582 5039 :
626 4993 681 5040 ct
709 4999 809 5054 pro
836 4985 917 5040 eis
956 4983 1238 5040 sanctiﬁco
1271 4984 1555 5054 meipsum,
1585 4983 1637 5039 id
1659 4991 1762 5050 est,

186 5095 288 5151 per
333 5079 647 5151 martyrium
670 5086 724 5133 et
742 5076 1206 5133 resurrectionem
1236 5091 1249 5128 :
1305 5090 1405 5146 ego
1436 5074 1762 5139 claritatem,

187 5185 351 5240 quam
380 5168 570 5225 dedisti
597 5168 728 5223 mihi
764 5168 882 5223 dedi
906 5167 1008 5231 eis,
1036 5167 1089 5221 id
1111 5175 1214 5231 est,
1251 5176 1518 5235 praecepta
1542 5166 1722 5220 divina
1748 5180 1763 5219 :

186 5261 356 5316 exivit
378 5274 501 5314 cum
520 5258 798 5329 discipulis
820 5266 1131 5313 suts‘trans
1184 5264 1477 5311 torrentem
1526 5256 1762 5322 Cedron,

187 5350 426 5415 ostendit
448 5351 705 5420 impetum
731 5347 1147 5419 persecutionis.

259 5442 462 5497 Iterum
490 5441 748 5496 transiens
778 5440 935 5497 Iesus
963 5456 1081 5495 cum
1111 5438 1381 5510 discipulis
1405 5441 1538 5504 suis,
1569 5438 1623 5494 id
1660 5446 1763 5504 est,

189 5531 259 5588 (τ
279 5531 481 5597 mundo
501 5530 568 5586 ad
596 5523 827 5601 patrem,
859 5541 915 5588 et
939 5532 1009 5595 de
1029 5530 1230 5588 Judais
1253 5530 1322 5585 ad
1344 5538 1558 5601 gentes,
1608 5544 1770 5586 vene-

190 5632 316 5679 runt
340 5639 461 5679 cum
488 5624 708 5679 laternis
729 5635 779 5678 et
804 5623 1016 5694 l'agulis,
1045 5625 1097 5677 id
1122 5632 1225 5685 est,
1252 5622 1349 5693 ipsi
1374 5622 1476 5677 sibi
1504 5622 1768 5677 accende-

187 5725 317 5770 runt
371 5716 551 5771 lumen
586 5714 821 5782 pmnalc,
870 5714 1208 5770 adduxerunt
1253 5727 1376 5769 eum
1419 5713 1487 5767 ad
1530 5712 1761 5776 Annam,

185 5809 340 5865 Anna
365 5811 534 5877 gratia
557 5807 652 5864 Dei
695 5809 1103 5879 interpretatur,
1133 5806 1223 5877 qui
1259 5806 1432 5878 gratia
1471 5806 1568 5863 Dei
1612 5819 1768 5864 acce-

1885 608 1983 672 ria,
2009 622 2128 677 qua:
2149 609 2444 665 introduxit
2468 609 2684 666 Petrum
2709 612 2763 666 in
2787 612 2985 667 atrium
3021 613 3294 684 signiﬁcat
3335 617 3452 687 pri-

1882 700 2082 755 mitivae
2104 700 2380 768 Ecclesiae,
2394 703 2739 772 exprobravit
2756 719 2880 759 eum
2901 704 3026 773 quia
3051 703 3148 760 Dei
3171 704 3367 762 Filium
3392 720 3456 765 se

1881 805 2002 845 esse
2024 791 2226 847 dixisse
2261 810 2275 846 :
2304 802 2454 847 certe
2486 808 2594 848 non
2623 797 2869 864 rapinam
2912 795 3208 852 arbitratus
3263 805 3350 853 est
3392 813 3454 855 se

1879 895 2002 937 esse
2034 880 2293 951 aequalem
2322 882 2453 947 Deo,
2495 881 2588 937 sed
2610 883 2962 953 semetipsum
2992 884 3318 954 exinanivit,
3343 887 3455 944 foro

1879 984 2022 1025 mam
2044 970 2435 1042 serviaccepit.
2880 1026 2891 1037 ,

1945 1060 2101 1115 lctus
2130 1060 2371 1131 bajulans
2422 1079 2627 1117 crucem
2673 1080 2823 1118 suam
2851 1079 2870 1116 :
2933 1078 3251 1136 exemptum
3302 1065 3455 1124 dedit

1878 1152 2019 1208 sicut
2049 1153 2165 1223 ipse
2184 1154 2322 1210 dixit
2358 1172 2371 1209 :
2402 1156 2495 1225 qui
2529 1155 2644 1211 vult
2689 1166 2811 1225 post
2851 1172 2940 1213 me
2981 1158 3168 1214 venire
3223 1157 3455 1231 abneget

1877 1243 2246 1313 semetipsum,
2272 1253 2328 1299 et
2348 1244 2553 1315 reliqua
2583 1263 2595 1300 :
2631 1245 2739 1302 duo
2760 1246 2999 1305 latrones
3024 1250 3268 1306 cruciﬁxi
3294 1261 3452 1308 erant

1877 1348 1999 1388 cum
2025 1332 2175 1397 Jesu,
2199 1334 2289 1403 qui
2316 1334 2616 1403 permansit
2640 1351 2779 1390 unus
2799 1337 2854 1391 in
2872 1337 3097 1406 perﬁdia
3121 1355 3240 1404 sua.
3262 1350 3449 1397 osten-

1876 1422 1957 1476 dit
2003 1418 2240 1486 Judzeos,
2293 1422 2387 1491 qui
2432 1416 2713 1478 confessus
2755 1432 2839 1479 est
2887 1423 3158 1495 significat
3205 1438 3440 1497 gentes:
3518 1478 3521 1481 ,

1877 1514 2133 1583 scriptum
2162 1520 2279 1568 erat
2307 1513 2361 1568 in
2402 1514 2558 1570 titulo
2589 1531 2684 1571 rex
2710 1513 3016 1577 Iudaeorum
3037 1557 3053 1581 ,
3110 1518 3164 1573 id
3212 1528 3299 1574 est
3352 1534 3448 1575 rex

1875 1603 2246 1661 confessorum
2295 1623 2308 1659 :
2354 1605 2600 1663 fecerunt
2640 1616 2875 1677 quatuor
2915 1618 3102 1677 partes
3167 1609 3236 1665 de
3285 1609 3448 1665 vesti-

1877 1696 2072 1750 mentis
2097 1693 2227 1755 Jesu
2250 1711 2263 1747 :
2288 1704 2521 1765 quatuor
2551 1697 2770 1762 milites,
2797 1697 2850 1753 id
2873 1706 2960 1752 est
2986 1705 3221 1767 quatuor
3270 1698 3450 1753 Evan-

1873 1786 2079 1857 εειίειίε
2109 1804 2123 1841 :
2159 1787 2483 1852 vestimenta
2508 1787 2699 1851 divisa,
2732 1787 2787 1842 id
2848 1795 2936 1841 est
2982 1787 3447 1855 praedicationem,

1874 1876 2327 1942 incarnationem,
2349 1876 2654 1946 passionem
2682 1884 2740 1931 et
2784 1875 3262 1942 resurrectionem,
3325 1893 3448 1946 quas

1872 1967 2301 2037 praedicaverunt
2351 1966 2406 2021 in
2448 1974 2678 2036 quatuor
2724 1965 2969 2036 partibus
3016 1966 3221 2031 mundi,
3262 1968 3447 2025 tunica

1873 2054 2414 2119 auteminconsutilis
2460 2057 2692 2126 desuper
2712 2064 2987 2121 contexta,
3040 2056 3278 2114 ostendit
3316 2058 3447 2127 quia

1872 2147 2126 2209 divinitas
2147 2146 2201 2201 in
2215 2145 2377 2202 Patre
2392 2155 2447 2202 et
2465 2146 2600 2202 Filio
2620 2147 3001 2217 inseparabilis
3019 2156 3103 2202 est
3126 2167 3141 2204 :
3168 2164 3278 2204 non
3301 2150 3447 2205 scin-

1872 2239 2061 2295 damus
2083 2254 2225 2303 eam,
2256 2238 2350 2294 sed
2377 2237 2896 2303 sortiamusdeilla
2947 2238 3107 2309 cujus
3156 2249 3296 2306 erat,
3356 2255 3447 2297 os-

1874 2328 2047 2389 tendit
2076 2328 2203 2399 quia
2226 2328 2331 2396 viri
2349 2328 2614 2393 Catholici
2639 2344 2748 2386 non
2778 2327 3315 2387 scinduntunitatem
3358 2330 3441 2388 di-

1870 2419 2131 2487 vinitatis.
2152 2480 2161 2485 _

1943 2509 2154 2574 Mulier,
2181 2527 2299 2567 ecce
2327 2511 2470 2580 ﬁlius
2491 2521 2647 2569 tuus:
2669 2512 2950 2584 discipula,
2976 2530 3091 2568 ecce
3115 2523 3283 2569 mater
3307 2523 3401 2568 tua
3423 2527 3443 2565 :

1872 2600 1963 2657 hic
1990 2600 2255 2672 virginem
2280 2604 2702 2670 commendavit,
2730 2613 2791 2659 ut
2836 2591 3211 2675 incorruptam
3257 2619 3443 2661 serva-

1873 2702 1957 2748 ret
1985 2711 1997 2746 :
2025 2710 2131 2748 non
2157 2692 2435 2766 fregerunt
2453 2711 2611 2751 crura
2630 2694 2782 2762 Jesu,
2799 2696 2852 2751 id
2866 2704 2970 2762 εει,
2989 2695 3133 2767 quod
3151 2695 3442 2768 ﬁguratum

1872 2794 1997 2839 ante
2022 2783 2218 2850 fuerat,
2244 2800 2340 2856 per
2364 2801 2561 2857 agnum
2587 2786 2642 2842 in
2664 2785 2901 2858 Aigypto
2926 2804 2939 2838 :
2964 2802 3074 2843 non
3100 2787 3326 2842 crudum
3344 2799 3451 2840 nec

1870 2886 2083 2932 coctum
2114 2891 2278 2947 aqua,
2302 2878 2396 2933 sed
2419 2893 2602 2935 assum
2634 2887 2843 2935 tantum
2895 2879 3027 2949 igni,
3051 2878 3290 2935 ostendit
3314 2892 3444 2949 pas-

1870 2967 2059 3022 sionen
2089 2964 2311 3033 Christi,
2350 2969 2597 3025 baculum
2625 2970 2678 3024 in
2715 2985 2900 3037 manu,
2931 2971 3171 3026 ostendit
3218 2985 3438 3027 crucem

1869 3055 2091 3120 Christi,
2131 3056 2199 3112 de
2250 3059 2449 3113 mundo
2499 3058 2566 3113 ad
2620 3058 2836 3115 Patrem
2888 3076 2903 3113 :
2954 3074 3063 3115 non
3115 3059 3445 3116 comminue-

1875 3146 1946 3200 tis
1975 3161 2044 3201 ex
2089 3161 2178 3211 eo,
2229 3148 2467 3204 ostendit
2529 3158 2589 3206 ut
2640 3166 2751 3206 non
2813 3150 2971 3211 ﬁeret
3023 3151 3255 3207 infracta
3306 3167 3446 3208 crux

1796 3211 1840 3274 (ἶ
1873 3235 2094 3302 Christi,
2153 3237 2336 3293 lancea
2376 3237 2517 3294 latus
2542 3240 2662 3310 ejus
2684 3250 3016 3310 punxerunt,
3044 3249 3106 3297 ut
3130 3241 3448 3313 impleretur

1871 3332 2179 3402 scriptura;
2205 3334 2455 3389 viderunt
2482 3336 2537 3390 in
2566 3350 2725 3405 quem
2746 3346 3147 3408 pupunxerunt.

1942 3421 2119 3477 Exirit
2178 3425 2392 3495 sanguis
2454 3435 2505 3479 et
2552 3442 2690 3496 aqua
2754 3438 2775 3477 :
2828 3426 2970 3481 sicut
2990 3440 3059 3480 ex
3116 3425 3289 3481 latere
3314 3426 3444 3482 Adae

1871 3524 2083 3586 sumpta
2112 3526 2198 3573 est
2220 3518 2351 3584 Eva,
2376 3518 2453 3572 ita
2474 3532 2542 3573 ex
2573 3518 2742 3573 latere
2766 3518 2967 3574 Christi
2987 3518 3160 3595 exivit
3187 3519 3441 3588 redemp-

1873 3608 1947 3661 tio
1971 3607 2225 3663 Ecclesia:
2256 3626 2269 3662 :
2302 3623 2400 3678 per
2451 3606 2764 3679 sanguinem
2811 3608 3081 3675 remissio,
3124 3623 3223 3679 per
3246 3623 3443 3679 aquam

1869 3697 2192 3768 baptismum
2247 3720 2263 3753 :
2307 3698 2416 3753 duo
2465 3697 2712 3765 discipuli
2760 3707 3042 3753 currentes
3084 3697 3109 3752 ?
3155 3697 3348 3753 Petrus
3387 3705 3446 3754 et

1869 3789 2126 3854 Joannes,
2154 3791 2394 3846 ostendit
2420 3789 2553 3845 duos
2599 3789 2824 3859 populos
2877 3796 3183 3856 currentes,
3230 3787 3446 3844 Judaaos

1871 3895 1967 3951 per
1992 3880 2127 3953 legis
2153 3880 2411 3946 litteram,
2437 3889 2628 3952 gentes
2657 3896 2753 3950 per
2776 3880 2950 3952 legem
2981 3889 3209 3936 naturae.

1938 3970 2171 4043 Joannes
2199 3973 2537 4042 prwcucurrit
2571 3973 2759 4039 citius;
2786 3973 2913 4025 vidit
2942 3972 3248 4025 linteamina
3273 3973 3445 4041 posita

1867 4071 1917 4115 et
1954 4048 2058 4115 non
2085 4062 2332 4115 introivit.
2375 4060 2544 4116 Judaei
2573 4076 2670 4131 per
2708 4061 2875 4130 legem
2921 4069 2976 4116 et
3014 4060 3315 4131 Prophetas
3364 4062 3446 4116 vi-

1870 4152 2067 4206 derunt
2117 4149 2392 4205 Christum
2418 4159 2726 4216 venturum,
2751 4159 2807 4206 et
2822 4151 3113 4206 adventum
3136 4151 3307 4221 ipsius
3329 4167 3438 4206 non

1870 4250 2212 4311 receperunt.
2238 4239 2398 4296 Venit
2436 4240 2626 4297 Petrus
2649 4256 2883 4312 sequens
2905 4256 3054 4309 eum,
3090 4242 3225 4297 vidit
3254 4241 3446 4297 lintea-

1870 4334 2018 4390 mina
2046 4341 2103 4388 et
2130 4333 2391 4393 introivit,
2442 4332 2891 4404 ostendit-gentes
2912 4349 3032 4404 quae
3055 4334 3108 4388 in
3154 4334 3445 4390 adventum

1868 4424 2109 4495 Christih
2120 4424 2238 4494 sive
2258 4424 2558 4481 doctrinam
2592 4424 2774 4480 illius:
2805 4441 2903 4497 per
2922 4426 3236 4482 linteamina
3268 4427 3447 4482 incar-

1872 4516 2020 4581 natio
2040 4514 2242 4571 Christi
2268 4515 2623 4587 intelligitur:
2654 4531 2753 4587 per
2805 4518 3082 4574 sudarium
3129 4517 3448 4589 mysterium

1872 4605 2173 4660 divinitatis
2203 4603 2560 4676 intelligitur:
2604 4605 2882 4661 sudarium
2931 4621 3039 4661 non
3092 4621 3217 4661 cum
3255 4605 3449 4660 lintea-

1872 4695 2132 4761 minibus,
2162 4694 2255 4750 sed
2281 4695 2576 4765 separatim
2624 4696 2678 4750 in
2702 4712 2870 4750 unum
2901 4695 3079 4751 locum
3124 4694 3445 4762 involutum,

1870 4787 2107 4843 ostendit
2145 4787 2273 4858 quia
2311 4788 2567 4843 divinitas
2598 4787 2754 4861 longe
2776 4798 2861 4844 est
2881 4797 3089 4846 remota
3116 4804 3148 4845 a
3198 4789 3449 4845 sensibus

1870 4879 2145 4945 humanis,
2174 4880 2229 4934 in
2256 4896 2421 4935 unum
2441 4880 2730 4952 locumqui
2775 4891 2903 4939 sunt
2924 4881 3246 4938 universalis
3277 4898 3291 4937 :
3317 4891 3448 4938 tunc

1872 4971 2115 5027 introivit
2139 4980 2196 5028 et
2235 4972 2374 5027 alius
2427 4971 2722 5043 discipulus
2764 4973 2858 5042 qui
2918 4973 3070 5044 prius
3109 4982 3331 5028 venerat
3381 4972 3448 5027 ad

1873 5076 2309 5137 monumentum,
2340 5066 2577 5122 ostendit
2604 5063 2820 5121 Judaeos
2866 5080 3117 5127 reversos
3157 5065 3227 5121 ad
3289 5063 3449 5120 ﬁdem

1874 5159 1930 5214 in
1956 5157 2064 5213 ﬁne
2088 5157 2273 5213 mundi
2300 5176 2314 5212 :
2340 5156 2515 5227 angeli
2543 5157 2795 5211 sedentes
2830 5157 2897 5211 ad
2920 5148 3081 5226 caput
3111 5165 3168 5212 et
3216 5155 3283 5210 ad
3346 5144 3445 5225 pe-

1874 5250 1991 5315 des,
2014 5249 2280 5319 ostendit
2302 5249 2516 5305 initium
2545 5256 2601 5303 et
2627 5248 2812 5314 linem.
3132 5270 3137 5277 -

1949 5343 2096 5397 Dixit
2122 5342 2318 5409 Maria,
2351 5342 2524 5396 nescio
2561 5341 2651 5396 ubi
2678 5351 2977 5411 posuerunt
3029 5357 3169 5406 eum,
3213 5342 3452 5397 ostendit

1873 5437 2169 5493 secundum
2196 5451 2416 5492 carnem
2436 5434 2695 5505 diligebat
2721 5434 2999 5499 mundum,
3040 5441 3097 5488 et
3132 5448 3233 5503 per
3287 5432 3447 5491 ﬁdem

1874 5529 2133 5585 credebat
2175 5526 2317 5596 quod
2360 5527 2498 5582 dixit
2551 5525 2714 5589 Maria
2783 5525 3025 5581 ostendit
3067 5522 3449 5594 cogitationem

1874 5618 2026 5673 vocis
2059 5636 2071 5672 :
2105 5618 2230 5687 quia
2253 5632 2350 5687 per
2371 5616 2714 5672 dilectionem
2737 5615 2969 5685 proximi
2992 5611 3271 5685 cognoscit
3290 5612 3451 5667 homo

1877 5711 2045 5765 Deum
2074 5723 2088 5763 :
2120 5709 2258 5763 dixit
2278 5706 2457 5772 Jesus,
2482 5707 2589 5762 noli
2620 5722 2705 5763 me
2748 5715 2991 5777 tangere,
3018 5704 3070 5759 id
3101 5690 3183 5760 est
3209 5703 3261 5758 in
3287 5703 3455 5758 corde

1878 5812 1989 5871 tuo,
2016 5801 2112 5859 tibi
2161 5816 2270 5857 non
2300 5798 2519 5857 escendi
2541 5814 2638 5870 per
2660 5797 3021 5863 divinitatem,
3064 5793 3310 5867 discipuli
3373 5794 3457 5866 pi_-
