  <div class='ocr_page' id='page_1' title='image "/cluster/home/n/w/nwhite01/storage/ocr_20150623/114/hvd.32044018909580/465.png"; bbox 0 0 3948 6328; ppageno 0'>
   <div class='ocr_carea' id='block_1_1' title="bbox 482 418 588 475">
    <p class='ocr_par' dir='ltr' id='par_1_1' title="bbox 482 418 588 475">
     <span class='ocr_line' id='line_1_1' title="bbox 482 418 588 475; baseline 0 -1"><span class='ocrx_word' id='word_1_1' title='bbox 482 418 588 475; x_wconf 76' lang='grc'><strong>915</strong></span> 
     </span>
    </p>
   </div>
   <div class='ocr_carea' id='block_1_2' title="bbox 997 406 3205 481">
    <p class='ocr_par' dir='ltr' id='par_1_2' title="bbox 997 406 3205 481">
     <span class='ocr_line' id='line_1_2' title="bbox 997 406 3205 481; baseline -0.002 -12"><span class='ocrx_word' id='word_1_2' title='bbox 997 413 1387 469; x_wconf 77' lang='lat' dir='ltr'><strong>WALAFRIDI</strong></span> <span class='ocrx_word' id='word_1_3' title='bbox 1426 412 1671 467; x_wconf 74' lang='lat' dir='ltr'><strong>STRABI</strong></span> <span class='ocrx_word' id='word_1_4' title='bbox 1707 408 1912 481; x_wconf 79' lang='lat' dir='ltr'><strong>FULD.</strong></span> <span class='ocrx_word' id='word_1_5' title='bbox 1950 409 2115 467; x_wconf 80' lang='lat' dir='ltr'><strong>MON.</strong></span> <span class='ocrx_word' id='word_1_6' title='bbox 2157 408 2309 467; x_wconf 81' lang='lat' dir='ltr'><strong>OPP.</strong></span> <span class='ocrx_word' id='word_1_7' title='bbox 2345 410 2528 465; x_wconf 77' lang='lat' dir='ltr'><strong>PARS</strong></span> <span class='ocrx_word' id='word_1_8' title='bbox 2562 409 2604 465; x_wconf 88' lang='lat' dir='ltr'><strong>l.</strong></span> <span class='ocrx_word' id='word_1_9' title='bbox 2641 438 2713 450; x_wconf 85' lang='lat'><strong>--</strong></span> <span class='ocrx_word' id='word_1_10' title='bbox 2748 406 3205 467; x_wconf 76' lang='lat' dir='ltr'><strong>THEOLOGICA.</strong></span> 
     </span>
    </p>
   </div>
   <div class='ocr_carea' id='block_1_3' title="bbox 3654 403 3753 460">
    <p class='ocr_par' dir='ltr' id='par_1_3' title="bbox 3654 403 3753 460">
     <span class='ocr_line' id='line_1_3' title="bbox 3654 403 3753 460; baseline -0.04 0"><span class='ocrx_word' id='word_1_11' title='bbox 3654 403 3753 460; x_wconf 75' lang='lat'><strong>916</strong></span> 
     </span>
    </p>
   </div>
   <div class='ocr_carea' id='block_1_4' title="bbox 487 502 3756 596">
    <p class='ocr_par' dir='ltr' id='par_1_4' title="bbox 487 502 3756 596">
     <span class='ocr_line' id='line_1_4' title="bbox 487 502 3756 596; baseline -0.001 -12"><span class='ocrx_word' id='word_1_12' title='bbox 487 502 703 587; x_wconf 82' lang='lat' dir='ltr'><strong>scantcs</strong></span> <span class='ocrx_word' id='word_1_13' title='bbox 743 534 910 582; x_wconf 89' lang='lat' dir='ltr'><strong>totam</strong></span> <span class='ocrx_word' id='word_1_14' title='bbox 941 534 1154 580; x_wconf 90' lang='lat' dir='ltr'><strong>noctem</strong></span> <span class='ocrx_word' id='word_1_15' title='bbox 1199 524 1331 579; x_wconf 80' lang='lat' dir='ltr'><strong>nihil</strong></span> <span class='ocrx_word' id='word_1_16' title='bbox 1386 532 1646 594; x_wconf 85' lang='lat' dir='ltr'><strong>ceperunt</strong></span> <span class='ocrx_word' id='word_1_17' title='bbox 1683 539 1698 581; x_wconf 86' lang='lat'><strong>:</strong></span> <span class='ocrx_word' id='word_1_18' title='bbox 1767 525 2067 596; x_wconf 77' lang='lat' dir='ltr'><strong>piscatores</strong></span> <span class='ocrx_word' id='word_1_19' title='bbox 2092 525 2141 586; x_wconf 81' lang='grc' dir='ltr'>Α</span> <span class='ocrx_word' id='word_1_20' title='bbox 2168 523 2465 580; x_wconf 76' lang='lat' dir='ltr'><strong>rectionem</strong></span> <span class='ocrx_word' id='word_1_21' title='bbox 2516 522 2747 579; x_wconf 89' lang='lat' dir='ltr'><strong>induunt</strong></span> <span class='ocrx_word' id='word_1_22' title='bbox 2795 524 3037 596; x_wconf 79' lang='lat' dir='ltr'><strong>Spiritale</strong></span> <span class='ocrx_word' id='word_1_23' title='bbox 3087 540 3285 595; x_wconf 88' lang='lat' dir='ltr'><strong>corpus</strong></span> <span class='ocrx_word' id='word_1_24' title='bbox 3310 565 3325 591; x_wconf 87' lang='lat'><strong>,</strong></span> <span class='ocrx_word' id='word_1_25' title='bbox 3393 524 3609 595; x_wconf 82' lang='lat' dir='ltr'><strong>ubique</strong></span> <span class='ocrx_word' id='word_1_26' title='bbox 3645 525 3756 582; x_wconf 83' lang='lat' dir='ltr'><strong>sine</strong></span> 
     </span>
    </p>
   </div>
   <div class='ocr_carea' id='block_1_5' title="bbox 486 614 2059 685">
    <p class='ocr_par' dir='ltr' id='par_1_5' title="bbox 486 614 2059 685">
     <span class='ocr_line' id='line_1_5' title="bbox 486 614 2059 685; baseline -0.006 -9"><span class='ocrx_word' id='word_1_27' title='bbox 486 622 740 676; x_wconf 84' lang='lat' dir='ltr'><strong>doctores</strong></span> <span class='ocrx_word' id='word_1_28' title='bbox 765 624 999 679; x_wconf 86' lang='lat' dir='ltr'><strong>veteres,</strong></span> <span class='ocrx_word' id='word_1_29' title='bbox 1029 614 1085 669; x_wconf 90' lang='lat' dir='ltr'><strong>in</strong></span> <span class='ocrx_word' id='word_1_30' title='bbox 1132 624 1289 669; x_wconf 83' lang='lat' dir='ltr'><strong>nocte</strong></span> <span class='ocrx_word' id='word_1_31' title='bbox 1310 615 1546 677; x_wconf 80' lang='lat' dir='ltr'><strong>ostendit</strong></span> <span class='ocrx_word' id='word_1_32' title='bbox 1593 622 1720 671; x_wconf 88' lang='lat' dir='ltr'><strong>ante</strong></span> <span class='ocrx_word' id='word_1_33' title='bbox 1768 614 2059 685; x_wconf 86' lang='lat' dir='ltr'><strong>adventum</strong></span> 
     </span>
    </p>
   </div>
   <div class='ocr_carea' id='block_1_6' title="bbox 495 707 2064 779">
    <p class='ocr_par' dir='ltr' id='par_1_6' title="bbox 495 707 2064 779">
     <span class='ocr_line' id='line_1_6' title="bbox 495 707 2064 779; baseline -0.004 -11"><span class='ocrx_word' id='word_1_34' title='bbox 495 710 698 769; x_wconf 93' lang='lat' dir='ltr'><strong>Christi</strong></span> <span class='ocrx_word' id='word_1_35' title='bbox 730 708 909 764; x_wconf 88' lang='lat' dir='ltr'><strong>nullus</strong></span> <span class='ocrx_word' id='word_1_36' title='bbox 931 709 1000 763; x_wconf 92' lang='lat' dir='ltr'><strong>ad</strong></span> <span class='ocrx_word' id='word_1_37' title='bbox 1038 707 1423 777; x_wconf 76' lang='lat' dir='ltr'><strong>perfectionem</strong></span> <span class='ocrx_word' id='word_1_38' title='bbox 1480 722 1582 778; x_wconf 84' lang='lat' dir='ltr'><strong>per</strong></span> <span class='ocrx_word' id='word_1_39' title='bbox 1623 707 2064 779; x_wconf 69' lang='lat' dir='ltr'><strong>prmdicationem</strong></span> 
     </span>
    </p>
   </div>
   <div class='ocr_carea' id='block_1_7' title="bbox 487 802 1123 876">
    <p class='ocr_par' dir='ltr' id='par_1_7' title="bbox 487 802 1123 876">
     <span class='ocr_line' id='line_1_7' title="bbox 487 802 1123 876; baseline -0.008 -18"><span class='ocrx_word' id='word_1_40' title='bbox 487 805 621 876; x_wconf 84' lang='lat' dir='ltr'><strong>legis</strong></span> <span class='ocrx_word' id='word_1_41' title='bbox 642 803 841 858; x_wconf 80' lang='lat' dir='ltr'><strong>veteris</strong></span> <span class='ocrx_word' id='word_1_42' title='bbox 869 802 1123 856; x_wconf 86' lang='lat' dir='ltr'><strong>venisset.</strong></span> 
     </span>
    </p>
   </div>
   <div class='ocr_carea' id='block_1_8' title="bbox 564 892 2066 961">
    <p class='ocr_par' dir='ltr' id='par_1_8' title="bbox 564 892 2066 961">
     <span class='ocr_line' id='line_1_8' title="bbox 564 892 2066 961; baseline -0.002 -12"><span class='ocrx_word' id='word_1_43' title='bbox 564 894 721 949; x_wconf 74' lang='lat' dir='ltr'><strong>Mane</strong></span> <span class='ocrx_word' id='word_1_44' title='bbox 779 903 952 946; x_wconf 79' lang='lat' dir='ltr'><strong>autem</strong></span> <span class='ocrx_word' id='word_1_45' title='bbox 1011 892 1148 961; x_wconf 78' lang='lat' dir='ltr'><strong>facta</strong></span> <span class='ocrx_word' id='word_1_46' title='bbox 1186 909 1204 946; x_wconf 92' lang='lat'><strong><em>:</em></strong></span> <span class='ocrx_word' id='word_1_47' title='bbox 1244 892 1481 955; x_wconf 83' lang='lat' dir='ltr'><strong>ostendit</strong></span> <span class='ocrx_word' id='word_1_48' title='bbox 1533 892 1733 947; x_wconf 80' lang='lat' dir='ltr'><strong>factum</strong></span> <span class='ocrx_word' id='word_1_49' title='bbox 1776 892 2066 947; x_wconf 79' lang='lat' dir='ltr'><strong>adventum</strong></span> 
     </span>
    </p>
   </div>
   <div class='ocr_carea' id='block_1_9' title="bbox 491 982 2069 1057">
    <p class='ocr_par' dir='ltr' id='par_1_9' title="bbox 491 982 2069 1057">
     <span class='ocr_line' id='line_1_9' title="bbox 491 982 2069 1057; baseline 0 -17"><span class='ocrx_word' id='word_1_50' title='bbox 491 985 692 1040; x_wconf 83' lang='lat' dir='ltr'><strong>Christi</strong></span> <span class='ocrx_word' id='word_1_51' title='bbox 722 1002 734 1037; x_wconf 90' lang='lat'><strong>:</strong></span> <span class='ocrx_word' id='word_1_52' title='bbox 769 984 966 1038; x_wconf 88' lang='lat' dir='ltr'><strong>mittite</strong></span> <span class='ocrx_word' id='word_1_53' title='bbox 990 982 1043 1039; x_wconf 87' lang='lat' dir='ltr'><strong>in</strong></span> <span class='ocrx_word' id='word_1_54' title='bbox 1067 984 1344 1038; x_wconf 78' lang='lat' dir='ltr'><strong>dexteram</strong></span> <span class='ocrx_word' id='word_1_55' title='bbox 1387 992 1618 1053; x_wconf 87' lang='lat' dir='ltr'><strong>partem,</strong></span> <span class='ocrx_word' id='word_1_56' title='bbox 1649 982 1832 1057; x_wconf 87' lang='lat' dir='ltr'><strong>idest,</strong></span> <span class='ocrx_word' id='word_1_57' title='bbox 1864 984 2069 1040; x_wconf 86' lang='lat' dir='ltr'><strong>mittite</strong></span> 
     </span>
    </p>
   </div>
   <div class='ocr_carea' id='block_1_10' title="bbox 500 1071 2064 1144">
    <p class='ocr_par' dir='ltr' id='par_1_10' title="bbox 500 1071 2064 1144">
     <span class='ocr_line' id='line_1_10' title="bbox 500 1071 2064 1144; baseline -0.001 -17"><span class='ocrx_word' id='word_1_58' title='bbox 500 1074 939 1144; x_wconf 62' lang='lat' dir='ltr'><strong>praedicationem</strong></span> <span class='ocrx_word' id='word_1_59' title='bbox 978 1072 1033 1129; x_wconf 89' lang='lat' dir='ltr'><strong>in</strong></span> <span class='ocrx_word' id='word_1_60' title='bbox 1080 1073 1349 1143; x_wconf 79' lang='lat' dir='ltr'><strong>gentibus.</strong></span> <span class='ocrx_word' id='word_1_61' title='bbox 1391 1072 1521 1127; x_wconf 84' lang='lat' dir='ltr'><strong>Erat</strong></span> <span class='ocrx_word' id='word_1_62' title='bbox 1560 1072 1703 1128; x_wconf 89' lang='lat' dir='ltr'><strong>enim</strong></span> <span class='ocrx_word' id='word_1_63' title='bbox 1733 1071 1926 1132; x_wconf 84' lang='lat' dir='ltr'><strong>Petrus</strong></span> <span class='ocrx_word' id='word_1_64' title='bbox 1964 1087 2064 1126; x_wconf 93' lang='lat' dir='ltr'><strong>nu-</strong></span> 
     </span>
    </p>
   </div>
   <div class='ocr_carea' id='block_1_11' title="bbox 499 1160 2068 1229">
    <p class='ocr_par' dir='ltr' id='par_1_11' title="bbox 499 1160 2068 1229">
     <span class='ocr_line' id='line_1_11' title="bbox 499 1160 2068 1229; baseline -0.001 -14"><span class='ocrx_word' id='word_1_65' title='bbox 499 1164 621 1225; x_wconf 76' lang='lat' dir='ltr'><strong>dus,</strong></span> <span class='ocrx_word' id='word_1_66' title='bbox 653 1162 705 1216; x_wconf 88' lang='lat' dir='ltr'><strong>id</strong></span> <span class='ocrx_word' id='word_1_67' title='bbox 728 1169 809 1215; x_wconf 85' lang='lat' dir='ltr'><strong>est</strong></span> <span class='ocrx_word' id='word_1_68' title='bbox 833 1161 963 1215; x_wconf 89' lang='lat' dir='ltr'><strong>nudi</strong></span> <span class='ocrx_word' id='word_1_69' title='bbox 990 1170 1145 1214; x_wconf 87' lang='lat' dir='ltr'><strong>erant</strong></span> <span class='ocrx_word' id='word_1_70' title='bbox 1169 1176 1198 1214; x_wconf 88' lang='lat' dir='ltr'><strong>a</strong></span> <span class='ocrx_word' id='word_1_71' title='bbox 1229 1162 1333 1216; x_wconf 83' lang='lat' dir='ltr'><strong>tide</strong></span> <span class='ocrx_word' id='word_1_72' title='bbox 1359 1160 1565 1229; x_wconf 84' lang='lat' dir='ltr'><strong>Christi</strong></span> <span class='ocrx_word' id='word_1_73' title='bbox 1594 1175 1608 1214; x_wconf 93' lang='lat'><strong>:</strong></span> <span class='ocrx_word' id='word_1_74' title='bbox 1650 1161 1828 1216; x_wconf 87' lang='lat' dir='ltr'><strong>tunica</strong></span> <span class='ocrx_word' id='word_1_75' title='bbox 1857 1160 2068 1215; x_wconf 80' lang='lat' dir='ltr'><strong>succin-</strong></span> 
     </span>
    </p>
   </div>
   <div class='ocr_carea' id='block_1_12' title="bbox 495 1247 2069 1316">
    <p class='ocr_par' dir='ltr' id='par_1_12' title="bbox 495 1247 2069 1316">
     <span class='ocr_line' id='line_1_12' title="bbox 495 1247 2069 1316; baseline -0.002 -11"><span class='ocrx_word' id='word_1_76' title='bbox 495 1252 571 1305; x_wconf 77' lang='lat' dir='ltr'><strong>xit</strong></span> <span class='ocrx_word' id='word_1_77' title='bbox 597 1265 675 1316; x_wconf 86' lang='lat' dir='ltr'><strong>se,</strong></span> <span class='ocrx_word' id='word_1_78' title='bbox 705 1249 756 1304; x_wconf 86' lang='lat' dir='ltr'><strong>id</strong></span> <span class='ocrx_word' id='word_1_79' title='bbox 777 1258 861 1304; x_wconf 84' lang='lat' dir='ltr'><strong>est</strong></span> <span class='ocrx_word' id='word_1_80' title='bbox 884 1250 1044 1305; x_wconf 77' lang='lat' dir='ltr'><strong>ﬁdem</strong></span> <span class='ocrx_word' id='word_1_81' title='bbox 1070 1249 1362 1315; x_wconf 56' lang='lat' dir='ltr'><strong>Ecclesia}:</strong></span> <span class='ocrx_word' id='word_1_82' title='bbox 1393 1250 1541 1304; x_wconf 88' lang='lat' dir='ltr'><strong>misit</strong></span> <span class='ocrx_word' id='word_1_83' title='bbox 1585 1264 1645 1305; x_wconf 91' lang='lat' dir='ltr'><strong>se</strong></span> <span class='ocrx_word' id='word_1_84' title='bbox 1694 1248 1750 1303; x_wconf 91' lang='lat' dir='ltr'><strong>in</strong></span> <span class='ocrx_word' id='word_1_85' title='bbox 1790 1263 1961 1310; x_wconf 86' lang='lat' dir='ltr'><strong>mare,</strong></span> <span class='ocrx_word' id='word_1_86' title='bbox 2014 1247 2069 1302; x_wconf 88' lang='lat' dir='ltr'><strong>id</strong></span> 
     </span>
    </p>
   </div>
   <div class='ocr_carea' id='block_1_13' title="bbox 493 1336 2069 1408">
    <p class='ocr_par' dir='ltr' id='par_1_13' title="bbox 493 1336 2069 1408">
     <span class='ocr_line' id='line_1_13' title="bbox 493 1336 2069 1408; baseline -0.003 -14"><span class='ocrx_word' id='word_1_87' title='bbox 493 1349 578 1395; x_wconf 90' lang='lat' dir='ltr'><strong>est</strong></span> <span class='ocrx_word' id='word_1_88' title='bbox 606 1340 661 1394; x_wconf 88' lang='lat' dir='ltr'><strong>in</strong></span> <span class='ocrx_word' id='word_1_89' title='bbox 694 1338 1156 1403; x_wconf 81' lang='lat' dir='ltr'><strong>ﬂuctuationibus,</strong></span> <span class='ocrx_word' id='word_1_90' title='bbox 1201 1347 1256 1392; x_wconf 90' lang='lat' dir='ltr'><strong>et</strong></span> <span class='ocrx_word' id='word_1_91' title='bbox 1295 1338 1684 1408; x_wconf 81' lang='lat' dir='ltr'><strong>amaritudines</strong></span> <span class='ocrx_word' id='word_1_92' title='bbox 1731 1336 1917 1392; x_wconf 91' lang='lat' dir='ltr'><strong>mundi</strong></span> <span class='ocrx_word' id='word_1_93' title='bbox 1970 1351 2069 1405; x_wconf 83' lang='lat' dir='ltr'><strong>per</strong></span> 
     </span>
    </p>
   </div>
   <div class='ocr_carea' id='block_1_14' title="bbox 494 1428 2065 1505">
    <p class='ocr_par' dir='ltr' id='par_1_14' title="bbox 494 1428 2065 1505">
     <span class='ocr_line' id='line_1_14' title="bbox 494 1428 2065 1505; baseline -0.002 -21"><span class='ocrx_word' id='word_1_94' title='bbox 494 1430 839 1486; x_wconf 84' lang='lat' dir='ltr'><strong>dilectionem</strong></span> <span class='ocrx_word' id='word_1_95' title='bbox 868 1428 1073 1489; x_wconf 81' lang='lat' dir='ltr'><strong>Christi</strong></span> <span class='ocrx_word' id='word_1_96' title='bbox 1108 1448 1129 1496; x_wconf 26' lang='grc' dir='ltr'><strong>εν</strong></span> <span class='ocrx_word' id='word_1_97' title='bbox 1152 1430 1240 1484; x_wconf 87' lang='lat' dir='ltr'><strong>alii</strong></span> <span class='ocrx_word' id='word_1_98' title='bbox 1265 1430 1514 1500; x_wconf 78' lang='lat' dir='ltr'><strong>discipuli</strong></span> <span class='ocrx_word' id='word_1_99' title='bbox 1545 1430 1759 1505; x_wconf 82' lang='lat' dir='ltr'><strong>navigio</strong></span> <span class='ocrx_word' id='word_1_100' title='bbox 1780 1436 2065 1495; x_wconf 86' lang='lat' dir='ltr'><strong>venerunt,</strong></span> 
     </span>
    </p>
   </div>
   <div class='ocr_carea' id='block_1_15' title="bbox 496 1518 2069 1593">
    <p class='ocr_par' dir='ltr' id='par_1_15' title="bbox 496 1518 2069 1593">
     <span class='ocr_line' id='line_1_15' title="bbox 496 1518 2069 1593; baseline 0.001 -19"><span class='ocrx_word' id='word_1_101' title='bbox 496 1519 552 1574; x_wconf 85' lang='lat' dir='ltr'><strong>id</strong></span> <span class='ocrx_word' id='word_1_102' title='bbox 577 1529 681 1583; x_wconf 86' lang='lat' dir='ltr'><strong>est,</strong></span> <span class='ocrx_word' id='word_1_103' title='bbox 722 1519 779 1574; x_wconf 90' lang='lat' dir='ltr'><strong>in</strong></span> <span class='ocrx_word' id='word_1_104' title='bbox 828 1518 1070 1575; x_wconf 83' lang='lat' dir='ltr'><strong>Ecclesia</strong></span> <span class='ocrx_word' id='word_1_105' title='bbox 1109 1519 1514 1593; x_wconf 82' lang='lat' dir='ltr'><strong>ﬂuctuationem</strong></span> <span class='ocrx_word' id='word_1_106' title='bbox 1567 1520 1753 1575; x_wconf 88' lang='lat' dir='ltr'><strong>mundi</strong></span> <span class='ocrx_word' id='word_1_107' title='bbox 1795 1519 2069 1579; x_wconf 82' lang='lat' dir='ltr'><strong>calcantes</strong></span> 
     </span>
    </p>
   </div>
   <div class='ocr_carea' id='block_1_16' title="bbox 494 1612 2069 1689">
    <p class='ocr_par' dir='ltr' id='par_1_16' title="bbox 494 1612 2069 1689">
     <span class='ocr_line' id='line_1_16' title="bbox 494 1612 2069 1689; baseline 0.001 -23"><span class='ocrx_word' id='word_1_108' title='bbox 494 1612 747 1667; x_wconf 83' lang='lat' dir='ltr'><strong>viderunt</strong></span> <span class='ocrx_word' id='word_1_109' title='bbox 771 1629 992 1684; x_wconf 89' lang='lat' dir='ltr'><strong>prunas,</strong></span> <span class='ocrx_word' id='word_1_110' title='bbox 1025 1624 1083 1671; x_wconf 92' lang='lat' dir='ltr'><strong>et</strong></span> <span class='ocrx_word' id='word_1_111' title='bbox 1105 1616 1307 1686; x_wconf 88' lang='lat' dir='ltr'><strong>piscem</strong></span> <span class='ocrx_word' id='word_1_112' title='bbox 1334 1624 1389 1672; x_wconf 85' lang='lat' dir='ltr'><strong>et</strong></span> <span class='ocrx_word' id='word_1_113' title='bbox 1430 1628 1627 1687; x_wconf 85' lang='lat' dir='ltr'><strong>panem</strong></span> <span class='ocrx_word' id='word_1_114' title='bbox 1669 1615 1941 1689; x_wconf 66' lang='lat' dir='ltr'><strong>positum,</strong></span> <span class='ocrx_word' id='word_1_115' title='bbox 1972 1629 2069 1684; x_wconf 79' lang='lat' dir='ltr'><strong>per</strong></span> 
     </span>
    </p>
   </div>
   <div class='ocr_carea' id='block_1_17' title="bbox 496 1703 2066 1778">
    <p class='ocr_par' dir='ltr' id='par_1_17' title="bbox 496 1703 2066 1778">
     <span class='ocr_line' id='line_1_17' title="bbox 496 1703 2066 1778; baseline 0.002 -22"><span class='ocrx_word' id='word_1_116' title='bbox 496 1703 698 1772; x_wconf 85' lang='lat' dir='ltr'><strong>piscem</strong></span> <span class='ocrx_word' id='word_1_117' title='bbox 716 1703 953 1759; x_wconf 86' lang='lat' dir='ltr'><strong>ostendit</strong></span> <span class='ocrx_word' id='word_1_118' title='bbox 974 1703 1161 1777; x_wconf 71' lang='lat' dir='ltr'><strong>ﬁdem,</strong></span> <span class='ocrx_word' id='word_1_119' title='bbox 1186 1721 1284 1775; x_wconf 81' lang='lat' dir='ltr'><strong>per</strong></span> <span class='ocrx_word' id='word_1_120' title='bbox 1312 1721 1523 1775; x_wconf 38' lang='lat' dir='ltr'><strong>prunas.</strong></span> <span class='ocrx_word' id='word_1_121' title='bbox 1540 1704 1777 1778; x_wconf 78' lang='lat' dir='ltr'><strong>calorem</strong></span> <span class='ocrx_word' id='word_1_122' title='bbox 1796 1704 2066 1773; x_wconf 83' lang='lat' dir='ltr'><strong>caritatis,</strong></span> 
     </span>
    </p>
   </div>
   <div class='ocr_carea' id='block_1_18' title="bbox 498 1795 2066 1870">
    <p class='ocr_par' dir='ltr' id='par_1_18' title="bbox 498 1795 2066 1870">
     <span class='ocr_line' id='line_1_18' title="bbox 498 1795 2066 1870; baseline 0.001 -22"><span class='ocrx_word' id='word_1_123' title='bbox 498 1809 597 1863; x_wconf 84' lang='lat' dir='ltr'><strong>per</strong></span> <span class='ocrx_word' id='word_1_124' title='bbox 642 1807 837 1863; x_wconf 86' lang='lat' dir='ltr'><strong>panem</strong></span> <span class='ocrx_word' id='word_1_125' title='bbox 888 1797 1115 1870; x_wconf 80' lang='lat' dir='ltr'><strong>verbum</strong></span> <span class='ocrx_word' id='word_1_126' title='bbox 1184 1796 1424 1852; x_wconf 85' lang='lat' dir='ltr'><strong>divinum</strong></span> <span class='ocrx_word' id='word_1_127' title='bbox 1469 1817 1484 1851; x_wconf 91' lang='lat'><strong>:</strong></span> <span class='ocrx_word' id='word_1_128' title='bbox 1529 1797 1806 1867; x_wconf 76' lang='lat' dir='ltr'><strong>trahentes</strong></span> <span class='ocrx_word' id='word_1_129' title='bbox 1853 1804 1968 1857; x_wconf 89' lang='lat' dir='ltr'><strong>rete</strong></span> <span class='ocrx_word' id='word_1_130' title='bbox 2012 1795 2066 1849; x_wconf 91' lang='lat' dir='ltr'><strong>in</strong></span> 
     </span>
    </p>
   </div>
   <div class='ocr_carea' id='block_1_19' title="bbox 2167 615 3753 691">
    <p class='ocr_par' dir='ltr' id='par_1_19' title="bbox 2167 615 3753 691">
     <span class='ocr_line' id='line_1_19' title="bbox 2167 615 3753 691; baseline 0 -20"><span class='ocrx_word' id='word_1_131' title='bbox 2167 624 2313 672; x_wconf 89' lang='lat' dir='ltr'><strong>metu</strong></span> <span class='ocrx_word' id='word_1_132' title='bbox 2358 615 2564 689; x_wconf 91' lang='lat' dir='ltr'><strong>ingredi</strong></span> <span class='ocrx_word' id='word_1_133' title='bbox 2594 624 2840 685; x_wconf 88' lang='lat' dir='ltr'><strong>possunt,</strong></span> <span class='ocrx_word' id='word_1_134' title='bbox 2888 615 3032 672; x_wconf 88' lang='lat' dir='ltr'><strong>unde</strong></span> <span class='ocrx_word' id='word_1_135' title='bbox 3078 616 3289 691; x_wconf 75' lang='lat' dir='ltr'><strong>integer</strong></span> <span class='ocrx_word' id='word_1_136' title='bbox 3325 624 3383 671; x_wconf 92' lang='lat' dir='ltr'><strong>et</strong></span> <span class='ocrx_word' id='word_1_137' title='bbox 3406 615 3753 689; x_wconf 80' lang='lat' dir='ltr'><strong>incorruptus</strong></span> 
     </span>
    </p>
   </div>
   <div class='ocr_carea' id='block_1_20' title="bbox 2166 707 3547 773">
    <p class='ocr_par' dir='ltr' id='par_1_20' title="bbox 2166 707 3547 773">
     <span class='ocr_line' id='line_1_20' title="bbox 2166 707 3547 773; baseline -0.001 -10"><span class='ocrx_word' id='word_1_138' title='bbox 2166 707 2537 773; x_wconf 78' lang='lat' dir='ltr'><strong>matrimonio,</strong></span> <span class='ocrx_word' id='word_1_139' title='bbox 2567 715 2680 762; x_wconf 89' lang='lat' dir='ltr'><strong>tres</strong></span> <span class='ocrx_word' id='word_1_140' title='bbox 2704 707 2999 772; x_wconf 71' lang='lat' dir='ltr'><strong>testiiicant</strong></span> <span class='ocrx_word' id='word_1_141' title='bbox 3025 707 3165 763; x_wconf 84' lang='lat' dir='ltr'><strong>hanc</strong></span> <span class='ocrx_word' id='word_1_142' title='bbox 3183 707 3547 765; x_wconf 80' lang='lat' dir='ltr'><strong>sententiam.</strong></span> 
     </span>
    </p>
   </div>
   <div class='ocr_carea' id='block_1_21' title="bbox 2235 798 3754 870">
    <p class='ocr_par' dir='ltr' id='par_1_21' title="bbox 2235 798 3754 870">
     <span class='ocr_line' id='line_1_21' title="bbox 2235 798 3754 870; baseline 0.001 -15"><span class='ocrx_word' id='word_1_143' title='bbox 2235 799 2539 870; x_wconf 74' lang='lat' dir='ltr'><strong>Discipulus</strong></span> <span class='ocrx_word' id='word_1_144' title='bbox 2584 816 2738 869; x_wconf 77' lang='lat' dir='ltr'><strong>quem</strong></span> <span class='ocrx_word' id='word_1_145' title='bbox 2792 799 3006 853; x_wconf 76' lang='lat' dir='ltr'><strong>amabat</strong></span> <span class='ocrx_word' id='word_1_146' title='bbox 3060 798 3239 854; x_wconf 76' lang='lat' dir='ltr'><strong>Iesus.</strong></span> <span class='ocrx_word' id='word_1_147' title='bbox 3281 799 3545 855; x_wconf 84' lang='lat' dir='ltr'><strong>Secunda</strong></span> <span class='ocrx_word' id='word_1_148' title='bbox 3593 800 3754 857; x_wconf 66' lang='lat' dir='ltr'><strong>virtu</strong></span> 
     </span>
    </p>
   </div>
   <div class='ocr_carea' id='block_1_22' title="bbox 2167 886 3754 959">
    <p class='ocr_par' dir='ltr' id='par_1_22' title="bbox 2167 886 3754 959">
     <span class='ocr_line' id='line_1_22' title="bbox 2167 886 3754 959; baseline -0.003 -13"><span class='ocrx_word' id='word_1_149' title='bbox 2167 898 2253 946; x_wconf 87' lang='lat' dir='ltr'><strong>est</strong></span> <span class='ocrx_word' id='word_1_150' title='bbox 2283 889 2426 959; x_wconf 90' lang='lat' dir='ltr'><strong>quod</strong></span> <span class='ocrx_word' id='word_1_151' title='bbox 2453 888 2582 947; x_wconf 82' lang='lat' dir='ltr'><strong>fecit</strong></span> <span class='ocrx_word' id='word_1_152' title='bbox 2605 887 2763 944; x_wconf 84' lang='lat' dir='ltr'><strong>Iesus</strong></span> <span class='ocrx_word' id='word_1_153' title='bbox 2786 888 2840 941; x_wconf 92' lang='lat' dir='ltr'><strong>in</strong></span> <span class='ocrx_word' id='word_1_154' title='bbox 2870 887 3016 942; x_wconf 85' lang='lat' dir='ltr'><strong>Cana</strong></span> <span class='ocrx_word' id='word_1_155' title='bbox 3041 886 3294 954; x_wconf 75' lang='lat' dir='ltr'><strong>Galil:e:e,</strong></span> <span class='ocrx_word' id='word_1_156' title='bbox 3317 889 3515 942; x_wconf 86' lang='lat' dir='ltr'><strong>vinum</strong></span> <span class='ocrx_word' id='word_1_157' title='bbox 3536 888 3609 943; x_wconf 88' lang='lat' dir='ltr'><strong>de</strong></span> <span class='ocrx_word' id='word_1_158' title='bbox 3625 903 3754 957; x_wconf 81' lang='lat' dir='ltr'><strong>aqua</strong></span> 
     </span>
    </p>
   </div>
   <div class='ocr_carea' id='block_1_23' title="bbox 2168 977 3749 1050">
    <p class='ocr_par' dir='ltr' id='par_1_23' title="bbox 2168 977 3749 1050">
     <span class='ocr_line' id='line_1_23' title="bbox 2168 977 3749 1050; baseline -0.001 -14"><span class='ocrx_word' id='word_1_159' title='bbox 2168 980 2442 1050; x_wconf 75' lang='lat' dir='ltr'><strong>expressit</strong></span> <span class='ocrx_word' id='word_1_160' title='bbox 2523 992 2660 1049; x_wconf 91' lang='lat' dir='ltr'><strong>opus</strong></span> <span class='ocrx_word' id='word_1_161' title='bbox 2735 987 2985 1049; x_wconf 88' lang='lat' dir='ltr'><strong>paratum</strong></span> <span class='ocrx_word' id='word_1_162' title='bbox 3048 977 3417 1050; x_wconf 77' lang='lat' dir='ltr'><strong>virginitatem</strong></span> <span class='ocrx_word' id='word_1_163' title='bbox 3491 978 3715 1035; x_wconf 79' lang='lat' dir='ltr'><strong>Joannis</strong></span> <span class='ocrx_word' id='word_1_164' title='bbox 3735 1021 3749 1041; x_wconf 91' lang='lat'><strong>,</strong></span> 
     </span>
    </p>
   </div>
   <div class='ocr_carea' id='block_1_24' title="bbox 2168 1065 3749 1139">
    <p class='ocr_par' dir='ltr' id='par_1_24' title="bbox 2168 1065 3749 1139">
     <span class='ocr_line' id='line_1_24' title="bbox 2168 1065 3749 1139; baseline -0.003 -12"><span class='ocrx_word' id='word_1_165' title='bbox 2168 1070 2406 1128; x_wconf 86' lang='lat' dir='ltr'><strong>ostendit</strong></span> <span class='ocrx_word' id='word_1_166' title='bbox 2430 1067 2558 1138; x_wconf 86' lang='lat' dir='ltr'><strong>quia</strong></span> <span class='ocrx_word' id='word_1_167' title='bbox 2588 1068 2666 1123; x_wconf 91' lang='lat' dir='ltr'><strong>illi</strong></span> <span class='ocrx_word' id='word_1_168' title='bbox 2690 1082 2888 1137; x_wconf 87' lang='lat' dir='ltr'><strong>sponsa</strong></span> <span class='ocrx_word' id='word_1_169' title='bbox 2912 1065 3201 1139; x_wconf 78' lang='lat' dir='ltr'><strong>conjuncta</strong></span> <span class='ocrx_word' id='word_1_170' title='bbox 3227 1077 3315 1124; x_wconf 91' lang='lat' dir='ltr'><strong>est</strong></span> <span class='ocrx_word' id='word_1_171' title='bbox 3338 1086 3353 1122; x_wconf 88' lang='lat'><strong>:</strong></span> <span class='ocrx_word' id='word_1_172' title='bbox 3376 1069 3749 1123; x_wconf 72' lang='lat' dir='ltr'><strong>testimonium</strong></span> 
     </span>
    </p>
   </div>
   <div class='ocr_carea' id='block_1_25' title="bbox 2168 1156 3753 1230">
    <p class='ocr_par' dir='ltr' id='par_1_25' title="bbox 2168 1156 3753 1230">
     <span class='ocr_line' id='line_1_25' title="bbox 2168 1156 3753 1230; baseline -0.001 -15"><span class='ocrx_word' id='word_1_173' title='bbox 2168 1160 2310 1230; x_wconf 87' lang='lat' dir='ltr'><strong>quod</strong></span> <span class='ocrx_word' id='word_1_174' title='bbox 2355 1158 2760 1215; x_wconf 87' lang='lat' dir='ltr'><strong>commendavit</strong></span> <span class='ocrx_word' id='word_1_175' title='bbox 2809 1156 2967 1214; x_wconf 86' lang='lat' dir='ltr'><strong>Iesus</strong></span> <span class='ocrx_word' id='word_1_176' title='bbox 3030 1167 3262 1214; x_wconf 84' lang='lat' dir='ltr'><strong>matrem</strong></span> <span class='ocrx_word' id='word_1_177' title='bbox 3310 1174 3468 1214; x_wconf 90' lang='lat' dir='ltr'><strong>suam</strong></span> <span class='ocrx_word' id='word_1_178' title='bbox 3515 1159 3753 1215; x_wconf 85' lang='lat' dir='ltr'><strong>Ioanni:</strong></span> 
     </span>
    </p>
   </div>
   <div class='ocr_carea' id='block_1_26' title="bbox 2167 1247 3756 1321">
    <p class='ocr_par' dir='ltr' id='par_1_26' title="bbox 2167 1247 3756 1321">
     <span class='ocr_line' id='line_1_26' title="bbox 2167 1247 3756 1321; baseline -0.002 -15"><span class='ocrx_word' id='word_1_179' title='bbox 2167 1250 2336 1306; x_wconf 81' lang='lat' dir='ltr'><strong>Maria</strong></span> <span class='ocrx_word' id='word_1_180' title='bbox 2391 1248 2637 1306; x_wconf 82' lang='lat' dir='ltr'><strong>Ecclesia</strong></span> <span class='ocrx_word' id='word_1_181' title='bbox 2689 1249 2976 1321; x_wconf 82' lang='lat' dir='ltr'><strong>ﬁguratur.</strong></span> <span class='ocrx_word' id='word_1_182' title='bbox 3027 1247 3305 1305; x_wconf 90' lang='lat' dir='ltr'><strong>Iohannes</strong></span> <span class='ocrx_word' id='word_1_183' title='bbox 3366 1251 3756 1319; x_wconf 79' lang='lat' dir='ltr'><strong>principatum,</strong></span> 
     </span>
    </p>
   </div>
   <div class='ocr_carea' id='block_1_27' title="bbox 2167 1336 3758 1410">
    <p class='ocr_par' dir='ltr' id='par_1_27' title="bbox 2167 1336 3758 1410">
     <span class='ocr_line' id='line_1_27' title="bbox 2167 1336 3758 1410; baseline -0.004 -12"><span class='ocrx_word' id='word_1_184' title='bbox 2167 1340 2310 1398; x_wconf 88' lang='lat' dir='ltr'><strong>sicut</strong></span> <span class='ocrx_word' id='word_1_185' title='bbox 2336 1338 2440 1394; x_wconf 80' lang='lat' dir='ltr'><strong>fuit</strong></span> <span class='ocrx_word' id='word_1_186' title='bbox 2465 1336 2740 1394; x_wconf 84' lang='lat' dir='ltr'><strong>Iohannes</strong></span> <span class='ocrx_word' id='word_1_187' title='bbox 2763 1339 2920 1410; x_wconf 83' lang='lat' dir='ltr'><strong>virgo</strong></span> <span class='ocrx_word' id='word_1_188' title='bbox 2952 1338 3323 1403; x_wconf 84' lang='lat' dir='ltr'><strong>matrimonio,</strong></span> <span class='ocrx_word' id='word_1_189' title='bbox 3343 1340 3427 1395; x_wconf 89' lang='lat' dir='ltr'><strong>sic</strong></span> <span class='ocrx_word' id='word_1_190' title='bbox 3447 1338 3558 1407; x_wconf 68' lang='lat' dir='ltr'><strong>fuit</strong></span> <span class='ocrx_word' id='word_1_191' title='bbox 3598 1340 3758 1393; x_wconf 80' lang='lat' dir='ltr'><strong>incor-</strong></span> 
     </span>
    </p>
   </div>
   <div class='ocr_carea' id='block_1_28' title="bbox 2167 1427 3757 1502">
    <p class='ocr_par' dir='ltr' id='par_1_28' title="bbox 2167 1427 3757 1502">
     <span class='ocr_line' id='line_1_28' title="bbox 2167 1427 3757 1502; baseline -0.001 -16"><span class='ocrx_word' id='word_1_192' title='bbox 2167 1439 2358 1502; x_wconf 90' lang='lat' dir='ltr'><strong>ruptus</strong></span> <span class='ocrx_word' id='word_1_193' title='bbox 2381 1437 2438 1486; x_wconf 88' lang='lat' dir='ltr'><strong>et</strong></span> <span class='ocrx_word' id='word_1_194' title='bbox 2456 1436 2633 1487; x_wconf 90' lang='lat' dir='ltr'><strong>morte</strong></span> <span class='ocrx_word' id='word_1_195' title='bbox 2662 1444 2678 1484; x_wconf 91' lang='lat'><strong>:</strong></span> <span class='ocrx_word' id='word_1_196' title='bbox 2706 1427 2944 1501; x_wconf 83' lang='lat' dir='ltr'><strong>Ioannes</strong></span> <span class='ocrx_word' id='word_1_197' title='bbox 2980 1430 3350 1501; x_wconf 75' lang='lat' dir='ltr'><strong>genealogiam</strong></span> <span class='ocrx_word' id='word_1_198' title='bbox 3385 1431 3459 1485; x_wconf 87' lang='lat' dir='ltr'><strong>de</strong></span> <span class='ocrx_word' id='word_1_199' title='bbox 3483 1429 3757 1485; x_wconf 70' lang='lat' dir='ltr'><strong>divinitate</strong></span> 
     </span>
    </p>
   </div>
   <div class='ocr_carea' id='block_1_29' title="bbox 2167 1519 3758 1592">
    <p class='ocr_par' dir='ltr' id='par_1_29' title="bbox 2167 1519 3758 1592">
     <span class='ocr_line' id='line_1_29' title="bbox 2167 1519 3758 1592; baseline 0.001 -19"><span class='ocrx_word' id='word_1_200' title='bbox 2167 1527 2374 1585; x_wconf 86' lang='lat' dir='ltr'><strong>narrat,</strong></span> <span class='ocrx_word' id='word_1_201' title='bbox 2411 1534 2537 1576; x_wconf 89' lang='lat' dir='ltr'><strong>nam</strong></span> <span class='ocrx_word' id='word_1_202' title='bbox 2564 1519 2656 1574; x_wconf 80' lang='lat' dir='ltr'><strong>alii</strong></span> <span class='ocrx_word' id='word_1_203' title='bbox 2685 1519 2754 1575; x_wconf 90' lang='lat' dir='ltr'><strong>de</strong></span> <span class='ocrx_word' id='word_1_204' title='bbox 2798 1520 3019 1592; x_wconf 84' lang='lat' dir='ltr'><strong>homine</strong></span> <span class='ocrx_word' id='word_1_205' title='bbox 3059 1530 3285 1575; x_wconf 90' lang='lat' dir='ltr'><strong>narrant</strong></span> <span class='ocrx_word' id='word_1_206' title='bbox 3314 1538 3328 1575; x_wconf 90' lang='lat'><strong>:</strong></span> <span class='ocrx_word' id='word_1_207' title='bbox 3360 1522 3429 1576; x_wconf 89' lang='lat' dir='ltr'><strong>de</strong></span> <span class='ocrx_word' id='word_1_208' title='bbox 3483 1521 3758 1581; x_wconf 78' lang='lat' dir='ltr'><strong>divinitate</strong></span> 
     </span>
    </p>
   </div>
   <div class='ocr_carea' id='block_1_30' title="bbox 2164 1602 3757 1682">
    <p class='ocr_par' dir='ltr' id='par_1_30' title="bbox 2164 1602 3757 1682">
     <span class='ocr_line' id='line_1_30' title="bbox 2164 1602 3757 1682; baseline 0 -15"><span class='ocrx_word' id='word_1_209' title='bbox 2164 1610 2435 1675; x_wconf 78' lang='lat' dir='ltr'><strong>Iohannes</strong></span> <span class='ocrx_word' id='word_1_210' title='bbox 2460 1611 2607 1676; x_wconf 87' lang='lat' dir='ltr'><strong>dicit,</strong></span> <span class='ocrx_word' id='word_1_211' title='bbox 2652 1611 2709 1666; x_wconf 90' lang='lat' dir='ltr'><strong>in</strong></span> <span class='ocrx_word' id='word_1_212' title='bbox 2735 1602 3001 1682; x_wconf 85' lang='lat' dir='ltr'><strong>principio</strong></span> <span class='ocrx_word' id='word_1_213' title='bbox 3039 1620 3158 1667; x_wconf 83' lang='lat' dir='ltr'><strong>erat</strong></span> <span class='ocrx_word' id='word_1_214' title='bbox 3181 1612 3441 1676; x_wconf 87' lang='lat' dir='ltr'><strong>verbum,</strong></span> <span class='ocrx_word' id='word_1_215' title='bbox 3480 1612 3593 1666; x_wconf 87' lang='lat' dir='ltr'><strong>iste</strong></span> <span class='ocrx_word' id='word_1_216' title='bbox 3625 1610 3757 1679; x_wconf 79' lang='lat' dir='ltr'><strong>jace-</strong></span> 
     </span>
    </p>
   </div>
   <div class='ocr_carea' id='block_1_31' title="bbox 2165 1701 3756 1773">
    <p class='ocr_par' dir='ltr' id='par_1_31' title="bbox 2165 1701 3756 1773">
     <span class='ocr_line' id='line_1_31' title="bbox 2165 1701 3756 1773; baseline 0.001 -16"><span class='ocrx_word' id='word_1_217' title='bbox 2165 1702 2261 1757; x_wconf 91' lang='lat' dir='ltr'><strong>bat</strong></span> <span class='ocrx_word' id='word_1_218' title='bbox 2301 1717 2463 1773; x_wconf 89' lang='lat' dir='ltr'><strong>super</strong></span> <span class='ocrx_word' id='word_1_219' title='bbox 2505 1709 2696 1772; x_wconf 90' lang='lat' dir='ltr'><strong>pectus</strong></span> <span class='ocrx_word' id='word_1_220' title='bbox 2731 1701 2878 1768; x_wconf 87' lang='lat' dir='ltr'><strong>Iesu,</strong></span> <span class='ocrx_word' id='word_1_221' title='bbox 2921 1712 2977 1757; x_wconf 91' lang='lat' dir='ltr'><strong>et</strong></span> <span class='ocrx_word' id='word_1_222' title='bbox 3022 1704 3247 1759; x_wconf 87' lang='lat' dir='ltr'><strong>scientia</strong></span> <span class='ocrx_word' id='word_1_223' title='bbox 3299 1703 3618 1758; x_wconf 80' lang='lat' dir='ltr'><strong>divinitatis</strong></span> <span class='ocrx_word' id='word_1_224' title='bbox 3654 1719 3756 1772; x_wconf 66' lang='lat' dir='ltr'><strong>qua</strong></span> 
     </span>
    </p>
   </div>
   <div class='ocr_carea' id='block_1_32' title="bbox 2167 1792 3756 1863">
    <p class='ocr_par' dir='ltr' id='par_1_32' title="bbox 2167 1792 3756 1863">
     <span class='ocr_line' id='line_1_32' title="bbox 2167 1792 3756 1863; baseline -0.001 -12"><span class='ocrx_word' id='word_1_225' title='bbox 2167 1795 2343 1851; x_wconf 77' lang='lat' dir='ltr'><strong>fuerat</strong></span> <span class='ocrx_word' id='word_1_226' title='bbox 2394 1793 2450 1848; x_wconf 88' lang='lat' dir='ltr'><strong>in</strong></span> <span class='ocrx_word' id='word_1_227' title='bbox 2500 1801 2719 1863; x_wconf 88' lang='lat' dir='ltr'><strong>pectore</strong></span> <span class='ocrx_word' id='word_1_228' title='bbox 2759 1792 2887 1850; x_wconf 85' lang='lat' dir='ltr'><strong>Iesu</strong></span> <span class='ocrx_word' id='word_1_229' title='bbox 2945 1793 3186 1849; x_wconf 88' lang='lat' dir='ltr'><strong>ascendit</strong></span> <span class='ocrx_word' id='word_1_230' title='bbox 3211 1793 3500 1850; x_wconf 87' lang='lat' dir='ltr'><strong>Iohannes</strong></span> <span class='ocrx_word' id='word_1_231' title='bbox 3524 1795 3595 1848; x_wconf 91' lang='lat' dir='ltr'><strong>de</strong></span> <span class='ocrx_word' id='word_1_232' title='bbox 3646 1810 3756 1849; x_wconf 81' lang='lat' dir='ltr'><strong>con—</strong></span> 
     </span>
    </p>
   </div>
   <div class='ocr_carea' id='block_1_33' title="bbox 499 1877 2067 1963">
    <p class='ocr_par' dir='ltr' id='par_1_33' title="bbox 499 1889 2067 1963">
     <span class='ocr_line' id='line_1_33' title="bbox 499 1889 2067 1963; baseline 0.003 -20"><span class='ocrx_word' id='word_1_233' title='bbox 499 1898 724 1955; x_wconf 86' lang='lat' dir='ltr'><strong>terram,</strong></span> <span class='ocrx_word' id='word_1_234' title='bbox 748 1904 847 1961; x_wconf 91' lang='lat' dir='ltr'><strong>per</strong></span> <span class='ocrx_word' id='word_1_235' title='bbox 865 1889 1046 1946; x_wconf 85' lang='lat' dir='ltr'><strong>littora</strong></span> <span class='ocrx_word' id='word_1_236' title='bbox 1087 1893 1326 1947; x_wconf 89' lang='lat' dir='ltr'><strong>ostendit</strong></span> <span class='ocrx_word' id='word_1_237' title='bbox 1360 1893 1522 1951; x_wconf 76' lang='lat' dir='ltr'><strong>ﬁnem</strong></span> <span class='ocrx_word' id='word_1_238' title='bbox 1561 1893 1745 1948; x_wconf 89' lang='lat' dir='ltr'><strong>mundi</strong></span> <span class='ocrx_word' id='word_1_239' title='bbox 1784 1906 1800 1946; x_wconf 91' lang='lat'><strong>:</strong></span> <span class='ocrx_word' id='word_1_240' title='bbox 1852 1892 2067 1963; x_wconf 89' lang='lat' dir='ltr'><strong>plenum</strong></span> 
     </span>
    </p>
   </div>
   <div class='ocr_carea' id='block_1_34' title="bbox 2175 1877 3758 1963">
    <p class='ocr_par' dir='ltr' id='par_1_34' title="bbox 2175 1884 3758 1959">
     <span class='ocr_line' id='line_1_34' title="bbox 2175 1884 3758 1959; baseline -0.001 -19"><span class='ocrx_word' id='word_1_241' title='bbox 2175 1884 2457 1957; x_wconf 76' lang='lat' dir='ltr'><strong>iunctione</strong></span> <span class='ocrx_word' id='word_1_242' title='bbox 2478 1885 2707 1940; x_wconf 90' lang='lat' dir='ltr'><strong>duorum</strong></span> <span class='ocrx_word' id='word_1_243' title='bbox 2727 1892 3010 1956; x_wconf 81' lang='lat' dir='ltr'><strong>pectorum</strong></span> <span class='ocrx_word' id='word_1_244' title='bbox 3029 1902 3055 1959; x_wconf 32' lang='lat'><strong>;.</strong></span> <span class='ocrx_word' id='word_1_245' title='bbox 3074 1886 3235 1955; x_wconf 83' lang='lat' dir='ltr'><strong>insita</strong></span> <span class='ocrx_word' id='word_1_246' title='bbox 3286 1887 3482 1952; x_wconf 77' lang='lat' dir='ltr'><strong>arbor,</strong></span> <span class='ocrx_word' id='word_1_247' title='bbox 3530 1887 3589 1939; x_wconf 86' lang='lat' dir='ltr'><strong>in</strong></span> <span class='ocrx_word' id='word_1_248' title='bbox 3641 1885 3758 1939; x_wconf 82' lang='lat' dir='ltr'><strong>alter</strong></span> 
     </span>
    </p>
   </div>
   <div class='ocr_carea' id='block_1_35' title="bbox 497 1980 2077 2056">
    <p class='ocr_par' dir='ltr' id='par_1_35' title="bbox 497 1980 2077 2056">
     <span class='ocr_line' id='line_1_35' title="bbox 497 1980 2077 2056; baseline 0.006 -24"><span class='ocrx_word' id='word_1_249' title='bbox 497 1980 708 2051; x_wconf 80' lang='lat' dir='ltr'><strong>magnis</strong></span> <span class='ocrx_word' id='word_1_250' title='bbox 758 1980 1019 2050; x_wconf 81' lang='lat' dir='ltr'><strong>piscibus,</strong></span> <span class='ocrx_word' id='word_1_251' title='bbox 1069 1982 1123 2039; x_wconf 90' lang='lat' dir='ltr'><strong>id</strong></span> <span class='ocrx_word' id='word_1_252' title='bbox 1176 1992 1297 2050; x_wconf 88' lang='lat' dir='ltr'><strong>est,</strong></span> <span class='ocrx_word' id='word_1_253' title='bbox 1343 1984 1620 2055; x_wconf 89' lang='lat' dir='ltr'><strong>plenitudo</strong></span> <span class='ocrx_word' id='word_1_254' title='bbox 1665 1992 1721 2040; x_wconf 88' lang='lat' dir='ltr'><strong>et</strong></span> <span class='ocrx_word' id='word_1_255' title='bbox 1766 1984 2077 2056; x_wconf 75' lang='lat' dir='ltr'><strong>magnitudo</strong></span> 
     </span>
    </p>
   </div>
   <div class='ocr_carea' id='block_1_36' title="bbox 500 2068 2077 2146">
    <p class='ocr_par' dir='ltr' id='par_1_36' title="bbox 500 2068 2077 2146">
     <span class='ocr_line' id='line_1_36' title="bbox 500 2068 2077 2146; baseline 0.005 -24"><span class='ocrx_word' id='word_1_256' title='bbox 500 2068 775 2135; x_wconf 76' lang='lat' dir='ltr'><strong>Ecclesiae,</strong></span> <span class='ocrx_word' id='word_1_257' title='bbox 803 2084 902 2139; x_wconf 86' lang='lat' dir='ltr'><strong>per</strong></span> <span class='ocrx_word' id='word_1_258' title='bbox 936 2074 1311 2130; x_wconf 89' lang='lat' dir='ltr'><strong>remissionem</strong></span> <span class='ocrx_word' id='word_1_259' title='bbox 1356 2084 1705 2146; x_wconf 79' lang='lat' dir='ltr'><strong>peccatorum</strong></span> <span class='ocrx_word' id='word_1_260' title='bbox 1736 2093 1751 2130; x_wconf 90' lang='lat'><strong>:</strong></span> <span class='ocrx_word' id='word_1_261' title='bbox 1807 2090 1908 2145; x_wconf 83' lang='lat' dir='ltr'><strong>per</strong></span> <span class='ocrx_word' id='word_1_262' title='bbox 1963 2084 2077 2133; x_wconf 89' lang='lat' dir='ltr'><strong>tres</strong></span> 
     </span>
    </p>
   </div>
   <div class='ocr_carea' id='block_1_37' title="bbox 500 2160 2073 2234">
    <p class='ocr_par' dir='ltr' id='par_1_37' title="bbox 500 2160 2073 2234">
     <span class='ocr_line' id='line_1_37' title="bbox 500 2160 2073 2234; baseline 0.004 -21"><span class='ocrx_word' id='word_1_263' title='bbox 500 2160 741 2214; x_wconf 89' lang='lat' dir='ltr'><strong>ostendit</strong></span> <span class='ocrx_word' id='word_1_264' title='bbox 760 2161 1059 2219; x_wconf 88' lang='lat' dir='ltr'><strong>trinitatem</strong></span> <span class='ocrx_word' id='word_1_265' title='bbox 1089 2182 1103 2217; x_wconf 90' lang='lat'><strong>:</strong></span> <span class='ocrx_word' id='word_1_266' title='bbox 1128 2164 1419 2225; x_wconf 80' lang='lat' dir='ltr'><strong>indivisum</strong></span> <span class='ocrx_word' id='word_1_267' title='bbox 1454 2174 1570 2224; x_wconf 85' lang='lat' dir='ltr'><strong>rete</strong></span> <span class='ocrx_word' id='word_1_268' title='bbox 1609 2174 1665 2224; x_wconf 88' lang='lat' dir='ltr'><strong>et</strong></span> <span class='ocrx_word' id='word_1_269' title='bbox 1690 2182 1796 2225; x_wconf 87' lang='lat' dir='ltr'><strong>non</strong></span> <span class='ocrx_word' id='word_1_270' title='bbox 1823 2168 2073 2234; x_wconf 84' lang='lat' dir='ltr'><strong>scissum,</strong></span> 
     </span>
    </p>
   </div>
   <div class='ocr_carea' id='block_1_38' title="bbox 501 2251 2075 2331">
    <p class='ocr_par' dir='ltr' id='par_1_38' title="bbox 501 2251 2075 2331">
     <span class='ocr_line' id='line_1_38' title="bbox 501 2251 2075 2331; baseline 0.006 -26"><span class='ocrx_word' id='word_1_271' title='bbox 501 2251 557 2305; x_wconf 90' lang='lat' dir='ltr'><strong>id</strong></span> <span class='ocrx_word' id='word_1_272' title='bbox 588 2259 696 2316; x_wconf 89' lang='lat' dir='ltr'><strong>est,</strong></span> <span class='ocrx_word' id='word_1_273' title='bbox 723 2252 1019 2311; x_wconf 59' lang='lat' dir='ltr'><strong>Eccksiam</strong></span> <span class='ocrx_word' id='word_1_274' title='bbox 1049 2255 1105 2327; x_wconf 90' lang='lat' dir='ltr'><strong>in</strong></span> <span class='ocrx_word' id='word_1_275' title='bbox 1150 2256 1332 2314; x_wconf 80' lang='lat' dir='ltr'><strong>futuro</strong></span> <span class='ocrx_word' id='word_1_276' title='bbox 1362 2258 1744 2331; x_wconf 79' lang='lat' dir='ltr'><strong>incorruptam</strong></span> <span class='ocrx_word' id='word_1_277' title='bbox 1775 2278 1789 2315; x_wconf 90' lang='lat'><strong>:</strong></span> <span class='ocrx_word' id='word_1_278' title='bbox 1844 2262 2075 2316; x_wconf 86' lang='lat' dir='ltr'><strong>mandu-</strong></span> 
     </span>
    </p>
   </div>
   <div class='ocr_carea' id='block_1_39' title="bbox 504 2342 2079 2423">
    <p class='ocr_par' dir='ltr' id='par_1_39' title="bbox 504 2342 2079 2423">
     <span class='ocr_line' id='line_1_39' title="bbox 504 2342 2079 2423; baseline 0.006 -26"><span class='ocrx_word' id='word_1_279' title='bbox 504 2343 650 2397; x_wconf 87' lang='lat' dir='ltr'><strong>cavit</strong></span> <span class='ocrx_word' id='word_1_280' title='bbox 704 2342 863 2400; x_wconf 84' lang='lat' dir='ltr'><strong>Iesus</strong></span> <span class='ocrx_word' id='word_1_281' title='bbox 907 2356 1028 2423; x_wconf 86' lang='lat' dir='ltr'><strong>post</strong></span> <span class='ocrx_word' id='word_1_282' title='bbox 1090 2348 1565 2417; x_wconf 82' lang='lat' dir='ltr'><strong>resurrectionem,</strong></span> <span class='ocrx_word' id='word_1_283' title='bbox 1612 2350 1848 2407; x_wconf 85' lang='lat' dir='ltr'><strong>ostendit</strong></span> <span class='ocrx_word' id='word_1_284' title='bbox 1895 2366 2079 2407; x_wconf 86' lang='lat' dir='ltr'><strong>veram</strong></span> 
     </span>
    </p>
   </div>
   <div class='ocr_carea' id='block_1_40' title="bbox 507 2434 1935 2509">
    <p class='ocr_par' dir='ltr' id='par_1_40' title="bbox 507 2434 1935 2509">
     <span class='ocr_line' id='line_1_40' title="bbox 507 2434 1935 2509; baseline 0.009 -24"><span class='ocrx_word' id='word_1_285' title='bbox 507 2434 936 2497; x_wconf 83' lang='lat' dir='ltr'><strong>incarnationem</strong></span> <span class='ocrx_word' id='word_1_286' title='bbox 964 2439 1213 2509; x_wconf 48' lang='lat' dir='ltr'><strong>corporis.</strong></span> <span class='ocrx_word' id='word_1_287' title='bbox 1236 2452 1296 2496; x_wconf 86' lang='lat' dir='ltr'><strong>ut</strong></span> <span class='ocrx_word' id='word_1_288' title='bbox 1320 2442 1604 2498; x_wconf 90' lang='lat' dir='ltr'><strong>credentes</strong></span> <span class='ocrx_word' id='word_1_289' title='bbox 1632 2441 1935 2498; x_wconf 84' lang='lat' dir='ltr'><strong>crederent.</strong></span> 
     </span>
    </p>
   </div>
   <div class='ocr_carea' id='block_1_41' title="bbox 577 2522 2084 2601">
    <p class='ocr_par' dir='ltr' id='par_1_41' title="bbox 577 2522 2084 2601">
     <span class='ocr_line' id='line_1_41' title="bbox 577 2522 2084 2601; baseline 0.009 -27"><span class='ocrx_word' id='word_1_290' title='bbox 577 2522 722 2581; x_wconf 69' lang='lat' dir='ltr'><strong>Dixit</strong></span> <span class='ocrx_word' id='word_1_291' title='bbox 753 2524 944 2592; x_wconf 79' lang='lat' dir='ltr'><strong>Iesus,</strong></span> <span class='ocrx_word' id='word_1_292' title='bbox 992 2527 1175 2597; x_wconf 73' lang='lat' dir='ltr'><strong>Simon</strong></span> <span class='ocrx_word' id='word_1_293' title='bbox 1196 2529 1422 2601; x_wconf 76' lang='lat' dir='ltr'><strong>Joannis</strong></span> <span class='ocrx_word' id='word_1_294' title='bbox 1473 2547 1623 2585; x_wconf 87' lang='lat' dir='ltr'><strong>amas</strong></span> <span class='ocrx_word' id='word_1_295' title='bbox 1655 2548 1739 2600; x_wconf 80' lang='lat' dir='ltr'><strong>nte</strong></span> <span class='ocrx_word' id='word_1_296' title='bbox 1765 2532 1790 2586; x_wconf 83' lang='lat'><strong>.’</strong></span> <span class='ocrx_word' id='word_1_297' title='bbox 1832 2532 2084 2598; x_wconf 73' lang='lat' dir='ltr'><strong>Ostendit</strong></span> 
     </span>
    </p>
   </div>
   <div class='ocr_carea' id='block_1_42' title="bbox 504 2614 2083 2696">
    <p class='ocr_par' dir='ltr' id='par_1_42' title="bbox 504 2614 2083 2696">
     <span class='ocr_line' id='line_1_42' title="bbox 504 2614 2083 2696; baseline 0.008 -30"><span class='ocrx_word' id='word_1_298' title='bbox 504 2614 645 2668; x_wconf 87' lang='lat' dir='ltr'><strong>sicut</strong></span> <span class='ocrx_word' id='word_1_299' title='bbox 679 2617 1009 2696; x_wconf 6' lang='lat' dir='ltr'><strong>termnegavit,</strong></span> <span class='ocrx_word' id='word_1_300' title='bbox 1038 2627 1096 2672; x_wconf 90' lang='lat' dir='ltr'><strong>nt</strong></span> <span class='ocrx_word' id='word_1_301' title='bbox 1118 2627 1201 2679; x_wconf 87' lang='lat' dir='ltr'><strong>ter</strong></span> <span class='ocrx_word' id='word_1_302' title='bbox 1239 2621 1590 2677; x_wconf 85' lang='lat' dir='ltr'><strong>conﬁteretur</strong></span> <span class='ocrx_word' id='word_1_303' title='bbox 1627 2622 1787 2678; x_wconf 75' lang='lat' dir='ltr'><strong>(idem</strong></span> <span class='ocrx_word' id='word_1_304' title='bbox 1846 2620 2083 2679; x_wconf 75' lang='lat' dir='ltr'><strong>Trinita-</strong></span> 
     </span>
    </p>
   </div>
   <div class='ocr_carea' id='block_1_43' title="bbox 508 2703 2082 2791">
    <p class='ocr_par' dir='ltr' id='par_1_43' title="bbox 508 2703 2082 2791">
     <span class='ocr_line' id='line_1_43' title="bbox 508 2703 2082 2791; baseline 0.01 -35"><span class='ocrx_word' id='word_1_305' title='bbox 508 2703 577 2791; x_wconf 88' lang='lat' dir='ltr'><strong>tis</strong></span> <span class='ocrx_word' id='word_1_306' title='bbox 603 2722 615 2756; x_wconf 94' lang='lat'>:</span> <span class='ocrx_word' id='word_1_307' title='bbox 645 2720 808 2774; x_wconf 86' lang='lat' dir='ltr'><strong>pasce</strong></span> <span class='ocrx_word' id='word_1_308' title='bbox 829 2722 961 2761; x_wconf 89' lang='lat' dir='ltr'><strong>oves</strong></span> <span class='ocrx_word' id='word_1_309' title='bbox 986 2725 1134 2765; x_wconf 80' lang='lat' dir='ltr'><strong>ineas</strong></span> <span class='ocrx_word' id='word_1_310' title='bbox 1163 2711 1217 2765; x_wconf 90' lang='lat' dir='ltr'><strong>id</strong></span> <span class='ocrx_word' id='word_1_311' title='bbox 1254 2721 1336 2774; x_wconf 87' lang='lat' dir='ltr'><strong>est</strong></span> <span class='ocrx_word' id='word_1_312' title='bbox 1362 2713 1419 2767; x_wconf 92' lang='lat' dir='ltr'><strong>in</strong></span> <span class='ocrx_word' id='word_1_313' title='bbox 1462 2712 1703 2777; x_wconf 86' lang='lat' dir='ltr'><strong>Ecclesia</strong></span> <span class='ocrx_word' id='word_1_314' title='bbox 1745 2733 1773 2791; x_wconf 19' lang='grc' dir='ltr'><strong>τι</strong></span> <span class='ocrx_word' id='word_1_315' title='bbox 1807 2715 2082 2786; x_wconf 85' lang='lat' dir='ltr'><strong>ingressus</strong></span> 
     </span>
    </p>
   </div>
   <div class='ocr_carea' id='block_1_44' title="bbox 504 2790 2091 2877">
    <p class='ocr_par' dir='ltr' id='par_1_44' title="bbox 504 2790 2091 2877">
     <span class='ocr_line' id='line_1_44' title="bbox 504 2790 2091 2877; baseline 0.01 -31"><span class='ocrx_word' id='word_1_316' title='bbox 504 2790 859 2872; x_wconf 86' lang='lat' dir='ltr'><strong>Iesusjanuis</strong></span> <span class='ocrx_word' id='word_1_317' title='bbox 877 2797 1078 2860; x_wconf 78' lang='lat' dir='ltr'><strong>clausis</strong></span> <span class='ocrx_word' id='word_1_318' title='bbox 1113 2803 1351 2858; x_wconf 87' lang='lat' dir='ltr'><strong>ostendit</strong></span> <span class='ocrx_word' id='word_1_319' title='bbox 1390 2803 1517 2873; x_wconf 90' lang='lat' dir='ltr'><strong>quia</strong></span> <span class='ocrx_word' id='word_1_320' title='bbox 1554 2790 1773 2865; x_wconf 85' lang='lat' dir='ltr'><strong>clausis</strong></span> <span class='ocrx_word' id='word_1_321' title='bbox 1806 2805 2091 2877; x_wconf 46' lang='lat' dir='ltr'><strong>ingressus,</strong></span> 
     </span>
    </p>
   </div>
   <div class='ocr_carea' id='block_1_45' title="bbox 506 2883 2080 2968">
    <p class='ocr_par' dir='ltr' id='par_1_45' title="bbox 506 2883 2080 2968">
     <span class='ocr_line' id='line_1_45' title="bbox 506 2883 2080 2968; baseline 0.008 -29"><span class='ocrx_word' id='word_1_322' title='bbox 506 2893 591 2940; x_wconf 90' lang='lat' dir='ltr'><strong>est</strong></span> <span class='ocrx_word' id='word_1_323' title='bbox 609 2883 790 2953; x_wconf 76' lang='lat' dir='ltr'><strong>ianuis</strong></span> <span class='ocrx_word' id='word_1_324' title='bbox 819 2897 1060 2956; x_wconf 88' lang='lat' dir='ltr'><strong>uterum,</strong></span> <span class='ocrx_word' id='word_1_325' title='bbox 1105 2892 1183 2947; x_wconf 91' lang='lat' dir='ltr'><strong>sic</strong></span> <span class='ocrx_word' id='word_1_326' title='bbox 1211 2900 1269 2949; x_wconf 92' lang='lat' dir='ltr'><strong>et</strong></span> <span class='ocrx_word' id='word_1_327' title='bbox 1297 2908 1488 2951; x_wconf 90' lang='lat' dir='ltr'><strong>omnes</strong></span> <span class='ocrx_word' id='word_1_328' title='bbox 1515 2894 1690 2958; x_wconf 87' lang='lat' dir='ltr'><strong>sancti</strong></span> <span class='ocrx_word' id='word_1_329' title='bbox 1732 2905 1856 2968; x_wconf 89' lang='lat' dir='ltr'><strong>post</strong></span> <span class='ocrx_word' id='word_1_330' title='bbox 1898 2911 2080 2952; x_wconf 86' lang='lat' dir='ltr'><strong>resur—</strong></span> 
     </span>
    </p>
   </div>
   <div class='ocr_carea' id='block_1_46' title="bbox 2181 1975 3756 2047">
    <p class='ocr_par' dir='ltr' id='par_1_46' title="bbox 2181 1975 3756 2047">
     <span class='ocr_line' id='line_1_46' title="bbox 2181 1975 3756 2047; baseline 0 -16"><span class='ocrx_word' id='word_1_331' title='bbox 2181 1975 2315 2032; x_wconf 79' lang='lat' dir='ltr'><strong>facit</strong></span> <span class='ocrx_word' id='word_1_332' title='bbox 2358 1975 2596 2032; x_wconf 80' lang='lat' dir='ltr'><strong>fructum</strong></span> <span class='ocrx_word' id='word_1_333' title='bbox 2626 1975 2863 2047; x_wconf 66' lang='lat' dir='ltr'><strong>arboris,</strong></span> <span class='ocrx_word' id='word_1_334' title='bbox 2879 1975 3103 2031; x_wconf 89' lang='lat' dir='ltr'><strong>alterius</strong></span> <span class='ocrx_word' id='word_1_335' title='bbox 3122 1977 3177 2039; x_wconf 83' lang='lat' dir='ltr'><strong>in</strong></span> <span class='ocrx_word' id='word_1_336' title='bbox 3208 1992 3316 2045; x_wconf 88' lang='lat' dir='ltr'><strong>qua</strong></span> <span class='ocrx_word' id='word_1_337' title='bbox 3377 1975 3686 2045; x_wconf 84' lang='lat' dir='ltr'><strong>piantatur.</strong></span> <span class='ocrx_word' id='word_1_338' title='bbox 3709 1975 3756 2031; x_wconf 85' lang='lat' dir='ltr'><strong>Si</strong></span> 
     </span>
    </p>
   </div>
   <div class='ocr_carea' id='block_1_47' title="bbox 2178 2067 3759 2137">
    <p class='ocr_par' dir='ltr' id='par_1_47' title="bbox 2178 2067 3759 2137">
     <span class='ocr_line' id='line_1_47' title="bbox 2178 2067 3759 2137; baseline -0.003 -10"><span class='ocrx_word' id='word_1_339' title='bbox 2178 2069 2473 2127; x_wconf 87' lang='lat' dir='ltr'><strong>secundum</strong></span> <span class='ocrx_word' id='word_1_340' title='bbox 2496 2069 2741 2137; x_wconf 82' lang='lat' dir='ltr'><strong>ordinem</strong></span> <span class='ocrx_word' id='word_1_341' title='bbox 2766 2068 2991 2125; x_wconf 87' lang='lat' dir='ltr'><strong>canonis</strong></span> <span class='ocrx_word' id='word_1_342' title='bbox 3033 2069 3134 2124; x_wconf 88' lang='lat' dir='ltr'><strong>iste</strong></span> <span class='ocrx_word' id='word_1_343' title='bbox 3154 2068 3293 2123; x_wconf 88' lang='lat' dir='ltr'><strong>liber</strong></span> <span class='ocrx_word' id='word_1_344' title='bbox 3312 2067 3623 2123; x_wconf 74' lang='lat' dir='ltr'><strong>Mathamm</strong></span> <span class='ocrx_word' id='word_1_345' title='bbox 3644 2083 3759 2137; x_wconf 76' lang='lat' dir='ltr'><strong>pne-</strong></span> 
     </span>
    </p>
   </div>
   <div class='ocr_carea' id='block_1_48' title="bbox 2177 2161 3759 2233">
    <p class='ocr_par' dir='ltr' id='par_1_48' title="bbox 2177 2161 3759 2233">
     <span class='ocr_line' id='line_1_48' title="bbox 2177 2161 3759 2233; baseline -0.005 -12"><span class='ocrx_word' id='word_1_346' title='bbox 2177 2163 2475 2230; x_wconf 82' lang='lat' dir='ltr'><strong>mittendus</strong></span> <span class='ocrx_word' id='word_1_347' title='bbox 2493 2171 2657 2230; x_wconf 83' lang='lat' dir='ltr'><strong>esset,</strong></span> <span class='ocrx_word' id='word_1_348' title='bbox 2679 2169 2736 2220; x_wconf 87' lang='lat' dir='ltr'><strong>et</strong></span> <span class='ocrx_word' id='word_1_349' title='bbox 2771 2161 2915 2233; x_wconf 88' lang='lat' dir='ltr'><strong>quod</strong></span> <span class='ocrx_word' id='word_1_350' title='bbox 2941 2162 2999 2216; x_wconf 88' lang='lat' dir='ltr'><strong>in</strong></span> <span class='ocrx_word' id='word_1_351' title='bbox 3026 2162 3377 2216; x_wconf 80' lang='lat' dir='ltr'><strong>novissimam</strong></span> <span class='ocrx_word' id='word_1_352' title='bbox 3406 2161 3631 2231; x_wconf 82' lang='lat' dir='ltr'><strong>positus</strong></span> <span class='ocrx_word' id='word_1_353' title='bbox 3654 2176 3759 2230; x_wconf 82' lang='lat' dir='ltr'><strong>par-</strong></span> 
     </span>
    </p>
   </div>
   <div class='ocr_carea' id='block_1_49' title="bbox 2185 2251 3759 2324">
    <p class='ocr_par' dir='ltr' id='par_1_49' title="bbox 2185 2251 3759 2324">
     <span class='ocr_line' id='line_1_49' title="bbox 2185 2251 3759 2324; baseline -0.006 -12"><span class='ocrx_word' id='word_1_354' title='bbox 2185 2262 2424 2322; x_wconf 89' lang='lat' dir='ltr'><strong>tem,est</strong></span> <span class='ocrx_word' id='word_1_355' title='bbox 2453 2254 2582 2324; x_wconf 81' lang='lat' dir='ltr'><strong>quia</strong></span> <span class='ocrx_word' id='word_1_356' title='bbox 2616 2261 2762 2309; x_wconf 87' lang='lat' dir='ltr'><strong>terra</strong></span> <span class='ocrx_word' id='word_1_357' title='bbox 2803 2252 2997 2323; x_wconf 85' lang='lat' dir='ltr'><strong>primis</strong></span> <span class='ocrx_word' id='word_1_358' title='bbox 3037 2251 3373 2317; x_wconf 78' lang='lat' dir='ltr'><strong>sanctiﬁcata</strong></span> <span class='ocrx_word' id='word_1_359' title='bbox 3418 2258 3539 2313; x_wconf 88' lang='lat' dir='ltr'><strong>est,</strong></span> <span class='ocrx_word' id='word_1_360' title='bbox 3587 2251 3759 2304; x_wconf 80' lang='lat' dir='ltr'><strong>deinde</strong></span> 
     </span>
    </p>
   </div>
   <div class='ocr_carea' id='block_1_50' title="bbox 2187 2340 3760 2418">
    <p class='ocr_par' dir='ltr' id='par_1_50' title="bbox 2187 2340 3760 2418">
     <span class='ocr_line' id='line_1_50' title="bbox 2187 2340 3760 2418; baseline -0.007 -15"><span class='ocrx_word' id='word_1_361' title='bbox 2187 2362 2347 2418; x_wconf 87' lang='lat' dir='ltr'><strong>aqua,</strong></span> <span class='ocrx_word' id='word_1_362' title='bbox 2369 2356 2424 2403; x_wconf 93' lang='lat' dir='ltr'><strong>et</strong></span> <span class='ocrx_word' id='word_1_363' title='bbox 2455 2355 2640 2415; x_wconf 88' lang='lat' dir='ltr'><strong>postea</strong></span> <span class='ocrx_word' id='word_1_364' title='bbox 2678 2344 2973 2400; x_wconf 87' lang='lat' dir='ltr'><strong>novissime</strong></span> <span class='ocrx_word' id='word_1_365' title='bbox 2997 2342 3138 2415; x_wconf 90' lang='lat' dir='ltr'><strong>ignis</strong></span> <span class='ocrx_word' id='word_1_366' title='bbox 3172 2341 3299 2413; x_wconf 83' lang='lat' dir='ltr'><strong>quia</strong></span> <span class='ocrx_word' id='word_1_367' title='bbox 3350 2340 3567 2395; x_wconf 83' lang='lat' dir='ltr'><strong>clarior</strong></span> <span class='ocrx_word' id='word_1_368' title='bbox 3607 2349 3681 2394; x_wconf 83' lang='lat' dir='ltr'><strong>est</strong></span> <span class='ocrx_word' id='word_1_369' title='bbox 3711 2350 3760 2403; x_wconf 83' lang='lat' dir='ltr'><strong>et</strong></span> 
     </span>
    </p>
   </div>
   <div class='ocr_carea' id='block_1_51' title="bbox 2189 2424 3757 2512">
    <p class='ocr_par' dir='ltr' id='par_1_51' title="bbox 2189 2424 3757 2512">
     <span class='ocr_line' id='line_1_51' title="bbox 2189 2424 3757 2512; baseline -0.007 -17"><span class='ocrx_word' id='word_1_370' title='bbox 2189 2439 2437 2496; x_wconf 87' lang='lat' dir='ltr'><strong>subtilior</strong></span> <span class='ocrx_word' id='word_1_371' title='bbox 2464 2456 2478 2492; x_wconf 91' lang='lat'><strong>:</strong></span> <span class='ocrx_word' id='word_1_372' title='bbox 2511 2439 2640 2508; x_wconf 82' lang='lat' dir='ltr'><strong>item</strong></span> <span class='ocrx_word' id='word_1_373' title='bbox 2668 2437 2722 2492; x_wconf 92' lang='lat' dir='ltr'><strong>in</strong></span> <span class='ocrx_word' id='word_1_374' title='bbox 2743 2435 3153 2512; x_wconf 65' lang='lat' dir='ltr'><strong>similitudinem</strong></span> <span class='ocrx_word' id='word_1_375' title='bbox 3183 2424 3420 2490; x_wconf 82' lang='lat' dir='ltr'><strong>duarum</strong></span> <span class='ocrx_word' id='word_1_376' title='bbox 3475 2432 3673 2503; x_wconf 76' lang='lat' dir='ltr'><strong>legum,</strong></span> <span class='ocrx_word' id='word_1_377' title='bbox 3713 2431 3757 2484; x_wconf 83' lang='lat' dir='ltr'><strong>id</strong></span> 
     </span>
    </p>
   </div>
   <div class='ocr_carea' id='block_1_52' title="bbox 2192 2526 3757 2606">
    <p class='ocr_par' dir='ltr' id='par_1_52' title="bbox 2192 2526 3757 2606">
     <span class='ocr_line' id='line_1_52' title="bbox 2192 2526 3757 2606; baseline -0.006 -19"><span class='ocrx_word' id='word_1_378' title='bbox 2192 2540 2298 2599; x_wconf 82' lang='lat' dir='ltr'><strong>est,</strong></span> <span class='ocrx_word' id='word_1_379' title='bbox 2322 2539 2557 2586; x_wconf 79' lang='lat' dir='ltr'><strong>vetuset</strong></span> <span class='ocrx_word' id='word_1_380' title='bbox 2593 2544 2823 2595; x_wconf 82' lang='lat' dir='ltr'><strong>novum;</strong></span> <span class='ocrx_word' id='word_1_381' title='bbox 2850 2536 3005 2583; x_wconf 87' lang='lat' dir='ltr'><strong>vetus</strong></span> <span class='ocrx_word' id='word_1_382' title='bbox 3027 2527 3176 2599; x_wconf 47' lang='lat' dir='ltr'><strong>print</strong></span> <span class='ocrx_word' id='word_1_383' title='bbox 3212 2526 3415 2606; x_wconf 77' lang='lat' dir='ltr'><strong>tradita</strong></span> <span class='ocrx_word' id='word_1_384' title='bbox 3452 2534 3600 2589; x_wconf 86' lang='lat' dir='ltr'><strong>erat,</strong></span> <span class='ocrx_word' id='word_1_385' title='bbox 3640 2539 3757 2578; x_wconf 81' lang='lat' dir='ltr'><strong>nova</strong></span> 
     </span>
    </p>
   </div>
   <div class='ocr_carea' id='block_1_53' title="bbox 2188 2615 3758 2693">
    <p class='ocr_par' dir='ltr' id='par_1_53' title="bbox 2188 2615 3758 2693">
     <span class='ocr_line' id='line_1_53' title="bbox 2188 2615 3758 2693; baseline -0.008 -14"><span class='ocrx_word' id='word_1_386' title='bbox 2188 2633 2374 2679; x_wconf 88' lang='lat' dir='ltr'><strong>tamen</strong></span> <span class='ocrx_word' id='word_1_387' title='bbox 2402 2621 2601 2693; x_wconf 88' lang='lat' dir='ltr'><strong>clarior</strong></span> <span class='ocrx_word' id='word_1_388' title='bbox 2624 2629 2709 2677; x_wconf 92' lang='lat' dir='ltr'><strong>est</strong></span> <span class='ocrx_word' id='word_1_389' title='bbox 2740 2627 2795 2679; x_wconf 89' lang='lat' dir='ltr'><strong>et</strong></span> <span class='ocrx_word' id='word_1_390' title='bbox 2820 2618 3017 2689; x_wconf 81' lang='lat' dir='ltr'><strong>major,</strong></span> <span class='ocrx_word' id='word_1_391' title='bbox 3039 2617 3164 2688; x_wconf 90' lang='lat' dir='ltr'><strong>quia</strong></span> <span class='ocrx_word' id='word_1_392' title='bbox 3205 2618 3273 2672; x_wconf 89' lang='lat' dir='ltr'><strong>de</strong></span> <span class='ocrx_word' id='word_1_393' title='bbox 3320 2615 3648 2687; x_wconf 59' lang='lat' dir='ltr'><strong>calestibus</strong></span> <span class='ocrx_word' id='word_1_394' title='bbox 3667 2615 3758 2668; x_wconf 84' lang='lat' dir='ltr'><strong>dis-</strong></span> 
     </span>
    </p>
   </div>
   <div class='ocr_carea' id='block_1_54' title="bbox 2187 2707 3754 2783">
    <p class='ocr_par' dir='ltr' id='par_1_54' title="bbox 2187 2707 3754 2783">
     <span class='ocr_line' id='line_1_54' title="bbox 2187 2707 3754 2783; baseline -0.008 -12"><span class='ocrx_word' id='word_1_395' title='bbox 2187 2715 2364 2771; x_wconf 90' lang='lat' dir='ltr'><strong>cernit</strong></span> <span class='ocrx_word' id='word_1_396' title='bbox 2406 2721 2463 2769; x_wconf 92' lang='lat' dir='ltr'><strong>et</strong></span> <span class='ocrx_word' id='word_1_397' title='bbox 2514 2712 2875 2769; x_wconf 88' lang='lat' dir='ltr'><strong>abundantior</strong></span> <span class='ocrx_word' id='word_1_398' title='bbox 2899 2727 3020 2767; x_wconf 86' lang='lat' dir='ltr'><strong>mea</strong></span> <span class='ocrx_word' id='word_1_399' title='bbox 3046 2752 3067 2777; x_wconf 58' lang='grc' dir='ltr'><strong>ι</strong></span> <span class='ocrx_word' id='word_1_400' title='bbox 3112 2708 3255 2783; x_wconf 89' lang='lat' dir='ltr'><strong>quod</strong></span> <span class='ocrx_word' id='word_1_401' title='bbox 3309 2708 3381 2764; x_wconf 90' lang='lat' dir='ltr'><strong>ad</strong></span> <span class='ocrx_word' id='word_1_402' title='bbox 3421 2707 3754 2778; x_wconf 75' lang='lat' dir='ltr'><strong>Evangelium</strong></span> 
     </span>
    </p>
   </div>
   <div class='ocr_carea' id='block_1_55' title="bbox 2184 2794 3155 2880">
    <p class='ocr_par' dir='ltr' id='par_1_55' title="bbox 2184 2794 3155 2880">
     <span class='ocr_line' id='line_1_55' title="bbox 2184 2794 3155 2880; baseline -0.008 -17"><span class='ocrx_word' id='word_1_403' title='bbox 2184 2805 2416 2863; x_wconf 83' lang='lat' dir='ltr'><strong>Ioannis</strong></span> <span class='ocrx_word' id='word_1_404' title='bbox 2443 2804 2679 2876; x_wconf 82' lang='lat' dir='ltr'><strong>pertinet</strong></span> <span class='ocrx_word' id='word_1_405' title='bbox 2702 2818 2779 2880; x_wconf 13' lang='lat' dir='ltr'><strong>ex}</strong></span> <span class='ocrx_word' id='word_1_406' title='bbox 2793 2818 2955 2875; x_wconf 88' lang='lat' dir='ltr'><strong>supra</strong></span> <span class='ocrx_word' id='word_1_407' title='bbox 2977 2794 3155 2861; x_wconf 75' lang='lat' dir='ltr'><strong>dicta.</strong></span> 
     </span>
    </p>
   </div>
   <div class='ocr_carea' id='block_1_56' title="bbox 510 3001 3753 3058">
    <p class='ocr_par' dir='ltr' id='par_1_56' title="bbox 510 3001 3753 3058">
     <span class='ocr_line' id='line_1_56' title="bbox 510 3001 3753 3058; baseline 0 -11"><span class='ocrx_word' id='word_1_408' title='bbox 510 3001 3753 3058; x_wconf 44' lang='lat' dir='ltr'><strong>mw</strong></span> 
     </span>
    </p>
   </div>
   <div class='ocr_carea' id='block_1_57' title="bbox 1186 3167 3094 3295">
    <p class='ocr_par' dir='ltr' id='par_1_57' title="bbox 1186 3167 3094 3295">
     <span class='ocr_line' id='line_1_57' title="bbox 1186 3167 3094 3295; baseline -0.003 -7"><span class='ocrx_word' id='word_1_409' title='bbox 1186 3167 2324 3289; x_wconf 72' lang='lat' dir='ltr'><strong>WALAI‘BIDI</strong></span> <span class='ocrx_word' id='word_1_410' title='bbox 2394 3170 3094 3295; x_wconf 67' lang='lat' dir='ltr'><strong>STRABI‘</strong></span> 
     </span>
    </p>
   </div>
   <div class='ocr_carea' id='block_1_58' title="bbox 1771 3381 2499 3457">
    <p class='ocr_par' dir='ltr' id='par_1_58' title="bbox 1771 3381 2499 3457">
     <span class='ocr_line' id='line_1_58' title="bbox 1771 3381 2499 3457; baseline -0.003 -16"><span class='ocrx_word' id='word_1_411' title='bbox 1771 3382 2156 3457; x_wconf 75' lang='lat' dir='ltr'><strong>EULDENSIS</strong></span> <span class='ocrx_word' id='word_1_412' title='bbox 2190 3381 2499 3441; x_wconf 76' lang='lat' dir='ltr'><strong>MONACHI</strong></span> 
     </span>
    </p>
   </div>
   <div class='ocr_carea' id='block_1_59' title="bbox 962 3549 2067 3649">
    <p class='ocr_par' dir='ltr' id='par_1_59' title="bbox 962 3549 2067 3649">
     <span class='ocr_line' id='line_1_59' title="bbox 962 3549 2067 3649; baseline 0.004 -24"><span class='ocrx_word' id='word_1_413' title='bbox 962 3549 1442 3649; x_wconf 58' lang='lat' dir='ltr'><strong>PICTURJE</strong></span> <span class='ocrx_word' id='word_1_414' title='bbox 1490 3552 2067 3633; x_wconf 77' lang='lat' dir='ltr'><strong>HISTORIABI</strong></span> 
     </span>
    </p>
   </div>
   <div class='ocr_carea' id='block_1_60' title="bbox 2175 3549 3278 3649">
    <p class='ocr_par' dir='ltr' id='par_1_60' title="bbox 2175 3552 3278 3641">
     <span class='ocr_line' id='line_1_60' title="bbox 2175 3552 3278 3641; baseline 0 -9"><span class='ocrx_word' id='word_1_415' title='bbox 2175 3555 2205 3632; x_wconf 92' lang='grc'><strong>[</strong></span> <span class='ocrx_word' id='word_1_416' title='bbox 2265 3552 2517 3635; x_wconf 84' lang='lat' dir='ltr'><strong>NOVI</strong></span> <span class='ocrx_word' id='word_1_417' title='bbox 2580 3553 3278 3641; x_wconf 83' lang='lat' dir='ltr'><strong>TESTAMENTI.</strong></span> 
     </span>
    </p>
   </div>
   <div class='ocr_carea' id='block_1_61' title="bbox 1642 3727 2685 3803">
    <p class='ocr_par' dir='ltr' id='par_1_61' title="bbox 1642 3727 2685 3803">
     <span class='ocr_line' id='line_1_61' title="bbox 1642 3727 2685 3803; baseline 0 -23"><span class='ocrx_word' id='word_1_418' title='bbox 1642 3727 1806 3797; x_wconf 78' lang='lat' dir='ltr'><strong>(Apud</strong></span> <span class='ocrx_word' id='word_1_419' title='bbox 1830 3727 2067 3791; x_wconf 81' lang='lat' dir='ltr'><strong>Goldast.,</strong></span> <span class='ocrx_word' id='word_1_420' title='bbox 2099 3730 2327 3782; x_wconf 68' lang='lat' dir='ltr'><strong>Manuale</strong></span> <span class='ocrx_word' id='word_1_421' title='bbox 2358 3731 2639 3795; x_wconf 86' lang='lat' dir='ltr'><strong>Biblicum.)</strong></span> <span class='ocrx_word' id='word_1_422' title='bbox 2674 3793 2685 3803; x_wconf 33' lang='grc' dir='ltr'><strong>ε</strong></span> 
     </span>
    </p>
   </div>
   <div class='ocr_carea' id='block_1_62' title="bbox 506 3893 1753 3971">
    <p class='ocr_par' dir='ltr' id='par_1_62' title="bbox 506 3893 1753 3971">
     <span class='ocr_line' id='line_1_62' title="bbox 506 3893 1753 3971; baseline 0.006 -22"><span class='ocrx_word' id='word_1_423' title='bbox 506 3893 746 3965; x_wconf 86' lang='lat' dir='ltr'><strong>Angelus</strong></span> <span class='ocrx_word' id='word_1_424' title='bbox 769 3909 897 3951; x_wconf 90' lang='lat' dir='ltr'><strong>ecce</strong></span> <span class='ocrx_word' id='word_1_425' title='bbox 929 3895 1045 3950; x_wconf 87' lang='lat' dir='ltr'><strong>seni</strong></span> <span class='ocrx_word' id='word_1_426' title='bbox 1073 3899 1345 3968; x_wconf 39' lang='lat' dir='ltr'><strong>promittit,</strong></span> <span class='ocrx_word' id='word_1_427' title='bbox 1369 3916 1592 3957; x_wconf 88' lang='lat' dir='ltr'><strong>munera</strong></span> <span class='ocrx_word' id='word_1_428' title='bbox 1628 3903 1753 3971; x_wconf 90' lang='lat' dir='ltr'><strong>nati</strong></span> 
     </span>
    </p>
   </div>
   <div class='ocr_carea' id='block_1_63' title="bbox 506 3984 2055 4077">
    <p class='ocr_par' dir='ltr' id='par_1_63' title="bbox 506 3984 2055 4077">
     <span class='ocr_line' id='line_1_63' title="bbox 506 3984 2055 4077; baseline 0.01 -38"><span class='ocrx_word' id='word_1_429' title='bbox 506 3984 676 4052; x_wconf 83' lang='lat' dir='ltr'><strong>Quem</strong></span> <span class='ocrx_word' id='word_1_430' title='bbox 704 3985 932 4058; x_wconf 77' lang='lat' dir='ltr'><strong>populus</strong></span> <span class='ocrx_word' id='word_1_431' title='bbox 957 3988 1236 4058; x_wconf 89' lang='lat' dir='ltr'><strong>trepidans</strong></span> <span class='ocrx_word' id='word_1_432' title='bbox 1262 3989 1393 4049; x_wconf 83' lang='lat' dir='ltr'><strong>foris</strong></span> <span class='ocrx_word' id='word_1_433' title='bbox 1419 3991 1769 4077; x_wconf 78' lang='lat' dir='ltr'><strong>exspectabat</strong></span> <span class='ocrx_word' id='word_1_434' title='bbox 1793 4006 1851 4053; x_wconf 91' lang='lat' dir='ltr'><strong>et</strong></span> <span class='ocrx_word' id='word_1_435' title='bbox 1872 4012 2055 4073; x_wconf 74' lang='lat' dir='ltr'><strong>orans.</strong></span> 
     </span>
    </p>
   </div>
   <div class='ocr_carea' id='block_1_64' title="bbox 1244 4119 1329 4159">
    <p class='ocr_par' dir='ltr' id='par_1_64' title="bbox 1244 4119 1329 4159">
     <span class='ocr_line' id='line_1_64' title="bbox 1244 4119 1329 4159; baseline -0.012 0"><span class='ocrx_word' id='word_1_436' title='bbox 1244 4119 1329 4159; x_wconf 77' lang='grc' dir='ltr'><strong>ΔΙ..</strong></span> 
     </span>
    </p>
   </div>
   <div class='ocr_carea' id='block_1_65' title="bbox 508 4208 1813 4294">
    <p class='ocr_par' dir='ltr' id='par_1_65' title="bbox 508 4208 1813 4294">
     <span class='ocr_line' id='line_1_65' title="bbox 508 4208 1813 4294; baseline 0.011 -28"><span class='ocrx_word' id='word_1_437' title='bbox 508 4208 754 4285; x_wconf 81' lang='lat' dir='ltr'><strong>Concipit</strong></span> <span class='ocrx_word' id='word_1_438' title='bbox 779 4225 848 4267; x_wconf 93' lang='lat' dir='ltr'><strong>en</strong></span> <span class='ocrx_word' id='word_1_439' title='bbox 874 4213 1041 4281; x_wconf 79' lang='lat' dir='ltr'><strong>verbo</strong></span> <span class='ocrx_word' id='word_1_440' title='bbox 1068 4215 1274 4286; x_wconf 88' lang='lat' dir='ltr'><strong>prolem</strong></span> <span class='ocrx_word' id='word_1_441' title='bbox 1304 4218 1607 4289; x_wconf 88' lang='lat' dir='ltr'><strong>castissima</strong></span> <span class='ocrx_word' id='word_1_442' title='bbox 1630 4219 1813 4294; x_wconf 79' lang='lat' dir='ltr'><strong>Virgo.</strong></span> 
     </span>
    </p>
   </div>
   <div class='ocr_carea' id='block_1_66' title="bbox 1245 4344 1334 4383">
    <p class='ocr_par' dir='ltr' id='par_1_66' title="bbox 1245 4344 1334 4383">
     <span class='ocr_line' id='line_1_66' title="bbox 1245 4344 1334 4383; baseline -0.011 0"><span class='ocrx_word' id='word_1_443' title='bbox 1245 4344 1334 4383; x_wconf 73' lang='lat' dir='ltr'><strong>AL.</strong></span> 
     </span>
    </p>
   </div>
   <div class='ocr_carea' id='block_1_67' title="bbox 508 4435 2015 4513">
    <p class='ocr_par' dir='ltr' id='par_1_67' title="bbox 508 4435 2015 4513">
     <span class='ocr_line' id='line_1_67' title="bbox 508 4435 2015 4513; baseline 0.015 -26"><span class='ocrx_word' id='word_1_444' title='bbox 508 4435 749 4506; x_wconf 66' lang='lat' dir='ltr'><strong>Ansehts</strong></span> <span class='ocrx_word' id='word_1_445' title='bbox 769 4436 858 4493; x_wconf 88' lang='lat' dir='ltr'><strong>blc</strong></span> <span class='ocrx_word' id='word_1_446' title='bbox 882 4452 1136 4511; x_wconf 86' lang='lat' dir='ltr'><strong>sponsum</strong></span> <span class='ocrx_word' id='word_1_447' title='bbox 1162 4438 1360 4513; x_wconf 87' lang='lat' dir='ltr'><strong>Ioseph</strong></span> <span class='ocrx_word' id='word_1_448' title='bbox 1385 4447 1727 4506; x_wconf 88' lang='lat' dir='ltr'><strong>commendat</strong></span> <span class='ocrx_word' id='word_1_449' title='bbox 1753 4450 2015 4510; x_wconf 74' lang='lat' dir='ltr'><strong>alendum.</strong></span> 
     </span>
    </p>
   </div>
   <div class='ocr_carea' id='block_1_68' title="bbox 1241 4573 1325 4613">
    <p class='ocr_par' dir='ltr' id='par_1_68' title="bbox 1241 4573 1325 4613">
     <span class='ocr_line' id='line_1_68' title="bbox 1241 4573 1325 4613; baseline 0 0"><span class='ocrx_word' id='word_1_450' title='bbox 1241 4573 1325 4613; x_wconf 77' lang='grc' dir='ltr'><strong>ΔΙ..</strong></span> 
     </span>
    </p>
   </div>
   <div class='ocr_carea' id='block_1_69' title="bbox 510 4659 1978 4744">
    <p class='ocr_par' dir='ltr' id='par_1_69' title="bbox 510 4659 1978 4744">
     <span class='ocr_line' id='line_1_69' title="bbox 510 4659 1978 4744; baseline 0.016 -31"><span class='ocrx_word' id='word_1_451' title='bbox 510 4659 609 4716; x_wconf 80' lang='lat' dir='ltr'><strong>Hic</strong></span> <span class='ocrx_word' id='word_1_452' title='bbox 636 4662 869 4731; x_wconf 82' lang='lat' dir='ltr'><strong>genitrix</strong></span> <span class='ocrx_word' id='word_1_453' title='bbox 899 4663 1112 4721; x_wconf 88' lang='lat' dir='ltr'><strong>Domini</strong></span> <span class='ocrx_word' id='word_1_454' title='bbox 1140 4677 1303 4734; x_wconf 84' lang='lat' dir='ltr'><strong>meat,</strong></span> <span class='ocrx_word' id='word_1_455' title='bbox 1332 4670 1717 4744; x_wconf 85' lang='lat' dir='ltr'><strong>Elisabethque</strong></span> <span class='ocrx_word' id='word_1_456' title='bbox 1747 4676 1978 4743; x_wconf 83' lang='lat' dir='ltr'><strong>salutat,</strong></span> 
     </span>
    </p>
   </div>
   <div class='ocr_carea' id='block_1_70' title="bbox 514 4750 1869 4841">
    <p class='ocr_par' dir='ltr' id='par_1_70' title="bbox 514 4750 1869 4841">
     <span class='ocr_line' id='line_1_70' title="bbox 514 4750 1869 4841; baseline 0.015 -35"><span class='ocrx_word' id='word_1_457' title='bbox 514 4750 689 4822; x_wconf 85' lang='lat' dir='ltr'><strong>thue</strong></span> <span class='ocrx_word' id='word_1_458' title='bbox 715 4752 827 4819; x_wconf 87' lang='lat' dir='ltr'><strong>Deo</strong></span> <span class='ocrx_word' id='word_1_459' title='bbox 850 4756 1083 4815; x_wconf 73' lang='lat' dir='ltr'><strong>exsultet</strong></span> <span class='ocrx_word' id='word_1_460' title='bbox 1108 4758 1371 4818; x_wconf 83' lang='lat' dir='ltr'><strong>Joannem</strong></span> <span class='ocrx_word' id='word_1_461' title='bbox 1398 4762 1633 4836; x_wconf 80' lang='lat' dir='ltr'><strong>Spiritus</strong></span> <span class='ocrx_word' id='word_1_462' title='bbox 1661 4766 1869 4841; x_wconf 85' lang='lat' dir='ltr'><strong>implet.</strong></span> 
     </span>
    </p>
   </div>
   <div class='ocr_carea' id='block_1_71' title="bbox 1237 4888 1327 4931">
    <p class='ocr_par' dir='ltr' id='par_1_71' title="bbox 1237 4888 1327 4931">
     <span class='ocr_line' id='line_1_71' title="bbox 1237 4888 1327 4931; baseline -0.011 0"><span class='ocrx_word' id='word_1_463' title='bbox 1237 4888 1327 4931; x_wconf 79' lang='grc' dir='ltr'><strong>ΔΙ..</strong></span> 
     </span>
    </p>
   </div>
   <div class='ocr_carea' id='block_1_72' title="bbox 511 4971 1830 5064">
    <p class='ocr_par' dir='ltr' id='par_1_72' title="bbox 511 4971 1830 5064">
     <span class='ocr_line' id='line_1_72' title="bbox 511 4971 1830 5064; baseline 0.019 -38"><span class='ocrx_word' id='word_1_464' title='bbox 511 4971 804 5032; x_wconf 77' lang='lat' dir='ltr'><strong>Zacharias</strong></span> <span class='ocrx_word' id='word_1_465' title='bbox 833 4978 1001 5035; x_wconf 87' lang='lat' dir='ltr'><strong>soboli</strong></span> <span class='ocrx_word' id='word_1_466' title='bbox 1031 4996 1226 5039; x_wconf 91' lang='lat' dir='ltr'><strong>nomen</strong></span> <span class='ocrx_word' id='word_1_467' title='bbox 1252 5001 1483 5056; x_wconf 89' lang='lat' dir='ltr'><strong>posuere</strong></span> <span class='ocrx_word' id='word_1_468' title='bbox 1509 4993 1830 5064; x_wconf 87' lang='lat' dir='ltr'><strong>propinqui,</strong></span> 
     </span>
    </p>
   </div>
   <div class='ocr_carea' id='block_1_73' title="bbox 512 5065 1870 5175">
    <p class='ocr_par' dir='ltr' id='par_1_73' title="bbox 512 5065 1870 5154">
     <span class='ocr_line' id='line_1_73' title="bbox 512 5065 1870 5154; baseline 0.016 -37"><span class='ocrx_word' id='word_1_469' title='bbox 512 5065 628 5131; x_wconf 39' lang='lat' dir='ltr'><strong>Sed.</strong></span> <span class='ocrx_word' id='word_1_470' title='bbox 651 5081 806 5137; x_wconf 84' lang='lat' dir='ltr'><strong>mage</strong></span> <span class='ocrx_word' id='word_1_471' title='bbox 828 5068 1066 5128; x_wconf 85' lang='lat' dir='ltr'><strong>Ioannes</strong></span> <span class='ocrx_word' id='word_1_472' title='bbox 1090 5083 1303 5132; x_wconf 90' lang='lat' dir='ltr'><strong>certant</strong></span> <span class='ocrx_word' id='word_1_473' title='bbox 1333 5080 1574 5140; x_wconf 83' lang='lat' dir='ltr'><strong>vocitare</strong></span> <span class='ocrx_word' id='word_1_474' title='bbox 1593 5084 1870 5154; x_wconf 83' lang='lat' dir='ltr'><strong>parentes.</strong></span> 
     </span>
    </p>
   </div>
   <div class='ocr_carea' id='block_1_74' title="bbox 511 5185 1939 5339">
    <p class='ocr_par' dir='ltr' id='par_1_74' title="bbox 511 5185 1939 5339">
     <span class='ocr_line' id='line_1_74' title="bbox 511 5185 1939 5339; baseline 0.015 -39"><span class='ocrx_word' id='word_1_475' title='bbox 511 5244 737 5304; x_wconf 83' lang='lat' dir='ltr'><strong>Nuntiat</strong></span> <span class='ocrx_word' id='word_1_476' title='bbox 763 5252 1045 5320; x_wconf 67' lang='lat' dir='ltr'><strong>angelicas</strong></span> <span class='ocrx_word' id='word_1_477' title='bbox 1064 5185 1336 5316; x_wconf 54' lang='grc' dir='ltr'><strong>εἰδεῖειίιῶ</strong></span> <span class='ocrx_word' id='word_1_478' title='bbox 1361 5264 1669 5333; x_wconf 80' lang='lat' dir='ltr'><strong>pastoribus</strong></span> <span class='ocrx_word' id='word_1_479' title='bbox 1690 5267 1939 5339; x_wconf 85' lang='lat' dir='ltr'><strong>hymnus.</strong></span> 
     </span>
    </p>
   </div>
   <div class='ocr_carea' id='block_1_75' title="bbox 509 5368 2019 5515">
    <p class='ocr_par' dir='ltr' id='par_1_75' title="bbox 509 5368 2019 5515">
     <span class='ocr_line' id='line_1_75' title="bbox 509 5368 2019 5515; baseline 0.009 -25"><span class='ocrx_word' id='word_1_480' title='bbox 509 5434 570 5491; x_wconf 88' lang='lat' dir='ltr'><strong>ln</strong></span> <span class='ocrx_word' id='word_1_481' title='bbox 603 5434 819 5493; x_wconf 76' lang='lat' dir='ltr'><strong>stabulo</strong></span> <span class='ocrx_word' id='word_1_482' title='bbox 845 5435 1133 5495; x_wconf 89' lang='lat' dir='ltr'><strong>Dominum</strong></span> <span class='ocrx_word' id='word_1_483' title='bbox 1162 5368 1441 5499; x_wconf 52' lang='lat' dir='ltr'><strong>celgllirant</strong></span> <span class='ocrx_word' id='word_1_484' title='bbox 1472 5459 1542 5501; x_wconf 91' lang='lat' dir='ltr'><strong>en</strong></span> <span class='ocrx_word' id='word_1_485' title='bbox 1566 5449 1746 5503; x_wconf 81' lang='lat' dir='ltr'><strong>omnia</strong></span> <span class='ocrx_word' id='word_1_486' title='bbox 1774 5462 2019 5515; x_wconf 81' lang='lat' dir='ltr'><strong>parvum.</strong></span> 
     </span>
    </p>
   </div>
   <div class='ocr_carea' id='block_1_76' title="bbox 508 5547 1774 5695">
    <p class='ocr_par' dir='ltr' id='par_1_76' title="bbox 508 5547 1774 5695">
     <span class='ocr_line' id='line_1_76' title="bbox 1247 5547 1335 5588; baseline 0 0"><span class='ocrx_word' id='word_1_487' title='bbox 1247 5547 1335 5588; x_wconf 79' lang='grc' dir='ltr'><strong>Αι.</strong></span> 
     </span>
     <span class='ocr_line' id='line_1_77' title="bbox 508 5618 1774 5695; baseline 0.009 -20"><span class='ocrx_word' id='word_1_488' title='bbox 508 5618 651 5676; x_wconf 84' lang='lat' dir='ltr'><strong>Ecce</strong></span> <span class='ocrx_word' id='word_1_489' title='bbox 678 5619 817 5694; x_wconf 78' lang='lat' dir='ltr'><strong>Magi</strong></span> <span class='ocrx_word' id='word_1_490' title='bbox 844 5622 982 5679; x_wconf 88' lang='lat' dir='ltr'><strong>solio</strong></span> <span class='ocrx_word' id='word_1_491' title='bbox 1008 5632 1343 5695; x_wconf 67' lang='lat' dir='ltr'><strong>praesentem</strong></span> <span class='ocrx_word' id='word_1_492' title='bbox 1368 5642 1594 5685; x_wconf 86' lang='lat' dir='ltr'><strong>munera</strong></span> <span class='ocrx_word' id='word_1_493' title='bbox 1622 5644 1774 5689; x_wconf 85' lang='lat' dir='ltr'><strong>vero.</strong></span> 
     </span>
    </p>
   </div>
   <div class='ocr_carea' id='block_1_77' title="bbox 508 5731 1736 5886">
    <p class='ocr_par' dir='ltr' id='par_1_77' title="bbox 508 5731 1736 5886">
     <span class='ocr_line' id='line_1_78' title="bbox 508 5731 1736 5886; baseline 0.009 -23"><span class='ocrx_word' id='word_1_494' title='bbox 508 5803 572 5873; x_wconf 75' lang='lat' dir='ltr'><strong>In</strong></span> <span class='ocrx_word' id='word_1_495' title='bbox 594 5807 819 5871; x_wconf 83' lang='lat' dir='ltr'><strong>Ioannis</strong></span> <span class='ocrx_word' id='word_1_496' title='bbox 847 5809 1053 5868; x_wconf 28' lang='lat' dir='ltr'><strong>moniti.</strong></span> <span class='ocrx_word' id='word_1_497' title='bbox 1069 5731 1476 5885; x_wconf 45' lang='lat' dir='ltr'><strong>faciem‘thene</strong></span> <span class='ocrx_word' id='word_1_498' title='bbox 1504 5815 1736 5886; x_wconf 85' lang='lat' dir='ltr'><strong>tyranni.</strong></span> 
     </span>
    </p>
   </div>
   <div class='ocr_carea' id='block_1_78' title="bbox 2106 3872 2153 3986">
    <p class='ocr_par' dir='ltr' id='par_1_78' title="bbox 2106 3872 2153 3986">
     <span class='ocr_line' id='line_1_79' title="bbox 2106 3872 2153 3986; baseline 0 0"><span class='ocrx_word' id='word_1_499' title='bbox 2106 3872 2153 3986; x_wconf 69' lang='grc' dir='ltr'>ε</span> 
     </span>
    </p>
   </div>
   <div class='ocr_carea' id='block_1_79' title="bbox 2922 3928 3439 3967">
    <p class='ocr_par' dir='ltr' id='par_1_79' title="bbox 2922 3928 3439 3967">
     <span class='ocr_line' id='line_1_80' title="bbox 2922 3928 3439 3967; baseline -0.008 0"><span class='ocrx_word' id='word_1_500' title='bbox 2922 3928 3009 3967; x_wconf 79' lang='grc' dir='ltr'><strong>Δί..</strong></span> <span class='ocrx_word' id='word_1_501' title='bbox 3438 3960 3439 3963; x_wconf 47' lang='grc' dir='ltr'><strong>η</strong></span> 
     </span>
    </p>
   </div>
   <div class='ocr_carea' id='block_1_80' title="bbox 2188 3997 3614 4079">
    <p class='ocr_par' dir='ltr' id='par_1_80' title="bbox 2188 3997 3614 4079">
     <span class='ocr_line' id='line_1_81' title="bbox 2188 3997 3614 4079; baseline 0.009 -25"><span class='ocrx_word' id='word_1_502' title='bbox 2188 3997 2410 4055; x_wconf 83' lang='lat' dir='ltr'><strong>Sistitur</strong></span> <span class='ocrx_word' id='word_1_503' title='bbox 2442 4000 2533 4056; x_wconf 89' lang='lat' dir='ltr'><strong>hic</strong></span> <span class='ocrx_word' id='word_1_504' title='bbox 2558 4001 2788 4059; x_wconf 87' lang='lat' dir='ltr'><strong>Domino</strong></span> <span class='ocrx_word' id='word_1_505' title='bbox 2819 4003 2979 4063; x_wconf 85' lang='lat' dir='ltr'><strong>Iesus</strong></span> <span class='ocrx_word' id='word_1_506' title='bbox 3012 4020 3133 4063; x_wconf 89' lang='lat' dir='ltr'><strong>cum</strong></span> <span class='ocrx_word' id='word_1_507' title='bbox 3165 4022 3393 4065; x_wconf 88' lang='lat' dir='ltr'><strong>munere</strong></span> <span class='ocrx_word' id='word_1_508' title='bbox 3422 4008 3614 4079; x_wconf 73' lang='lat' dir='ltr'><strong>iusso,</strong></span> 
     </span>
    </p>
   </div>
   <div class='ocr_carea' id='block_1_81' title="bbox 2185 4089 3620 4175">
    <p class='ocr_par' dir='ltr' id='par_1_81' title="bbox 2185 4089 3620 4175">
     <span class='ocr_line' id='line_1_82' title="bbox 2185 4089 3620 4175; baseline 0.009 -29"><span class='ocrx_word' id='word_1_509' title='bbox 2185 4089 2309 4147; x_wconf 82' lang='lat' dir='ltr'><strong>Mox</strong></span> <span class='ocrx_word' id='word_1_510' title='bbox 2336 4092 2510 4162; x_wconf 89' lang='lat' dir='ltr'><strong>ipsum</strong></span> <span class='ocrx_word' id='word_1_511' title='bbox 2539 4093 2827 4151; x_wconf 84' lang='lat' dir='ltr'><strong>Dominum</strong></span> <span class='ocrx_word' id='word_1_512' title='bbox 2860 4096 3165 4155; x_wconf 88' lang='lat' dir='ltr'><strong>didicerunt</strong></span> <span class='ocrx_word' id='word_1_513' title='bbox 3191 4102 3355 4157; x_wconf 89' lang='lat' dir='ltr'><strong>corda</strong></span> <span class='ocrx_word' id='word_1_514' title='bbox 3388 4104 3620 4175; x_wconf 87' lang='lat' dir='ltr'><strong>piorum.</strong></span> 
     </span>
    </p>
   </div>
   <div class='ocr_carea' id='block_1_82' title="bbox 2186 4204 3442 4354">
    <p class='ocr_par' dir='ltr' id='par_1_82' title="bbox 2186 4204 3442 4354">
     <span class='ocr_line' id='line_1_83' title="bbox 2186 4204 3442 4354; baseline 0.012 -27"><span class='ocrx_word' id='word_1_515' title='bbox 2186 4271 2441 4332; x_wconf 86' lang='lat' dir='ltr'><strong>Partibus</strong></span> <span class='ocrx_word' id='word_1_516' title='bbox 2473 4275 2696 4349; x_wconf 64' lang='lat' dir='ltr'><strong>Egypti</strong></span> <span class='ocrx_word' id='word_1_517' title='bbox 2729 4204 2993 4337; x_wconf 46' lang='lat' dir='ltr'><strong>diuertit:</strong></span> <span class='ocrx_word' id='word_1_518' title='bbox 2998 4229 3180 4354; x_wconf 73' lang='lat' dir='ltr'><strong>passio</strong></span> <span class='ocrx_word' id='word_1_519' title='bbox 3203 4282 3407 4342; x_wconf 84' lang='lat' dir='ltr'><strong>Christi</strong></span> <span class='ocrx_word' id='word_1_520' title='bbox 3428 4329 3442 4351; x_wconf 65' lang='grc' dir='ltr'><strong>ι</strong></span> 
     </span>
    </p>
   </div>
   <div class='ocr_carea' id='block_1_83' title="bbox 2187 4361 3749 4450">
    <p class='ocr_par' dir='ltr' id='par_1_83' title="bbox 2187 4361 3749 4450">
     <span class='ocr_line' id='line_1_84' title="bbox 2187 4361 3749 4450; baseline 0.009 -32"><span class='ocrx_word' id='word_1_521' title='bbox 2187 4361 2357 4430; x_wconf 83' lang='lat' dir='ltr'><strong>Quem</strong></span> <span class='ocrx_word' id='word_1_522' title='bbox 2374 4365 2664 4436; x_wconf 85' lang='lat' dir='ltr'><strong>simulacra</strong></span> <span class='ocrx_word' id='word_1_523' title='bbox 2679 4378 2915 4427; x_wconf 88' lang='lat' dir='ltr'><strong>tremunt</strong></span> <span class='ocrx_word' id='word_1_524' title='bbox 2928 4383 2982 4428; x_wconf 90' lang='lat' dir='ltr'><strong>et</strong></span> <span class='ocrx_word' id='word_1_525' title='bbox 2997 4374 3160 4430; x_wconf 88' lang='lat' dir='ltr'><strong>chara</strong></span> <span class='ocrx_word' id='word_1_526' title='bbox 3172 4374 3299 4433; x_wconf 84' lang='lat' dir='ltr'><strong>babi</strong></span> <span class='ocrx_word' id='word_1_527' title='bbox 3307 4377 3481 4433; x_wconf 87' lang='lat' dir='ltr'><strong>tacula</strong></span> <span class='ocrx_word' id='word_1_528' title='bbox 3495 4377 3749 4450; x_wconf 86' lang='lat' dir='ltr'><strong>linquunt.</strong></span> 
     </span>
    </p>
   </div>
   <div class='ocr_carea' id='block_1_84' title="bbox 2928 4498 3015 4539">
    <p class='ocr_par' dir='ltr' id='par_1_84' title="bbox 2928 4498 3015 4539">
     <span class='ocr_line' id='line_1_85' title="bbox 2928 4498 3015 4539; baseline 0 -1"><span class='ocrx_word' id='word_1_529' title='bbox 2928 4498 3015 4539; x_wconf 71' lang='lat' dir='ltr'><strong>AL.</strong></span> 
     </span>
    </p>
   </div>
   <div class='ocr_carea' id='block_1_85' title="bbox 2186 4585 3482 4657">
    <p class='ocr_par' dir='ltr' id='par_1_85' title="bbox 2186 4585 3482 4657">
     <span class='ocr_line' id='line_1_86' title="bbox 2186 4585 3482 4657; baseline 0.01 -17"><span class='ocrx_word' id='word_1_530' title='bbox 2186 4585 2438 4657; x_wconf 67' lang='lat' dir='ltr'><strong>Praecipit</strong></span> <span class='ocrx_word' id='word_1_531' title='bbox 2473 4588 2713 4647; x_wconf 81' lang='lat' dir='ltr'><strong>Herodes</strong></span> <span class='ocrx_word' id='word_1_532' title='bbox 2745 4602 2901 4648; x_wconf 89' lang='lat' dir='ltr'><strong>natos</strong></span> <span class='ocrx_word' id='word_1_533' title='bbox 2927 4594 3172 4651; x_wconf 89' lang='lat' dir='ltr'><strong>cruciare</strong></span> <span class='ocrx_word' id='word_1_534' title='bbox 3194 4606 3442 4653; x_wconf 88' lang='lat' dir='ltr'><strong>recentes</strong></span> <span class='ocrx_word' id='word_1_535' title='bbox 3468 4617 3482 4653; x_wconf 91' lang='lat'><strong>:</strong></span> 
     </span>
    </p>
   </div>
   <div class='ocr_carea' id='block_1_86' title="bbox 2187 4678 3478 4759">
    <p class='ocr_par' dir='ltr' id='par_1_86' title="bbox 2187 4678 3478 4759">
     <span class='ocr_line' id='line_1_87' title="bbox 2187 4678 3478 4759; baseline 0.008 -25"><span class='ocrx_word' id='word_1_536' title='bbox 2187 4678 2355 4740; x_wconf 78' lang='lat' dir='ltr'><strong>Miliia</strong></span> <span class='ocrx_word' id='word_1_537' title='bbox 2394 4680 2694 4740; x_wconf 88' lang='lat' dir='ltr'><strong>laetantum</strong></span> <span class='ocrx_word' id='word_1_538' title='bbox 2724 4685 2952 4759; x_wconf 84' lang='lat' dir='ltr'><strong>tendunt</strong></span> <span class='ocrx_word' id='word_1_539' title='bbox 2977 4685 3213 4743; x_wconf 64' lang='lat' dir='ltr'><strong>uetantia</strong></span> <span class='ocrx_word' id='word_1_540' title='bbox 3236 4688 3434 4744; x_wconf 73' lang='lat' dir='ltr'><strong>ctelum</strong></span> <span class='ocrx_word' id='word_1_541' title='bbox 3463 4706 3478 4744; x_wconf 93' lang='lat'><strong>:</strong></span> 
     </span>
    </p>
   </div>
   <div class='ocr_carea' id='block_1_87' title="bbox 2926 4813 3012 4853">
    <p class='ocr_par' dir='ltr' id='par_1_87' title="bbox 2926 4813 3012 4853">
     <span class='ocr_line' id='line_1_88' title="bbox 2926 4813 3012 4853; baseline 0.023 -2"><span class='ocrx_word' id='word_1_542' title='bbox 2926 4813 3012 4853; x_wconf 75' lang='lat' dir='ltr'><strong>AL.</strong></span> 
     </span>
    </p>
   </div>
   <div class='ocr_carea' id='block_1_88' title="bbox 2189 4892 3443 4968">
    <p class='ocr_par' dir='ltr' id='par_1_88' title="bbox 2189 4892 3443 4968">
     <span class='ocr_line' id='line_1_89' title="bbox 2189 4892 3443 4968; baseline 0.006 -20"><span class='ocrx_word' id='word_1_543' title='bbox 2189 4892 2269 4947; x_wconf 85' lang='lat' dir='ltr'><strong>En</strong></span> <span class='ocrx_word' id='word_1_544' title='bbox 2297 4893 2519 4951; x_wconf 85' lang='lat' dir='ltr'><strong>senibus</strong></span> <span class='ocrx_word' id='word_1_545' title='bbox 2540 4896 2723 4966; x_wconf 90' lang='lat' dir='ltr'><strong>potior</strong></span> <span class='ocrx_word' id='word_1_546' title='bbox 2750 4898 3021 4967; x_wconf 86' lang='lat' dir='ltr'><strong>reperitur</strong></span> <span class='ocrx_word' id='word_1_547' title='bbox 3047 4913 3206 4968; x_wconf 71' lang='lat' dir='ltr'><strong>puero</strong></span> <span class='ocrx_word' id='word_1_548' title='bbox 3231 4900 3443 4966; x_wconf 90' lang='lat' dir='ltr'><strong>doctor,</strong></span> 
     </span>
    </p>
   </div>
   <div class='ocr_carea' id='block_1_89' title="bbox 2188 4985 3618 5062">
    <p class='ocr_par' dir='ltr' id='par_1_89' title="bbox 2188 4985 3618 5062">
     <span class='ocr_line' id='line_1_90' title="bbox 2188 4985 3618 5062; baseline 0.006 -23"><span class='ocrx_word' id='word_1_549' title='bbox 2188 4985 2290 5054; x_wconf 84' lang='lat' dir='ltr'><strong>Qui</strong></span> <span class='ocrx_word' id='word_1_550' title='bbox 2322 4995 2498 5051; x_wconf 83' lang='lat' dir='ltr'><strong>tamen</strong></span> <span class='ocrx_word' id='word_1_551' title='bbox 2538 4988 2821 5060; x_wconf 82' lang='lat' dir='ltr'><strong>imperium</strong></span> <span class='ocrx_word' id='word_1_552' title='bbox 2860 4989 3115 5062; x_wconf 84' lang='lat' dir='ltr'><strong>dignatur</strong></span> <span class='ocrx_word' id='word_1_553' title='bbox 3139 4989 3282 5046; x_wconf 82' lang='lat' dir='ltr'><strong>ferre</strong></span> <span class='ocrx_word' id='word_1_554' title='bbox 3313 4999 3618 5062; x_wconf 79' lang='lat' dir='ltr'><strong>parentum.</strong></span> 
     </span>
    </p>
   </div>
   <div class='ocr_carea' id='block_1_90' title="bbox 2568 5115 3387 5188">
    <p class='ocr_par' dir='ltr' id='par_1_90' title="bbox 2568 5115 3387 5188">
     <span class='ocr_line' id='line_1_91' title="bbox 2568 5115 3387 5188; baseline 0.006 -19"><span class='ocrx_word' id='word_1_555' title='bbox 2568 5115 2802 5186; x_wconf 73' lang='lat' dir='ltr'><strong>Explicit</strong></span> <span class='ocrx_word' id='word_1_556' title='bbox 2831 5116 2895 5171; x_wconf 85' lang='lat' dir='ltr'><strong>de</strong></span> <span class='ocrx_word' id='word_1_557' title='bbox 2920 5116 3147 5188; x_wconf 76' lang='lat' dir='ltr'><strong>infantia</strong></span> <span class='ocrx_word' id='word_1_558' title='bbox 3174 5117 3387 5175; x_wconf 75' lang='lat' dir='ltr'><strong>Christi.</strong></span> 
     </span>
    </p>
   </div>
   <div class='ocr_carea' id='block_1_91' title="bbox 2116 5245 3742 5346">
    <p class='ocr_par' dir='ltr' id='par_1_91' title="bbox 2116 5245 3742 5346">
     <span class='ocr_line' id='line_1_92' title="bbox 2116 5245 3742 5346; baseline 0.002 -45"><span class='ocrx_word' id='word_1_559' title='bbox 2116 5287 2163 5346; x_wconf 69' lang='grc' dir='ltr'>υ</span> <span class='ocrx_word' id='word_1_560' title='bbox 2190 5245 2289 5317; x_wconf 84' lang='lat' dir='ltr'><strong>(Hi</strong></span> <span class='ocrx_word' id='word_1_561' title='bbox 2319 5265 2495 5305; x_wconf 73' lang='lat' dir='ltr'><strong>uersus</strong></span> <span class='ocrx_word' id='word_1_562' title='bbox 2517 5250 2574 5304; x_wconf 82' lang='lat' dir='ltr'><strong>in</strong></span> <span class='ocrx_word' id='word_1_563' title='bbox 2598 5250 2782 5346; x_wconf 40' lang='lat' dir='ltr'><strong>(cura.</strong></span> <span class='ocrx_word' id='word_1_564' title='bbox 2803 5252 3003 5346; x_wconf 53' lang='lat' dir='ltr'><strong>pariete</strong></span> <span class='ocrx_word' id='word_1_565' title='bbox 3032 5253 3220 5346; x_wconf 60' lang='lat' dir='ltr'><strong>citari:</strong></span> <span class='ocrx_word' id='word_1_566' title='bbox 3246 5253 3346 5346; x_wconf 49' lang='lat' dir='ltr'><strong>{sti</strong></span> <span class='ocrx_word' id='word_1_567' title='bbox 3367 5270 3485 5309; x_wconf 73' lang='lat' dir='ltr'><strong>sero</strong></span> <span class='ocrx_word' id='word_1_568' title='bbox 3503 5256 3561 5307; x_wconf 77' lang='lat' dir='ltr'><strong>in</strong></span> <span class='ocrx_word' id='word_1_569' title='bbox 3578 5255 3742 5308; x_wconf 54' lang='lat' dir='ltr'><strong>deire</strong></span> 
     </span>
    </p>
   </div>
   <div class='ocr_carea' id='block_1_92' title="bbox 2609 5321 3324 5396">
    <p class='ocr_par' dir='ltr' id='par_1_92' title="bbox 2609 5321 3324 5396">
     <span class='ocr_line' id='line_1_93' title="bbox 2609 5321 3324 5396; baseline 0.006 -23"><span class='ocrx_word' id='word_1_570' title='bbox 2609 5321 2808 5389; x_wconf 78' lang='lat' dir='ltr'><strong>pariete</strong></span> <span class='ocrx_word' id='word_1_571' title='bbox 2830 5323 3091 5378; x_wconf 75' lang='lat' dir='ltr'><strong>stationis‘</strong></span> <span class='ocrx_word' id='word_1_572' title='bbox 3101 5324 3324 5396; x_wconf 75' lang='lat' dir='ltr'><strong>populi.)</strong></span> 
     </span>
    </p>
   </div>
   <div class='ocr_carea' id='block_1_93' title="bbox 2188 5450 3479 5521">
    <p class='ocr_par' dir='ltr' id='par_1_93' title="bbox 2188 5450 3479 5521">
     <span class='ocr_line' id='line_1_94' title="bbox 2188 5450 3479 5521; baseline 0.005 -14"><span class='ocrx_word' id='word_1_573' title='bbox 2188 5450 2436 5521; x_wconf 80' lang='lat' dir='ltr'><strong>Baptizat</strong></span> <span class='ocrx_word' id='word_1_574' title='bbox 2457 5451 2745 5509; x_wconf 86' lang='lat' dir='ltr'><strong>Dominum</strong></span> <span class='ocrx_word' id='word_1_575' title='bbox 2775 5455 2920 5511; x_wconf 84' lang='lat' dir='ltr'><strong>servi</strong></span> <span class='ocrx_word' id='word_1_576' title='bbox 2949 5455 3166 5512; x_wconf 89' lang='lat' dir='ltr'><strong>devotio</strong></span> <span class='ocrx_word' id='word_1_577' title='bbox 3191 5472 3479 5515; x_wconf 83' lang='lat' dir='ltr'><strong>summum.</strong></span> 
     </span>
    </p>
   </div>
   <div class='ocr_carea' id='block_1_94' title="bbox 2190 5539 3647 5617">
    <p class='ocr_par' dir='ltr' id='par_1_94' title="bbox 2190 5539 3647 5617">
     <span class='ocr_line' id='line_1_95' title="bbox 2190 5539 3647 5617; baseline 0.003 -22"><span class='ocrx_word' id='word_1_578' title='bbox 2190 5539 2456 5599; x_wconf 65' lang='lat' dir='ltr'><strong>Praedicat</strong></span> <span class='ocrx_word' id='word_1_579' title='bbox 2485 5544 2631 5609; x_wconf 90' lang='lat' dir='ltr'><strong>hunc</strong></span> <span class='ocrx_word' id='word_1_580' title='bbox 2667 5545 2884 5616; x_wconf 81' lang='lat' dir='ltr'><strong>genitor</strong></span> <span class='ocrx_word' id='word_1_581' title='bbox 2913 5563 2928 5600; x_wconf 89' lang='lat'><strong>:</strong></span> <span class='ocrx_word' id='word_1_582' title='bbox 2960 5545 3148 5602; x_wconf 89' lang='lat' dir='ltr'><strong>invisit</strong></span> <span class='ocrx_word' id='word_1_583' title='bbox 3173 5545 3408 5617; x_wconf 82' lang='lat' dir='ltr'><strong>Spiritus</strong></span> <span class='ocrx_word' id='word_1_584' title='bbox 3447 5556 3647 5601; x_wconf 80' lang='lat' dir='ltr'><strong>unctor.</strong></span> 
     </span>
    </p>
   </div>
   <div class='ocr_carea' id='block_1_95' title="bbox 2921 5654 3008 5692">
    <p class='ocr_par' dir='ltr' id='par_1_95' title="bbox 2921 5654 3008 5692">
     <span class='ocr_line' id='line_1_96' title="bbox 2921 5654 3008 5692; baseline 0 0"><span class='ocrx_word' id='word_1_585' title='bbox 2921 5654 3008 5692; x_wconf 71' lang='lat' dir='ltr'><strong>AL.</strong></span> 
     </span>
    </p>
   </div>
   <div class='ocr_carea' id='block_1_96' title="bbox 2191 5724 3649 5789">
    <p class='ocr_par' dir='ltr' id='par_1_96' title="bbox 2191 5724 3649 5789">
     <span class='ocr_line' id='line_1_97' title="bbox 2191 5724 3649 5789; baseline 0 -9"><span class='ocrx_word' id='word_1_586' title='bbox 2191 5724 2460 5781; x_wconf 75' lang='lat' dir='ltr'><strong>Daemonis</strong></span> <span class='ocrx_word' id='word_1_587' title='bbox 2484 5741 2552 5780; x_wconf 84' lang='lat' dir='ltr'><strong>en</strong></span> <span class='ocrx_word' id='word_1_588' title='bbox 2582 5725 2801 5783; x_wconf 79' lang='lat' dir='ltr'><strong>fraudes</strong></span> <span class='ocrx_word' id='word_1_589' title='bbox 2827 5726 3074 5784; x_wconf 88' lang='lat' dir='ltr'><strong>Christus</strong></span> <span class='ocrx_word' id='word_1_590' title='bbox 3112 5736 3412 5785; x_wconf 80' lang='lat' dir='ltr'><strong>contemnit</strong></span> <span class='ocrx_word' id='word_1_591' title='bbox 3449 5728 3649 5789; x_wconf 82' lang='lat' dir='ltr'><strong>inanes,</strong></span> 
     </span>
    </p>
   </div>
   <div class='ocr_carea' id='block_1_97' title="bbox 2191 5817 3562 5891">
    <p class='ocr_par' dir='ltr' id='par_1_97' title="bbox 2191 5817 3562 5891">
     <span class='ocr_line' id='line_1_98' title="bbox 2191 5817 3562 5891; baseline 0.003 -18"><span class='ocrx_word' id='word_1_592' title='bbox 2191 5817 2318 5888; x_wconf 83' lang='lat' dir='ltr'><strong>Ejus</strong></span> <span class='ocrx_word' id='word_1_593' title='bbox 2348 5820 2720 5877; x_wconf 77' lang='lat' dir='ltr'><strong>cunctimodas</strong></span> <span class='ocrx_word' id='word_1_594' title='bbox 2742 5822 2943 5880; x_wconf 84' lang='lat' dir='ltr'><strong>ducens</strong></span> <span class='ocrx_word' id='word_1_595' title='bbox 2973 5830 3031 5879; x_wconf 93' lang='lat' dir='ltr'><strong>ut</strong></span> <span class='ocrx_word' id='word_1_596' title='bbox 3058 5830 3297 5879; x_wconf 85' lang='lat' dir='ltr'><strong>stercora</strong></span> <span class='ocrx_word' id='word_1_597' title='bbox 3327 5827 3562 5891; x_wconf 51' lang='lat' dir='ltr'><strong>nomine</strong></span> 
     </span>
    </p>
   </div>
  </div>
