  <div class='ocr_page' id='page_1' title='image "/cluster/home/n/w/nwhite01/storage/ocr_20150623/114/hvd.32044018909580/466.png"; bbox 0 0 3948 6328; ppageno 0'>
   <div class='ocr_carea' id='block_1_1' title="bbox 163 325 1697 431">
    <p class='ocr_par' dir='ltr' id='par_1_1' title="bbox 163 352 1694 431">
     <span class='ocr_line' id='line_1_1' title="bbox 163 352 1694 431; baseline -0.015 0"><span class='ocrx_word' id='word_1_1' title='bbox 163 373 258 431; x_wconf 76' lang='grc' dir='ltr'><strong>9η</strong></span> <span class='ocrx_word' id='word_1_2' title='bbox 1287 353 1610 413; x_wconf 61' lang='grc' dir='ltr'><strong>ΡιεΤυιυΕ</strong></span> <span class='ocrx_word' id='word_1_3' title='bbox 1650 352 1694 408; x_wconf 77' lang='grc' dir='ltr'>Η</span> 
     </span>
    </p>
   </div>
   <div class='ocr_carea' id='block_1_2' title="bbox 1881 325 3419 431">
    <p class='ocr_par' dir='ltr' id='par_1_2' title="bbox 1881 325 3419 404">
     <span class='ocr_line' id='line_1_2' title="bbox 1881 325 3419 404; baseline -0.017 0"><span class='ocrx_word' id='word_1_4' title='bbox 1881 345 2026 404; x_wconf 62' lang='grc' dir='ltr'><strong>κον.</strong></span> <span class='ocrx_word' id='word_1_5' title='bbox 2071 343 2266 401; x_wconf 84' lang='lat' dir='ltr'><strong>TEST.</strong></span> <span class='ocrx_word' id='word_1_6' title='bbox 3315 325 3419 381; x_wconf 78' lang='grc'><strong>918</strong></span> 
     </span>
    </p>
   </div>
   <div class='ocr_carea' id='block_1_3' title="bbox 904 467 2653 532">
    <p class='ocr_par' dir='ltr' id='par_1_3' title="bbox 904 467 2653 532">
     <span class='ocr_line' id='line_1_3' title="bbox 904 467 2653 532; baseline -0.016 0"><span class='ocrx_word' id='word_1_7' title='bbox 904 491 992 532; x_wconf 81' lang='lat' dir='ltr'><strong>AL.</strong></span> <span class='ocrx_word' id='word_1_8' title='bbox 1768 469 1815 527; x_wconf 86' lang='grc' dir='ltr'><strong>Α</strong></span> <span class='ocrx_word' id='word_1_9' title='bbox 2574 467 2653 507; x_wconf 77' lang='lat' dir='ltr'><strong>tL.</strong></span> 
     </span>
    </p>
   </div>
   <div class='ocr_carea' id='block_1_4' title="bbox 168 538 3241 643">
    <p class='ocr_par' dir='ltr' id='par_1_4' title="bbox 168 538 3241 643">
     <span class='ocr_line' id='line_1_4' title="bbox 168 538 3241 643; baseline -0.015 -11"><span class='ocrx_word' id='word_1_10' title='bbox 168 576 512 632; x_wconf 72' lang='lat' dir='ltr'><strong>Demonstrat</strong></span> <span class='ocrx_word' id='word_1_11' title='bbox 534 568 804 643; x_wconf 89' lang='lat' dir='ltr'><strong>placidum</strong></span> <span class='ocrx_word' id='word_1_12' title='bbox 826 566 1066 624; x_wconf 78' lang='lat' dir='ltr'><strong>Joannes</strong></span> <span class='ocrx_word' id='word_1_13' title='bbox 1092 561 1310 620; x_wconf 89' lang='lat' dir='ltr'><strong>nutibus</strong></span> <span class='ocrx_word' id='word_1_14' title='bbox 1340 573 1556 632; x_wconf 87' lang='lat' dir='ltr'><strong>agnum.</strong></span> <span class='ocrx_word' id='word_1_15' title='bbox 1843 553 1944 608; x_wconf 90' lang='lat' dir='ltr'><strong>llic</strong></span> <span class='ocrx_word' id='word_1_16' title='bbox 1973 551 2164 606; x_wconf 75' lang='lat' dir='ltr'><strong>scribae</strong></span> <span class='ocrx_word' id='word_1_17' title='bbox 2193 547 2420 603; x_wconf 89' lang='lat' dir='ltr'><strong>Domino</strong></span> <span class='ocrx_word' id='word_1_18' title='bbox 2449 545 2646 600; x_wconf 85' lang='lat' dir='ltr'><strong>sistunt</strong></span> <span class='ocrx_word' id='word_1_19' title='bbox 2668 542 2721 596; x_wconf 90' lang='lat' dir='ltr'><strong>iu</strong></span> <span class='ocrx_word' id='word_1_20' title='bbox 2752 538 2980 594; x_wconf 83' lang='lat' dir='ltr'><strong>crimine</strong></span> <span class='ocrx_word' id='word_1_21' title='bbox 3006 543 3241 606; x_wconf 88' lang='lat' dir='ltr'><strong>captam,</strong></span> 
     </span>
    </p>
   </div>
   <div class='ocr_carea' id='block_1_5' title="bbox 921 624 3269 716">
    <p class='ocr_par' dir='ltr' id='par_1_5' title="bbox 921 624 3269 716">
     <span class='ocr_line' id='line_1_5' title="bbox 921 624 3269 716; baseline -0.017 1"><span class='ocrx_word' id='word_1_22' title='bbox 921 677 1009 716; x_wconf 80' lang='lat' dir='ltr'><strong>AL.</strong></span> <span class='ocrx_word' id='word_1_23' title='bbox 1375 624 1402 632; x_wconf 42' lang='lat' dir='ltr'><strong>v</strong></span> <span class='ocrx_word' id='word_1_24' title='bbox 1844 643 2016 712; x_wconf 82' lang='lat' dir='ltr'><strong>Quam</strong></span> <span class='ocrx_word' id='word_1_25' title='bbox 2040 639 2287 712; x_wconf 82' lang='lat' dir='ltr'><strong>placidus</strong></span> <span class='ocrx_word' id='word_1_26' title='bbox 2308 651 2502 693; x_wconf 83' lang='lat' dir='ltr'><strong>censor</strong></span> <span class='ocrx_word' id='word_1_27' title='bbox 2532 630 2804 689; x_wconf 73' lang='lat' dir='ltr'><strong>damnatis</strong></span> <span class='ocrx_word' id='word_1_28' title='bbox 2845 626 3005 684; x_wconf 79' lang='lat' dir='ltr'><strong>solvit</strong></span> <span class='ocrx_word' id='word_1_29' title='bbox 3044 624 3269 681; x_wconf 86' lang='lat' dir='ltr'><strong>eisdem.</strong></span> 
     </span>
    </p>
   </div>
   <div class='ocr_carea' id='block_1_6' title="bbox 169 737 2664 826">
    <p class='ocr_par' dir='ltr' id='par_1_6' title="bbox 169 737 2664 826">
     <span class='ocr_line' id='line_1_6' title="bbox 169 737 2664 826; baseline -0.017 -9"><span class='ocrx_word' id='word_1_30' title='bbox 169 759 418 817; x_wconf 77' lang='lat' dir='ltr'><strong>Andreas</strong></span> <span class='ocrx_word' id='word_1_31' title='bbox 447 756 713 826; x_wconf 88' lang='lat' dir='ltr'><strong>sequitur,</strong></span> <span class='ocrx_word' id='word_1_32' title='bbox 749 753 902 810; x_wconf 77' lang='lat' dir='ltr'><strong>fratri</strong></span> <span class='ocrx_word' id='word_1_33' title='bbox 933 756 1208 822; x_wconf 90' lang='lat' dir='ltr'><strong>comperta</strong></span> <span class='ocrx_word' id='word_1_34' title='bbox 1233 744 1501 819; x_wconf 74' lang='lat' dir='ltr'><strong>profatur.</strong></span> <span class='ocrx_word' id='word_1_35' title='bbox 2005 771 2014 778; x_wconf 82' lang='lat'><strong><em>-</em></strong></span> <span class='ocrx_word' id='word_1_36' title='bbox 2058 787 2062 792; x_wconf 84' lang='grc'><em>,</em></span> <span class='ocrx_word' id='word_1_37' title='bbox 2577 737 2664 776; x_wconf 84' lang='lat' dir='ltr'><strong>AL.</strong></span> 
     </span>
    </p>
   </div>
   <div class='ocr_carea' id='block_1_7' title="bbox 919 861 1006 900">
    <p class='ocr_par' dir='ltr' id='par_1_7' title="bbox 919 861 1006 900">
     <span class='ocr_line' id='line_1_7' title="bbox 919 861 1006 900; baseline 0 -1"><span class='ocrx_word' id='word_1_38' title='bbox 919 861 1006 900; x_wconf 89' lang='lat' dir='ltr'><strong>AL.</strong></span> 
     </span>
    </p>
   </div>
   <div class='ocr_carea' id='block_1_8' title="bbox 170 913 1668 1013">
    <p class='ocr_par' dir='ltr' id='par_1_8' title="bbox 170 913 1668 1013">
     <span class='ocr_line' id='line_1_8' title="bbox 170 913 1668 1013; baseline -0.014 -13"><span class='ocrx_word' id='word_1_39' title='bbox 170 940 406 1013; x_wconf 78' lang='lat' dir='ltr'><strong>imperat</strong></span> <span class='ocrx_word' id='word_1_40' title='bbox 433 956 494 996; x_wconf 89' lang='lat' dir='ltr'><strong>os</strong></span> <span class='ocrx_word' id='word_1_41' title='bbox 523 941 753 995; x_wconf 86' lang='lat' dir='ltr'><strong>vitreum</strong></span> <span class='ocrx_word' id='word_1_42' title='bbox 786 945 910 1007; x_wconf 90' lang='lat' dir='ltr'><strong>post</strong></span> <span class='ocrx_word' id='word_1_43' title='bbox 932 950 990 996; x_wconf 89' lang='lat' dir='ltr'><strong>se</strong></span> <span class='ocrx_word' id='word_1_44' title='bbox 1012 944 1302 1005; x_wconf 86' lang='lat' dir='ltr'><strong>properare</strong></span> <span class='ocrx_word' id='word_1_45' title='bbox 1325 913 1630 999; x_wconf 70' lang='lat' dir='ltr'><strong>Philippum</strong></span> <span class='ocrx_word' id='word_1_46' title='bbox 1652 965 1668 992; x_wconf 92' lang='lat'><strong>,</strong></span> 
     </span>
    </p>
   </div>
   <div class='ocr_carea' id='block_1_9' title="bbox 173 1020 1578 1103">
    <p class='ocr_par' dir='ltr' id='par_1_9' title="bbox 173 1020 1578 1103">
     <span class='ocr_line' id='line_1_9' title="bbox 173 1020 1578 1103; baseline -0.014 -11"><span class='ocrx_word' id='word_1_47' title='bbox 173 1033 476 1092; x_wconf 74' lang='lat' dir='ltr'><strong>Nathanael</strong></span> <span class='ocrx_word' id='word_1_48' title='bbox 504 1032 676 1103; x_wconf 89' lang='lat' dir='ltr'><strong>spissa</strong></span> <span class='ocrx_word' id='word_1_49' title='bbox 709 1030 959 1100; x_wconf 74' lang='lat' dir='ltr'><strong>quimox</strong></span> <span class='ocrx_word' id='word_1_50' title='bbox 996 1023 1248 1082; x_wconf 77' lang='lat' dir='ltr'><strong>subducit</strong></span> <span class='ocrx_word' id='word_1_51' title='bbox 1271 1022 1339 1078; x_wconf 90' lang='lat' dir='ltr'><strong>ab</strong></span> <span class='ocrx_word' id='word_1_52' title='bbox 1366 1020 1578 1076; x_wconf 89' lang='lat' dir='ltr'><strong>umbra.</strong></span> 
     </span>
    </p>
   </div>
   <div class='ocr_carea' id='block_1_10' title="bbox 925 1133 1010 1170">
    <p class='ocr_par' dir='ltr' id='par_1_10' title="bbox 925 1133 1010 1170">
     <span class='ocr_line' id='line_1_10' title="bbox 925 1133 1010 1170; baseline -0.035 1"><span class='ocrx_word' id='word_1_53' title='bbox 925 1133 1010 1170; x_wconf 88' lang='lat' dir='ltr'><strong>AL.</strong></span> 
     </span>
    </p>
   </div>
   <div class='ocr_carea' id='block_1_11' title="bbox 179 1197 1624 1269">
    <p class='ocr_par' dir='ltr' id='par_1_11' title="bbox 179 1197 1624 1269">
     <span class='ocr_line' id='line_1_11' title="bbox 179 1197 1624 1269; baseline -0.013 -1"><span class='ocrx_word' id='word_1_54' title='bbox 179 1213 440 1269; x_wconf 76' lang='lat' dir='ltr'><strong>Testmus.</strong></span> <span class='ocrx_word' id='word_1_55' title='bbox 463 1224 611 1266; x_wconf 87' lang='lat' dir='ltr'><strong>msce</strong></span> <span class='ocrx_word' id='word_1_56' title='bbox 637 1221 834 1263; x_wconf 86' lang='lat' dir='ltr'><strong>novum</strong></span> <span class='ocrx_word' id='word_1_57' title='bbox 875 1203 1002 1260; x_wconf 79' lang='lat' dir='ltr'><strong>fecit</strong></span> <span class='ocrx_word' id='word_1_58' title='bbox 1027 1202 1094 1261; x_wconf 87' lang='lat' dir='ltr'><strong>de</strong></span> <span class='ocrx_word' id='word_1_59' title='bbox 1119 1199 1337 1255; x_wconf 83' lang='lat' dir='ltr'><strong>ﬂumine</strong></span> <span class='ocrx_word' id='word_1_60' title='bbox 1358 1197 1568 1269; x_wconf 77' lang='lat' dir='ltr'><strong>signum</strong></span> <span class='ocrx_word' id='word_1_61' title='bbox 1589 1235 1624 1268; x_wconf 22' lang='grc' dir='ltr'><strong>,ε</strong></span> 
     </span>
    </p>
   </div>
   <div class='ocr_carea' id='block_1_12' title="bbox 180 1295 1400 1367">
    <p class='ocr_par' dir='ltr' id='par_1_12' title="bbox 180 1295 1400 1367">
     <span class='ocr_line' id='line_1_12' title="bbox 180 1295 1400 1367; baseline -0.016 -4"><span class='ocrx_word' id='word_1_62' title='bbox 180 1307 453 1364; x_wconf 82' lang='lat' dir='ltr'><strong>Conviviis</strong></span> <span class='ocrx_word' id='word_1_63' title='bbox 480 1304 669 1359; x_wconf 86' lang='lat' dir='ltr'><strong>latices</strong></span> <span class='ocrx_word' id='word_1_64' title='bbox 697 1302 752 1357; x_wconf 86' lang='lat' dir='ltr'><strong>in</strong></span> <span class='ocrx_word' id='word_1_65' title='bbox 776 1301 918 1355; x_wconf 92' lang='lat' dir='ltr'><strong>vitea</strong></span> <span class='ocrx_word' id='word_1_66' title='bbox 944 1295 1134 1367; x_wconf 89' lang='lat' dir='ltr'><strong>pocula</strong></span> <span class='ocrx_word' id='word_1_67' title='bbox 1164 1300 1400 1353; x_wconf 86' lang='lat' dir='ltr'><strong>vertens.</strong></span> 
     </span>
    </p>
   </div>
   <div class='ocr_carea' id='block_1_13' title="bbox 930 1404 1014 1456">
    <p class='ocr_par' dir='ltr' id='par_1_13' title="bbox 930 1404 1014 1456">
     <span class='ocr_line' id='line_1_13' title="bbox 930 1404 1014 1456; baseline -0.036 -12"><span class='ocrx_word' id='word_1_68' title='bbox 930 1404 1014 1456; x_wconf 78' lang='lat' dir='ltr'><strong>AL.</strong></span> 
     </span>
    </p>
   </div>
   <div class='ocr_carea' id='block_1_14' title="bbox 180 1469 1448 1558">
    <p class='ocr_par' dir='ltr' id='par_1_14' title="bbox 180 1469 1448 1558">
     <span class='ocr_line' id='line_1_14' title="bbox 180 1469 1448 1558; baseline -0.016 -15"><span class='ocrx_word' id='word_1_69' title='bbox 180 1487 337 1543; x_wconf 83' lang='lat' dir='ltr'><strong>Retia</strong></span> <span class='ocrx_word' id='word_1_70' title='bbox 360 1485 599 1558; x_wconf 76' lang='lat' dir='ltr'><strong>germani</strong></span> <span class='ocrx_word' id='word_1_71' title='bbox 621 1483 870 1552; x_wconf 90' lang='lat' dir='ltr'><strong>linquunt</strong></span> <span class='ocrx_word' id='word_1_72' title='bbox 890 1480 945 1535; x_wconf 90' lang='lat' dir='ltr'><strong>in</strong></span> <span class='ocrx_word' id='word_1_73' title='bbox 968 1475 1184 1532; x_wconf 84' lang='lat' dir='ltr'><strong>nomine</strong></span> <span class='ocrx_word' id='word_1_74' title='bbox 1209 1469 1448 1535; x_wconf 88' lang='lat' dir='ltr'><strong>Christi,</strong></span> 
     </span>
    </p>
   </div>
   <div class='ocr_carea' id='block_1_15' title="bbox 183 1570 1630 1649">
    <p class='ocr_par' dir='ltr' id='par_1_15' title="bbox 183 1570 1630 1649">
     <span class='ocr_line' id='line_1_15' title="bbox 183 1570 1630 1649; baseline -0.017 -13"><span class='ocrx_word' id='word_1_75' title='bbox 183 1580 307 1636; x_wconf 61' lang='lat' dir='ltr'><strong>ilex</strong></span> <span class='ocrx_word' id='word_1_76' title='bbox 329 1578 420 1649; x_wconf 77' lang='lat' dir='ltr'><strong>alii</strong></span> <span class='ocrx_word' id='word_1_77' title='bbox 448 1577 714 1649; x_wconf 85' lang='lat' dir='ltr'><strong>lacrymas</strong></span> <span class='ocrx_word' id='word_1_78' title='bbox 746 1578 1007 1644; x_wconf 86' lang='lat' dir='ltr'><strong>spernunt</strong></span> <span class='ocrx_word' id='word_1_79' title='bbox 1031 1583 1155 1629; x_wconf 87' lang='lat' dir='ltr'><strong>eum</strong></span> <span class='ocrx_word' id='word_1_80' title='bbox 1179 1579 1315 1621; x_wconf 89' lang='lat' dir='ltr'><strong>nave</strong></span> <span class='ocrx_word' id='word_1_81' title='bbox 1335 1570 1630 1635; x_wconf 73' lang='lat' dir='ltr'><strong>paternas.</strong></span> 
     </span>
    </p>
   </div>
   <div class='ocr_carea' id='block_1_16' title="bbox 928 1676 1016 1715">
    <p class='ocr_par' dir='ltr' id='par_1_16' title="bbox 928 1676 1016 1715">
     <span class='ocr_line' id='line_1_16' title="bbox 928 1676 1016 1715; baseline -0.023 0"><span class='ocrx_word' id='word_1_82' title='bbox 928 1676 1016 1715; x_wconf 90' lang='lat' dir='ltr'><strong>AL.</strong></span> 
     </span>
    </p>
   </div>
   <div class='ocr_carea' id='block_1_17' title="bbox 185 1747 1719 1828">
    <p class='ocr_par' dir='ltr' id='par_1_17' title="bbox 185 1747 1719 1828">
     <span class='ocr_line' id='line_1_17' title="bbox 185 1747 1719 1828; baseline -0.014 -12"><span class='ocrx_word' id='word_1_83' title='bbox 185 1757 538 1828; x_wconf 80' lang='lat' dir='ltr'><strong>Omnipotens</strong></span> <span class='ocrx_word' id='word_1_84' title='bbox 565 1749 1133 1818; x_wconf 10' lang='lat' dir='ltr'><strong>medieus,vhominum</strong></span> <span class='ocrx_word' id='word_1_85' title='bbox 1160 1747 1446 1802; x_wconf 88' lang='lat' dir='ltr'><strong>miserator</strong></span> <span class='ocrx_word' id='word_1_86' title='bbox 1471 1749 1527 1799; x_wconf 89' lang='lat' dir='ltr'><strong>et</strong></span> <span class='ocrx_word' id='word_1_87' title='bbox 1547 1751 1719 1804; x_wconf 78' lang='lat' dir='ltr'><strong>unus,</strong></span> 
     </span>
    </p>
   </div>
   <div class='ocr_carea' id='block_1_18' title="bbox 185 1837 1444 1916">
    <p class='ocr_par' dir='ltr' id='par_1_18' title="bbox 185 1837 1444 1916">
     <span class='ocr_line' id='line_1_18' title="bbox 185 1837 1444 1916; baseline -0.013 -11"><span class='ocrx_word' id='word_1_88' title='bbox 185 1846 522 1916; x_wconf 81' lang='lat' dir='ltr'><strong>Omnimodis</strong></span> <span class='ocrx_word' id='word_1_89' title='bbox 540 1859 756 1916; x_wconf 88' lang='lat' dir='ltr'><strong>pressos</strong></span> <span class='ocrx_word' id='word_1_90' title='bbox 777 1842 940 1914; x_wconf 87' lang='lat' dir='ltr'><strong>jussit</strong></span> <span class='ocrx_word' id='word_1_91' title='bbox 962 1837 1237 1895; x_wconf 82' lang='lat' dir='ltr'><strong>discedere</strong></span> <span class='ocrx_word' id='word_1_92' title='bbox 1263 1848 1444 1896; x_wconf 82' lang='lat' dir='ltr'><strong>sanos.</strong></span> 
     </span>
    </p>
   </div>
   <div class='ocr_carea' id='block_1_19' title="bbox 935 1949 1022 1988">
    <p class='ocr_par' dir='ltr' id='par_1_19' title="bbox 935 1949 1022 1988">
     <span class='ocr_line' id='line_1_19' title="bbox 935 1949 1022 1988; baseline -0.011 -1"><span class='ocrx_word' id='word_1_93' title='bbox 935 1949 1022 1988; x_wconf 82' lang='lat' dir='ltr'><strong>AL.</strong></span> 
     </span>
    </p>
   </div>
   <div class='ocr_carea' id='block_1_20' title="bbox 191 2016 1469 2101">
    <p class='ocr_par' dir='ltr' id='par_1_20' title="bbox 191 2016 1469 2101">
     <span class='ocr_line' id='line_1_20' title="bbox 191 2016 1469 2101; baseline -0.011 -15"><span class='ocrx_word' id='word_1_94' title='bbox 191 2029 484 2101; x_wconf 85' lang='lat' dir='ltr'><strong>Spiritibus</strong></span> <span class='ocrx_word' id='word_1_95' title='bbox 509 2027 642 2083; x_wconf 87' lang='lat' dir='ltr'><strong>diris</strong></span> <span class='ocrx_word' id='word_1_96' title='bbox 660 2025 935 2086; x_wconf 89' lang='lat' dir='ltr'><strong>hominum</strong></span> <span class='ocrx_word' id='word_1_97' title='bbox 960 2023 1026 2077; x_wconf 91' lang='lat' dir='ltr'><strong>de</strong></span> <span class='ocrx_word' id='word_1_98' title='bbox 1047 2034 1272 2090; x_wconf 90' lang='lat' dir='ltr'><strong>corpore</strong></span> <span class='ocrx_word' id='word_1_99' title='bbox 1294 2016 1469 2088; x_wconf 87' lang='lat' dir='ltr'><strong>pulsis</strong></span> 
     </span>
    </p>
   </div>
   <div class='ocr_carea' id='block_1_21' title="bbox 193 2106 1605 2194">
    <p class='ocr_par' dir='ltr' id='par_1_21' title="bbox 193 2106 1605 2194">
     <span class='ocr_line' id='line_1_21' title="bbox 193 2106 1605 2194; baseline -0.011 -17"><span class='ocrx_word' id='word_1_100' title='bbox 193 2122 303 2191; x_wconf 82' lang='lat' dir='ltr'><strong>Das</strong></span> <span class='ocrx_word' id='word_1_101' title='bbox 327 2119 593 2194; x_wconf 87' lang='lat' dir='ltr'><strong>pecudum</strong></span> <span class='ocrx_word' id='word_1_102' title='bbox 620 2117 824 2184; x_wconf 79' lang='lat' dir='ltr'><strong>furiare</strong></span> <span class='ocrx_word' id='word_1_103' title='bbox 845 2127 1056 2187; x_wconf 87' lang='lat' dir='ltr'><strong>greges,</strong></span> <span class='ocrx_word' id='word_1_104' title='bbox 1079 2109 1379 2183; x_wconf 76' lang='lat' dir='ltr'><strong>iustissime</strong></span> <span class='ocrx_word' id='word_1_105' title='bbox 1397 2106 1605 2177; x_wconf 32' lang='lat' dir='ltr'><strong>judexa</strong></span> 
     </span>
    </p>
   </div>
   <div class='ocr_carea' id='block_1_22' title="bbox 937 2222 1023 2264">
    <p class='ocr_par' dir='ltr' id='par_1_22' title="bbox 937 2222 1023 2264">
     <span class='ocr_line' id='line_1_22' title="bbox 937 2222 1023 2264; baseline -0.035 -1"><span class='ocrx_word' id='word_1_106' title='bbox 937 2222 1023 2264; x_wconf 86' lang='lat' dir='ltr'><strong>AL.</strong></span> 
     </span>
    </p>
   </div>
   <div class='ocr_carea' id='block_1_23' title="bbox 196 2288 1576 2360">
    <p class='ocr_par' dir='ltr' id='par_1_23' title="bbox 196 2288 1576 2360">
     <span class='ocr_line' id='line_1_23' title="bbox 196 2288 1576 2360; baseline -0.014 0"><span class='ocrx_word' id='word_1_107' title='bbox 196 2304 277 2360; x_wconf 81' lang='lat' dir='ltr'><strong>En</strong></span> <span class='ocrx_word' id='word_1_108' title='bbox 314 2303 549 2360; x_wconf 80' lang='lat' dir='ltr'><strong>Verbum</strong></span> <span class='ocrx_word' id='word_1_109' title='bbox 579 2298 788 2354; x_wconf 88' lang='lat' dir='ltr'><strong>Domini</strong></span> <span class='ocrx_word' id='word_1_110' title='bbox 819 2303 973 2351; x_wconf 85' lang='lat' dir='ltr'><strong>curat</strong></span> <span class='ocrx_word' id='word_1_111' title='bbox 999 2291 1356 2348; x_wconf 89' lang='lat' dir='ltr'><strong>medicamine</strong></span> <span class='ocrx_word' id='word_1_112' title='bbox 1387 2288 1536 2343; x_wconf 84' lang='lat' dir='ltr'><strong>verbi</strong></span> <span class='ocrx_word' id='word_1_113' title='bbox 1561 2327 1576 2350; x_wconf 93' lang='lat'><strong>,</strong></span> 
     </span>
    </p>
   </div>
   <div class='ocr_carea' id='block_1_24' title="bbox 196 2381 1644 2462">
    <p class='ocr_par' dir='ltr' id='par_1_24' title="bbox 196 2381 1644 2462">
     <span class='ocr_line' id='line_1_24' title="bbox 196 2381 1644 2462; baseline -0.017 -7"><span class='ocrx_word' id='word_1_114' title='bbox 196 2395 452 2462; x_wconf 63' lang='lat' dir='ltr'><strong>Praecipit</strong></span> <span class='ocrx_word' id='word_1_115' title='bbox 481 2402 536 2448; x_wconf 90' lang='lat' dir='ltr'><strong>et</strong></span> <span class='ocrx_word' id='word_1_116' title='bbox 563 2405 752 2446; x_wconf 88' lang='lat' dir='ltr'><strong>sanum</strong></span> <span class='ocrx_word' id='word_1_117' title='bbox 776 2386 1052 2458; x_wconf 90' lang='lat' dir='ltr'><strong>proprium</strong></span> <span class='ocrx_word' id='word_1_118' title='bbox 1081 2391 1300 2454; x_wconf 90' lang='lat' dir='ltr'><strong>portare</strong></span> <span class='ocrx_word' id='word_1_119' title='bbox 1327 2381 1644 2452; x_wconf 77' lang='lat' dir='ltr'><strong>grabatum.</strong></span> 
     </span>
    </p>
   </div>
   <div class='ocr_carea' id='block_1_25' title="bbox 942 2493 1028 2533">
    <p class='ocr_par' dir='ltr' id='par_1_25' title="bbox 942 2493 1028 2533">
     <span class='ocr_line' id='line_1_25' title="bbox 942 2493 1028 2533; baseline -0.058 0"><span class='ocrx_word' id='word_1_120' title='bbox 942 2493 1028 2533; x_wconf 90' lang='lat' dir='ltr'><strong>AL.</strong></span> 
     </span>
    </p>
   </div>
   <div class='ocr_carea' id='block_1_26' title="bbox 202 2558 1476 2648">
    <p class='ocr_par' dir='ltr' id='par_1_26' title="bbox 202 2558 1476 2648">
     <span class='ocr_line' id='line_1_26' title="bbox 202 2558 1476 2648; baseline -0.02 -11"><span class='ocrx_word' id='word_1_121' title='bbox 202 2578 474 2648; x_wconf 76' lang='lat' dir='ltr'><strong>Principis</strong></span> <span class='ocrx_word' id='word_1_122' title='bbox 493 2583 554 2630; x_wconf 92' lang='lat' dir='ltr'><strong>ut</strong></span> <span class='ocrx_word' id='word_1_123' title='bbox 579 2584 761 2630; x_wconf 87' lang='lat' dir='ltr'><strong>natam</strong></span> <span class='ocrx_word' id='word_1_124' title='bbox 789 2576 944 2626; x_wconf 81' lang='lat' dir='ltr'><strong>sanet</strong></span> <span class='ocrx_word' id='word_1_125' title='bbox 962 2565 1046 2621; x_wconf 92' lang='lat' dir='ltr'><strong>vel</strong></span> <span class='ocrx_word' id='word_1_126' title='bbox 1075 2561 1320 2625; x_wconf 86' lang='lat' dir='ltr'><strong>suscitet,</strong></span> <span class='ocrx_word' id='word_1_127' title='bbox 1347 2558 1476 2614; x_wconf 89' lang='lat' dir='ltr'><strong>ibat.</strong></span> 
     </span>
    </p>
   </div>
   <div class='ocr_carea' id='block_1_27' title="bbox 945 2675 1032 2713">
    <p class='ocr_par' dir='ltr' id='par_1_27' title="bbox 945 2675 1032 2713">
     <span class='ocr_line' id='line_1_27' title="bbox 945 2675 1032 2713; baseline -0.046 1"><span class='ocrx_word' id='word_1_128' title='bbox 945 2675 1032 2713; x_wconf 82' lang='lat' dir='ltr'><strong>AL.</strong></span> 
     </span>
    </p>
   </div>
   <div class='ocr_carea' id='block_1_28' title="bbox 206 2743 1402 2820">
    <p class='ocr_par' dir='ltr' id='par_1_28' title="bbox 206 2743 1402 2820">
     <span class='ocr_line' id='line_1_28' title="bbox 206 2743 1402 2820; baseline -0.022 -1"><span class='ocrx_word' id='word_1_129' title='bbox 206 2764 446 2820; x_wconf 81' lang='lat' dir='ltr'><strong>Furatur</strong></span> <span class='ocrx_word' id='word_1_130' title='bbox 473 2756 670 2814; x_wconf 89' lang='lat' dir='ltr'><strong>mulier</strong></span> <span class='ocrx_word' id='word_1_131' title='bbox 693 2766 848 2810; x_wconf 90' lang='lat' dir='ltr'><strong>sacra</strong></span> <span class='ocrx_word' id='word_1_132' title='bbox 879 2750 946 2806; x_wconf 90' lang='lat' dir='ltr'><strong>de</strong></span> <span class='ocrx_word' id='word_1_133' title='bbox 968 2754 1117 2801; x_wconf 85' lang='lat' dir='ltr'><strong>veste</strong></span> <span class='ocrx_word' id='word_1_134' title='bbox 1137 2743 1402 2808; x_wconf 68' lang='lat' dir='ltr'><strong>salutem.</strong></span> 
     </span>
    </p>
   </div>
   <div class='ocr_carea' id='block_1_29' title="bbox 948 2858 1033 2896">
    <p class='ocr_par' dir='ltr' id='par_1_29' title="bbox 948 2858 1033 2896">
     <span class='ocr_line' id='line_1_29' title="bbox 948 2858 1033 2896; baseline -0.035 1"><span class='ocrx_word' id='word_1_135' title='bbox 948 2858 1033 2896; x_wconf 92' lang='lat' dir='ltr'><strong>AL.</strong></span> 
     </span>
    </p>
   </div>
   <div class='ocr_carea' id='block_1_30' title="bbox 212 2922 1705 3007">
    <p class='ocr_par' dir='ltr' id='par_1_30' title="bbox 212 2922 1705 3007">
     <span class='ocr_line' id='line_1_30' title="bbox 212 2922 1705 3007; baseline -0.019 -7"><span class='ocrx_word' id='word_1_136' title='bbox 212 2931 464 3000; x_wconf 76' lang='lat' dir='ltr'><strong>Reddidit</strong></span> <span class='ocrx_word' id='word_1_137' title='bbox 485 2956 553 2996; x_wconf 91' lang='lat' dir='ltr'><strong>en</strong></span> <span class='ocrx_word' id='word_1_138' title='bbox 584 2937 810 3007; x_wconf 77' lang='lat' dir='ltr'><strong>stupidas</strong></span> <span class='ocrx_word' id='word_1_139' title='bbox 843 2933 1101 2990; x_wconf 88' lang='lat' dir='ltr'><strong>Dominus</strong></span> <span class='ocrx_word' id='word_1_140' title='bbox 1128 2942 1224 2983; x_wconf 88' lang='lat' dir='ltr'><strong>sua</strong></span> <span class='ocrx_word' id='word_1_141' title='bbox 1255 2924 1439 2981; x_wconf 88' lang='lat' dir='ltr'><strong>munia</strong></span> <span class='ocrx_word' id='word_1_142' title='bbox 1463 2922 1705 2984; x_wconf 64' lang='lat' dir='ltr'><strong>dextrae.</strong></span> 
     </span>
    </p>
   </div>
   <div class='ocr_carea' id='block_1_31' title="bbox 210 3014 1565 3094">
    <p class='ocr_par' dir='ltr' id='par_1_31' title="bbox 210 3014 1565 3094">
     <span class='ocr_line' id='line_1_31' title="bbox 210 3014 1565 3094; baseline -0.021 0"><span class='ocrx_word' id='word_1_143' title='bbox 210 3033 512 3094; x_wconf 81' lang='lat' dir='ltr'><strong>Consilium</strong></span> <span class='ocrx_word' id='word_1_144' title='bbox 538 3030 716 3086; x_wconf 83' lang='lat' dir='ltr'><strong>stolidi</strong></span> <span class='ocrx_word' id='word_1_145' title='bbox 737 3027 942 3082; x_wconf 81' lang='lat' dir='ltr'><strong>faciunt</strong></span> <span class='ocrx_word' id='word_1_146' title='bbox 970 3024 1036 3078; x_wconf 93' lang='lat' dir='ltr'><strong>de</strong></span> <span class='ocrx_word' id='word_1_147' title='bbox 1060 3019 1320 3090; x_wconf 83' lang='lat' dir='ltr'><strong>sanguine</strong></span> <span class='ocrx_word' id='word_1_148' title='bbox 1345 3014 1565 3070; x_wconf 89' lang='lat' dir='ltr'><strong>Christi.</strong></span> 
     </span>
    </p>
   </div>
   <div class='ocr_carea' id='block_1_32' title="bbox 958 3128 1044 3168">
    <p class='ocr_par' dir='ltr' id='par_1_32' title="bbox 958 3128 1044 3168">
     <span class='ocr_line' id='line_1_32' title="bbox 958 3128 1044 3168; baseline -0.023 0"><span class='ocrx_word' id='word_1_149' title='bbox 958 3128 1044 3168; x_wconf 82' lang='lat' dir='ltr'><strong>AL.</strong></span> 
     </span>
    </p>
   </div>
   <div class='ocr_carea' id='block_1_33' title="bbox 221 3195 1464 3274">
    <p class='ocr_par' dir='ltr' id='par_1_33' title="bbox 221 3195 1464 3274">
     <span class='ocr_line' id='line_1_33' title="bbox 221 3195 1464 3274; baseline -0.02 0"><span class='ocrx_word' id='word_1_150' title='bbox 221 3214 428 3274; x_wconf 82' lang='lat' dir='ltr'><strong>Unicus</strong></span> <span class='ocrx_word' id='word_1_151' title='bbox 447 3226 516 3268; x_wconf 89' lang='lat' dir='ltr'><strong>en</strong></span> <span class='ocrx_word' id='word_1_152' title='bbox 542 3209 715 3264; x_wconf 79' lang='lat' dir='ltr'><strong>viduae</strong></span> <span class='ocrx_word' id='word_1_153' title='bbox 735 3205 1008 3263; x_wconf 86' lang='lat' dir='ltr'><strong>redivivus</strong></span> <span class='ocrx_word' id='word_1_154' title='bbox 1032 3199 1274 3256; x_wconf 88' lang='lat' dir='ltr'><strong>redditur</strong></span> <span class='ocrx_word' id='word_1_155' title='bbox 1299 3195 1464 3259; x_wconf 84' lang='lat' dir='ltr'><strong>orbae.</strong></span> 
     </span>
    </p>
   </div>
   <div class='ocr_carea' id='block_1_34' title="bbox 962 3311 1028 3350">
    <p class='ocr_par' dir='ltr' id='par_1_34' title="bbox 962 3311 1028 3350">
     <span class='ocr_line' id='line_1_34' title="bbox 962 3311 1028 3350; baseline 0.015 -1"><span class='ocrx_word' id='word_1_156' title='bbox 962 3311 1028 3350; x_wconf 88' lang='lat' dir='ltr'><strong>AL</strong></span> 
     </span>
    </p>
   </div>
   <div class='ocr_carea' id='block_1_35' title="bbox 221 3375 1576 3472">
    <p class='ocr_par' dir='ltr' id='par_1_35' title="bbox 221 3375 1576 3472">
     <span class='ocr_line' id='line_1_35' title="bbox 221 3375 1576 3472; baseline -0.02 -16"><span class='ocrx_word' id='word_1_157' title='bbox 221 3390 796 3472; x_wconf 83' lang='lat' dir='ltr'><strong>Ingeminantplebes;</strong></span> <span class='ocrx_word' id='word_1_158' title='bbox 835 3404 868 3442; x_wconf 91' lang='grc' dir='ltr'>ο</span> <span class='ocrx_word' id='word_1_159' title='bbox 895 3400 1023 3440; x_wconf 87' lang='lat' dir='ltr'><strong>vere</strong></span> <span class='ocrx_word' id='word_1_160' title='bbox 1049 3395 1240 3453; x_wconf 83' lang='lat' dir='ltr'><strong>magne</strong></span> <span class='ocrx_word' id='word_1_161' title='bbox 1265 3375 1576 3450; x_wconf 87' lang='lat' dir='ltr'><strong>prophetes.</strong></span> 
     </span>
    </p>
   </div>
   <div class='ocr_carea' id='block_1_36' title="bbox 982 3489 1070 3539">
    <p class='ocr_par' dir='ltr' id='par_1_36' title="bbox 982 3489 1070 3539">
     <span class='ocr_line' id='line_1_36' title="bbox 982 3489 1070 3539; baseline -0.023 -11"><span class='ocrx_word' id='word_1_162' title='bbox 982 3489 1070 3539; x_wconf 71' lang='lat' dir='ltr'><strong>AL.</strong></span> 
     </span>
    </p>
   </div>
   <div class='ocr_carea' id='block_1_37' title="bbox 226 3556 1574 3643">
    <p class='ocr_par' dir='ltr' id='par_1_37' title="bbox 226 3556 1574 3643">
     <span class='ocr_line' id='line_1_37' title="bbox 226 3556 1574 3643; baseline -0.02 -9"><span class='ocrx_word' id='word_1_163' title='bbox 226 3574 486 3643; x_wconf 77' lang='lat' dir='ltr'><strong>Saltatrix</strong></span> <span class='ocrx_word' id='word_1_164' title='bbox 517 3571 676 3643; x_wconf 90' lang='lat' dir='ltr'><strong>petiit</strong></span> <span class='ocrx_word' id='word_1_165' title='bbox 711 3567 1300 3638; x_wconf 86' lang='lat' dir='ltr'><strong>eaputinnocuumque</strong></span> <span class='ocrx_word' id='word_1_166' title='bbox 1332 3556 1534 3626; x_wconf 85' lang='lat' dir='ltr'><strong>recepit</strong></span> <span class='ocrx_word' id='word_1_167' title='bbox 1562 3571 1574 3607; x_wconf 89' lang='lat'><strong>:</strong></span> 
     </span>
    </p>
   </div>
   <div class='ocr_carea' id='block_1_38' title="bbox 229 3654 1692 3729">
    <p class='ocr_par' dir='ltr' id='par_1_38' title="bbox 229 3654 1692 3729">
     <span class='ocr_line' id='line_1_38' title="bbox 229 3654 1692 3729; baseline -0.019 -3"><span class='ocrx_word' id='word_1_168' title='bbox 229 3669 475 3726; x_wconf 87' lang='lat' dir='ltr'><strong>Lictores</strong></span> <span class='ocrx_word' id='word_1_169' title='bbox 501 3662 759 3726; x_wconf 82' lang='lat' dir='ltr'><strong>ﬂuvidum</strong></span> <span class='ocrx_word' id='word_1_170' title='bbox 797 3659 1046 3729; x_wconf 88' lang='lat' dir='ltr'><strong>linquunt</strong></span> <span class='ocrx_word' id='word_1_171' title='bbox 1087 3654 1140 3708; x_wconf 92' lang='lat' dir='ltr'><strong>in</strong></span> <span class='ocrx_word' id='word_1_172' title='bbox 1170 3663 1389 3707; x_wconf 85' lang='lat' dir='ltr'><strong>carcere</strong></span> <span class='ocrx_word' id='word_1_173' title='bbox 1416 3657 1692 3703; x_wconf 88' lang='lat' dir='ltr'><strong>truncum.</strong></span> 
     </span>
    </p>
   </div>
   <div class='ocr_carea' id='block_1_39' title="bbox 962 3766 1048 3804">
    <p class='ocr_par' dir='ltr' id='par_1_39' title="bbox 962 3766 1048 3804">
     <span class='ocr_line' id='line_1_39' title="bbox 962 3766 1048 3804; baseline -0.047 1"><span class='ocrx_word' id='word_1_174' title='bbox 962 3766 1048 3804; x_wconf 90' lang='lat' dir='ltr'><strong>AL.</strong></span> 
     </span>
    </p>
   </div>
   <div class='ocr_carea' id='block_1_40' title="bbox 231 3828 1694 3917">
    <p class='ocr_par' dir='ltr' id='par_1_40' title="bbox 231 3828 1694 3917">
     <span class='ocr_line' id='line_1_40' title="bbox 231 3828 1694 3917; baseline -0.018 -8"><span class='ocrx_word' id='word_1_175' title='bbox 231 3850 470 3908; x_wconf 74' lang='lat' dir='ltr'><strong>Panibus</strong></span> <span class='ocrx_word' id='word_1_176' title='bbox 497 3863 562 3904; x_wconf 81' lang='lat' dir='ltr'><strong>ex</strong></span> <span class='ocrx_word' id='word_1_177' title='bbox 589 3845 790 3917; x_wconf 85' lang='lat' dir='ltr'><strong>quinis,</strong></span> <span class='ocrx_word' id='word_1_178' title='bbox 821 3850 876 3898; x_wconf 90' lang='lat' dir='ltr'><strong>et</strong></span> <span class='ocrx_word' id='word_1_179' title='bbox 899 3840 1138 3912; x_wconf 89' lang='lat' dir='ltr'><strong>piscibus</strong></span> <span class='ocrx_word' id='word_1_180' title='bbox 1165 3834 1305 3891; x_wconf 88' lang='lat' dir='ltr'><strong>haud</strong></span> <span class='ocrx_word' id='word_1_181' title='bbox 1346 3844 1502 3902; x_wconf 84' lang='lat' dir='ltr'><strong>mage</strong></span> <span class='ocrx_word' id='word_1_182' title='bbox 1532 3828 1694 3893; x_wconf 88' lang='lat' dir='ltr'><strong>binis,</strong></span> 
     </span>
    </p>
   </div>
   <div class='ocr_carea' id='block_1_41' title="bbox 232 3923 1589 3999">
    <p class='ocr_par' dir='ltr' id='par_1_41' title="bbox 232 3923 1589 3999">
     <span class='ocr_line' id='line_1_41' title="bbox 232 3923 1589 3999; baseline -0.018 0"><span class='ocrx_word' id='word_1_183' title='bbox 232 3944 316 3999; x_wconf 79' lang='lat' dir='ltr'><strong>En</strong></span> <span class='ocrx_word' id='word_1_184' title='bbox 336 3940 613 3999; x_wconf 88' lang='lat' dir='ltr'><strong>hominum</strong></span> <span class='ocrx_word' id='word_1_185' title='bbox 633 3937 781 3991; x_wconf 58' lang='lat' dir='ltr'><strong>larce</strong></span> <span class='ocrx_word' id='word_1_186' title='bbox 803 3938 1111 3989; x_wconf 87' lang='lat' dir='ltr'><strong>saturantur</strong></span> <span class='ocrx_word' id='word_1_187' title='bbox 1136 3925 1305 3982; x_wconf 91' lang='lat' dir='ltr'><strong>millia</strong></span> <span class='ocrx_word' id='word_1_188' title='bbox 1331 3923 1589 3994; x_wconf 89' lang='lat' dir='ltr'><strong>quinque.</strong></span> 
     </span>
    </p>
   </div>
   <div class='ocr_carea' id='block_1_42' title="bbox 518 4015 1061 4076">
    <p class='ocr_par' dir='ltr' id='par_1_42' title="bbox 518 4015 1061 4076">
     <span class='ocr_line' id='line_1_42' title="bbox 518 4015 1061 4076; baseline -0.02 9"><span class='ocrx_word' id='word_1_189' title='bbox 518 4015 528 4025; x_wconf 46' lang='lat'><em>.</em></span> <span class='ocrx_word' id='word_1_190' title='bbox 977 4038 1061 4076; x_wconf 88' lang='lat' dir='ltr'><strong>AL.</strong></span> 
     </span>
    </p>
   </div>
   <div class='ocr_carea' id='block_1_43' title="bbox 234 4108 1638 4192">
    <p class='ocr_par' dir='ltr' id='par_1_43' title="bbox 234 4108 1638 4192">
     <span class='ocr_line' id='line_1_43' title="bbox 234 4108 1638 4192; baseline -0.019 -10"><span class='ocrx_word' id='word_1_191' title='bbox 234 4126 484 4182; x_wconf 85' lang='lat' dir='ltr'><strong>Christus</strong></span> <span class='ocrx_word' id='word_1_192' title='bbox 511 4137 665 4192; x_wconf 75' lang='lat' dir='ltr'><strong>aqua:</strong></span> <span class='ocrx_word' id='word_1_193' title='bbox 689 4119 879 4173; x_wconf 84' lang='lat' dir='ltr'><strong>ﬂuctus</strong></span> <span class='ocrx_word' id='word_1_194' title='bbox 903 4113 1104 4186; x_wconf 89' lang='lat' dir='ltr'><strong>pressit</strong></span> <span class='ocrx_word' id='word_1_195' title='bbox 1144 4108 1373 4180; x_wconf 86' lang='lat' dir='ltr'><strong>vestigia</strong></span> <span class='ocrx_word' id='word_1_196' title='bbox 1404 4119 1592 4178; x_wconf 90' lang='lat' dir='ltr'><strong>gressu</strong></span> <span class='ocrx_word' id='word_1_197' title='bbox 1621 4142 1638 4170; x_wconf 94' lang='lat'><strong>,</strong></span> 
     </span>
    </p>
   </div>
   <div class='ocr_carea' id='block_1_44' title="bbox 237 4196 1666 4282">
    <p class='ocr_par' dir='ltr' id='par_1_44' title="bbox 237 4196 1666 4282">
     <span class='ocr_line' id='line_1_44' title="bbox 237 4196 1666 4282; baseline -0.017 -11"><span class='ocrx_word' id='word_1_198' title='bbox 237 4218 308 4271; x_wconf 85' lang='lat' dir='ltr'><strong>At</strong></span> <span class='ocrx_word' id='word_1_199' title='bbox 337 4215 458 4270; x_wconf 84' lang='lat' dir='ltr'><strong>ﬁdei</strong></span> <span class='ocrx_word' id='word_1_200' title='bbox 490 4212 710 4282; x_wconf 84' lang='lat' dir='ltr'><strong>dubium</strong></span> <span class='ocrx_word' id='word_1_201' title='bbox 742 4214 992 4278; x_wconf 89' lang='lat' dir='ltr'><strong>mergunt</strong></span> <span class='ocrx_word' id='word_1_202' title='bbox 1021 4203 1154 4257; x_wconf 90' lang='lat' dir='ltr'><strong>vada</strong></span> <span class='ocrx_word' id='word_1_203' title='bbox 1184 4199 1393 4271; x_wconf 86' lang='lat' dir='ltr'><strong>turgida</strong></span> <span class='ocrx_word' id='word_1_204' title='bbox 1429 4196 1666 4251; x_wconf 90' lang='lat' dir='ltr'><strong>Petrum.</strong></span> 
     </span>
    </p>
   </div>
   <div class='ocr_carea' id='block_1_45' title="bbox 977 4311 1062 4350">
    <p class='ocr_par' dir='ltr' id='par_1_45' title="bbox 977 4311 1062 4350">
     <span class='ocr_line' id='line_1_45' title="bbox 977 4311 1062 4350; baseline -0.035 0"><span class='ocrx_word' id='word_1_205' title='bbox 977 4311 1062 4350; x_wconf 86' lang='lat' dir='ltr'><strong>AL.</strong></span> 
     </span>
    </p>
   </div>
   <div class='ocr_carea' id='block_1_46' title="bbox 238 4376 1692 4469">
    <p class='ocr_par' dir='ltr' id='par_1_46' title="bbox 238 4376 1692 4469">
     <span class='ocr_line' id='line_1_46' title="bbox 238 4376 1692 4469; baseline -0.018 -14"><span class='ocrx_word' id='word_1_206' title='bbox 238 4396 603 4469; x_wconf 83' lang='lat' dir='ltr'><strong>Hydropicnm</strong></span> <span class='ocrx_word' id='word_1_207' title='bbox 634 4399 885 4462; x_wconf 84' lang='lat' dir='ltr'><strong>tangente</strong></span> <span class='ocrx_word' id='word_1_208' title='bbox 909 4403 1066 4442; x_wconf 85' lang='lat' dir='ltr'><strong>manu</strong></span> <span class='ocrx_word' id='word_1_209' title='bbox 1089 4400 1208 4454; x_wconf 74' lang='lat' dir='ltr'><strong>qua:</strong></span> <span class='ocrx_word' id='word_1_210' title='bbox 1241 4389 1433 4437; x_wconf 86' lang='lat' dir='ltr'><strong>cuncta</strong></span> <span class='ocrx_word' id='word_1_211' title='bbox 1461 4376 1692 4442; x_wconf 89' lang='lat' dir='ltr'><strong>creavit,</strong></span> 
     </span>
    </p>
   </div>
   <div class='ocr_carea' id='block_1_47' title="bbox 241 4470 1570 4547">
    <p class='ocr_par' dir='ltr' id='par_1_47' title="bbox 241 4470 1570 4547">
     <span class='ocr_line' id='line_1_47' title="bbox 241 4470 1570 4547; baseline -0.017 -1"><span class='ocrx_word' id='word_1_212' title='bbox 241 4490 478 4546; x_wconf 86' lang='lat' dir='ltr'><strong>Pallidus</strong></span> <span class='ocrx_word' id='word_1_213' title='bbox 509 4488 703 4542; x_wconf 88' lang='lat' dir='ltr'><strong>humor</strong></span> <span class='ocrx_word' id='word_1_214' title='bbox 729 4483 861 4547; x_wconf 87' lang='lat' dir='ltr'><strong>abit,</strong></span> <span class='ocrx_word' id='word_1_215' title='bbox 887 4480 1052 4536; x_wconf 80' lang='lat' dir='ltr'><strong>facies</strong></span> <span class='ocrx_word' id='word_1_216' title='bbox 1089 4485 1144 4532; x_wconf 90' lang='lat' dir='ltr'><strong>et</strong></span> <span class='ocrx_word' id='word_1_217' title='bbox 1170 4475 1291 4529; x_wconf 71' lang='lat' dir='ltr'><strong>lzcta</strong></span> <span class='ocrx_word' id='word_1_218' title='bbox 1314 4470 1570 4527; x_wconf 87' lang='lat' dir='ltr'><strong>rubescit.</strong></span> 
     </span>
    </p>
   </div>
   <div class='ocr_carea' id='block_1_48' title="bbox 979 4589 1064 4627">
    <p class='ocr_par' dir='ltr' id='par_1_48' title="bbox 979 4589 1064 4627">
     <span class='ocr_line' id='line_1_48' title="bbox 979 4589 1064 4627; baseline -0.035 1"><span class='ocrx_word' id='word_1_219' title='bbox 979 4589 1064 4627; x_wconf 81' lang='lat' dir='ltr'><strong>AL.</strong></span> 
     </span>
    </p>
   </div>
   <div class='ocr_carea' id='block_1_49' title="bbox 241 4651 1642 4732">
    <p class='ocr_par' dir='ltr' id='par_1_49' title="bbox 241 4651 1642 4732">
     <span class='ocr_line' id='line_1_49' title="bbox 241 4651 1642 4732; baseline -0.019 -1"><span class='ocrx_word' id='word_1_220' title='bbox 241 4676 383 4730; x_wconf 84' lang='lat' dir='ltr'><strong>Ecce</strong></span> <span class='ocrx_word' id='word_1_221' title='bbox 406 4674 589 4728; x_wconf 88' lang='lat' dir='ltr'><strong>decem</strong></span> <span class='ocrx_word' id='word_1_222' title='bbox 614 4668 880 4724; x_wconf 87' lang='lat' dir='ltr'><strong>mundans</strong></span> <span class='ocrx_word' id='word_1_223' title='bbox 911 4661 1109 4732; x_wconf 90' lang='lat' dir='ltr'><strong>templo</strong></span> <span class='ocrx_word' id='word_1_224' title='bbox 1129 4673 1186 4715; x_wconf 89' lang='lat' dir='ltr'><strong>se</strong></span> <span class='ocrx_word' id='word_1_225' title='bbox 1215 4656 1358 4711; x_wconf 82' lang='lat' dir='ltr'><strong>ferre</strong></span> <span class='ocrx_word' id='word_1_226' title='bbox 1377 4651 1642 4722; x_wconf 75' lang='lat' dir='ltr'><strong>iubebat;</strong></span> 
     </span>
    </p>
   </div>
   <div class='ocr_carea' id='block_1_50' title="bbox 246 4745 1437 4834">
    <p class='ocr_par' dir='ltr' id='par_1_50' title="bbox 246 4745 1437 4834">
     <span class='ocr_line' id='line_1_50' title="bbox 246 4745 1437 4834; baseline -0.02 -12"><span class='ocrx_word' id='word_1_227' title='bbox 246 4767 395 4822; x_wconf 89' lang='lat' dir='ltr'><strong>Unus</strong></span> <span class='ocrx_word' id='word_1_228' title='bbox 423 4760 726 4834; x_wconf 88' lang='lat' dir='ltr'><strong>regreditur</strong></span> <span class='ocrx_word' id='word_1_229' title='bbox 751 4764 932 4830; x_wconf 85' lang='lat' dir='ltr'><strong>grates</strong></span> <span class='ocrx_word' id='word_1_230' title='bbox 958 4749 1267 4824; x_wconf 82' lang='lat' dir='ltr'><strong>persolvere</strong></span> <span class='ocrx_word' id='word_1_231' title='bbox 1291 4745 1437 4802; x_wconf 80' lang='lat' dir='ltr'><strong>Jesu.</strong></span> 
     </span>
    </p>
   </div>
   <div class='ocr_carea' id='block_1_51' title="bbox 993 4859 1081 4900">
    <p class='ocr_par' dir='ltr' id='par_1_51' title="bbox 993 4859 1081 4900">
     <span class='ocr_line' id='line_1_51' title="bbox 993 4859 1081 4900; baseline -0.045 0"><span class='ocrx_word' id='word_1_232' title='bbox 993 4859 1081 4900; x_wconf 89' lang='lat' dir='ltr'><strong>AL.</strong></span> 
     </span>
    </p>
   </div>
   <div class='ocr_carea' id='block_1_52' title="bbox 244 4935 1642 5014">
    <p class='ocr_par' dir='ltr' id='par_1_52' title="bbox 244 4935 1642 5014">
     <span class='ocr_line' id='line_1_52' title="bbox 244 4935 1642 5014; baseline -0.017 -12"><span class='ocrx_word' id='word_1_233' title='bbox 244 4948 546 5004; x_wconf 85' lang='lat' dir='ltr'><strong>Contentus</strong></span> <span class='ocrx_word' id='word_1_234' title='bbox 569 4954 766 5014; x_wconf 87' lang='lat' dir='ltr'><strong>pueros</strong></span> <span class='ocrx_word' id='word_1_235' title='bbox 793 4938 934 4994; x_wconf 89' lang='lat' dir='ltr'><strong>Deus</strong></span> <span class='ocrx_word' id='word_1_236' title='bbox 955 4941 1040 4990; x_wconf 91' lang='lat' dir='ltr'><strong>est</strong></span> <span class='ocrx_word' id='word_1_237' title='bbox 1057 4935 1378 4988; x_wconf 80' lang='lat' dir='ltr'><strong>benedicere</strong></span> <span class='ocrx_word' id='word_1_238' title='bbox 1405 4935 1604 4997; x_wconf 89' lang='lat' dir='ltr'><strong>parvos</strong></span> <span class='ocrx_word' id='word_1_239' title='bbox 1625 4959 1642 4987; x_wconf 86' lang='lat'><strong>,</strong></span> 
     </span>
    </p>
   </div>
   <div class='ocr_carea' id='block_1_53' title="bbox 245 5015 1513 5106">
    <p class='ocr_par' dir='ltr' id='par_1_53' title="bbox 245 5015 1513 5106">
     <span class='ocr_line' id='line_1_53' title="bbox 245 5015 1513 5106; baseline -0.02 -11"><span class='ocrx_word' id='word_1_240' title='bbox 245 5038 468 5096; x_wconf 80' lang='lat' dir='ltr'><strong>Talibus</strong></span> <span class='ocrx_word' id='word_1_241' title='bbox 503 5043 667 5106; x_wconf 90' lang='lat' dir='ltr'><strong>atque</strong></span> <span class='ocrx_word' id='word_1_242' title='bbox 700 5031 785 5089; x_wconf 91' lang='lat' dir='ltr'><strong>sui</strong></span> <span class='ocrx_word' id='word_1_243' title='bbox 825 5025 1089 5102; x_wconf 92' lang='lat' dir='ltr'><strong>promittit</strong></span> <span class='ocrx_word' id='word_1_244' title='bbox 1115 5021 1310 5095; x_wconf 85' lang='lat' dir='ltr'><strong>gaudia</strong></span> <span class='ocrx_word' id='word_1_245' title='bbox 1341 5015 1513 5089; x_wconf 88' lang='lat' dir='ltr'><strong>regni.</strong></span> 
     </span>
    </p>
   </div>
   <div class='ocr_carea' id='block_1_54' title="bbox 1845 787 3128 886">
    <p class='ocr_par' dir='ltr' id='par_1_54' title="bbox 1845 787 3128 886">
     <span class='ocr_line' id='line_1_54' title="bbox 1845 787 3128 886; baseline -0.014 -12"><span class='ocrx_word' id='word_1_246' title='bbox 1845 821 1922 874; x_wconf 80' lang='lat' dir='ltr'><strong>Ex</strong></span> <span class='ocrx_word' id='word_1_247' title='bbox 1955 787 2086 872; x_wconf 87' lang='lat' dir='ltr'><strong>limo</strong></span> <span class='ocrx_word' id='word_1_248' title='bbox 2120 823 2333 886; x_wconf 82' lang='lat' dir='ltr'><strong>reparat</strong></span> <span class='ocrx_word' id='word_1_249' title='bbox 2369 811 2626 882; x_wconf 88' lang='lat' dir='ltr'><strong>quidquid</strong></span> <span class='ocrx_word' id='word_1_250' title='bbox 2651 816 2842 863; x_wconf 90' lang='lat' dir='ltr'><strong>natura</strong></span> <span class='ocrx_word' id='word_1_251' title='bbox 2870 803 3128 874; x_wconf 85' lang='lat' dir='ltr'><strong>negabat,</strong></span> 
     </span>
    </p>
   </div>
   <div class='ocr_carea' id='block_1_55' title="bbox 1846 894 3193 978">
    <p class='ocr_par' dir='ltr' id='par_1_55' title="bbox 1846 894 3193 978">
     <span class='ocr_line' id='line_1_55' title="bbox 1846 894 3193 978; baseline -0.014 -13"><span class='ocrx_word' id='word_1_252' title='bbox 1846 911 1949 978; x_wconf 82' lang='lat' dir='ltr'><strong>Qui</strong></span> <span class='ocrx_word' id='word_1_253' title='bbox 1978 909 2181 964; x_wconf 91' lang='lat' dir='ltr'><strong>luteum</strong></span> <span class='ocrx_word' id='word_1_254' title='bbox 2204 907 2380 977; x_wconf 90' lang='lat' dir='ltr'><strong>primo</strong></span> <span class='ocrx_word' id='word_1_255' title='bbox 2407 912 2576 962; x_wconf 92' lang='lat' dir='ltr'><strong>totum</strong></span> <span class='ocrx_word' id='word_1_256' title='bbox 2604 901 2970 972; x_wconf 85' lang='lat' dir='ltr'><strong>plasmaverat</strong></span> <span class='ocrx_word' id='word_1_257' title='bbox 2998 894 3193 949; x_wconf 86' lang='lat' dir='ltr'><strong>Adam.</strong></span> 
     </span>
    </p>
   </div>
   <div class='ocr_carea' id='block_1_56' title="bbox 1848 1015 3422 1108">
    <p class='ocr_par' dir='ltr' id='par_1_56' title="bbox 1848 1015 3422 1108">
     <span class='ocr_line' id='line_1_56' title="bbox 1848 1015 3422 1108; baseline -0.012 -16"><span class='ocrx_word' id='word_1_258' title='bbox 1848 1038 1994 1108; x_wconf 84' lang='lat' dir='ltr'><strong>(Huc</strong></span> <span class='ocrx_word' id='word_1_259' title='bbox 2035 1054 2197 1108; x_wconf 73' lang='lat' dir='ltr'><strong>usque</strong></span> <span class='ocrx_word' id='word_1_260' title='bbox 2224 1037 2290 1108; x_wconf 77' lang='lat' dir='ltr'><strong>de</strong></span> <span class='ocrx_word' id='word_1_261' title='bbox 2314 1028 2825 1108; x_wconf 65' lang='lat' dir='ltr'><strong>ntiraculi_;_Dorn_ini</strong></span> <span class='ocrx_word' id='word_1_262' title='bbox 2856 1029 2910 1082; x_wconf 81' lang='lat' dir='ltr'><strong>in</strong></span> <span class='ocrx_word' id='word_1_263' title='bbox 2950 1027 3132 1108; x_wconf 59' lang='lat' dir='ltr'><strong>dextro</strong></span> <span class='ocrx_word' id='word_1_264' title='bbox 3177 1015 3422 1108; x_wconf 50' lang='lat' dir='ltr'><strong>puriete&#39;:</strong></span> 
     </span>
    </p>
   </div>
   <div class='ocr_carea' id='block_1_57' title="bbox 1921 1092 3422 1174">
    <p class='ocr_par' dir='ltr' id='par_1_57' title="bbox 1921 1092 3422 1174">
     <span class='ocr_line' id='line_1_57' title="bbox 1921 1092 3422 1174; baseline -0.014 -11"><span class='ocrx_word' id='word_1_265' title='bbox 1921 1109 1975 1162; x_wconf 75' lang='lat' dir='ltr'><strong>hi</strong></span> <span class='ocrx_word' id='word_1_266' title='bbox 2023 1092 2139 1161; x_wconf 73' lang='lat' dir='ltr'><strong>vero</strong></span> <span class='ocrx_word' id='word_1_267' title='bbox 2165 1107 2220 1160; x_wconf 80' lang='lat' dir='ltr'><strong>in</strong></span> <span class='ocrx_word' id='word_1_268' title='bbox 2252 1107 2422 1174; x_wconf 77' lang='lat' dir='ltr'><strong>fronte</strong></span> <span class='ocrx_word' id='word_1_269' title='bbox 2451 1097 2784 1166; x_wconf 79' lang='lat' dir='ltr'><strong>occidentali,</strong></span> <span class='ocrx_word' id='word_1_270' title='bbox 2806 1099 2862 1152; x_wconf 90' lang='lat' dir='ltr'><strong>in</strong></span> <span class='ocrx_word' id='word_1_271' title='bbox 2883 1097 3052 1167; x_wconf 73' lang='lat' dir='ltr'><strong>spatio</strong></span> <span class='ocrx_word' id='word_1_272' title='bbox 3084 1092 3222 1164; x_wconf 82' lang='lat' dir='ltr'><strong>quod</strong></span> <span class='ocrx_word' id='word_1_273' title='bbox 3266 1106 3422 1160; x_wconf 73' lang='lat' dir='ltr'><strong>supra</strong></span> 
     </span>
    </p>
   </div>
   <div class='ocr_carea' id='block_1_58' title="bbox 1921 1177 2312 1244">
    <p class='ocr_par' dir='ltr' id='par_1_58' title="bbox 1921 1177 2312 1244">
     <span class='ocr_line' id='line_1_58' title="bbox 1921 1177 2312 1244; baseline -0.008 -13"><span class='ocrx_word' id='word_1_274' title='bbox 1921 1180 2166 1244; x_wconf 79' lang='lat' dir='ltr'><strong>thronum</strong></span> <span class='ocrx_word' id='word_1_275' title='bbox 2193 1177 2312 1244; x_wconf 76' lang='lat' dir='ltr'><strong>est.)</strong></span> 
     </span>
    </p>
   </div>
   <div class='ocr_carea' id='block_1_59' title="bbox 1854 1293 3346 1390">
    <p class='ocr_par' dir='ltr' id='par_1_59' title="bbox 1854 1293 3346 1390">
     <span class='ocr_line' id='line_1_59' title="bbox 1854 1293 3346 1390; baseline -0.014 -28"><span class='ocrx_word' id='word_1_276' title='bbox 1854 1307 1995 1390; x_wconf 69' lang='lat' dir='ltr'><strong>Ecce</strong></span> <span class='ocrx_word' id='word_1_277' title='bbox 2025 1305 2165 1360; x_wconf 73' lang='lat' dir='ltr'><strong>tubae</strong></span> <span class='ocrx_word' id='word_1_278' title='bbox 2191 1303 2482 1372; x_wconf 85' lang='lat' dir='ltr'><strong>crepitant,</strong></span> <span class='ocrx_word' id='word_1_279' title='bbox 2507 1312 2627 1368; x_wconf 73' lang='lat' dir='ltr'><strong>quae</strong></span> <span class='ocrx_word' id='word_1_280' title='bbox 2653 1296 2845 1352; x_wconf 87' lang='lat' dir='ltr'><strong>mortis</strong></span> <span class='ocrx_word' id='word_1_281' title='bbox 2877 1294 3003 1362; x_wconf 79' lang='lat' dir='ltr'><strong>jura</strong></span> <span class='ocrx_word' id='word_1_282' title='bbox 3033 1293 3346 1358; x_wconf 85' lang='lat' dir='ltr'><strong>resignant:</strong></span> 
     </span>
    </p>
   </div>
   <div class='ocr_carea' id='block_1_60' title="bbox 1854 1383 3247 1459">
    <p class='ocr_par' dir='ltr' id='par_1_60' title="bbox 1854 1383 3247 1459">
     <span class='ocr_line' id='line_1_60' title="bbox 1854 1383 3247 1459; baseline -0.014 -5"><span class='ocrx_word' id='word_1_283' title='bbox 1854 1383 2001 1454; x_wconf 63' lang='lat' dir='ltr'><strong>crux</strong></span> <span class='ocrx_word' id='word_1_284' title='bbox 2032 1396 2197 1454; x_wconf 89' lang='lat' dir='ltr'><strong>micat</strong></span> <span class='ocrx_word' id='word_1_285' title='bbox 2225 1395 2280 1449; x_wconf 91' lang='lat' dir='ltr'><strong>in</strong></span> <span class='ocrx_word' id='word_1_286' title='bbox 2309 1393 2498 1459; x_wconf 70' lang='lat' dir='ltr'><strong>caalis,</strong></span> <span class='ocrx_word' id='word_1_287' title='bbox 2522 1391 2693 1445; x_wconf 91' lang='lat' dir='ltr'><strong>nubes</strong></span> <span class='ocrx_word' id='word_1_288' title='bbox 2726 1385 2983 1458; x_wconf 63' lang='lat' dir='ltr'><strong>praecedit</strong></span> <span class='ocrx_word' id='word_1_289' title='bbox 3010 1395 3065 1438; x_wconf 91' lang='lat' dir='ltr'><strong>et</strong></span> <span class='ocrx_word' id='word_1_290' title='bbox 3091 1383 3247 1453; x_wconf 85' lang='lat' dir='ltr'><strong>ignis.</strong></span> 
     </span>
    </p>
   </div>
   <div class='ocr_carea' id='block_1_61' title="bbox 1858 1492 3433 1643">
    <p class='ocr_par' dir='ltr' id='par_1_61' title="bbox 1858 1492 3433 1643">
     <span class='ocr_line' id='line_1_61' title="bbox 1858 1492 3433 1643; baseline -0.015 -76"><span class='ocrx_word' id='word_1_291' title='bbox 1858 1510 1985 1584; x_wconf 75' lang='lat' dir='ltr'><strong>(Hic</strong></span> <span class='ocrx_word' id='word_1_292' title='bbox 2021 1511 2179 1565; x_wconf 80' lang='lat' dir='ltr'><strong>etiam</strong></span> <span class='ocrx_word' id='word_1_293' title='bbox 2217 1501 2398 1573; x_wconf 68' lang='lat' dir='ltr'><strong>subula</strong></span> <span class='ocrx_word' id='word_1_294' title='bbox 2447 1505 2691 1643; x_wconf 60' lang='lat' dir='ltr'><strong>thrfonum</strong></span> <span class='ocrx_word' id='word_1_295' title='bbox 2730 1502 2867 1642; x_wconf 45' lang='lat' dir='ltr'><strong>igner</strong></span> <span class='ocrx_word' id='word_1_296' title='bbox 2903 1496 3210 1570; x_wconf 74' lang='lat' dir='ltr'><strong>paradisum</strong></span> <span class='ocrx_word' id='word_1_297' title='bbox 3265 1501 3311 1547; x_wconf 83' lang='lat' dir='ltr'><strong>et</strong></span> <span class='ocrx_word' id='word_1_298' title='bbox 3351 1492 3433 1544; x_wconf 86' lang='lat' dir='ltr'><strong>in-</strong></span> 
     </span>
     <span class='ocr_line' id='line_1_62' title="bbox 2505 1587 2742 1627; baseline -0.017 1"><span class='ocrx_word' id='word_1_299' title='bbox 2505 1588 2507 1590; x_wconf 74' lang='lat'><strong><em>‘</em></strong></span> <span class='ocrx_word' id='word_1_300' title='bbox 2542 1587 2742 1627; x_wconf 82' lang='lat' dir='ltr'><strong>eruunt.</strong></span> 
     </span>
    </p>
   </div>
   <div class='ocr_carea' id='block_1_62' title="bbox 2505 1587 2742 1627">
    <p class='ocr_par' dir='ltr' id='par_1_62' title="bbox 2505 1587 2742 1627">
     <span class='ocr_line' id='line_1_63' title="bbox 2505 1587 2742 1627; baseline -0.013 0"><span class='ocrx_word' id='word_1_301' title='bbox 2505 1587 2742 1627; x_wconf 67' lang='lat' dir='ltr'><strong>ternum.</strong></span> 
     </span>
    </p>
   </div>
   <div class='ocr_carea' id='block_1_63' title="bbox 1789 1674 3250 1751">
    <p class='ocr_par' dir='ltr' id='par_1_63' title="bbox 1789 1674 3250 1751">
     <span class='ocr_line' id='line_1_64' title="bbox 1789 1674 3250 1751; baseline -0.017 0"><span class='ocrx_word' id='word_1_302' title='bbox 1789 1693 1795 1700; x_wconf 83' lang='grc'><em>“</em></span> <span class='ocrx_word' id='word_1_303' title='bbox 1858 1691 1960 1748; x_wconf 81' lang='lat' dir='ltr'><strong>Hic</strong></span> <span class='ocrx_word' id='word_1_304' title='bbox 1988 1691 2229 1748; x_wconf 86' lang='lat' dir='ltr'><strong>resident</strong></span> <span class='ocrx_word' id='word_1_305' title='bbox 2253 1686 2451 1744; x_wconf 90' lang='lat' dir='ltr'><strong>summi</strong></span> <span class='ocrx_word' id='word_1_306' title='bbox 2483 1683 2700 1741; x_wconf 89' lang='lat' dir='ltr'><strong>Christo</strong></span> <span class='ocrx_word' id='word_1_307' title='bbox 2727 1694 2851 1738; x_wconf 93' lang='lat' dir='ltr'><strong>eum</strong></span> <span class='ocrx_word' id='word_1_308' title='bbox 2877 1678 3054 1751; x_wconf 86' lang='lat' dir='ltr'><strong>judice</strong></span> <span class='ocrx_word' id='word_1_309' title='bbox 3078 1674 3250 1730; x_wconf 86' lang='lat' dir='ltr'><strong>sancti</strong></span> 
     </span>
    </p>
   </div>
   <div class='ocr_carea' id='block_1_64' title="bbox 1786 1767 3188 1880">
    <p class='ocr_par' dir='ltr' id='par_1_64' title="bbox 1786 1767 3188 1880">
     <span class='ocr_line' id='line_1_65' title="bbox 1786 1767 3188 1880; baseline -0.016 -40"><span class='ocrx_word' id='word_1_310' title='bbox 1786 1819 1835 1880; x_wconf 76' lang='grc' dir='ltr'><strong>Β</strong></span> <span class='ocrx_word' id='word_1_311' title='bbox 1860 1782 2167 1838; x_wconf 83' lang='lat' dir='ltr'><strong>Justiﬁcare</strong></span> <span class='ocrx_word' id='word_1_312' title='bbox 2205 1780 2346 1851; x_wconf 91' lang='lat' dir='ltr'><strong>pios,</strong></span> <span class='ocrx_word' id='word_1_313' title='bbox 2381 1778 2601 1833; x_wconf 80' lang='lat' dir='ltr'><strong>baratre</strong></span> <span class='ocrx_word' id='word_1_314' title='bbox 2627 1774 2885 1828; x_wconf 88' lang='lat' dir='ltr'><strong>damnare</strong></span> <span class='ocrx_word' id='word_1_315' title='bbox 2907 1767 3188 1838; x_wconf 83' lang='lat' dir='ltr'><strong>malignos.</strong></span> 
     </span>
    </p>
   </div>
   <div class='ocr_carea' id='block_1_65' title="bbox 1899 1886 3403 1982">
    <p class='ocr_par' dir='ltr' id='par_1_65' title="bbox 1899 1886 3403 1982">
     <span class='ocr_line' id='line_1_66' title="bbox 1899 1886 3403 1982; baseline -0.017 -18"><span class='ocrx_word' id='word_1_316' title='bbox 1899 1909 2112 1982; x_wconf 79' lang='lat' dir='ltr'><strong>(Passio</strong></span> <span class='ocrx_word' id='word_1_317' title='bbox 2139 1905 2353 1962; x_wconf 84' lang='lat' dir='ltr'><strong>Domini</strong></span> <span class='ocrx_word' id='word_1_318' title='bbox 2380 1905 2436 1965; x_wconf 81' lang='lat' dir='ltr'><strong>in</strong></span> <span class='ocrx_word' id='word_1_319' title='bbox 2460 1902 2672 1959; x_wconf 72' lang='lat' dir='ltr'><strong>sinistro</strong></span> <span class='ocrx_word' id='word_1_320' title='bbox 2694 1899 2891 1970; x_wconf 79' lang='lat' dir='ltr'><strong>pariete</strong></span> <span class='ocrx_word' id='word_1_321' title='bbox 2914 1893 3154 1950; x_wconf 77' lang='lat' dir='ltr'><strong>stationis</strong></span> <span class='ocrx_word' id='word_1_322' title='bbox 3181 1886 3403 1961; x_wconf 79' lang='lat' dir='ltr'><strong>populi.)</strong></span> 
     </span>
    </p>
   </div>
   <div class='ocr_carea' id='block_1_66' title="bbox 1863 2030 3265 2100">
    <p class='ocr_par' dir='ltr' id='par_1_66' title="bbox 1863 2030 3265 2100">
     <span class='ocr_line' id='line_1_67' title="bbox 1863 2030 3265 2100; baseline -0.016 0"><span class='ocrx_word' id='word_1_323' title='bbox 1863 2043 1998 2100; x_wconf 82' lang='lat' dir='ltr'><strong>Esse</strong></span> <span class='ocrx_word' id='word_1_324' title='bbox 2020 2041 2122 2098; x_wconf 86' lang='lat' dir='ltr'><strong>sibi</strong></span> <span class='ocrx_word' id='word_1_325' title='bbox 2150 2038 2367 2094; x_wconf 84' lang='lat' dir='ltr'><strong>Patrem</strong></span> <span class='ocrx_word' id='word_1_326' title='bbox 2395 2037 2624 2092; x_wconf 91' lang='lat' dir='ltr'><strong>Domino</strong></span> <span class='ocrx_word' id='word_1_327' title='bbox 2651 2041 2917 2089; x_wconf 86' lang='lat' dir='ltr'><strong>tractante</strong></span> <span class='ocrx_word' id='word_1_328' title='bbox 2943 2030 3265 2088; x_wconf 86' lang='lat' dir='ltr'><strong>Tonantem,</strong></span> 
     </span>
    </p>
   </div>
   <div class='ocr_carea' id='block_1_67' title="bbox 1867 2117 3352 2203">
    <p class='ocr_par' dir='ltr' id='par_1_67' title="bbox 1867 2117 3352 2203">
     <span class='ocr_line' id='line_1_68' title="bbox 1867 2117 3352 2203; baseline -0.017 -12"><span class='ocrx_word' id='word_1_329' title='bbox 1867 2133 2026 2203; x_wconf 86' lang='lat' dir='ltr'><strong>Plebs</strong></span> <span class='ocrx_word' id='word_1_330' title='bbox 2047 2129 2337 2197; x_wconf 81' lang='lat' dir='ltr'><strong>furibunda</strong></span> <span class='ocrx_word' id='word_1_331' title='bbox 2362 2129 2513 2200; x_wconf 90' lang='lat' dir='ltr'><strong>pium</strong></span> <span class='ocrx_word' id='word_1_332' title='bbox 2541 2133 2714 2183; x_wconf 90' lang='lat' dir='ltr'><strong>certat</strong></span> <span class='ocrx_word' id='word_1_333' title='bbox 2741 2123 2981 2193; x_wconf 85' lang='lat' dir='ltr'><strong>lapidare</strong></span> <span class='ocrx_word' id='word_1_334' title='bbox 3016 2117 3352 2190; x_wconf 83' lang='lat' dir='ltr'><strong>magistrum.</strong></span> 
     </span>
    </p>
   </div>
   <div class='ocr_carea' id='block_1_68' title="bbox 2393 2207 2694 2284">
    <p class='ocr_par' dir='ltr' id='par_1_68' title="bbox 2393 2207 2694 2284">
     <span class='ocr_line' id='line_1_69' title="bbox 2393 2207 2694 2284; baseline -0.023 -8"><span class='ocrx_word' id='word_1_335' title='bbox 2393 2207 2400 2212; x_wconf 60' lang='grc'><em>’</em></span> <span class='ocrx_word' id='word_1_336' title='bbox 2611 2234 2694 2284; x_wconf 81' lang='lat' dir='ltr'><strong>AL.</strong></span> 
     </span>
    </p>
   </div>
   <div class='ocr_carea' id='block_1_69' title="bbox 1873 2308 3094 2392">
    <p class='ocr_par' dir='ltr' id='par_1_69' title="bbox 1873 2308 3094 2392">
     <span class='ocr_line' id='line_1_70' title="bbox 1873 2308 3094 2392; baseline -0.019 -17"><span class='ocrx_word' id='word_1_337' title='bbox 1873 2319 2081 2374; x_wconf 82' lang='lat' dir='ltr'><strong>Mortue</strong></span> <span class='ocrx_word' id='word_1_338' title='bbox 2107 2313 2399 2392; x_wconf 85' lang='lat' dir='ltr'><strong>quatriduo</strong></span> <span class='ocrx_word' id='word_1_339' title='bbox 2422 2311 2595 2366; x_wconf 84' lang='lat' dir='ltr'><strong>fetens</strong></span> <span class='ocrx_word' id='word_1_340' title='bbox 2621 2317 2675 2363; x_wconf 89' lang='lat' dir='ltr'><strong>et</strong></span> <span class='ocrx_word' id='word_1_341' title='bbox 2701 2317 2926 2374; x_wconf 86' lang='lat' dir='ltr'><strong>corpore</strong></span> <span class='ocrx_word' id='word_1_342' title='bbox 2953 2308 3063 2354; x_wconf 90' lang='lat' dir='ltr'><strong>toto</strong></span> <span class='ocrx_word' id='word_1_343' title='bbox 3080 2339 3094 2363; x_wconf 91' lang='lat'><strong>,</strong></span> 
     </span>
    </p>
   </div>
   <div class='ocr_carea' id='block_1_70' title="bbox 1875 2390 3131 2478">
    <p class='ocr_par' dir='ltr' id='par_1_70' title="bbox 1875 2390 3131 2478">
     <span class='ocr_line' id='line_1_71' title="bbox 1875 2390 3131 2478; baseline -0.02 -11"><span class='ocrx_word' id='word_1_344' title='bbox 1875 2413 2102 2477; x_wconf 87' lang='lat' dir='ltr'><strong>Lazare,</strong></span> <span class='ocrx_word' id='word_1_345' title='bbox 2135 2390 2315 2478; x_wconf 85' lang='lat' dir='ltr'><strong>surge,</strong></span> <span class='ocrx_word' id='word_1_346' title='bbox 2342 2404 2487 2467; x_wconf 90' lang='lat' dir='ltr'><strong>veni,</strong></span> <span class='ocrx_word' id='word_1_347' title='bbox 2517 2411 2568 2456; x_wconf 90' lang='lat' dir='ltr'><strong>te</strong></span> <span class='ocrx_word' id='word_1_348' title='bbox 2589 2397 2747 2454; x_wconf 92' lang='lat' dir='ltr'><strong>morti</strong></span> <span class='ocrx_word' id='word_1_349' title='bbox 2776 2394 2905 2449; x_wconf 91' lang='lat' dir='ltr'><strong>tollo</strong></span> <span class='ocrx_word' id='word_1_350' title='bbox 2931 2390 3131 2459; x_wconf 82' lang='lat' dir='ltr'><strong>rapaci.</strong></span> 
     </span>
    </p>
   </div>
   <div class='ocr_carea' id='block_1_71' title="bbox 1915 2489 2708 2550">
    <p class='ocr_par' dir='ltr' id='par_1_71' title="bbox 1915 2489 2708 2550">
     <span class='ocr_line' id='line_1_72' title="bbox 1915 2489 2708 2550; baseline -0.016 12"><span class='ocrx_word' id='word_1_351' title='bbox 1915 2513 1921 2520; x_wconf 89' lang='grc'><em>’</em></span> <span class='ocrx_word' id='word_1_352' title='bbox 2231 2489 2233 2492; x_wconf 18' lang='grc'><em>⁴</em></span> <span class='ocrx_word' id='word_1_353' title='bbox 2623 2513 2708 2550; x_wconf 87' lang='lat' dir='ltr'><strong>AL.</strong></span> 
     </span>
    </p>
   </div>
   <div class='ocr_carea' id='block_1_72' title="bbox 1878 2575 3249 2661">
    <p class='ocr_par' dir='ltr' id='par_1_72' title="bbox 1878 2575 3249 2661">
     <span class='ocr_line' id='line_1_73' title="bbox 1878 2575 3249 2661; baseline -0.019 -10"><span class='ocrx_word' id='word_1_354' title='bbox 1878 2595 2108 2652; x_wconf 75' lang='lat' dir='ltr'><strong>Funeris</strong></span> <span class='ocrx_word' id='word_1_355' title='bbox 2149 2591 2467 2661; x_wconf 90' lang='lat' dir='ltr'><strong>obsequium</strong></span> <span class='ocrx_word' id='word_1_356' title='bbox 2497 2586 2694 2642; x_wconf 91' lang='lat' dir='ltr'><strong>mulier</strong></span> <span class='ocrx_word' id='word_1_357' title='bbox 2713 2578 2972 2654; x_wconf 79' lang='lat' dir='ltr'><strong>praevenit</strong></span> <span class='ocrx_word' id='word_1_358' title='bbox 2996 2575 3249 2637; x_wconf 90' lang='lat' dir='ltr'><strong>amicum,</strong></span> 
     </span>
    </p>
   </div>
   <div class='ocr_carea' id='block_1_73' title="bbox 1880 2667 3311 2756">
    <p class='ocr_par' dir='ltr' id='par_1_73' title="bbox 1880 2667 3311 2756">
     <span class='ocr_line' id='line_1_74' title="bbox 1880 2667 3311 2756; baseline -0.02 -12"><span class='ocrx_word' id='word_1_359' title='bbox 1880 2689 2014 2744; x_wconf 87' lang='lat' dir='ltr'><strong>Dum</strong></span> <span class='ocrx_word' id='word_1_360' title='bbox 2058 2693 2219 2756; x_wconf 91' lang='lat' dir='ltr'><strong>caput</strong></span> <span class='ocrx_word' id='word_1_361' title='bbox 2246 2692 2410 2754; x_wconf 88' lang='lat' dir='ltr'><strong>atque</strong></span> <span class='ocrx_word' id='word_1_362' title='bbox 2441 2679 2602 2751; x_wconf 89' lang='lat' dir='ltr'><strong>pedes</strong></span> <span class='ocrx_word' id='word_1_363' title='bbox 2629 2673 2797 2731; x_wconf 86' lang='lat' dir='ltr'><strong>nardo</strong></span> <span class='ocrx_word' id='word_1_364' title='bbox 2817 2669 3054 2742; x_wconf 83' lang='lat' dir='ltr'><strong>perfudit</strong></span> <span class='ocrx_word' id='word_1_365' title='bbox 3083 2667 3311 2721; x_wconf 87' lang='lat' dir='ltr'><strong>honora.</strong></span> 
     </span>
    </p>
   </div>
   <div class='ocr_carea' id='block_1_74' title="bbox 2626 2807 2710 2846">
    <p class='ocr_par' dir='ltr' id='par_1_74' title="bbox 2626 2807 2710 2846">
     <span class='ocr_line' id='line_1_75' title="bbox 2626 2807 2710 2846; baseline -0.06 1"><span class='ocrx_word' id='word_1_366' title='bbox 2626 2807 2710 2846; x_wconf 85' lang='lat' dir='ltr'><strong>AL.</strong></span> 
     </span>
    </p>
   </div>
   <div class='ocr_carea' id='block_1_75' title="bbox 1886 2897 3178 2980">
    <p class='ocr_par' dir='ltr' id='par_1_75' title="bbox 1886 2897 3178 2980">
     <span class='ocr_line' id='line_1_76' title="bbox 1886 2897 3178 2980; baseline -0.019 -10"><span class='ocrx_word' id='word_1_367' title='bbox 1886 2916 2225 2969; x_wconf 81' lang='lat' dir='ltr'><strong>Mansuetum</strong></span> <span class='ocrx_word' id='word_1_368' title='bbox 2257 2922 2438 2980; x_wconf 85' lang='lat' dir='ltr'><strong>regem</strong></span> <span class='ocrx_word' id='word_1_369' title='bbox 2465 2905 2616 2976; x_wconf 91' lang='lat' dir='ltr'><strong>plebs</strong></span> <span class='ocrx_word' id='word_1_370' title='bbox 2647 2903 2838 2958; x_wconf 91' lang='lat' dir='ltr'><strong>devota</strong></span> <span class='ocrx_word' id='word_1_371' title='bbox 2869 2897 3178 2966; x_wconf 86' lang='lat' dir='ltr'><strong>frequentat</strong></span> 
     </span>
    </p>
   </div>
   <div class='ocr_carea' id='block_1_76' title="bbox 1887 2981 3364 3066">
    <p class='ocr_par' dir='ltr' id='par_1_76' title="bbox 1887 2981 3364 3066">
     <span class='ocr_line' id='line_1_77' title="bbox 1887 2981 3364 3066; baseline -0.018 -4"><span class='ocrx_word' id='word_1_372' title='bbox 1887 3005 2131 3062; x_wconf 81' lang='lat' dir='ltr'><strong>Frondea</strong></span> <span class='ocrx_word' id='word_1_373' title='bbox 2158 3015 2282 3057; x_wconf 91' lang='lat' dir='ltr'><strong>cum</strong></span> <span class='ocrx_word' id='word_1_374' title='bbox 2308 2998 2461 3054; x_wconf 83' lang='lat' dir='ltr'><strong>festis</strong></span> <span class='ocrx_word' id='word_1_375' title='bbox 2487 2993 2716 3066; x_wconf 82' lang='lat' dir='ltr'><strong>praeiens</strong></span> <span class='ocrx_word' id='word_1_376' title='bbox 2736 2989 3108 3055; x_wconf 88' lang='lat' dir='ltr'><strong>eomitansque</strong></span> <span class='ocrx_word' id='word_1_377' title='bbox 3131 2981 3364 3040; x_wconf 78' lang='lat' dir='ltr'><strong>choreis.</strong></span> 
     </span>
    </p>
   </div>
   <div class='ocr_carea' id='block_1_77' title="bbox 2624 3121 2706 3162">
    <p class='ocr_par' dir='ltr' id='par_1_77' title="bbox 2624 3121 2706 3162">
     <span class='ocr_line' id='line_1_78' title="bbox 2624 3121 2706 3162; baseline -0.012 -2"><span class='ocrx_word' id='word_1_378' title='bbox 2624 3121 2706 3162; x_wconf 90' lang='lat' dir='ltr'><strong>AL.</strong></span> 
     </span>
    </p>
   </div>
   <div class='ocr_carea' id='block_1_78' title="bbox 1895 3207 3010 3291">
    <p class='ocr_par' dir='ltr' id='par_1_78' title="bbox 1895 3207 3010 3291">
     <span class='ocr_line' id='line_1_79' title="bbox 1895 3207 3010 3291; baseline -0.023 -3"><span class='ocrx_word' id='word_1_379' title='bbox 1895 3234 1971 3288; x_wconf 86' lang='lat' dir='ltr'><strong>En</strong></span> <span class='ocrx_word' id='word_1_380' title='bbox 1999 3229 2147 3286; x_wconf 87' lang='lat' dir='ltr'><strong>urbis</strong></span> <span class='ocrx_word' id='word_1_381' title='bbox 2167 3227 2380 3282; x_wconf 76' lang='lat' dir='ltr'><strong>misera:</strong></span> <span class='ocrx_word' id='word_1_382' title='bbox 2403 3207 2655 3291; x_wconf 83' lang='lat' dir='ltr'><strong>dignatur</strong></span> <span class='ocrx_word' id='word_1_383' title='bbox 2678 3213 2803 3269; x_wconf 83' lang='lat' dir='ltr'><strong>ﬂere</strong></span> <span class='ocrx_word' id='word_1_384' title='bbox 2825 3209 3010 3266; x_wconf 88' lang='lat' dir='ltr'><strong>ruinas</strong></span> 
     </span>
    </p>
   </div>
   <div class='ocr_carea' id='block_1_79' title="bbox 1894 3295 3254 3397">
    <p class='ocr_par' dir='ltr' id='par_1_79' title="bbox 1894 3295 3254 3397">
     <span class='ocr_line' id='line_1_80' title="bbox 1894 3295 3254 3397; baseline -0.02 -23"><span class='ocrx_word' id='word_1_385' title='bbox 1894 3323 2023 3397; x_wconf 85' lang='lat' dir='ltr'><strong>Quae</strong></span> <span class='ocrx_word' id='word_1_386' title='bbox 2062 3315 2309 3373; x_wconf 85' lang='lat' dir='ltr'><strong>manibus</strong></span> <span class='ocrx_word' id='word_1_387' title='bbox 2345 3311 2524 3369; x_wconf 91' lang='lat' dir='ltr'><strong>crudis</strong></span> <span class='ocrx_word' id='word_1_388' title='bbox 2547 3307 2719 3378; x_wconf 90' lang='lat' dir='ltr'><strong>ipsum</strong></span> <span class='ocrx_word' id='word_1_389' title='bbox 2745 3301 3052 3370; x_wconf 88' lang='lat' dir='ltr'><strong>discerpere</strong></span> <span class='ocrx_word' id='word_1_390' title='bbox 3077 3295 3254 3365; x_wconf 88' lang='lat' dir='ltr'><strong>gestit.</strong></span> 
     </span>
    </p>
   </div>
   <div class='ocr_carea' id='block_1_80' title="bbox 1813 3173 1858 3234">
    <p class='ocr_par' dir='ltr' id='par_1_80' title="bbox 1813 3173 1858 3234">
     <span class='ocr_line' id='line_1_81' title="bbox 1813 3173 1858 3234; baseline 0 0"><span class='ocrx_word' id='word_1_391' title='bbox 1813 3173 1858 3234; x_wconf 88' lang='lat' dir='ltr'><strong>C</strong></span> 
     </span>
    </p>
   </div>
   <div class='ocr_carea' id='block_1_81' title="bbox 2636 3431 2716 3470">
    <p class='ocr_par' dir='ltr' id='par_1_81' title="bbox 2636 3431 2716 3470">
     <span class='ocr_line' id='line_1_82' title="bbox 2636 3431 2716 3470; baseline -0.038 1"><span class='ocrx_word' id='word_1_392' title='bbox 2636 3431 2716 3470; x_wconf 79' lang='lat' dir='ltr'><strong>AL.</strong></span> 
     </span>
    </p>
   </div>
   <div class='ocr_carea' id='block_1_82' title="bbox 1899 3513 3305 3604">
    <p class='ocr_par' dir='ltr' id='par_1_82' title="bbox 1899 3513 3305 3604">
     <span class='ocr_line' id='line_1_83' title="bbox 1899 3513 3305 3604; baseline -0.027 0"><span class='ocrx_word' id='word_1_393' title='bbox 1899 3547 1999 3604; x_wconf 79' lang='lat' dir='ltr'><strong>llic</strong></span> <span class='ocrx_word' id='word_1_394' title='bbox 2027 3543 2127 3601; x_wconf 90' lang='lat' dir='ltr'><strong>sub</strong></span> <span class='ocrx_word' id='word_1_395' title='bbox 2163 3553 2329 3596; x_wconf 90' lang='lat' dir='ltr'><strong>carne</strong></span> <span class='ocrx_word' id='word_1_396' title='bbox 2363 3535 2535 3589; x_wconf 90' lang='lat' dir='ltr'><strong>latens</strong></span> <span class='ocrx_word' id='word_1_397' title='bbox 2557 3529 2728 3585; x_wconf 90' lang='lat' dir='ltr'><strong>deitas</strong></span> <span class='ocrx_word' id='word_1_398' title='bbox 2745 3537 2842 3596; x_wconf 91' lang='lat' dir='ltr'><strong>per</strong></span> <span class='ocrx_word' id='word_1_399' title='bbox 2867 3521 3017 3592; x_wconf 89' lang='lat' dir='ltr'><strong>signa</strong></span> <span class='ocrx_word' id='word_1_400' title='bbox 3053 3513 3305 3588; x_wconf 87' lang='lat' dir='ltr'><strong>patescit,</strong></span> 
     </span>
    </p>
   </div>
   <div class='ocr_carea' id='block_1_83' title="bbox 1901 3604 3238 3701">
    <p class='ocr_par' dir='ltr' id='par_1_83' title="bbox 1901 3604 3238 3701">
     <span class='ocr_line' id='line_1_84' title="bbox 1901 3604 3238 3701; baseline -0.026 -8"><span class='ocrx_word' id='word_1_401' title='bbox 1901 3639 2039 3701; x_wconf 85' lang='lat' dir='ltr'><strong>Dum</strong></span> <span class='ocrx_word' id='word_1_402' title='bbox 2068 3631 2256 3689; x_wconf 89' lang='lat' dir='ltr'><strong>turbas</strong></span> <span class='ocrx_word' id='word_1_403' title='bbox 2293 3626 2470 3698; x_wconf 90' lang='lat' dir='ltr'><strong>patria</strong></span> <span class='ocrx_word' id='word_1_404' title='bbox 2497 3621 2671 3695; x_wconf 34' lang='lat' dir='ltr'><strong>ﬂagro,</strong></span> <span class='ocrx_word' id='word_1_405' title='bbox 2686 3613 2968 3688; x_wconf 86' lang='lat' dir='ltr'><strong>proturbat</strong></span> <span class='ocrx_word' id='word_1_406' title='bbox 2994 3609 3063 3664; x_wconf 90' lang='lat' dir='ltr'><strong>ab</strong></span> <span class='ocrx_word' id='word_1_407' title='bbox 3092 3604 3238 3661; x_wconf 84' lang='lat' dir='ltr'><strong>aula.</strong></span> 
     </span>
    </p>
   </div>
   <div class='ocr_carea' id='block_1_84' title="bbox 2653 3749 2737 3786">
    <p class='ocr_par' dir='ltr' id='par_1_84' title="bbox 2653 3749 2737 3786">
     <span class='ocr_line' id='line_1_85' title="bbox 2653 3749 2737 3786; baseline 0 0"><span class='ocrx_word' id='word_1_408' title='bbox 2653 3749 2737 3786; x_wconf 87' lang='lat' dir='ltr'><strong>AL.</strong></span> 
     </span>
    </p>
   </div>
   <div class='ocr_carea' id='block_1_85' title="bbox 1905 3812 3267 3900">
    <p class='ocr_par' dir='ltr' id='par_1_85' title="bbox 1905 3812 3267 3900">
     <span class='ocr_line' id='line_1_86' title="bbox 1905 3812 3267 3900; baseline -0.027 1"><span class='ocrx_word' id='word_1_409' title='bbox 1905 3847 1984 3900; x_wconf 80' lang='lat' dir='ltr'><strong>En</strong></span> <span class='ocrx_word' id='word_1_410' title='bbox 2016 3842 2175 3897; x_wconf 88' lang='lat' dir='ltr'><strong>ﬁcum</strong></span> <span class='ocrx_word' id='word_1_411' title='bbox 2202 3834 2433 3890; x_wconf 89' lang='lat' dir='ltr'><strong>viridem</strong></span> <span class='ocrx_word' id='word_1_412' title='bbox 2460 3825 2699 3884; x_wconf 90' lang='lat' dir='ltr'><strong>sterilem</strong></span> <span class='ocrx_word' id='word_1_413' title='bbox 2726 3831 3006 3877; x_wconf 88' lang='lat' dir='ltr'><strong>remanere</strong></span> <span class='ocrx_word' id='word_1_414' title='bbox 3023 3812 3267 3886; x_wconf 73' lang='lat' dir='ltr'><strong>iubebat,</strong></span> 
     </span>
    </p>
   </div>
   <div class='ocr_carea' id='block_1_86' title="bbox 1907 3906 3193 4002">
    <p class='ocr_par' dir='ltr' id='par_1_86' title="bbox 1907 3906 3193 4002">
     <span class='ocr_line' id='line_1_87' title="bbox 1907 3906 3193 4002; baseline -0.028 -12"><span class='ocrx_word' id='word_1_415' title='bbox 1907 3933 2060 4002; x_wconf 84' lang='lat' dir='ltr'><strong>Quod</strong></span> <span class='ocrx_word' id='word_1_416' title='bbox 2087 3929 2187 3986; x_wconf 86' lang='lat' dir='ltr'><strong>sibi</strong></span> <span class='ocrx_word' id='word_1_417' title='bbox 2211 3925 2394 3995; x_wconf 82' lang='lat' dir='ltr'><strong>jejuno</strong></span> <span class='ocrx_word' id='word_1_418' title='bbox 2419 3920 2651 3974; x_wconf 80' lang='lat' dir='ltr'><strong>fructum</strong></span> <span class='ocrx_word' id='word_1_419' title='bbox 2676 3913 2919 3984; x_wconf 61' lang='lat' dir='ltr'><strong>praebere</strong></span> <span class='ocrx_word' id='word_1_420' title='bbox 2948 3906 3193 3976; x_wconf 87' lang='lat' dir='ltr'><strong>negabat.</strong></span> 
     </span>
    </p>
   </div>
   <div class='ocr_carea' id='block_1_87' title="bbox 2667 4041 2754 4078">
    <p class='ocr_par' dir='ltr' id='par_1_87' title="bbox 2667 4041 2754 4078">
     <span class='ocr_line' id='line_1_88' title="bbox 2667 4041 2754 4078; baseline -0.046 1"><span class='ocrx_word' id='word_1_421' title='bbox 2667 4041 2754 4078; x_wconf 87' lang='lat' dir='ltr'><strong>AL.</strong></span> 
     </span>
    </p>
   </div>
   <div class='ocr_carea' id='block_1_88' title="bbox 1912 4132 3093 4226">
    <p class='ocr_par' dir='ltr' id='par_1_88' title="bbox 1912 4132 3093 4226">
     <span class='ocr_line' id='line_1_89' title="bbox 1912 4132 3093 4226; baseline -0.028 -15"><span class='ocrx_word' id='word_1_422' title='bbox 1912 4150 2177 4226; x_wconf 84' lang='lat' dir='ltr'><strong>Agricolae</strong></span> <span class='ocrx_word' id='word_1_423' title='bbox 2208 4159 2395 4202; x_wconf 88' lang='lat' dir='ltr'><strong>servos</strong></span> <span class='ocrx_word' id='word_1_424' title='bbox 2415 4140 2684 4196; x_wconf 84' lang='lat' dir='ltr'><strong>caedentes</strong></span> <span class='ocrx_word' id='word_1_425' title='bbox 2709 4132 2932 4188; x_wconf 88' lang='lat' dir='ltr'><strong>vulnere</strong></span> <span class='ocrx_word' id='word_1_426' title='bbox 2952 4138 3093 4181; x_wconf 63' lang='lat' dir='ltr'><strong>suave</strong></span> 
     </span>
    </p>
   </div>
   <div class='ocr_carea' id='block_1_89' title="bbox 1913 4211 3328 4304">
    <p class='ocr_par' dir='ltr' id='par_1_89' title="bbox 1913 4211 3328 4304">
     <span class='ocr_line' id='line_1_90' title="bbox 1913 4211 3328 4304; baseline -0.027 -2"><span class='ocrx_word' id='word_1_427' title='bbox 1913 4211 2044 4304; x_wconf 65' lang='lat' dir='ltr'><strong>Post</strong></span> <span class='ocrx_word' id='word_1_428' title='bbox 2067 4252 2252 4299; x_wconf 87' lang='lat' dir='ltr'><strong>natum</strong></span> <span class='ocrx_word' id='word_1_429' title='bbox 2281 4234 2491 4294; x_wconf 91' lang='lat' dir='ltr'><strong>Domini</strong></span> <span class='ocrx_word' id='word_1_430' title='bbox 2523 4232 2770 4299; x_wconf 89' lang='lat' dir='ltr'><strong>satagunt</strong></span> <span class='ocrx_word' id='word_1_431' title='bbox 2791 4223 2883 4281; x_wconf 90' lang='lat' dir='ltr'><strong>hic</strong></span> <span class='ocrx_word' id='word_1_432' title='bbox 2909 4221 3124 4276; x_wconf 87' lang='lat' dir='ltr'><strong>mittere</strong></span> <span class='ocrx_word' id='word_1_433' title='bbox 3143 4211 3328 4270; x_wconf 91' lang='lat' dir='ltr'><strong>morti.</strong></span> 
     </span>
    </p>
   </div>
   <div class='ocr_carea' id='block_1_90' title="bbox 2659 4356 2724 4394">
    <p class='ocr_par' dir='ltr' id='par_1_90' title="bbox 2659 4356 2724 4394">
     <span class='ocr_line' id='line_1_91' title="bbox 2659 4356 2724 4394; baseline -0.015 0"><span class='ocrx_word' id='word_1_434' title='bbox 2659 4356 2724 4394; x_wconf 88' lang='lat' dir='ltr'><strong>AL</strong></span> 
     </span>
    </p>
   </div>
   <div class='ocr_carea' id='block_1_91' title="bbox 1921 4441 3458 4533">
    <p class='ocr_par' dir='ltr' id='par_1_91' title="bbox 1921 4441 3458 4533">
     <span class='ocr_line' id='line_1_92' title="bbox 1921 4441 3458 4533; baseline -0.029 -1"><span class='ocrx_word' id='word_1_435' title='bbox 1921 4474 2163 4533; x_wconf 88' lang='lat' dir='ltr'><strong>Gentiles</strong></span> <span class='ocrx_word' id='word_1_436' title='bbox 2201 4466 2486 4522; x_wconf 90' lang='lat' dir='ltr'><strong>Dominum</strong></span> <span class='ocrx_word' id='word_1_437' title='bbox 2516 4458 2739 4528; x_wconf 90' lang='lat' dir='ltr'><strong>cupiunt</strong></span> <span class='ocrx_word' id='word_1_438' title='bbox 2757 4453 2869 4523; x_wconf 86' lang='lat' dir='ltr'><strong>jam</strong></span> <span class='ocrx_word' id='word_1_439' title='bbox 2893 4460 3119 4504; x_wconf 88' lang='lat' dir='ltr'><strong>cernere</strong></span> <span class='ocrx_word' id='word_1_440' title='bbox 3141 4441 3416 4500; x_wconf 88' lang='lat' dir='ltr'><strong>Christum</strong></span> <span class='ocrx_word' id='word_1_441' title='bbox 3441 4447 3458 4489; x_wconf 90' lang='lat'><strong>:</strong></span> 
     </span>
    </p>
   </div>
   <div class='ocr_carea' id='block_1_92' title="bbox 1926 4539 3180 4639">
    <p class='ocr_par' dir='ltr' id='par_1_92' title="bbox 1926 4539 3180 4639">
     <span class='ocr_line' id='line_1_93' title="bbox 1926 4539 3180 4639; baseline -0.031 -11"><span class='ocrx_word' id='word_1_442' title='bbox 1926 4567 2226 4639; x_wconf 87' lang='lat' dir='ltr'><strong>Discipulos</strong></span> <span class='ocrx_word' id='word_1_443' title='bbox 2248 4562 2390 4617; x_wconf 89' lang='lat' dir='ltr'><strong>idem</strong></span> <span class='ocrx_word' id='word_1_444' title='bbox 2412 4563 2640 4611; x_wconf 89' lang='lat' dir='ltr'><strong>mortem</strong></span> <span class='ocrx_word' id='word_1_445' title='bbox 2671 4545 2908 4618; x_wconf 80' lang='lat' dir='ltr'><strong>perferre</strong></span> <span class='ocrx_word' id='word_1_446' title='bbox 2937 4539 3180 4596; x_wconf 82' lang='lat' dir='ltr'><strong>docebat.</strong></span> 
     </span>
    </p>
   </div>
   <div class='ocr_carea' id='block_1_93' title="bbox 2657 4674 2743 4713">
    <p class='ocr_par' dir='ltr' id='par_1_93' title="bbox 2657 4674 2743 4713">
     <span class='ocr_line' id='line_1_94' title="bbox 2657 4674 2743 4713; baseline -0.035 0"><span class='ocrx_word' id='word_1_447' title='bbox 2657 4674 2743 4713; x_wconf 89' lang='lat' dir='ltr'><strong>AL.</strong></span> 
     </span>
    </p>
   </div>
   <div class='ocr_carea' id='block_1_94' title="bbox 1842 4519 1897 4579">
    <p class='ocr_par' dir='ltr' id='par_1_94' title="bbox 1842 4519 1897 4579">
     <span class='ocr_line' id='line_1_95' title="bbox 1842 4519 1897 4579; baseline -0.018 0"><span class='ocrx_word' id='word_1_448' title='bbox 1842 4519 1897 4579; x_wconf 89' lang='lat' dir='ltr'><strong>D</strong></span> 
     </span>
    </p>
   </div>
   <div class='ocr_carea' id='block_1_95' title="bbox 1927 4759 3172 4856">
    <p class='ocr_par' dir='ltr' id='par_1_95' title="bbox 1927 4759 3172 4856">
     <span class='ocr_line' id='line_1_96' title="bbox 1927 4759 3172 4856; baseline -0.035 0"><span class='ocrx_word' id='word_1_449' title='bbox 1927 4801 2063 4856; x_wconf 84' lang='lat' dir='ltr'><strong>Ecce</strong></span> <span class='ocrx_word' id='word_1_450' title='bbox 2089 4788 2427 4850; x_wconf 86' lang='lat' dir='ltr'><strong>sacerdotum</strong></span> <span class='ocrx_word' id='word_1_451' title='bbox 2453 4777 2614 4852; x_wconf 91' lang='lat' dir='ltr'><strong>primi</strong></span> <span class='ocrx_word' id='word_1_452' title='bbox 2643 4769 2931 4846; x_wconf 86' lang='lat' dir='ltr'><strong>populique</strong></span> <span class='ocrx_word' id='word_1_453' title='bbox 2958 4759 3172 4856; x_wconf 77' lang='lat' dir='ltr'><strong>nefandi</strong></span> 
     </span>
    </p>
   </div>
   <div class='ocr_carea' id='block_1_96' title="bbox 1927 4851 3274 4945">
    <p class='ocr_par' dir='ltr' id='par_1_96' title="bbox 1927 4851 3274 4945">
     <span class='ocr_line' id='line_1_97' title="bbox 1927 4851 3274 4945; baseline -0.032 0"><span class='ocrx_word' id='word_1_454' title='bbox 1927 4887 2152 4945; x_wconf 86' lang='lat' dir='ltr'><strong>lulidum</strong></span> <span class='ocrx_word' id='word_1_455' title='bbox 2176 4877 2436 4936; x_wconf 80' lang='lat' dir='ltr'><strong>famulum</strong></span> <span class='ocrx_word' id='word_1_456' title='bbox 2469 4884 2634 4928; x_wconf 89' lang='lat' dir='ltr'><strong>censu</strong></span> <span class='ocrx_word' id='word_1_457' title='bbox 2657 4872 3002 4930; x_wconf 87' lang='lat' dir='ltr'><strong>corrumpere</strong></span> <span class='ocrx_word' id='word_1_458' title='bbox 3024 4851 3274 4927; x_wconf 85' lang='lat' dir='ltr'><strong>gaudent.</strong></span> 
     </span>
    </p>
   </div>
   <div class='ocr_carea' id='block_1_97' title="bbox 2490 4977 2924 5037">
    <p class='ocr_par' dir='ltr' id='par_1_97' title="bbox 2490 4977 2924 5037">
     <span class='ocr_line' id='line_1_98' title="bbox 2490 4977 2924 5037; baseline -0.03 0"><span class='ocrx_word' id='word_1_459' title='bbox 2490 4981 2690 5037; x_wconf 72' lang='lat' dir='ltr'><strong>Ca’lera</strong></span> <span class='ocrx_word' id='word_1_460' title='bbox 2721 4977 2924 5030; x_wconf 77' lang='lat' dir='ltr'><strong>desunt.</strong></span> 
     </span>
    </p>
   </div>
  </div>
