3948 6328
457 390 565 450 919

965 387 1361 446 WALAFRIDI
1397 386 1657 444 STRABI
1680 382 1887 443 FULD.
1929 383 2052 441 ΒΙΟέ

2157 381 2286 441 )ΡΡ.
2326 381 2508 439 PARS
2539 380 2691 438 1.’-
2725 380 3179 440 THEOLOGICA.

618 558 3731 596 W

1177 691 2303 851 manarum:
2344 623 3081 829 suum

1736 922 2124 1014 FULDENSIS
2158 921 2468 1001 MONACHI

2050 1077 2140 1121 DE

486 1186 2729 1472 ‘ECCLESIASTICOABUM
2877 1196 3659 1407 REBUM

1378 1480 1858 1627 exeuntis
1912 1534 2045 1614 ET
2099 1534 2802 1647 INCREMENTIS

1718 1732 2041 1806 LIBER
2099 1732 2239 1806 ΠΝ
2254 1730 2381 1813 US.
2407 1766 2440 1816 9

1531 1903 1646 1993 ἈΙ)
1682 1902 2182 1960 REGINBEBTUM
2220 1902 2628 1982 EPISCOPUM.

1202 2056 1303 2122 tEx
1331 2056 1636 2110 Bibliotheca
1660 2065 1889 2109 veterum
1912 2056 2130 2116 Patrum,
2155 2057 2323 2108 saeculi
2342 2025 2413 2119 ut,
2440 2064 2579 2121 parte
2606 2070 2638 2105 ιι
2685 2063 2800 2107 ιοω.
2829 2056 2956 2119 κν.)

1866 2186 2311 2205 —

1659 2272 2082 2335 PR/EFATIO
2126 2271 2521 2336 AUCTORIS

533 2508 593 2560 in
631 2506 851 2559 nomine
888 2501 985 2559 Dei
1023 2499 1222 2566 Patris,
1249 2508 1306 2555 et
1326 2499 1469 2565 Filii,
1492 2507 1548 2555 et
1584 2496 1820 2569 Spiritus
1850 2499 2045 2555 sancti.
2076 2504 2123 2561 Α
2153 2499 2353 2554 stantia
2402 2515 2503 2555 nos
2546 2500 2762 2569 assequi
2809 2515 2988 2569 posse.
3018 2501 3125 2558 Sed
3171 2511 3257 2558 est
3293 2509 3453 2574 quod
3498 2507 3731 2575 hujusce-

466 2598 542 2653 De
562 2595 825 2651 ministris
852 2592 1110 2649 Ecclesiae
1134 2602 1189 2648 et
1216 2592 1531 2648 ministeriis
1559 2592 1819 2662 ipsorum,
1836 2606 2047 2647 necnon

462 2694 520 2740 et
564 2680 631 2740 de
679 2682 1069 2755 multiplicibus
1112 2692 1574 2740 sacramentorum
1606 2722 1622 2748 ,
1660 2680 1956 2737 ofliciorum
1995 2690 2052 2738 et

463 2773 930 2838 Observationum,
974 2763 1280 2829 rationibus
1327 2772 1484 2826 multi
1527 2771 1697 2826 multa
1745 2772 2045 2828 dixerunt:

466 2864 543 2919 ita
585 2872 650 2917 ut
691 2877 864 2932 pauca
887 2860 976 2917 vel
1020 2876 1161 2931 pene
1205 2861 1348 2916 nulla
1381 2863 1767 2925 remanserint,
1795 2878 1914 2931 qum
1942 2878 2049 2918 non

459 2949 578 3021 jam
604 2965 705 3021 per
728 2950 1177 3006 illuminationem
1203 2948 1442 3020 Spiritus
1475 2951 1653 3006 sancti
1685 2951 1794 3007 sint
1821 2952 2050 3006 demon-

468 3051 643 3099 strata
667 3059 680 3096 :
702 3056 813 3098 non
834 3041 1006 3101 solum
1025 3041 1261 3111 qualiter
1277 3042 1510 3098 debeant
1529 3042 1669 3107 fieri,
1684 3057 1871 3097 verum
1885 3042 2051 3098 etiam

467 3132 741 3204 quomodo
772 3132 982 3203 singula
1010 3133 1241 3203 mystice
1274 3134 1507 3189 debeant
1534 3134 1618 3189 vel
1656 3133 1867 3204 possint
1893 3134 2053 3189 intel-

468 3225 579 3297 ligi,
595 3225 839 3297 diligenti
860 3223 1262 3280 examinatione
1280 3240 1529 3281 excussa.
1545 3224 1785 3293 Quorum
1805 3223 2050 3280 omnium

469 3316 709 3386 copiam,
733 3331 856 3371 cum
886 3316 1182 3376 Secundum
1224 3315 1641 3373 solertissimum
1662 3315 1738 3371 'in
1770 3317 1931 3373 rebus
1958 3330 2051 3369 ec-

467 3406 792 3466 clesiasticis
813 3408 1048 3463 studium
1078 3417 1247 3474 tuum,
1273 3417 1328 3462 et
1363 3409 1517 3465 libris
1540 3408 1745 3465 habeas
1768 3417 1823 3464 et
1848 3423 2055 3464 memo-

466 3500 549 3555 ria
594 3500 1062 3571 comprehensam,
1105 3515 1144 3556 n
1175 3502 1483 3558 venerande
1521 3502 1577 3556 in
1623 3501 1844 3557 Christo
1889 3501 2055 3556 Pater

470 3592 824 3665 Reginberte,
851 3590 1054 3647 salubri
1084 3593 1399 3647 curiositate
1422 3591 1640 3659 ardens,
1670 3591 1916 3662 quaedam
1944 3605 2052 3646 non

469 3696 501 3735 a
532 3681 805 3751 prioribus
834 3682 1049 3751 penitus
1070 3683 1291 3746 omissa,
1322 3682 1416 3749 sed
1444 3682 1662 3738 brevius
1685 3697 1845 3751 quam
1871 3681 2065 3736 volue-.

2150 2588 2296 2643 modi
2325 2588 2577 2658 inemptis
2612 2603 2805 2644 sensus
2842 2591 2929 2645 sui
2953 2592 3244 2649 vivacitate
3267 2595 3611 2652 videbantur
3632 2614 3732 2669 per-

2152 2680 2362 2750 spicua.
2395 2678 2641 2737 Scribam
2671 2681 2857 2753 igitur,
2885 2683 2943 2738 in
2986 2693 3247 2753 quantum
3295 2687 3575 2744 Dominus
3595 2690 3735 2746 dede-

2152 2768 2227 2822 rit
2269 2768 2604 2835 facultatem,
2641 2771 2785 2826 sicut
2820 2787 2889 2827 ex
2925 2774 3376 2830 authentieerum
3420 2778 3613 2842 dictis,
3633 2795 3733 2847 quae

2154 2859 2331 2915 adhuc
2375 2860 2670 2931 attigimus,
2714 2863 2995 2919 addiscere
3044 2866 3213 2934 potui,
3263 2866 3332 2921 de
3380 2870 3731 2937 quarumdam

2152 2950 2505 3005 ecclesiarum
2539 2952 2779 3007 exordiis
2825 2962 2881 3009 et
2919 2950 3101 3010 causis
3132 2971 3340 3022 rerum,
3368 2967 3426 3012 et
3472 2960 3619 3014 unde
3646 2960 3733 3015 hoc

2153 3039 2239 3095 vel
2269 3039 2401 3095 illud
2426 3041 2481 3095 in
2503 3043 2955 3099 consuetudinem
2982 3047 3209 3112 venerit,
3234 3057 3293 3105 et
3323 3049 3611 3119 quomodo
3632 3066 3735 3119 pre-

2154 3144 2329 3204 cessu.
2353 3133 2612 3202 temporis
2652 3135 2742 3199 sit,
2777 3135 3030 3192 indicabo
3061 3156 3074 3189 :
3104 3138 3391 3194 habiturus
3438 3149 3505 3195 et
3549 3142 3597 3196 si
3641 3157 3733 3196 non

2153 3236 2253 3292 pro
2290 3221 2523 3277 scientia
2553 3223 2790 3291 laudem,
2819 3233 3001 3282 tamen
3046 3243 3147 3299 pro
3188 3230 3502 3285 obedientia
3541 3240 3733 3287 certam

2154 3317 2483 3372 mercedem.
2512 3319 2579 3373 Et
2604 3321 2837 3390 primum
2881 3322 2949 3377 de
2981 3324 3154 3379 sacris
3190 3320 3423 3390 aedibus,
3454 3326 3515 3380 in
3551 3328 3734 3397 quibus

2156 3408 2271 3479 ipsa
2299 3410 2645 3467 celebrantur
2669 3428 2847 3480 saera,
2879 3415 3162 3471 dicendum
3190 3417 3426 3472 videtur.

2683 3510 2775 3565 AD
2811 3512 3201 3570 LECTOREM.

2155 3586 2272 3644 Hoc
2301 3604 2441 3661 opus
2466 3591 2719 3663 exiguum
2747 3592 3079 3651 Walafridus
3103 3613 3310 3667 pauper
3337 3599 3641 3671 hebesqne,

2226 3678 2475 3753 Collegit,
2509 3682 2732 3738 Patrum
2759 3686 3009 3757 dogmata
3039 3687 3146 3742 lata
3176 3704 3431 3759 sequens.

469 3788 563 3828 ras
588 3781 756 3839 tacta,
788 3788 817 3827 a
848 3788 934 3828 me
963 3774 1087 3829 addi
1135 3768 1432 3840 desideras,
1477 3775 1634 3845 quasi
1681 3774 1884 3843 aliquid
1935 3773 2055 3828 illos
2158 3772 2265 3828 Sed
2294 3789 2401 3828 non
2429 3783 2620 3844 sponte
2648 3791 2746 3831 sua
2773 3786 2884 3831 tam
2913 3794 3137 3850 magnos
3164 3782 3317 3836 venit
3340 3782 3396 3836 in
3426 3798 3616 3849 ausus,

471 3863 763 3936 aufugerit,
788 3864 937 3943 quod
982 3879 1083 3919 nos
1129 3864 1396 3934 possimus
1441 3864 1752 3935 inspicere:
1783 3878 1907 3921 eum
1955 3878 2051 3932 ρο·
2087 3851 2130 3910 Β
2227 3861 2370 3916 Dura
2398 3862 2906 3933 Reginberujussio
2932 3868 3111 3937 adegit
3138 3883 3284 3922 eum.

469 3957 581 4012 tius
612 3971 741 4012 vere
784 3955 940 4019 fateri
985 3957 1302 4022 debeamus,
1327 3958 1509 4012 omnia
1540 3973 1661 4027 quae
1689 3956 1766 4011 illi
1805 3958 2047 4021 inventa,

469 4046 627 4103 nobis
652 4046 870 4116 scriptis
898 4046 1012 4101 suis
1037 4045 1393 4117 reliquerunt,
1422 4061 1523 4101 nec
1553 4046 1668 4117 ipsa
1695 4045 1938 4101 discendi
1970 4047 2054 4099 in-

2161 3950 2218 4006 Si
2245 3952 2375 4021 quid
2402 3952 2456 4006 in
2486 3953 2609 4018 hoc,
2632 3953 2826 4021 lector,
2850 3955 3047 4026 placet,
3073 3958 3354 4029 assignare
3382 3968 3660 4016 memento

2233 4045 2287 4099 ld
2318 4046 2544 4102 Domino
2574 4065 2587 4101 :
2617 4049 2877 4119 quidquid
2907 4050 3173 4122 displicet,
3207 4053 3376 4108 boeee
3399 4055 3558 4110 mihi.

476 4176 3402 4213 ————————-——————————-———-L—————_—______.

1561 4303 2100 4416 INCIPIT
2186 4306 2646 4419 LIBER.

983 4586 1207 4644 CAPUT
1246 4584 1538 4642 PRIMUM.

734 4733 809 4788 De
837 4730 1069 4786 exordiis
1096 4728 1407 4800 templorum
1436 4737 1485 4784 et
1512 4727 1762 4783 altarium

540 4867 745 4924 Altaria
791 4866 1009 4937 quidem
1056 4863 1187 4929 Noe,
1216 4864 1513 4928 Abraham,
1567 4864 1720 4920 Isaac
1762 4873 1816 4922 et
1860 4864 2049 4934 Jacob,

467 4962 727 5027 Domino,
745 4969 805 5015 ut
830 4960 1045 5027 legitur,
1072 4958 1621 5026 exstruxerunt(Gen.
1646 4975 1765 5019 vi".
1782 4975 1878 5027 χιι,
1902 4976 2051 5028 xxvr,

467 5058 687 5122 xxxiii).
732 5053 944 5125 Moyses
989 5068 1118 5109 vero
1163 5053 1372 5122 primus
1412 5050 1855 5120 tabernaculum,
1898 5054 2055 5124 juxta

468 5146 747 5216 exemplar
792 5144 1049 5201 divinitus
1103 5144 1207 5199 sibi
1249 5143 1702 5207 demonstratum,
1734 5143 1789 5198 in
1839 5145 2057 5199 deserto

470 5240 649 5304 Sinai,
688 5237 812 5293 filiis
858 5236 1024 5292 Israel
1067 5235 1135 5290 de
1186 5234 1448 5289 servitute
1502 5233 1758 5306 [Egyplia
1814 5235 2057 5290 liberatis

469 5332 665 5388 erexit.
694 5330 949 5386 Salomon
986 5342 1200 5399 quoque
1239 5325 1399 5398 longe
1439 5327 1555 5397 jam
1596 5335 1840 5398 tempore
1865 5328 2054 5383 eodem

3404 4198 3733 4222 -———.

2109 4506 2262 4518 ——

2084 4599 2127 4662 ε
2161 4599 2392 4660 utroque
2442 4592 2794 4647 tabernaculo
2849 4594 3102 4651 videlicet
3155 4612 3219 4652 ac
3260 4597 3485 4668 templo,
3524 4610 3581 4655 et
3624 4617 3737 4657 area

2163 4683 2520 4749 Testamenti,
2551 4694 2607 4739 et
2633 4686 2825 4740 altaria
2855 4702 2977 4742 cum
3002 4687 3324 4744 utensilibus
3356 4692 3494 4756 suis,
3526 4694 3741 4762 aliaque

2159 4776 2371 4847 Species
2407 4776 2651 4847 religioni
2693 4778 2836 4833 illius
2872 4781 3129 4849 temporis
3171 4795 3427 4850 congrua:
3471 4781 3645 4838 fuisse
3671 4784 3739 4838 le-

2161 4877 2365 4939 guntur
2393 4880 2501 4923 tam
2531 4870 2857 4939 multiplices
2881 4878 2935 4924 et
2967 4879 3074 4925 tam
3098 4871 3345 4925 consulta
3375 4872 3599 4928 ratione
3631 4889 3741 4943 pro-

2161 4962 2313 5027 visaz,
2349 4970 2407 5016 ut
2431 4962 2692 5032 quidquid
2719 4961 2881 5016 modo
2920 4960 3290 5032 spiritualibus
3317 4962 3586 5019 Ecclesia
3616 4964 3743 5019 ede-

2160 5052 2353 5107 bratur
2380 5052 2433 5105 in
2459 5053 2669 5117 studiis,
2703 5058 2871 5111 totum
2895 5051 2949 5106 in
2979 5051 3587 5113 illiseenstructionum
3616 5052 3744 5123 ﬁgu-

2161 5142 2239 5196 ris
2274 5141 2505 5211 pleniter
2531 5151 2603 5207 et,
2636 5151 2698 5195 ut
2737 5141 2810 5197 ita
2857 5141 3057 5206 dicam,
3099 5141 3488 5212 eonsignanter
3514 5142 3745 5197 delinea-

2163 5245 2278 5290 tum
2329 5245 2492 5304 atque
2543 5241 2918 5290 constructum
2968 5233 3233 5288 videatur.
3283 5232 3537 5304 Paganos
3587 5233 3743 5288 etiam

2165 5324 2365 5395 templa
2394 5325 2590 5383 fecisse
2632 5325 2735 5380 diis
2774 5324 2910 5390 suis,
2938 5324 3020 5379 vel
3055 5325 3237 5394 potius
3277 5325 3644 5391 daemonibus,
3666 5340 3746 5380 se-

467 5422 671 5494 populo
720 5421 774 5477 in
824 5429 972 5475 terra
1020 5416 1456 5486 repromissionis
1502 5416 1749 5488 degente,
1793 5426 1849 5473 et
1893 5419 2057 5487 regim
2089 5448 2138 5508 ο
2164 5415 2482 5473 ductoribus
2513 5416 2647 5481 suis,
2679 5431 2786 5472 non
2827 5416 3002 5472 solum
3045 5432 3111 5472 ex
3158 5417 3397 5487 ipsorum
3449 5417 3626 5483 libris,
3656 5415 3743 5473 sed

470 5515 752 5587 dignitatis
774 5515 950 5586 apice,
974 5509 1225 5582 gentibus
1254 5510 1652 5580 circumpositis
1679 5512 2056 5581 praeminente,

2161 5511 2325 5569 etiam
2353 5525 2421 5564 ex
2462 5508 2657 5565 divina:
2685 5508 2980 5580 Scriptura:
3009 5510 3336 5565 testimoniis
3358 5511 3741 5582 agnoscimus:

470 5609 732 5678 templum
759 5607 890 5663 illud
919 5602 1206 5660 mirificum
1233 5603 1284 5657 in
1311 5602 1647 5659 Hierusalem
1674 5604 1857 5674 (quam
1888 5602 2056 5658 David
2162 5600 2299 5668 Quia
2329 5609 2385 5654 et
2415 5598 2673 5668 templum
2703 5599 2888 5669 Dagon
2917 5599 2972 5653 in
2999 5598 3250 5655 Samuele
3287 5598 3521 5670 legimus
3564 5609 3622 5655 et
3661 5612 3745 5653 re-

469 5709 623 5768 pater
652 5707 817 5769 caput
860 5698 977 5768 ejus
1020 5695 1169 5766 regni
1214 5694 1473 5765 instituit)
1517 5698 1729 5767 magnis
1768 5695 2060 5752 aediﬁcavit
2163 5709 2283 5766 gem
2332 5691 2710 5747 Seunaeherib
2758 5692 2811 5746 in
2859 5692 3059 5762 templo
3100 5691 3374 5749 Neserach
3422 5694 3745 5749 trucidatum

470 5793 799 5869 sumptibus,
831 5801 884 5849 et
915 5789 1143 5847 diversis
1173 5789 1379 5846 dolavit
1408 5790 1708 5846 ornatibus.
1740 5791 1798 5847 In
1825 5806 2052 5863 quorum

2166 5785 2217 5858 (1
2250 5784 2375 5856 Reg.
2408 5801 2468 5850 v;
2502 5782 2583 5838 IV
2622 5781 2747 5855 Reg.
2782 5782 2894 5854 xu)
2927 5801 2939 5838 :
2973 5782 3248 5840 Danielem
3275 5798 3491 5856 quoque
3525 5784 3585 5841 in
3616 5790 3747 5839 tem-
