3948 6328
519 285 623 343 923

1019 289 1410 345 WALAFltlDl
1449 290 1697 347 STRABI
1732 292 1934 349 FULD.
1977 294 2143 352 MON.
2188 297 2340 354 OPP.
2381 300 2565 359 PARS
2601 302 2642 357 Ι.
2683 334 2751 344 -
2780 305 3240 368 THEOLOGICA.

3672 322 3770 378 93L

521 400 878 473 deposcimus,
909 404 977 455 de
1002 415 1110 469 quo
1153 401 1413 471 scriptum
1457 411 1542 457 est
1571 420 1585 456 :
1619 403 1755 459 Ecce
1800 405 1879 458 vir
1906 404 2094 460 Oriens
2124 409 2170 468 Α
2199 407 2468 481 lus(Psal.
2487 414 3191 491 cxx.iv):appropinquemus
3226 422 3472 491 Domitio,
3508 441 3561 483 et
3590 449 3770 503 appro.

521 510 707 548 nomen
733 492 847 561 ejus
885 489 1069 563 (Zach.
1113 492 1222 564 vr);
1260 502 1336 557 et,
1379 492 1618 548 Visitavit
1658 512 1752 550 nos
1801 496 1988 551 Oriens
2032 513 2098 552 ea:

519 581 798 654 alto(Luc.
830 581 893 654 ι).
937 583 1140 638 Tamen
1170 584 1296 653 quia
1332 592 1384 639 et
1426 585 1609 655 templi
1647 587 1976 641 tabernaculi
2014 587 2097 641 in-

516 678 717 734 troitus
744 676 814 732 ab
842 677 1051 732 oriente
1080 676 1201 742 fuit,
1229 677 1319 731 ubi
1359 677 1530 734 altare
1559 686 1613 732 et
1634 676 1844 747 labrum
1879 686 2018 743 erat,
2041 686 2096 734 et

514 782 704 828 omnes
754 768 1094 823 victimarum
1145 777 1202 823 et
1248 768 1641 823 sacrificiorum
1678 767 1816 822 ritus
1860 766 2082 834 ﬂebant,

520 867 730 913 certum
756 866 838 911 est
864 858 918 910 in
944 866 1196 926 utroque,
1218 858 1287 912 ab
1313 859 1521 913 oriente
1536 858 1734 913 multos
1756 871 1944 913 orasse
1963 874 2092 914 con-

514 961 593 1003 tra
624 947 989 1004 Occidentem.
1023 947 1299 1019 Siquidem
1321 957 1378 1004 et
1402 947 1654 1004 Salomon
1674 947 1929 1013 dedicans
1950 955 2088 1003 tem-

511 1039 674 1109 plum,
709 1040 860 1095 stetit
883 1047 1009 1094 ante
1030 1039 1202 1097 altare
1230 1046 1286 1094 et
1305 1040 1551 1095 extendit
1577 1053 1768 1095 manus
1790 1039 1845 1094 in
1867 1039 2085 1108 coelum,

511 1138 569 1184 et
592 1128 780 1184 effudit
806 1129 1109 1184 orationem
1131 1136 1238 1183 tam
1261 1129 1566 1195 devotione,
1594 1143 1755 1198 quam
1777 1128 2086 1199 prolixitate

512 1219 817 1274 mirabilem
839 1218 958 1290 (III
983 1218 1109 1290 Reg.
1135 1219 1281 1291 vin).
1302 1219 1490 1275 Priora
1520 1227 1700 1273 autem
1727 1226 1783 1275 et
1812 1220 2086 1281 anteriora

512 1310 694 1380 templi
733 1311 818 1366 vel
862 1310 1049 1366 altaris
1101 1310 1367 1367 orientem
1411 1309 1788 1380 respiciebant.
1836 1309 1989 1366 Unde
2029 1320 2087 1368 et

509 1403 651 1472 apud
675 1411 910 1469 veteres,
937 1402 1231 1457 orientales
1260 1401 1597 1471 templorum
1637 1408 1840 1472 partes,
1867 1403 2082 1469 antica;

508 1489 903 1554 occidentales,
944 1490 1188 1560 postica;
1219 1490 1581 1561 aquilonares,
1622 1489 1871 1555 sinistra;
1918 1491 2082 1546 meri-

507 1582 700 1648 dianae,
722 1582 909 1637 dextra
946 1582 1282 1637 dicebantur.
1309 1582 1462 1649 Quod
1488 1582 1631 1638 etde
1660 1581 1851 1653 templi
1869 1582 2079 1638 Domini

506 1677 676 1728 latere
698 1674 1000 1731 meridiano
1028 1674 1109 1730 sic
1133 1675 1391 1731 scribitur
1416 1693 1431 1729 :
1456 1675 1658 1729 Ostium
1688 1672 1868 1728 lateris
1918 1674 2075 1728 medii

2197 499 2463 569 pinquabit
2486 502 2635 557 nobis
2671 504 2813 575 (Jac.
2846 510 2943 580 IV).
2986 510 3240 583 Alioquin
3264 524 3549 586 peccator,

2197 590 2240 643 si
2267 588 2483 661 fugerit,
2512 608 2636 648 eum
2666 597 2759 665 qui
2788 599 2990 671 ubique
3024 611 3129 670 est,
3163 606 3373 666 evitare
3399 626 3515 667 non
3555 619 3766 683 poterit.

2194 678 2330 745 Quia
2372 698 2548 753 neque
2577 685 2644 740 ab
2690 688 2923 758 oriente,
2962 708 3065 750 nec
3088 693 3159 751 ab
3193 698 3504 768 occidente,
3542 678 3717 777 neque
3738 726 3768 765 ι

2190 771 2428 827 desertis
2474 776 2775 845 montibus,
2817 780 3072 851 subaudi,
3110 794 3263 857 patet,
3309 789 3465 847 locus
3507 771 3765 867 fugiendi,

2189 863 2443 930 quoniam
2482 866 2626 922 Deus
2659 868 2826 940 j‘udex
2869 880 2977 935 est,
3020 875 3163 937 hunc
3208 879 3479 946 bumiliat,
3523 863 3595 938 etv
3631 863 3772 945 hunc

2189 952 2409 1009 exaltat.
2441 955 2540 1012 Cui
2561 959 2727 1015 etiam
2755 961 3028 1034 Propheta
3058 968 3190 1024 dicit
3213 987 3227 1024 :
3264 971 3382 1038 Quo
3405 973 3496 1028 ibo
3521 993 3557 1031 α
3584 980 3771 1047 spiritu

2189 1046 2323 1103 tuo?
2344 1046 2416 1103 Et
2436 1065 2542 1121 quo
2572 1068 2605 1106 a
2629 1052 2767 1122 facie
2792 1064 2888 1111 tua
2921 1058 3162 1130 fugiam!
3187 1062 3251 1118 Si
3270 1067 3559 1122 ascendere
3588 1071 3644 1124 in
3671 1088 3768 1125 cc-

2188 1134 2319 1203 lum,
2347 1147 2404 1194 tu
2426 1139 2500 1195 ibi
2520 1156 2574 1196 es
2602 1160 2622 1198 :
2643 1146 2690 1199 si
2711 1146 3022 1213 descendere
3046 1152 3099 1205 in
3127 1152 3415 1223 infernum,
3435 1158 3569 1214 ad“
3597 1157 3766 1230 (Psal.

2186 1243 2369 1297 uxtv,
2396 1233 2680 1306 cxxxvm).

2817 1345 3046 1404 CAPUT
3088 1350 3151 1405 V.

2390 1452 2464 1506 De
2487 1455 2625 1510 vasis
2647 1472 2767 1528 qua:
2791 1457 3095 1530 simpliciter
3121 1462 3272 1533 signa
3295 1463 3579 1522 dicuntur.

2253 1564 2329 1621 De
2358 1568 2503 1623 vasis
2535 1584 2664 1625 vero
2708 1570 2962 1629 fusilibus
3001 1574 3103 1628 vel
3131 1576 3296 1631 etiam
3339 1579 3787 1660 productilibus.‘

2177 1660 2301 1722 ηυω
2333 1654 2652 1726 simpliciter
2677 1660 2829 1730 signa
2863 1672 3147 1731 vocantur,
3192 1665 3319 1735 quia
3360 1682 3561 1725 eorum
3606 1654 3765 1731 soqu

506 1774 615 1818 erat
639 1766 694 1819 iu
714 1774 858 1833 parte
885 1765 1072 1820 domus
1100 1764 1299 1820 dextra
1314 1764 1432 1838 (III
1457 1764 1587 1837 Reg.
1636 1764 1734 1836 vt).
1769 1765 1904 1833 Quia
1949 1781 2082 1837 ergo
2112 1749 2154 1808 Β
2184 1743 2345 1838 Time
2396 1748 2718 1816 ίΙ¹¹ίῘ³¹¹δίῘ²11η
2764 1749 3007 1820 pulsibus
3061 1752 3330 1821 emimm'
3383 1757 3767 1829 Signiﬁcant

502 1860 671 1923 μοι-ιω
712 1853 876 1908 trium
916 1853 1179 1909 atriorum
1223 1869 1330 1910 una
1377 1864 1565 1909 contra
1628 1854 1851 1909 alteram
1894 1855 2083 1924 posita!

504 1954 650 2000 recta
678 1944 818 2000 linea
859 1945 928 2001 ad
964 1946 1231 2002 orientem
1276 1948 1554 2017 patebant,
1600 1948 1675 2002 ita
1723 1946 1804 2002 sol
1833 1947 2078 2018 aequino-

503 2037 677 2093 ctialis
694 2038 968 2105 exoriens,
990 2039 1174 2095 radios
1191 2054 1319 2095 suos
1343 2055 1441 2109 per
1461 2040 1580 2096 illas
1594 2039 1872 2111 aequaliter
1892 2051 2080 2098 contra

504 2122 848 2183 medietatem
871 2129 1052 2199 templi
1066 2130 1321 2199 erigeret,
1335 2131 1633 2201 eodemque
1652 2132 1812 2188 modo
1832 2147 1930 2203 per
1940 2134 2080 2190 ostia

504 2216 746 2286 porticus
770 2226 825 2273 et
845 2218 1015 2288 ipsius
1045 2218 1249 2288 templi,
1279 2220 1335 2275 in
1363 2221 1500 2276 ostia
1537 2220 1725 2289 Sancti
1765 2233 2077 2280 sanctorum

501 2304 827 2361 altrinsecus
854 2308 1052 2377 posita,
1077 2309 1457 2378 portenderet:
1489 2310 1634 2367 sicut
1659 2311 1892 2377 traditur
1918 2328 1950 2368 a
1973 2330 2080 2370 ma-

496 2399 723 2466 ]oribus,
752 2399 828 2456 illi
856 2401 950 2471 qui
987 2401 1044 2457 in
1083 2403 1444 2459 exterioribus
1473 2405 1629 2462 atriis
1657 2407 1841 2476 positi,
1879 2409 1949 2464 ab
1991 2410 2077 2464 in-

500 2489 664 2543 troitu
718 2490 1023 2557 interioris,
1076 2493 1399 2562 quibusdam
1452 2495 1619 2564 quasi
1664 2496 2079 2555 rationabilibus

497 2580 678 2634 causis
708 2582 1136 2651 prohibebantur
1165 2602 1178 2638 :
1206 2600 1304 2656 per
1328 2595 1608 2657 portarum
1638 2598 1827 2644 contra
1851 2605 1909 2646 se
1934 2591 2079 2661 posi-

498 2676 677 2724 tarum
723 2672 962 2741 patulum
1006 2684 1373 2744 prospectum,
1419 2677 1605 2733 oculos
1650 2693 1820 2749 usque
1865 2680 1933 2734 ad
1990 2682 2075 2736 in-

500 2758 722 2813 troitum
763 2761 949 2831 templi
985 2762 1322 2833 dirigentes:
1357 2781 1464 2836 quo
1500 2767 1725 2837 pedibus
1766 2771 2078 2841 nonaude-

498 2846 630 2900 bant
657 2847 908 2916 precibus
937 2858 992 2906 et
1031 2852 1170 2909 votis
1200 2862 1255 2909 et
1277 2854 1691 2913 salutationibus
1724 2859 2073 2923 accedebant,

500 2931 609 2990 Sed
632 2944 689 2991 et
711 2937 827 3008 ipse
856 2937 1133 3008 Salomon,
1164 2943 1219 2997 in
1254 2944 1346 2999 illa
1384 2946 1587 3001 celebri
1609 2934 1859 3004 oratione
1888 2950 1953 3005 de
1980 2966 2076 3021 po:

497 3025 626 3094 pulo
661 3027 716 3081 in
750 3026 1238 3099 peregrinatiOnem
1274 3043 1497 3106 propter
1538 3046 1761 3107 peccata
1799 3055 1895 3095 sua
1938 3056 2072 3107 νοη-

498 3124 643 3186 toro,
688 3119 825 3175 dixit
858 3120 924 3176 ad
976 3122 1145 3179 Deum
1179 3139 1193 3179 :
1233 3124 1295 3181 Si
1322 3128 1545 3183 oraverit
1586 3138 1769 3185 contra
1815 3131 2075 3186 civitatem

494 3224 655 3279 quam
717 3211 954 3282 elegisti,
1011 3225 1061 3269 et
1122 3216 1298 3288 templi
1355 3221 1495 3290 quod
1556 3221 1817 3291 redi/icavi
1877 3226 2076 3280 nomini

497 3309 589 3355 tuo
641 3302 694 3375 (Ι
735 3303 866 3360 Par.
913 3306 1030 3383 vi),
1057 3316 1112 3364 et
1154 3310 1382 3380 reliqua.
1444 3311 1597 3380 Quod
1638 3314 1822 3371 Daniel
1861 3329 2076 3386 quoque

495 3392 777 3461 propheta,
808 3404 865 3451 et
886 3397 1010 3453 talis
1037 3399 1089 3453 in
1118 3414 1226 3468 quo
1256 3403 1494 3472 suspicio
1526 3404 1669 3460 nulla
1706 3406 1884 3477 potuit
1915 3422 2073 3477 repe-

496 3484 611 3548 riri,
638 3484 835 3557 legitur
860 3486 1075 3544 fecisse.
1102 3490 1318 3562 Apertis
1344 3495 1489 3549 enim
1519 3487 1793 3555 fenestris‘
1807 3500 2073 3556 cmuaculi

495 3576 579 3630 sui
625 3587 817 3634 contra
857 3579 1214 3648 Hierusalem,
1274 3586 1447 3642 tribus
1497 3589 1708 3645 vicibus
1756 3591 1937 3651 oravit
1977 3608 2075 3663 per

497 3668 737 3738 singulos
765 3669 882 3726 dies
908 3670 1071 3741 (Dan.
1101 3674 1200 3745 vr).
1230 3675 1327 3731 llis
1350 3685 1405 3732 et
1447 3678 1568 3734 aliis
1597 3681 1859 3753 exemplis
1894 3682 2073 3739 edocti

496 3759 893 3829 cognoscimus,
908 3777 1022 3834 tuon
1046 3778 1261 3821 errasse
1289 3767 1410 3824 illos
1446 3769 1531 3824 vel
1564 3786 1770 3836 errare,
1803 3773 1895 3842 qui
1930 3780 2072 3830 tem-

494 3846 600 3916 plis
642 3850 728 3905 vel
772 3852 985 3919 noviter
1028 3855 1140 3911 Deo
1182 3860 1531 3925 construmis,
1579 3862 1664 3917 vel
1703 3863 1771 3918 ab
1809 3864 2071 3921 idolorum

493 3940 743 4010 squalore
770 3943 1044 4000 mundatis
1081 3957 1303 4018 propter
1337 3950 1575 4022 aliquam
1601 3952 1847 4010 locorum
1868 3970 2069 4027 opport-

493 4034 806 4103 tu'nitatem,
850 4037 907 4092 in
954 4038 1200 4096 diversas
1233 4042 1418 4116 plagas
1461 4046 1653 4102 altaria
1702 4056 2015 4107 statuerunt
2051 4072 2065 4108 :

491 4124 619 4192 quia
645 4141 754 4181 non
785 4135 871 4182 est
888 4126 1060 4196 locus,
1084 4130 1177 4185 ubi
1207 4148 1312 4187 non
1340 4135 1412 4189 sit
1431 4135 1588 4191 Deus.
1605 4135 1899 4199 Verissima
1922 4140 2065 4195 enim
2087 4194 2093 4199 .

492 4211 757 4270 relatione
781 4216 1088 4283 didicimus,
1115 4219 1170 4273 in
1205 4220 1443 4278 Ecclesia
1474 4239 1636 4294 quam
1678 4228 1818 4297 apud
1864 4228 2065 4286 Alliam

490 4302 881 4360 Constantinus
911 4306 1204 4377 imperator
1243 4326 1367 4365 cum
1420 4322 1595 4369 matre
1633 4313 1855 4385 Helena,
1904 4335 2081 4391 super,

490 4394 796 4463 sepulcrum
826 4398 1039 4454 Domini
1070 4401 1224 4455 mine
1245 4402 1707 4472 magnitudinisin
1739 4410 2071 4481 rotunditate

489 4487 772 4544 constituit
798 4507 812 4544 :
839 4489 1089 4561 idemque
1113 4491 1299 4548 Romae
1326 4493 1379 4548 in
1410 4496 1628 4567 templo,
1660 4499 1801 4569 quod
1832 4502 1900 4556 ab
1924 4504 2065 4558 anti-

488 4576 611 4645 quis
630 4574 906 4635 Pantheon
926 4580 1154 4647 dictum,
1195 4597 1225 4636 a
1253 4582 1412 4639 beato
1439 4586 1716 4643 Bonifacio
1749 4604 1907 4661 papa,
1941 4607 2065 4664 per-

490 4668 741 4725 mittente
780 4669 924 4727 Foca
979 4672 1342 4744 imperatore,
1389 4678 1443 4733 iu
1501 4681 1765 4738 honorem
1822 4686 2061 4742 omnium

487 4766 799 4815 sanctorum
854 4773 1229 4822 consecratum
1276 4777 1389 4837 est,
1444 4771 1498 4826 in
1551 4772 1795 4841 Ecclesia
1847 4792 2062 4849 quoque

486 4849 629 4904 beati
653 4850 799 4906 Petri
818 4853 1081 4925 principis
1102 4859 1489 4929 apostolorum,
1511 4863 1701 4920 altaria
1723 4882 1827 4922 non
1853 4876 2060 4926 tantum

484 4939 553 4994 ad
574 4941 860 5011 orientem,
884 4946 979 5001 sed
997 4947 1160 5003 etiam
1182 4950 1235 5004 in
1257 4951 1390 5008 alias
1411 4962 1595 5023 partes
1609 4971 1728 5011 esse
1751 4957 2059 5016 distributa.

485 5028 611 5085 lltec
648 5046 770 5087 cum
816 5036 1113 5094 secundum
1165 5038 1497 5101 voluntatem
1549 5045 1632 5102 vel
1680 5050 2064 5107 necessitatem

484 5119 688 5177 fuerint
723 5124 798 5178 ita
830 5123 1116 5197 disposita,
1159 5129 1467 5203 improbare
1508 5151 1615 5192 non
1638 5139 1923 5197 audemus.
1954 5142 2059 5199 Sed

485 5222 664 5268 tamen
694 5230 825 5271 usus
862 5216 1204 5289 frequentior
1247 5224 1567 5295 (secundum
1612 5231 1757 5300 quod
1793 5240 1849 5287 et
1894 5248 2057 5305 supra

484 5306 928 5381 memoravimus)
955 5317 1009 5366 et
1053 5313 1248 5369 rationi
1284 5317 1514 5374 vicinior
1529 5320 1694 5376 habet
1712 5322 1767 5377 in
1790 5323 2055 5380 orientem

478 5402 698 5451 orantes
720 5399 984 5466 converti,
1010 5410 1064 5456 et
1084 5402 1446 5473 pluralitatem
1473 5410 1775 5467 animarum
1805 5412 1940 5487 (Sic)
1968 5430 2055 5469 ec-

480 5482 769 5541 clesiarum
803 5504 870 5544 eo
896 5499 1083 5545 tenore
1124 5497 1398 5552 constitui.
1427 5497 1790 5573 Unusquisque
1819 5505 1871 5558 in
1901 5522 2055 5560 sensu

479 5589 575 5627 suo
605 5575 851 5632 abundet.
886 5578 1057 5651 Prope
1100 5594 1175 5637 est
1228 5585 1483 5644 Dominus
1520 5593 1758 5648 omnibus
1812 5595 2056 5649 invocan-

480 5662 617 5723 tibus
659 5683 774 5721 cum
829 5670 882 5724 in
927 5673 1168 5740 reritatc,
1215 5685 1260 5729 et
1310 5677 1458 5751 longe
1506 5699 1537 5735 a
1565 5684 1922 5753 peccatoribus
1969 5702 2056 5742 sa-

2185 1835 2353 1902 horte,
2384 1837 2581 1908 quibus
2610 1838 2666 1893 in
2700 1839 2860 1897 domo
2900 1838 2994 1904 Dei
3027 1852 3228 1900 statuta
3267 1846 3631 1908 celebrantur
3657 1852 3765 1909 oili-

2184 1926 2267 1982 cia
2299 1942 2315 1982 :
2348 1929 2414 1984 de
2441 1930 2543 1995 his,
2599 1931 2842 2000 inquam,
2873 1933 2964 1990 hic
3004 1935 3290 1994 dicendum
3339 1943 3592 2009 videtur,
3635 1947 3785 2015 quod.

2181 2030 2369 2073 eorum
2412 2033 2544 2074 usus
2589 2022 2875 2078 nonadeo
2903 2026 3045 2096 apud
3088 2029 3341 2101 antiquos
3375 2032 3611 2090 habitus
3649 2052 3767 2107 pro

2181 2105 2326 2160 ditur
2352 2126 2367 2162 :
2391 2109 2519 2178 quia
2546 2125 2645 2166 nec
2672 2119 2780 2165 tam
2808 2113 3086 2184 multiplex
3108 2121 3248 2191 apud
3272 2136 3373 2177 eos
3396 2105 3783 2193 conventum,

2181 2197 2493 2265 assiduitas,
2515 2207 2575 2253 ut
2597 2200 2758 2256 modo
2783 2211 2888 2269 est,
2915 2195 3236 2265 habebatur.
3264 2211 3425 2284 Apud
3455 2215 3602 2272 alios
3631 2220 3761 2274 enim

2178 2288 2392 2345 devotio
2415 2290 2529 2346 sola
2559 2293 2787 2363 cogebat
2824 2297 2893 2351 ad
2937 2307 3171 2359 statutas
3196 2303 3364 2362 horas
3410 2324 3757 2368 concurrere.

2178 2378 2284 2435 Alii
2344 2384 2879 2453 pronuntiationibus
2946 2391 3176 2460 publicis
3232 2396 3654 2468 invitabantur,
3714 2414 3761 2458 et

2180 2469 2235 2524 in
2264 2487 2369 2526 una
2401 2472 2745 2532 solemnitate
2773 2480 3020 2549 proxime
3048 2482 3258 2541 futuras
3278 2487 3599 2548 discebant.
3620 2496 3760 2564 Apud

2178 2563 2441 2631 quosdam
2466 2565 2687 2633 tabulis,
2715 2570 2855 2639 apud
2876 2572 3162 2630 nonnullos
3184 2578 3446 2635 cornibus
3478 2583 3631 2638 bona:
3650 2563 3759 2654 pro-

2179 2651 2463 2709 debantur.
2497 2654 2762 2712 Vasorum
2804 2669 3008 2729 autem,
3039 2663 3105 2720 de
3144 2667 3342 2736 quibus
3383 2685 3580 2726 sermo
3620 2651 3758 2729 ortus

2178 2753 2282 2810 est,
2325 2747 2701 2819 usumprimo
2747 2751 2888 2821 apud
2935 2751 3095 2811 Italos
3136 2756 3413 2813 adimant
3459 2762 3754 2819 inventum.

2178 2830 2333 2889 Unde
2371 2842 2426 2890 et
2483 2851 2514 2889 a
2555 2836 2869 2908 Campania,
2928 2855 3052 2912 quae
3094 2853 3179 2900 est
3231 2847 3403 2903 Italia:
3459 2853 3751 2920 provincia,

2177 2925 2365 2980 eadem
2406 2942 2534 2983 vasa
2595 2928 2798 2998 majora
2847 2930 3065 3001 quidem
3122 2928 3398 3005 campana:
3447 2942 3750 2996 dicuntur:

2179 3015 2395 3071 minora
2418 3033 2570 3084 vero,
2602 3034 2722 3088 quae
2750 3027 2806 3075 et
2834 3037 2865 3075 a
2909 3037 3043 3080 sono
3083 3026 3450 3084 tintinnabula
3477 3041 3751 3097 vocantur,

2105 3100 2149 3160 C
2182 3106 2330 3160 uolas
2354 3108 2645 3178 appellant,
2671 3124 2700 3163 a
2730 3109 2862 3173 Nola
2888 3112 3129 3183 ejusdem
3160 3118 3384 3174 civitate
3428 3120 3751 3194 Campania,

2176 3194 2267 3248 ubi
2292 3198 2480 3252 eadem
2507 3213 2633 3253 vasa
2676 3202 2852 3271 primo
2888 3213 3014 3259 sunt
3040 3218 3425 3264 commentata.
3460 3210 3601 3279 Quia
3641 3230 3753 3271 vero

2176 3287 2333 3345 tubas
2359 3300 2601 3349 tereaset
2630 3302 2916 3363 argenteas
2947 3296 3000 3350 in
3029 3297 3145 3371 lege
3175 3301 3441 3359 habemus
3470 3304 3664 3377 (Nam.
3682 3308 3751 3378 ι),

2174 3390 2230 3435 et
2262 3381 2524 3452 propheta
2554 3386 2708 3453 quasi
2758 3387 2885 3444 tuba
2936 3406 3122 3446 vocem
3146 3395 3555 3463 praedicationis
3579 3400 3752 3453 exsul-

2175 3479 2292 3527 tare
2308 3470 2464 3543 jubet
2508 3473 2639 3543 (Isa.
2692 3478 2851 3550 vui):
2881 3496 3117 3553 congrue
3153 3485 3238 3539 his
3280 3487 3430 3542 vasis
3470 3490 3679 3545 utimur
3703 3493 3751 3545 in

2172 3564 2560 3620 convocatione
2590 3566 2942 3643 ﬁdelium,qut
2982 3574 3294 3642 praedicatio
3326 3586 3521 3634 nostra
3559 3581 3613 3635 in
3653 3581 3751 3636 Ec-

2173 3651 2362 3722 clesia,
2391 3670 2528 3728 pura
2558 3657 2611 3712 in
2637 3668 2885 3730 argento,
2908 3663 2965 3717 in
2990 3679 3099 3719 tere
3123 3667 3465 3738 significetur
3498 3672 3752 3730 durabilis

2171 3751 2226 3799 et
2249 3760 2465 3813 sonora,
2493 3747 2547 3802 id
2572 3756 2657 3805 est
2694 3761 2752 3806 ut
2790 3768 2890 3809 nec
2919 3754 3175 3812 haeretica
3208 3758 3445 3815 foedetur
3487 3762 3751 3835 rubigine.

2170 3850 2269 3891 nec
2312 3837 2651 3909 negligentiae
2692 3841 2925 3911 lassatur
2964 3848 3316 3925 pigritudine,
3346 3924 3349 3925 ν
3376 3869 3482 3913 nec
3523 3857 3753 3913 humana

2169 3928 2539 3999 supprimatur
2558 3930 2867 3991 formidine.
3344 3924 3351 3931 ’

2222 4128 2502 4205 Expositio
2559 4137 2848 4212 nominant,
2880 4144 3252 4212 quorumdam,
3297 4150 3470 4205 sacris
3517 4154 3669 4208 rebus

2755 4209 3134 4280 adjacentium.

2236 4309 2364 4376 Haec
2394 4330 2426 4369 a
2472 4317 2648 4383 nobis,
2676 4327 2738 4375 ut
2769 4322 3065 4393 potuimus,
3116 4327 3262 4384 dicta
3314 4340 3443 4387 sunt
3469 4352 3484 4387 :
3517 4352 3662 4393 nunc
3686 4340 3749 4394 de

2166 4408 2492 4477 nominibus,
2524 4427 2646 4481 qua:
2689 4414 2821 4484 ipsis
2859 4419 3028 4475 sacris
3062 4420 3196 4478 locis
3219 4422 3304 4479 vel
3331 4427 3604 4498 aediﬁciis,
3646 4448 3745 4487 non

2169 4495 2412 4567 fortuito,
2448 4503 2542 4557 sed
2562 4504 2955 4563 rationabiliter
2982 4510 3232 4587 imposita
3260 4524 3389 4570 sunt
3408 4495 3748 4586 pauca-dica-

2170 4604 2315 4657 mus,
2344 4597 2404 4647 ut
2446 4590 2637 4663 lector,
2665 4596 2792 4652 dum
2828 4615 3023 4665 causas
3062 4604 3417 4664 aediﬁciorum
3445 4620 3509 4667 et
3531 4614 3747 4669 exordia

2168 4678 2437 4747 didicerit,
2481 4697 2580 4738 cur
2602 4684 2767 4740 etiam
2799 4688 2871 4748 ita
2896 4690 2983 4745 vel
3007 4692 3086 4747 ita
3111 4694 3254 4755 dicta
3296 4696 3409 4752 sint
3446 4702 3626 4770 possit
3655 4704 3744 4759 διι-

2165 4779 2398 4827 vertere.
2428 4771 2671 4830 Ecclesia
2699 4777 2918 4848 quidem
2944 4779 3193 4839 Grtncum
3218 4801 3416 4853 nomen
3443 4799 3555 4859 est,
3582 4802 3639 4849 et
3670 4794 3747 4849 iu-

2167 4869 2499 4932 terpretatur
2542 4870 2855 4939 convocatio,
2892 4872 2978 4928 vel
3024 4886 3302 4935 conventus
3330 4894 3349 4932 :
3392 4898 3522 4938 cum
3557 4886 3629 4941 sit
3665 4886 3747 4941 vel

2164 4951 2432 5023 generalis
2460 4969 2777 5014 sanctorum
2812 4961 3013 5030 unitas,
3038 4964 3091 5020 in
3120 4982 3226 5022 una
3248 4968 3356 5025 ﬁde
3379 4980 3438 5026 et
3460 4974 3748 5033 dilectione

2129 5046 2473 5137 ‘conjuncta,
2499 5050 2653 5108 unde.
2690 5070 2798 5109 una
2837 5064 2892 5112 et
2917 5058 3181 5115 catholica
3222 5061 3424 5119 dicitur
3453 5065 3696 5124 Ecclesia
3730 5089 3743 5122 :

2161 5135 2246 5191 vel
2292 5138 2629 5211 singulorum
2680 5145 2913 5204 societas
2959 5140 3147 5204 sancta
3191 5150 3457 5219 locorum,
3504 5158 3648 5213 unde
3693 5169 3749 5213 et

2161 5227 2341 5303 multae
2368 5231 2623 5289 dicuntur
2651 5236 2923 5297 Ecclesiae.
2956 5239 3158 5296 Tamen
3197 5245 3358 5298 etiam
3386 5246 3503 5316 ipsa
3534 5250 3747 5313 domus.

2160 5318 2214 5374 in
2246 5336 2351 5392 qua
2374 5324 2444 5379 ad
2473 5326 2655 5384 divina
2686 5330 2771 5386 vel
2810 5332 3062 5389 discenda
3098 5335 3182 5391 vel
3216 5336 3567 5403 celebranda,
3616 5356 3749 5395 con-

2160 5414 2307 5469 venit
2355 5416 2643 5474 multitudo
2700 5421 2961 5487 ﬁdelium,
3013 5426 3240 5481 ecclesia
3293 5438 3519 5483 vocatur
3552 5447 3567 5482 :
3599 5445 3629 5483 a
3686 5446 3750 5485 re

2161 5520 2281 5574 qua:
2306 5509 2377 5563 ibi
2406 5510 2636 5581 geritur.
2668 5513 2797 5571 illud
2828 5516 3147 5577 vocabulum
3177 5528 3504 5576 mutilamus.
3538 5521 3745 5576 Horum

2160 5599 2401 5669 exempla
2462 5601 2749 5671 Apostolus
2793 5604 3050 5669 insinuat,
3097 5607 3284 5663 dictus
3313 5628 3326 5662 :
3357 5609 3430 5664 Ut
3478 5611 3745 5665 exhiberet

2159 5689 2257 5744 sibi
2282 5690 2565 5756 gloriosam
2594 5692 2903 5763 Ecclesium,
2937 5714 3037 5752 non
3062 5698 3330 5756 [rubentem
3352 5702 3613 5757 maculam
3650 5717 3745 5754 ne-
