3948 6328
173 335 276 394 925

1346 341 1434 396 DE
1472 339 1698 397 REBUS
1736 335 2304 396 ECCLESIASTICIS.

3334 337 3442 395 926

175 469 272 524 que
302 469 485 524 rugam
516 454 732 526 (Ephes.
763 454 850 520 v);
879 463 953 519 et,
983 454 1128 509 Sicut
1159 451 1212 508 in
1239 456 1476 508 omnibus
1507 454 1756 509 Ecclesiis
1788 459 1832 514 Α
1863 451 2126 506 funditate
2149 452 2399 522 abrupta,
2431 453 2571 508 sicut
2609 461 2662 508 et
2701 452 3002 522 crepidines
3029 453 3256 511 dicimus
3281 454 3441 512 abru-

177 556 474 602 sanctorum
503 547 661 601 doceo
691 547 744 617 (1
767 547 890 602 Cor.
924 551 1020 617 tv).
1049 546 1137 612 Et,
1173 547 1420 601 Mulieres
1444 548 1498 600 in
1524 547 1760 601 Ecclesia

179 645 382 690 taceant
415 634 468 706 (Ι
501 635 655 690 Tim.
683 638 771 706 ιι),
808 647 864 693 et
894 637 1059 692 multa
1091 638 1176 692 his
1202 637 1414 691 similia.
1463 637 1763 706 Unusquis-

181 743 287 798 que
314 728 477 783 etiam
506 729 826 794 electorum,
850 729 1039 782 domus
1068 738 1114 781 et
1144 727 1391 797 templum
1413 726 1511 780 Dei
1541 727 1759 791 dicitur,

180 820 321 873 sicut
351 817 638 888 Apostolus
665 829 721 874 et
759 819 812 873 in
865 835 962 874 suo
1002 828 1057 873 et
1103 818 1416 886 prophetico
1475 816 1764 870 confirmat

179 910 426 980 exemplo
450 929 466 964 :
501 909 788 982 Templum,
819 911 1090 981 inquiens,
1112 909 1210 962 Dei
1239 920 1475 962 sanctum
1502 918 1599 973 est,
1624 908 1763 979 quod

181 1003 304 1056 estis
331 1019 421 1056 vos
451 1001 502 1073 (I
529 1002 650 1056 Cor.
678 1003 797 1073 tu):
825 1003 957 1056 sicut
992 1002 1117 1055 dicit
1134 1001 1412 1066 Dominus,
1450 1001 1574 1071 quia
1608 1001 1764 1053 iulia-

183 1093 356 1147 bitabo
384 1096 440 1149 in
470 1095 609 1151 vobis
637 1094 719 1165 (II
764 1092 889 1148 Cor.
933 1094 1033 1164 vl),
1061 1104 1115 1148 et
1159 1093 1384 1162 reliqua.
1421 1094 1485 1150 Et
1515 1093 1710 1148 Petrus
1747 1112 1760 1147 :

136 1226 141 1232 .
190 1181 294 1244 Vos
320 1184 779 1256 tanquamlapides
801 1186 920 1250 vivi,
937 1185 1430 1255 superwdiﬁcamini
1451 1186 1634 1238 domus
1662 1187 1768 1254 spi-

182 1275 313 1331 tales
341 1274 394 1348 (I
425 1273 570 1330 Petr.
596 1278 676 1347 ιι),
710 1287 765 1332 et
801 1277 1026 1348 reliqua.
1058 1276 1211 1331 Sicut
1236 1292 1366 1346 ergo
1404 1277 1458 1332 in
1483 1277 1762 1344 Ecclesia,

183 1367 264 1423 sic
293 1365 474 1421 multa:
505 1366 695 1422 domus
725 1373 779 1422 et
808 1367 1010 1438 templa
1060 1367 1114 1422 in
1146 1368 1306 1422 domo
1345 1365 1441 1423 Dei
1470 1376 1527 1423 et
1571 1369 1768 1437 templo

183 1457 514 1514 conveniunt
545 1475 558 1511 :
597 1457 784 1512 domus
809 1467 989 1513 autem
1013 1457 1157 1512 dicta
1185 1465 1270 1512 est
1297 1473 1326 1511 a
1353 1458 1592 1524 domate,
1624 1459 1765 1528 quod

181 1548 372 1604 Graece
395 1557 596 1604 tectum
630 1557 877 1604 vocatur.
914 1549 1126 1604 Dicitur
1161 1551 1326 1602 etiam
1357 1547 1571 1614 domus,
1613 1549 1768 1603 fami-

182 1638 267 1693 liae
300 1639 465 1694 totius
493 1639 594 1693 sub
641 1656 750 1696 uno
779 1649 925 1696 tecto
973 1641 1368 1696 commorantis
1408 1641 1764 1706 consortium,

181 1728 325 1783 sicut
347 1729 476 1783 urbs
520 1729 682 1784 totius
727 1731 910 1800 populi
961 1740 1015 1788 et
1056 1731 1207 1787 orbis
1231 1729 1397 1786 totius
1423 1729 1637 1801 generis
1661 1730 1764 1785 hu-

183 1821 333 1876 mani
367 1831 449 1876 est
478 1821 828 1877 domicilium.

255 1910 526 1980 Templum
555 1921 639 1967 est
665 1913 866 1968 dictum
897 1913 1050 1983 quasi
1087 1921 1290 1969 tectum
1325 1913 1582 1983 amplum.
1607 1913 1770 1970 Unde

181 2016 240 2060 et
263 2002 739 2058 cxcellentioribus
778 2004 1020 2059 aediliciis
1071 2003 1174 2059 hoc
1223 2004 1472 2075 congruit
1510 2019 1708 2059 nomen
1752 2023 1764 2058 ε

182 2100 326 2154 sicut
349 2114 442 2153 rex
471 2097 726 2154 Salomon
750 2099 1188 2170 sapientissimus
1209 2100 1262 2154 in
1286 2098 1432 2170 regia
1456 2100 1606 2164 urbe,
1643 2106 1771 2153 tem-

180 2190 330 2262 plum
364 2205 379 2244 :
416 2190 624 2261 Moyses
651 2205 782 2246 vero
814 2191 870 2252 in
901 2191 1098 2246 itinere
1139 2191 1340 2246 dicitur
1363 2187 1770 2244 tabernaculum

182 2279 511 2337 condidisse.
537 2280 749 2335 Dictum
781 2289 863 2335 est
887 2288 1065 2334 autem
1092 2278 1487 2333 tabernaculum
1517 2293 1550 2332 a
1571 2277 1769 2334 tabulis

182 2380 242 2427 et
266 2371 512 2436 cortinis,
554 2386 620 2425 eo
659 2371 802 2441 quod
843 2369 1257 2424 interstantibus
1292 2367 1511 2433 tabulis,
1549 2367 1771 2422 cortinae

184 2462 420 2531 desuper
465 2461 835 2516 tenderentur.
902 2459 1055 2515 Unde
1106 2469 1162 2514 et
1210 2458 1441 2512 militum
1496 2459 1726 2513 tentoria
1755 2498 1770 2523 ,

184 2553 385 2627 quibus
408 2552 464 2606 in
494 2552 690 2606 itinere
719 2551 850 2606 solis
877 2552 1121 2614 ardores,
1144 2557 1495 2617 tempestates
1517 2547 1771 2603 imbrium

184 2641 519 2714 frigorisque
570 2644 798 2715 injurias
844 2643 1051 2708 vitant,
1095 2641 1445 2696 tabernacula
1497 2642 1769 2697 dicuntur.

184 2732 360 2789 dides
395 2743 450 2789 et
479 2734 706 2789 arditicia
729 2734 798 2789 ab
819 2735 1026 2790 edendo
1052 2740 1244 2802 putant
1275 2733 1439 2796 dicta,
1476 2732 1631 2803 quasi
1659 2731 1773 2804 pri-

185 2825 360 2882 mitus
389 2826 458 2880 ad
478 2825 745 2879 edendum
773 2825 933 2879 facta.
965 2825 1116 2880 Unde
1138 2823 1360 2879 Plautus
1394 2822 1528 2878 dicit
1561 2840 1575 2877 :

346 2925 396 2988 Si
423 2937 670 2974 vocassem
696 2935 778 2972 vos
804 2925 850 2972 in
874 2925 1031 2974 aedem
1057 2924 1115 2972 ad
1141 2923 1414 2986 prandium.

187 3009 382 3069 Potest
433 3008 578 3062 enim
645 3007 761 3062 ficri
823 3015 884 3061 ut
928 3009 1073 3062 aedes
1119 3008 1185 3061 ad
1241 3005 1508 3062 edendum
1559 3005 1617 3059 in
1664 3004 1772 3070 eis,

189 3100 338 3169 sicut
369 3097 648 3153 coanacula
691 3097 758 3156 ad
785 3097 1130 3176 cmnandum,
1168 3097 1342 3167 primo
1384 3097 1495 3152 sint
1533 3093 1694 3161 facta,
1722 3102 1779 3149 et

186 3201 382 3264 postea
409 3191 568 3264 longo
594 3209 695 3247 usu
721 3193 774 3247 in
807 3191 951 3247 aliud
973 3199 1334 3246 verterentur.
1368 3187 1521 3244 Sicut
1548 3189 1778 3242 tabernae

185 3285 452 3356 primitus
490 3284 824 3354 plebeiorum
865 3282 1222 3349 domunculae,
1271 3281 1416 3352 quod
1460 3295 1556 3336 sex
1584 3279 1780 3334 tabulis

187 3378 389 3450 ligneis
431 3377 646 3442 tierent,
695 3377 1016 3433 dicebantur
1051 3392 1064 3430 :
1107 3376 1251 3431 unde
1283 3383 1338 3430 et
1374 3372 1779 3429 tabernaculum

188 3469 428 3525 derivari
456 3470 674 3540 quidam
706 3468 908 3523 volunt.
941 3466 1095 3523 Nunc
1134 3476 1316 3522 autem
1342 3480 1646 3536 cauponam
1674 3461 1779 3518 Ec-

189 3565 376 3622 clesiae
406 3564 485 3618 sic
513 3571 794 3618 vocantur.

269 3655 501 3710 Basilica
530 3655 738 3722 Gratce,
784 3653 973 3709 Latine
1006 3652 1203 3725 regalis
1242 3651 1326 3706 vel
1353 3651 1495 3721 regia
1525 3648 1725 3704 dicitur
1751 3661 1778 3700 a

190 3746 425 3810 basileo,
455 3745 507 3800 id
542 3753 788 3814 cstrcge.
816 3744 951 3800 Nam
974 3752 1028 3799 et
1043 3742 1342 3799 carnalium
1369 3755 1554 3811 regum
1585 3737 1783 3809 palatia

192 3840 275 3894 ita
302 3837 576 3903 dicuntur,
614 3837 754 3893 sicut
777 3837 1041 3908 scriptum
1069 3844 1153 3890 est
1182 3835 1248 3889 de
1272 3833 1468 3888 Esther
1494 3851 1506 3886 :
1540 3830 1695 3886 Stetit
1726 3831 1783 3884 in

193 3937 339 3990 atrio
370 3935 557 3988 domus
597 3933 774 4003 regite,
807 3931 946 4002 quod
977 3941 1086 3986 erat
1118 3929 1339 3983 interius
1379 3937 1562 3981 contra
1609 3923 1788 3978 basili-

193 4042 318 4081 cam
350 4027 481 4096 regis
512 4023 745 4095 (Esther.
779 4022 850 4092 v).
876 4021 1070 4075 Nostra
1107 4027 1288 4073 autetn
1313 4017 1504 4071 domus
1525 4013 1785 4068 orationis

198 4119 327 4174 ideo
350 4118 492 4188 regia
522 4115 738 4178 dicitur,
774 4114 898 4184 quia
930 4113 1061 4182 Regi
1102 4125 1288 4181 regum
1320 4108 1375 4162 in
1415 4122 1479 4162 ea
1530 4104 1784 4169 servitur,

197 4212 292 4267 vel
316 4210 438 4282 quia
472 4225 629 4280 reges
659 4217 713 4263 et
744 4207 1074 4269 sacerdotes,
1124 4204 1177 4258 id
1204 4210 1290 4257 est
1315 4199 1510 4256 summi
1562 4196 1704 4268 regis
1734 4204 1791 4251 et

198 4303 506 4362 sacerdotis
535 4302 800 4366 membra,
835 4299 927 4373 qui
965 4297 1198 4353 motibus
1220 4293 1464 4365 corporis
1489 4292 1787 4360 imperant,

198 4405 262 4452 et
287 4395 560 4467 spiritales
584 4395 793 4449 hostias
816 4391 1095 4448 immolant
1126 4391 1261 4454 Deo,
1299 4388 1370 4442 ibi
1402 4391 1791 4457 regenerantur

200 4503 276 4544 ex
304 4503 443 4558 aqua
473 4497 528 4542 et
551 4486 762 4557 spiritu,
796 4493 850 4538 et
891 4483 1111 4538 salutari
1162 4481 1478 4535 nutriuntur
1519 4474 1784 4531 doctrina.
1815 4510 1870 4571 Β

202 4583 408 4640 Absida
446 4579 658 4642 erce,
705 4576 895 4630 Latine
939 4574 1114 4628 lucida
1166 4571 1385 4635 dicitur,
1431 4567 1559 4638 quia
1607 4564 1790 4618 lumen

203 4682 490 4745 acceptum
521 4686 618 4742 per
648 4684 832 4723 arcum
865 4665 1195 4720 intromittit.
1239 4661 1452 4716 Exedra
1492 4665 1576 4713 est
1605 4653 1792 4745 absida

205 4744 479 4838 quasdam,
510 4770 755 4832 separata
787 4758 1056 4814 modicum
1085 4755 1300 4825 quidem
1323 4767 1353 4806 a
1372 4748 1570 4818 templo
1587 4744 1670 4800 vel
1693 4758 1793 4815 pa-

207 4859 364 4924 latio,
394 4865 450 4912 et
479 4855 621 4910 dicta
657 4853 799 4915 inde,
830 4851 972 4920 quod
1005 4855 1158 4903 extra
1190 4848 1394 4902 hmreat
1425 4861 1439 4897 :
1469 4841 1657 4896 Graece
1693 4852 1794 4892 au-

207 4963 322 5006 tem
351 4947 531 5019 cyclon
552 4953 794 5000 vocatur.
819 4942 981 4995 Aram
1005 4940 1224 5010 quidam
1245 4944 1491 4994 vocatam
1516 4934 1793 5003 dixerunt,

206 5040 358 5114 quod
388 5039 462 5095 ibi
492 5039 723 5092 incensae
745 5035 980 5089 victima:
1010 5032 1270 5086 arderent
1303 5048 1316 5083 :
1353 5029 1442 5083 alii
1466 5045 1495 5082 a
1527 5028 1795 5100 precatio-

211 5132 396 5197 nibus,
445 5144 579 5200 quas
620 5126 793 5181 Gneci
843 5139 965 5179 aras
995 5129 1211 5177 vocant.
1239 5119 1391 5176 Unde
1435 5126 1491 5172 et
1526 5118 1797 5188 impreca-

213 5227 391 5282 tiones
414 5225 434 5246 ‘
479 5231 670 5277 antara
703 5217 974 5272 dicuntur.
1010 5214 1188 5269 Altare
1233 5221 1412 5266 autem
1434 5253 1448 5273 ,
1479 5210 1635 5280 quasi
1679 5209 1800 5265 alta

213 5333 327 5372 arm
370 5314 701 5372 nominatur.
755 5309 1005 5364 Porticus
1048 5323 1078 5362 a
1126 5313 1305 5376 porta,
1334 5312 1394 5359 ut
1421 5303 1504 5358 vel
1548 5301 1692 5372 quod
1730 5301 1802 5357 sit

216 5417 409 5480 aperta
436 5405 654 5461 dicitur.
685 5401 766 5457 Ad
811 5401 915 5456 hoc
956 5399 1191 5454 maxime
1234 5397 1312 5462 lit,
1338 5403 1398 5450 ut
1431 5409 1528 5466 per
1563 5410 1682 5451 eam
1723 5394 1806 5449 in-

219 5509 396 5555 tretur
415 5507 471 5552 et
511 5502 839 5552 transealur.
883 5491 1248 5548 Cmmeterium
1292 5488 1682 5544 recubitorium
1721 5485 1805 5542 vel

224 5590 603 5646 dormitorium
632 5595 716 5644 est
741 5592 1104 5649 mortuorum,
1128 5583 1218 5653 qui
1242 5591 1303 5637 et
1330 5582 1453 5638 ideo
1475 5581 1544 5636 ab
1563 5579 1806 5636 Ecclesia

225 5681 558 5736 dormientes
581 5678 858 5742 dicuntur,
882 5675 1010 5745 quia
1037 5673 1396 5731 resurrecturi
1428 5689 1530 5728 non
1561 5672 1807 5728 dubitan-

231 5779 340 5828 tur.
369 5770 598 5842 Crypta',
631 5777 757 5826 sunt
800 5780 993 5839 specus
1030 5765 1393 5834 subterranei,
1420 5765 1576 5822 dict-.c
1621 5783 1647 5820 ιι
1680 5781 1805 5834 pro-

1861 553 1983 615 ptas
2027 544 2366 599 summitates
2406 546 2766 616 quorumlibet
2818 562 3128 618 corporum.
3179 548 3441 621 Martyria

1864 635 2196 688 vocabantur
2221 635 2492 701 Ecclesize,
2511 652 2629 706 qua:
2658 638 2710 690 in
2735 637 2940 692 honore
2971 638 3272 708 aliquorum
3296 657 3443 696 mar-

1862 734 2042 795 tyrum
2075 724 2292 778 fiebant.
2321 724 2562 792 Quorum
2594 727 2858 798 sepulcris
2881 740 2934 784 et
2971 729 3219 785 ecclesiis
3267 731 3444 787 honor

1863 834 2132 889 congruus
2155 818 2490 874 exhibendus
2516 819 2567 872 in
2596 821 2894 875 canonibus
2916 811 3366 889 decernitur.'Qui
3390 832 3446 879 et

1865 907 2014 972 loca,
2059 922 2178 976 qua:
2224 908 2324 961 sub
2369 907 2589 962 incertis
2619 910 2927 965 nominibus
2971 920 3025 964 et
3065 911 3330 981 reliquiis,
3361 912 3446 967 vel

1867 1007 1899 1052 t.
1925 1008 2073 1050 ntum
2102 1006 2439 1052 mortuorum
2470 1000 2828 1069 appellatione
2869 1012 3259 1056 construuntur
3300 1001 3446 1057 nullo

1867 1092 2072 1143 honore
2103 1089 2328 1144 colenda
2359 1091 2722 1148 constituunt.
2773 1092 2925 1159 Quod
2954 1094 3146 1148 beatus
3184 1093 3447 1148 Martinus

1866 1195 1920 1241 ct
1950 1185 2252 1240 Germanus
2296 1185 2622 1240 Parisiensis
2665 1185 2779 1240 suis
2805 1186 3056 1257 leguntur
3097 1187 3448 1242 confirmasse

1867 1277 2146 1346 exemplis.
2194 1276 2503 1332 Sacrarium
2551 1277 2768 1343 dicitur,
2805 1277 2931 1347 quia
2973 1277 3045 1332 ibi
3094 1293 3246 1333 sacra
3288 1293 3448 1348 repo-

1869 1379 2070 1424 nuntur
2094 1377 2150 1423 et
2199 1377 2503 1422 servantur.
2541 1367 2892 1439 Analpgium,
2933 1368 3077 1440 quod
3119 1369 3174 1422 in
3221 1383 3286 1424 eo
3326 1383 3451 1422 ver-

1867 1462 1994 1516 bum
2025 1459 2119 1514 Dei
2145 1459 2357 1530 legatur
2375 1467 2429 1514 et
2452 1459 2818 1512 annuntietur.
2855 1456 3023 1526 Logos
3063 1459 3206 1512 enim
3236 1455 3449 1522 Graece,

1868 1551 2080 1604 verbum
2105 1549 2187 1603 vel
2219 1550 2352 1602 ratio
2398 1549 2616 1604 dicitur.
2650 1547 2945 1619 Pulpitum,
2987 1548 3130 1619 quod
3161 1549 3230 1605 sit
3263 1551 3316 1604 in
3354 1564 3452 1618 pu-

1868 1641 2012 1697 blico
2039 1647 2321 1702 statutum,
2367 1647 2428 1693 ut
2452 1639 2546 1709 qui
2579 1639 2653 1694 ibi
2679 1647 2827 1693 stant
2854 1640 2920 1693 ab
2946 1638 3200 1694 omnibus
3233 1639 3454 1694 videan-

1871 1741 1976 1786 tur.
2023 1730 2218 1795 Ambo,
2275 1729 2344 1784 ab
2398 1729 2683 1784 ambiendo
2720 1728 2953 1795 dicitur,
2995 1729 3118 1798 quia
3158 1729 3453 1784 intrantem

1871 1822 2040 1876 ambit
2065 1831 2119 1876 et
2149 1819 2338 1891 cingit.
2380 1817 2615 1873 Cancelli
2659 1819 2909 1874 videntur
2947 1819 3071 1885 dici,
3112 1820 3238 1889 quia
3278 1824 3455 1874 mino-

1869 1915 2019 1969 ribus
2044 1911 2311 1967 columnis
2334 1910 2491 1965 tiunt.
2522 1910 2715 1966 Cancri
2741 1911 2886 1965 enim
2917 1922 3181 1966 vocantur
3220 1912 3456 1983 majores

1870 2007 2154 2070 columnae,
2188 2013 2242 2061 et
2265 2004 2500 2058 maxime
2525 2003 2746 2072 quadra:
2777 2020 2790 2056 :
2830 2002 2915 2057 vel
2943 2002 3169 2057 cancelli
3199 2003 3456 2059 dicuntur

1868 2115 1899 2154 a
1929 2098 2141 2161 cubito,
2171 2097 2264 2166 qui
2293 2096 2481 2151 Graece
2510 2111 2669 2149 aneos
2701 2094 2915 2148 dicitur.
2947 2093 3136 2149 Solent
3163 2095 3308 2150 enim
3331 2094 3453 2167 plu-

1819 2213 1828 2228 κ
1871 2191 1992 2246 rimi
2026 2204 2130 2244 non
2160 2187 2319 2242 altius
2346 2187 2608 2252 construi,
2652 2202 2814 2257 quam
2859 2195 2920 2241 ut
2959 2193 3166 2242 stantes
3218 2187 3454 2259 desuper

1870 2284 2031 2338 inniti
2055 2282 2259 2337 'cubitis
2289 2281 2518 2351 possint.
2551 2277 2746 2334 Ianua:
2777 2295 2807 2333 a
2833 2278 2971 2335 Jano
3001 2281 3235 2350 quodam
3275 2280 3452 2346 dieue,

1871 2375 1958 2430 cui
1987 2374 2216 2444 gentiles
2243 2386 2460 2426 omnem
2509 2372 2790 2426 introitum
2825 2380 2880 2426 et
2920 2373 3123 2426 exitum
3172 2387 3458 2427 consecra-

1871 2473 2018 2520 runt.
2071 2461 2222 2517 Ostia
2269 2461 2337 2515 ab
2384 2460 2650 2515 obstando
2685 2468 2838 2514 extra
2883 2461 3094 2528 positis,
3145 2460 3230 2515 vel
3275 2469 3458 2516 osten-

1873 2556 2046 2612 dendo
2065 2553 2267 2607 aditum
2281 2560 2560 2606 vocantur.
2583 2548 2753 2605 Vulva:
2765 2565 2796 2604 a
2809 2550 3093 2605 volvendo.
3112 2549 3296 2617 Fores,
3314 2553 3458 2622 quod

1874 2648 2178 2704 forinsecus
2207 2645 2314 2700 sint
2333 2643 2543 2714 positze.
2565 2639 2763 2709 Portce,
2794 2642 2918 2712 quia
2933 2656 3029 2712 per
3051 2657 3144 2697 eas
3175 2651 3459 2712 portantur

1877 2753 2105 2814 quaeque
2131 2748 2186 2794 et
2207 2737 2478 2791 feruntur.
2505 2735 2644 2789 Sunt
2665 2744 2842 2788 autem
2857 2732 3038 2802 januaa
3061 2734 3278 2803 proprie
3297 2733 3459 2804 primi

1876 2842 2154 2910 ingressus
2176 2835 2232 2890 in
2255 2835 2494 2899 domum,
2518 2833 2656 2888 ostia
2687 2833 2828 2888 intra
2845 2830 3068 2900 januam
3093 2831 3272 2886 aditus
3295 2829 3363 2884 ad
3382 2828 3461 2883 lo-

1876 2918 2193 3002 caquaelibet
2225 2944 2238 2980 :
2277 2924 2473 2992 Valete,
2502 2941 2621 2995 quae
2648 2925 2790 2979 intro
2817 2923 3127 2987 volvuntur,
3155 2922 3210 2976 id
3231 2928 3314 2976 est
3335 2935 3460 2974 ver-

1877 3033 2064 3078 tuntur
2094 3029 2148 3076 et
2171 3019 2566 3090 complicantur
2586 3017 2726 3072 sicut
2755 3015 2902 3072 fores
2925 3031 3046 3084 qua:
3074 3013 3218 3068 foras
3243 3021 3464 3069 vertun-

1805 3151 1850 3214 C
1883 3123 1989 3172 tur.
2024 3113 2200 3168 Porta:
2230 3119 2411 3167 autem
2461 3109 2681 3179 proprie
2710 3115 2835 3162 sunt
2877 3121 3157 3161 murorum
3197 3113 3252 3160 et
3298 3103 3466 3159 atrio-

1885 3220 2026 3262 rum.
2058 3201 2281 3257 Camera
2325 3199 2524 3255 dicitur
2555 3213 2586 3252 a
2629 3196 2913 3259 curvitate,
2945 3210 3064 3266 qua:
3108 3194 3247 3249 solet
3281 3193 3338 3248 in
3380 3193 3469 3248 his

1884 3294 2129 3365 aediliciis
2155 3292 2272 3348 fieri
2293 3331 2307 3358 ,
2349 3306 2468 3360 quae
2497 3287 2832 3345 cmmentitio
2859 3300 3024 3356 opere
3063 3284 3294 3354 desuper
3338 3298 3470 3339 con-

1884 3389 2192 3446 cluduntur.
2213 3382 2342 3439 Harc
2364 3383 2529 3437 etiam
2557 3396 2588 3436 a
2610 3379 2950 3435 concavitate
2979 3376 3267 3447 superiori,
3300 3375 3369 3430 ad
3396 3375 3472 3430 si-

1885 3479 2240 3538 militudinem
2277 3475 2521 3548 ejusdem
2563 3472 2832 3538 animalis,
2882 3474 3092 3527 testudo
3135 3469 3469 3524 nominatur.

1883 3571 2074 3627 Graece
2126 3568 2270 3623 enim
2301 3569 2318 3586 ‘
2353 3581 2601 3635 camyron
2645 3578 2870 3620 curvum
2915 3561 3137 3618 dicitur.
3172 3557 3473 3633 Lacunaria

1887 3661 1972 3718 vel
1993 3659 2265 3731 laquearia
2293 3657 2582 3730 pendentia
2609 3667 2735 3711 sunt
2766 3655 3088 3724 templorum
3132 3662 3470 3718 ornamenta,

1887 3754 2012 3831 inde
2041 3752 2207 3818 dicta,
2243 3750 2388 3821 quod
2418 3749 2634 3804 luceant
2659 3749 2712 3802 in
2737 3764 2882 3803 aere.
2921 3746 3058 3816 Quia
3094 3761 3224 3800 vero
3255 3745 3474 3818 longum

1887 3859 1974 3907 est
2028 3847 2266 3919 singulas
2337 3861 2620 3900 sacrarum
2671 3845 2866 3899 aedium
2920 3853 3104 3913 partes
3155 3842 3476 3914 exponendo

1890 3953 2231 4013 percurrere,
2251 3937 2534 4006 multiplex
2559 3945 2642 3991 est
2678 3937 2732 3990 in
2777 3936 2880 3999 eis,
2905 3950 3059 4004 teque
3094 3942 3154 3987 ut
3179 3935 3233 3988 in
3265 3933 3479 3988 caeteris

1892 4029 2208 4094 structuris,
2239 4028 2516 4083 nominum
2543 4037 2597 4081 et
2627 4026 2929 4095 specierum
2959 4024 3245 4079 diversitas
3281 4038 3295 4076 :
3326 4019 3474 4077 solli-

1892 4124 2039 4180 ciant
2067 4123 2185 4177 haec
2214 4121 2279 4175 de
2322 4119 2774 4174 eminentioribus
2813 4132 3000 4172 earum
3030 4115 3273 4186 partibus
3312 4114 3476 4169 dicta.

1890 4215 1975 4271 Ad
2003 4222 2200 4270 caetera
2231 4226 2352 4282 quae
2395 4220 2620 4274 restant,
2658 4226 2756 4281 per
2801 4211 2916 4264 haec
2951 4210 3101 4281 signa
3137 4208 3482 4278 ingressuum

1895 4305 2109 4362 facilior
2137 4304 2396 4361 studiosis
2422 4303 2631 4374 patebit
2657 4303 2934 4358 introitus.

2505 4415 2732 4494 CAPUT
2772 4437 2878 4492 vn.

2071 4555 2347 4624 Quomodo
2379 4552 2646 4608 Theotisce
2677 4553 2865 4606 domus
2897 4551 2995 4605 Dei
3019 4552 3244 4604 dicatur.

1969 4671 2155 4726 Dicam
2178 4676 2356 4723 tamen
2379 4667 2544 4722 etiam
2577 4664 2871 4720 secundum
2901 4672 3144 4717 nostram
3172 4659 3482 4717 barbariem

1897 4777 2017 4833 quae
2060 4768 2146 4815 est
2198 4758 2491 4821 Theotisca,
2526 4771 2633 4826 quo
2682 4754 2899 4810 nomine
2941 4753 3130 4807 eadem
3173 4752 3364 4807 domus
3389 4750 3486 4807 Dei

1901 4849 2501 4925 appellatur:ridiculo
2556 4847 2774 4902 futurus
2828 4845 3057 4906 Latinis,
3109 4843 3152 4898 si
3207 4842 3296 4912 qui
3347 4841 3490 4898 forte

1899 4945 2016 5000 haec
2044 4943 2297 5015 legerint,
2338 4940 2431 5011 qui
2475 4937 2642 4993 velint
2683 4935 2961 4990 simiarum
3006 4932 3266 4988 informes
3305 4940 3489 4998 natos,

1905 5037 2050 5092 inter
2077 5042 2430 5106 angustorum
2461 5031 2659 5084 liberos
2699 5036 3030 5097 computare.
3064 5023 3278 5079 Scimus
3311 5032 3493 5078 tamen

1903 5139 1961 5182 et
2006 5125 2282 5181 Salomoni
2319 5122 2434 5194 (qui
2493 5121 2546 5176 in
2593 5119 2778 5174 multis
2841 5127 3024 5188 typum
3071 5115 3238 5187 gessit
3277 5112 3491 5168 Domini

1908 5215 2241 5285 Salvatoris)
2305 5215 2444 5268 inter
2505 5225 2741 5282 pavones
2808 5209 2994 5263 simias
3055 5207 3222 5261 fuisse
3283 5204 3491 5259 delatas

1909 5305 2032 5382 (III
2061 5307 2188 5378 Reg.
2223 5305 2300 5378 χ).
2327 5304 2395 5359 Et
2435 5303 2696 5358 Dominus
2738 5300 2830 5371 qui
2864 5301 3038 5370 pascit
3069 5297 3367 5357 columbas,
3401 5291 3495 5348 dat
3563 5305 3568 5312 '

1908 5415 2088 5456 escam
2104 5398 2262 5469 pullis
2274 5411 2561 5453 corvorum
2576 5391 2947 5448 invocantibus
2960 5405 3082 5446 eum
3101 5386 3270 5460 (Psal.
3288 5383 3494 5455 cxcvt).

1910 5492 2121 5560 Legant
2148 5503 2276 5560 ergo
2309 5487 2506 5552 nostri,
2547 5493 2600 5540 ct
2644 5485 2782 5540 sicut
2831 5483 3116 5554 religione,
3159 5478 3238 5533 sic
3279 5489 3496 5546 quoque

1914 5579 2221 5638 rationabili
2271 5577 2562 5642 locutione,
2612 5591 2712 5630 nos
2759 5575 2813 5629 in
2844 5571 3027 5629 multis
3074 5583 3258 5624 veram
3295 5565 3500 5623 imitari

1911 5674 2223 5728 Graecorum
2253 5679 2307 5724 et
2338 5669 2706 5723 Romanorum
2738 5664 3042 5736 intelligant
3079 5656 3492 5732 philosophiam.

1917 5764 2093 5820 Multa:
2123 5779 2208 5832 res
2239 5771 2362 5818 sunt
2390 5761 2530 5831 apud
2549 5759 2784 5830 singulas
2801 5763 2988 5828 gentes
3009 5765 3238 5825 quarum
3252 5749 3508 5820 nomina,
