3948 6328
467 381 571 439 θξτ

972 376 1362 435 WALAFRlDl
1399 375 1647 432 STRABI
1688 374 1894 432 FULD.
1938 371 2103 429 MON.
2148 372 2298 430 OPP.
2340 371 2520 428 PARS
2558 373 2598 429 Ι.
2638 403 2707 412 -
2741 371 3200 428 THEOLOGICA.

3631 378 3735 433 Μ

468 505 595 554 ante
625 498 984 569 cognitionem
1026 496 1263 566 ipsarum
1306 510 1509 560 rerum,
1540 494 1681 565 apud
1709 495 1845 549 alias
1887 494 2038 548 ineo-
2063 494 2114 552 Α
2142 505 2265 543 num
2281 490 2450 545 Deam
2477 500 2622 545 tuam
2653 490 2919 554 adorabis,
2940 501 2987 545 et
3010 492 3089 544 illi
3108 490 3209 545 sali
3228 490 3733 560 semicanae“).

469 588 616 659 gnita
661 594 804 642 sunt.
838 585 1035 655 Sicque
1078 586 1137 639 fit
1185 586 1502 656 smpissime,
1546 593 1606 639 ut
1660 600 1840 639 rerum
1888 583 2042 638 intel-

467 679 662 743 lectus,
698 677 789 733 alii
816 678 885 732 ab
911 677 1034 733 aliis
1075 677 1438 741 addiscentcs,
1476 676 1697 730 numina
1734 688 1948 745 quoque
1988 680 2046 728 et

468 768 860 840 appellationes
885 782 1072 823 earum
1104 768 1190 823 vel
1229 768 1459 839 integre,
1504 767 1590 822 vel
1619 774 1893 833 corrupte,
1918 780 2043 820 eum

470 877 612 916 nova
634 861 987 932 intelligentia
1019 860 1072 914 in
1100 874 1252 915 suam
1285 860 1676 930 proprietatem
1715 859 1956 921 trahant,
1984 864 2047 911 ut

471 957 541 1008 ah
567 952 810 1037 Hebraeis
831 951 1024 1014 Graeci,
1055 951 1232 1037 Latini
1261 960 1313 1005 et
1340 951 1587 1015 Barbari,
1611 950 1799 1037 Amen,
1828 948 2044 1003 alleluia

469 1046 521 1094 et
549 1036 807 1091 Hosanna
845 1037 1073 1091 mutuati
1112 1045 1257 1092 sunt.
1299 1037 1339 1091 A
1380 1037 1584 1093 Graecis
1612 1035 1790 1091 Latini
1835 1044 1890 1090 et
1929 1050 2047 1089 om-

468 1142 566 1183 nes
589 1127 683 1197 qui
730 1127 886 1182 libris
929 1126 1247 1183 Latinorum
1284 1126 1552 1204 et.liugua
1589 1135 1844 1181 utuntur.
1880 1125 2044 1181 eccle-

470 1217 628 1279 siam,
673 1217 1009 1288 baptismum,
1034 1218 1284 1283 chrisma,
1307 1226 1363 1272 et
1386 1219 1626 1274 omnium
1669 1233 1808 1287 pene
1835 1218 2065 1275 radices.

471 1307 740 1364 dictorum
786 1321 1133 1379 acceperunt.
1183 1311 1225 1364 A
1267 1309 1475 1365 Latinis
1526 1318 1708 1364 autem
1758 1308 2046 1364 Theodisci

471 1399 641 1455 multa
670 1409 727 1455 et
754 1400 808 1455 in
834 1401 1107 1457 communi
1139 1400 1428 1467 locutione,
1467 1409 1528 1455 ut
1568 1399 1835 1467 schamel,
1857 1400 2049 1468 fenster

471 1491 637 1546 lector
661 1508 682 1546 :
714 1491 767 1546 in
813 1493 976 1548 rebus
1004 1500 1183 1548 autem
1206 1474 1386 1548 divino
1416 1493 1638 1548 servitio
1678 1493 2049 1563 adiacentibus

468 1596 610 1652 pene
646 1583 847 1638 omnia.
887 1582 1022 1639 Item
1068 1598 1096 1637 a
1139 1583 1342 1639 Graecis
1366 1593 1656 1654 sequentes
1693 1584 1940 1649 Latinos,
1989 1593 2049 1639 ut

470 1673 618 1743 kylcb
646 1674 892 1741 calicem,
934 1685 1100 1730 vatter
1141 1685 1314 1747 pater,
1366 1686 1557 1730 matter
1586 1686 1782 1741 mater,
1823 1691 1983 1745 genez
2016 1690 2050 1730 a

469 1780 755 1836 gynaeceo;
787 1782 905 1835 qua:
931 1766 1120 1821 Grzece
1157 1767 1409 1822 dicuntur
1430 1769 1588 1831 κύλιξ.
1615 1770 1809 1843 πάτηρ,
1853 1770 2042 1842 μήτηρ,

473 1833 530 1909 et
552 1833 847 1928 yuvatxtt'oit.
881 1855 1015 1912 Cum
1040 1857 1093 1912 in
1138 1857 1459 1927 quibusdam
1484 1859 1676 1913 horum
1724 1833 1830 1912 non
1853 1833 2044 1912 solum
2077 1833 2122 1890 Β

474 1945 674 2011 Latini,
724 1955 784 2000 ut
820 1947 1025 2017 genitor
1054 1955 1117 2021 et
1160 1948 1406 2018 genitrtl’c,
1437 1948 1528 2003 sed
1566 1947 1731 2001 etiam
1772 1944 2053 2001 Theotisci

472 2037 720 2106 proprias
747 2038 987 2093 habeant
1012 2052 1191 2111 voces,
1221 2047 1279 2092 ut
1303 2048 1410 2093 atto
1440 2049 1495 2094 et
1532 2038 1777 2094 aiuatodo
1816 2045 1873 2093 et
1900 2036 2047 2090 tada.

477 2127 560 2182 Ab
610 2127 742 2198 ipsis
782 2136 963 2182 autem
1007 2127 1210 2183 Grzecis
1240 2128 1395 2204 kyrch
1428 2144 1457 2182 a
1488 2127 1694 2198 byrios,
1724 2138 1781 2180 et
1824 2136 1972 2195 papst
2019 2141 2050 2180 a

477 2231 639 2285 papa,
665 2218 807 2287 quod
833 2216 1109 2287 cujusdam
1137 2218 1477 2288 paternitatis
1505 2233 1699 2272 nomen
1732 2226 1813 2271 est
1849 2224 1905 2270 et
1944 2216 2054 2271 cle-

473 2306 709 2361 ricorum
741 2307 989 2377 congruit
1014 2308 1258 2378 dignitati
1292 2326 1304 2363 :
1343 2317 1399 2363 et
1421 2308 1543 2362 herr
1569 2308 1637 2362 ab
1687 2323 1754 2361 eo
1787 2308 1933 2376 quod
1969 2316 2055 2362 est

480 2397 657 2459 heros,
683 2405 735 2452 et
760 2414 917 2454 manu
955 2406 1011 2455 et
1035 2400 1270 2462 monath,
1311 2414 1339 2451 a
1363 2402 1514 2470 μήνη,
1545 2405 1601 2452 et
1632 2397 1736 2451 alia
1762 2397 1928 2451 multa
1958 2412 2050 2451 ac-

476 2489 741 2558 cepimus.
799 2489 953 2545 Sicut
988 2491 1173 2557 itaque
1212 2490 1403 2551 domus
1444 2491 1557 2555 Dei,
1596 2489 1834 2559 basilica,
1882 2487 1935 2543 id
1972 2496 2056 2544 est

479 2580 642 2649 regia,
671 2595 701 2633 a
736 2594 863 2649 rege
888 2598 899 2632 :
927 2579 1007 2634 sic
1033 2581 1197 2645 etiam
1225 2579 1482 2651 Kyriaca,
1513 2580 1564 2635 id
1584 2590 1669 2635 est
1700 2580 1998 2647 Dominica,
2022 2595 2054 2634 a

479 2666 711 2723 Domino
741 2678 1115 2738 nuncupatur,
1152 2669 1279 2739 quia
1311 2669 1535 2724 Domino
1565 2669 1977 2733 dominantium,
2000 2676 2057 2723 et

480 2758 613 2829 llegi
642 2774 830 2828 regum
854 2760 919 2821 in,
939 2759 1028 2814 illa
1056 2760 1308 2814 servitur.
1342 2759 1400 2815 Si
1432 2768 1611 2814 autem
1656 2759 1918 2829 quteritur
1947 2775 2066 2828 qua.

480 2849 770 2903 occasione
811 2849 879 2904 ad
919 2864 1020 2904 nos
1063 2850 1290 2918 vestigia
1328 2850 1443 2905 haec
1475 2849 1779 2916 Graecitatis
1819 2850 2053 2906 advene-

479 2939 611 3005 rint,
636 2940 929 3003 dicendum,
974 2950 1029 2995 et
1074 2941 1339 2995 Barbaros
1392 2941 1444 2994 in
1487 2939 1732 3005 Romana
1782 2940 2061 3009 republica,

481 3029 765 3095 militasse,
791 3029 1064 3085 etmultos
1084 3031 1499 3103 praedicatorum
1543 3030 1730 3086 Grazce
1769 3040 1823 3084 et
1852 3029 2058 3085 Latinae

478 3118 769 3183 locutionis
810 3120 1029 3193 peritos,
1072 3120 1213 3175 inter
1252 3121 1352 3175 has
1385 3120 1585 3175 bestias
1631 3135 1753 3174 cum
1779 3120 2056 3175 erroribus

475 3218 807 3281 pugnaturos
833 3210 1050 3266 venisse
1080 3228 1092 3264 :
1125 3219 1181 3265 et
1206 3211 1285 3266 eis
1306 3226 1403 3282 pro
1419 3212 1618 3278 causis,
1643 3210 1809 3266 multa
1838 3220 2054 3266 nostros
2082 3182 2144 3253 δη

478 3319 598 3373 quae
617 3303 768 3374 prius
790 3319 894 3358 non
917 3312 1179 3358 noverant
1201 3304 1352 3358 utilia
1377 3301 1646 3368 didicisse,
1679 3303 2057 3375 praecipueque

478 3407 511 3448 a
543 3392 756 3459 Gothis,
802 3394 896 3469 qui
944 3401 999 3449 et
1042 3394 1216 3459 Getae,
1265 3410 1388 3450 cum
1433 3410 1498 3449 eo
1542 3403 1805 3464 tempore,
1849 3410 1956 3464 quo
1989 3396 2056 3456 ad

474 3481 633 3539 fi'dem
659 3482 880 3549 Christi,
909 3486 1034 3541 licet
1061 3497 1350 3543 non.recto
1383 3488 1597 3555 itinere,
1625 3488 1871 3578 perducti
1893 3496 2044 3554 sunt,

478 3578 533 3633 in
577 3576 889 3635 Graecorum
911 3579 1206 3648 provinciis
1254 3589 1654 3636 commorantes
1692 3576 1957 3646 nostrum,
2002 3579 2059 3634 id

476 3675 561 3722 est
598 3666 943 3721 Theotiscum
991 3682 1295 3723 sermonem
1323 3670 1629 3724 habuerint.
1655 3668 1721 3723 Et
1765 3669 1847 3740 (ut
1883 3668 2055 3724 histo-

480 3756 574 3811 ria!
603 3757 897 3826 testantur)
923 3757 1263 3827 postmodum
1302 3759 1528 3813 studiosi
1567 3758 1709 3813 illius
1747 3759 1945 3830 gentis,
1981 3759 2059 3813 di-

482 3846 639 3903 vinos
665 3846 831 3901 libros
860 3848 912 3901 in
940 3863 1051 3902 sua:
1076 3847 1360 3903 locutionis
1393 3849 1778 3919 proprietatem
1814 3856 2057 3902 transtu-

479 3931 663 4003 lerint,
696 3952 926 4009 quorum
962 3940 1059 3994 adl
1083 3956 1139 3995 1c
1192 3948 1539 3995 monumenta
1586 3939 1726 4010 apud
1771 3938 2060 3993 nonnullos

480 4031 769 4092 habentur.
802 4029 870 4084 Et
913 4029 1149 4085 fidelium
1179 4029 1407 4084 fratrum
1452 4029 1713 4084 relatione
1748 4027 2056 4091 didicimus,

479 4124 625 4196 apud
664 4124 923 4202 quasdam
964 4122 1287 4194 Scytharum
1319 4133 1508 4193 gentes
1544 4122 1789 4183 maxime
1820 4120 2058 4175 Tomita-

476 4231 577 4272 nos
605 4215 793 4271 eadem
828 4215 1123 4280 locutione,
1156 4215 1334 4268 divina
1365 4216 1627 4269 hactenus
1647 4205 1911 4267 celebrari
1943 4211 2058 4265 olli-

476 4307 580 4362 cia.
613 4306 707 4367 Ha:
735 4314 914 4361 autem
939 4307 1319 4376 permistiones
1356 4314 1411 4359 et
1448 4303 1829 4359 translationes
1860 4304 2055 4359 verbo«

477 4400 702 4465 rum,in
740 4400 993 4454 omnibus
1035 4399 1232 4470 linguis
1281 4407 1392 4453 tant
1434 4396 1756 4466 multiplices
1802 4404 1945 4462 sunt,
1997 4403 2058 4450 ut

480 4494 701 4564 propria
733 4492 1064 4562 singularum
1084 4491 1197 4560 jam
1236 4507 1341 4546 non
1376 4491 1485 4546 sint
1521 4502 1657 4560 pene
1691 4488 1868 4558 plura,
1890 4503 2052 4559 quam
2081 4533 2133 4592 Β

473 4601 599 4641 cum
623 4585 744 4646 aliis
773 4584 1104 4649 communia,
1137 4584 1220 4639 vel
1251 4584 1318 4639 ab
1343 4583 1463 4638 aliis
1489 4581 1770 4637 translata.

1065 4716 1293 4773 CAPUT
1333 4716 1466 4772 Vlll.

882 4832 960 4887 De
987 4832 1303 4902 imaginibus
1330 4841 1377 4886 et
1399 4831 1637 4903 picturis.

546 4960 571 4988 ι
600 4932 763 5001 Nunc
784 4948 894 5018 jam
927 4948 993 5001 de
1020 4947 1344 5019 imaginibus
1369 4957 1435 5002 et'
1464 4946 1712 5017 picturis,
1738 4945 1935 5017 quibus
1964 4945 2058 4999 de-

471 5056 571 5096 cus
613 5039 966 5095 ecclesiarum
1006 5050 1234 5113 augetur
1265 5020 1493 5095 dicenda
1525 5046 1652 5094 sunt
1684 5037 1885 5108 aliqua.
1916 5036 2054 5103 Quia

470 5140 526 5189 et
576 5146 765 5186 earum
819 5133 1054 5188 varietas
1110 5149 1211 5187 nec
1234 5133 1479 5203 quodam
1502 5131 1650 5186 cultu
1696 5131 2054 5187 immoderato

472 5226 694 5283 colenda
743 5233 849 5291 est,
886 5206 950 5281 ut
991 5225 1310 5297 quibusdam
1348 5223 1525 5278 stultis
1553 5223 1804 5278 videtur:
1838 5237 1936 5277 nec
1964 5222 2060 5276 ite-

473 5337 594 5376 rum
629 5302 944 5390 speciositas
976 5318 1050 5373 ita
1092 5326 1176 5372 est
1211 5315 1444 5386 quodam
1477 5315 1734 5385 despectu
1777 5314 2057 5378 calcanda,

473 5420 533 5466 ut
557 5411 773 5480 quidam
798 5408 1054 5465 vanitatis
1079 5414 1375 5461 assertores
1400 5404 1734 5460 existimant.
1762 5405 1894 5473 Quis
1916 5404 2060 5459 enim

478 5516 669 5555 sanum
697 5500 936 5570 sapiens,
971 5504 1163 5551 contra
1191 5494 1245 5551 id
1268 5496 1410 5564 quod
1437 5495 1699 5567 scriptum
1733 5505 1809 5551 est
1836 5514 1848 5547 :
1875 5494 2059 5549 Domi-

550 5642 575 5670 ι
610 5629 742 5696 Qua:
795 5628 883 5683 hic
898 5623 1232 5681 Walafridus
1269 5624 1505 5682 Strabus
1538 5627 1761 5685 disserit
1807 5626 1873 5680 de
1914 5626 2076 5683 cnltu‘

475 5700 979 5780 irnaginutumante
1018 5696 1264 5777 legenda,
1321 5713 1449 5751 nam
1488 5713 1629 5752 unus
1683 5697 1782 5751 fuit
1842 5713 1909 5778 cx
1956 5698 2061 5780 illis

477 5767 663 5828 Gallia:
694 5767 956 5839 theologis
993 5767 1084 5838 qui
1132 5781 1319 5824 errore
1371 5776 1702 5839 prazpostero
1751 5769 2062 5825 retinendas

2144 581 2213 636 Et
2253 582 2449 637 iterum
2484 601 2498 637 :
2553 583 2679 637 Non
2727 582 2890 651 {acies
2933 583 3027 637 tibi
3069 600 3275 639 omnem
3331 581 3733 638 similitudine-

2142 689 2357 738 eorum;
2387 690 2504 744 qum
2551 674 2607 728 in
2630 673 2780 738 c0310,
2820 675 2899 731 vel
2943 675 2998 729 in
3034 686 3199 740 terra,
3232 674 3308 730 vel
3339 674 3397 730 in
3443 675 3603 745 aquis
3643 672 3740 733 σιξ

2144 773 2282 821 terra
2301 775 2422 819 sunt
2445 765 2644 835 (Exod.
2677 765 2801 833 xx):
2824 768 3036 835 putabit
3056 768 3117 821 in
3135 766 3473 821 tabernaculi
3498 765 3588 820 vel
3608 774 3743 821 ten-

2142 855 2217 924 pli
2262 857 2686 920 constructione,
2734 856 2928 913 fecisse
2970 858 3205 929 Moysem
3242 868 3299 911 et
3349 856 3740 911 Salomonem?

2145 941 2280 1003 Cum
2304 953 2364 998 et
2392 944 2484 998 ille
2522 946 2818 1001 secundum
2862 946 3098 1001 divinam
3143 946 3445 1014 jussionem
3499 947 3739 1000 eortina-

2144 1048 2264 1087 rnm
2288 1034 2608 1088 varietatem
2653 1043 2711 1088 et
2751 1033 3125 1089 indumentum
3155 1034 3531 1099 sacerdotale,
3563 1035 3739 1089 diver~

2146 1125 2222 1179 sis
2245 1127 2527 1181 ornaverit
2557 1127 2744 1198 figuris
2769 1125 2967 1196 (Ezod.
2996 1129 3145 1196 xm)
3177 1142 3192 1182 :
3225 1136 3279 1182 et
3309 1128 3415 1183 iste
3434 1127 3735 1182 secundum

2147 1216 2467 1284 sapientiam
2516 1202 2779 1273 divinitus
2836 1217 2938 1272 sibi
2984 1218 3324 1282 attributam,
3391 1219 3631 1288 picturis
3686 1227 3739 1271 et

2147 1305 2441 1376 sculpturis
2471 1323 2578 1369 non
2611 1316 2819 1362 tantum
2854 1308 3190 1374 animalium,
3236 1309 3333 1364 sed
3372 1310 3544 1363 etiam
3583 1310 3739 1364 arbo—

2150 1412 2270 1450 rum
2298 1406 2354 1452 et
2380 1398 2693 1465 herbarum,
2722 1413 2858 1466 pene
2892 1414 3052 1453 omne
3081 1414 3218 1468 opus
3251 1399 3442 1468 templi
3469 1399 3737 1455 distinxe-

2147 1489 2219 1543 rit
2246 1488 2365 1560 (ΙΙΙ
2389 1487 2519 1559 Reg.
2552 1489 2944 1561 vr)?-Uterque
2980 1491 3201 1560 insuper
3228 1490 3501 1545 cherubin
3547 1491 3739 1545 simili—

2152 1580 2390 1635 tudinem
2425 1596 2588 1650 super
2628 1597 2810 1635 arcam
2863 1592 2918 1635 et
2964 1582 3399 1652 propitiatorium
3452 1584 3741 1636 statuerit?

2148 1674 2281 1730 Cum
2331 1686 2539 1735 certum
2593 1676 2664 1731 sit
2725 1682 2797 1745 et,
2837 1675 2959 1729 illos
2999 1676 3070 1729 ita
3110 1675 3367 1739 sensisse,
3417 1682 3479 1727 et
3532 1689 3637 1729 nos
3669 1674 3740 1728 ita

2150 1765 2353 1829 sentire
2380 1765 2598 1828 debere,
2638 1764 2782 1833 quod
2830 1763 3080 1825 videlicet
3105 1778 3210 1837 non
3257 1763 3367 1817 sint
3408 1762 3533 1816 Deo
3556 1761 3745 1816 debitis

2153 1855 2386 1910 cultibus
2424 1862 2478 1909 et
2502 1853 2800 1908 honoribus
2822 1852 3068 1915 colenda,
3100 1867 3220 1921 qua:
3247 1851 3315 1904 ab
3341 1850 3456 1904 illis
3477 1851 3570 1905 vel
3592 1852 3743 1905 nobis

2152 1946 2295 2003 facta
2324 1948 2435 2001 sint
2457 1945 2543 2001 vel
2566 1946 2785 2011 fuerint,
2817 1955 2911 2000 aut
2930 1944 3269 2016 signiﬁcandi
3291 1943 3537 2010 alicujus
3549 1952 3742 2014 myste-

2154 2040 2221 2095 rii
2252 2054 2415 2094 causa
2445 2048 2503 2093 ut
2528 2037 2861 2097 tabernaculi
2887 2044 2942 2092 et
2979 2036 3164 2106 templi
3220 2044 3510 2089 structura
3550 2035 3757 2091 omnis.

2152 2129 2234 2188 0b
2263 2112 2832 2193 commemorationem
2869 2143 3050 2191 rerum
3077 2136 3377 2197 gestarum,
3424 2136 3496 2180 ut
3528 2126 3744 2194 pictura:

2154 2220 2535 2285 historiarum,
2567 2227 2661 2273 aut
2683 2220 2754 2273 ob
2776 2233 3015 2273 amorem
3045 2232 3259 2283 eorum,
3283 2232 3534 2285 quorum
3563 2215 3745 2277 simili-

2154 2310 2369 2366 tudines
2400 2317 2525 2366 sunt
2549 2309 2741 2369 animis
2769 2308 3066 2364 videntium
3103 2309 3310 2362 arctius
3346 2306 3757 2377 imprimendz,

2154 2408 2214 2455 ut
2237 2400 2498 2471 imagines
2522 2399 2735 2454 Domini
2758 2408 2812 2454 et
2837 2407 3151 2454 sanctorum
3195 2395 3335 2465 ejus.
3380 2396 3581 2467 Neque
3608 2396 3760 2451 cutim.

2153 2491 2357 2546 frustra
2393 2491 2662 2562 superiori
2717 2491 3001 2546 sententiae
3057 2489 3407 2561 subjunctum
3466 2497 3601 2543 est:
3638 2486 3755 2542 Non

2154 2584 2431 2647 adorabis,
2469 2598 2646 2652 neque
2679 2581 2825 2638 coles
2871 2598 2956 2638 ea.
2993 2581 3146 2637 Unde
3193 2579 3457 2635 videlicet
3485 2579 3747 2649 intelliga-

2156 2690 2295 2737 mus.
2335 2674 2389 2728 in
2418 2674 2501 2729 his
2529 2673 2790 2729 faciendis
2806 2673 3148 2728 devotionem
3169 2680 3223 2727 et
3247 2672 3553 2726 utilitatem
3584 2686 3741 2741 quant

2156 2767 2482 2822 commoveri
2522 2766 2607 2821 vel
2642 2767 2835 2822 instrui
2866 2767 3189 2837 appetimus,
3218 2780 3327 2820 non
3358 2751 3490 2822 esse
3527 2765 3742 2835 uulpu-

2157 2858 2316 2913 dum:
2351 2857 2447 2922 sed
2472 2858 2526 2915 in
2562 2858 2648 2912 his
2683 2857 2943 2921 colendis,
2973 2858 3416 2928 superstitionem
3446 2865 3511 2912 et
3530 2856 3753 2913 hebetr.

2158 2949 2357 3014 dinem,
2387 2963 2492 3018 qua
2525 2948 2826 3018 spiritalem
2853 2947 3060 3003 cultant
3089 2948 3156 3001 ad
3207 2946 3531 3017 corporalia
3572 2948 3745 3001 tradu-

2157 3052 2282 3102 cere
2324 3037 2541 3092 erronei
2575 3038 2841 3102 nituntur,
2891 3052 3011 3092 esse
3055 3035 3441 3091 damnandam.
3484 3036 3653 3100 Sane,
3702 3038 3747 3089 si

2158 3129 2479 3185 ouividetur
2514 3142 2603 3182 ars
2632 3128 2895 3197 pictorum
2930 3127 3014 3183 vel
3050 3126 3327 3182 labrorum
3374 3128 3450 3182 ob
3488 3127 3598 3187 hoc
3634 3128 3744 3185 eul-

2160 3217 2359 3289 panda,
2397 3217 2554 3288 qnasi
2606 3233 2669 3272 ea
2715 3233 2835 3287 quae
2888 3218 2957 3274 ab
2985 3219 3117 3289 ipsis
3153 3217 3308 3283 fiunt,
3347 3230 3569 3289 propter
3619 3219 3751 3283 artis,

2160 3311 2413 3367 decorem
2439 3318 2496 3365 et
2523 3310 2981 3378 convenientiam,
3018 3310 3087 3366 ad
3133 3310 3336 3365 cultntn'
3385 3312 3474 3366 sui
3529 3310 3755 3377 illiciant

2160 3400 2501 3470 insipientes:
2532 3401 2731 3471 poterit
2769 3409 3167 3471 consequenter
3210 3409 3266 3455 et
3313 3401 3412 3455 Dei
3444 3402 3747 3456 obtrectare

2160 3491 2604 3560 facturis.,quare
2628 3490 2741 3560 ipse
2764 3490 2849 3552 vel
2889 3490 3177 3553 luminaria
3219 3490 3343 3546 ρωιί
3392 3492 3535 3546 tanti
3574 3491 3745 3560 splen-

2161 3582 2326 3646 doris,
2354 3580 2439 3635 vel
2468 3581 2665 3636 herbas
2686 3588 2741 3634 et
2765 3580 2913 3636 olera
2947 3589 3109 3634 tanta;
3148 3581 3437 3643 creaverit,
3449 3581 3747 3647 venustatis

2160 3682 2218 3731 et
2249 3673 2471 3728 odoris:
2504 3688 2629 3729 cum
2659 3674 2774 3743 ipsa
2813 3672 2957 3728 sicut
2983 3682 3039 3728 et
3067 3673 3185 3727 alia:
3227 3683 3527 3739 creaturaz,
3572 3689 3605 3726 a
3638 3673 3747 3744 ιιιιὶη

2159 3765 2385 3820 busdam
2412 3764 2740 3823 errantibus,
2775 3763 2973 3819 divinis
3021 3765 3315 3819 honoribus
3367 3764 3597 3819 adorata
3645 3766 3752 3819 sint

2160 3865 2217 3911 et
2245 3856 2410 3921 culta,
2462 3857 2556 3927 qui
2607 3871 2761 3911 error
2796 3872 2900 3911 non
2931 3857 3135 3912 auctori
3179 3857 3447 3911 bonorum
3480 3856 3750 3911 ascribe;-

2161 3946 2377 4013 dusest,
2401 3947 2495 4003 sed
2524 3948 2824 4009 dannonum
2855 3949 3214 4018 persuasioni,
3233 3956 3293 4015 et
3306 3949 3602 4007 hominum
3628 3963 3749 4004 con-

2163 4039 2344 4111 sensui
2374 4038 2558 4106 iniquo
2586 4040 2679 4109 qui
2707 4040 2861 4113 bonis
2905 4039 2961 4095 in
3008 4039 3209 4102 malum
3241 4040 3393 4094 abuti
3425 4040 3748 4095 didicerunt.

2160 4126 2463 4182 Notandum
2486 4143 2643 4194 vero,
2675 4130 2819 4198 quod
2848 4131 2991 4185 sicut
3011 4129 3230 4207 quidam
3247 4130 3473 4191 easdem
3491 4131 3749 4202 imagines

2160 4219 2300 4273 ultra
2328 4235 2489 4299 quam
2512 4221 2644 4283 satis
2665 4230 2749 4281 est
2774 4231 3137 4287 venerantur,
3170 4222 3244 4277 ita
3274 4221 3389 4285 alii,
3414 4222 3547 4276 dum
3571 4221 3749 4287 volunt

2164 4311 2443 4365 cautiores
2469 4305 2681 4373 caeteris
2734 4313 2785 4366 in
2830 4311 3088 4383 religione
3118 4312 3310 4377 videri,
3336 4311 3459 4366 illas
3510 4321 3573 4365 ut
3601 4327 3747 4381 quas-

2160 4403 2289 4459 dam
2314 4402 2635 4459 idololatriat
2668 4404 2877 4474 species
2906 4413 3185 4474 respuunt,
3228 4412 3282 4459 et
3311 4404 3747 4475 praesumptionis

2160 4492 2322 4557 fastu,
2375 4494 2702 4563 simplicium
2759 4495 2923 4550 corda
2991 4494 3378 4550 scandalizant.
3440 4493 3619 4564 Hujus
3673 4496 3744 4549 rei

2165 4585 2389 4654 quzestio
2418 4585 2556 4655 apud
2585 4583 2802 4640 Graecos
2828 4600 2968 4655 stepe
2999 4593 3173 4640 tantas
3200 4586 3587 4641 contentiones
3610 4586 3745 4641 exci-

2166 4677 2316 4741 tavit,
2351 4685 2411 4731 ut
2466 4677 2567 4731 sub
2617 4676 2879 4746 Gregorio
2931 4692 3068 4748 papa
3110 4678 3324 4748 juniorc
3360 4676 3748 4739 Constantinus

2166 4766 2459 4836 imperator
2502 4768 2640 4837 apud
2679 4766 3201 4837 Constantinopolim
3251 4783 3446 4824 omnes
3489 4769 3746 4840 imagines

2166 4857 2495 4927 deposuerit,
2542 4865 2595 4912 et
2636 4859 2737 4913 sub
2789 4857 3049 4930 Gregorio
3095 4859 3254 4922 tertio
3288 4859 3477 4913 Roma:
3519 4861 3751 4930 synodus

2167 4948 2239 5005 sit
2269 4948 2407 5004 facta
2435 4956 2623 5002 contra
2655 4950 3022 5017 supradictam
3050 4950 3132 5020 (ut
3176 4948 3455 5020 dixerunt)
3505 4950 3749 5004 haeresim

2163 5040 2216 5095 in
2244 5055 2351 5110 qua
2383 5038 2657 5102 [innatum
2692 5050 2777 5094 est
2803 5048 2864 5094 ut
2884 5051 3195 5096 sanctorum
3242 5038 3525 5111 imagines
3568 5056 3751 5096 secun—

2163 5130 2290 5185 dum
2313 5130 2548 5200 priscum
2577 5131 2858 5186 catholica:
2886 5130 3140 5199 Ecclesia)
3184 5131 3371 5195 ritum,
3396 5131 3749 5187 restitueren-

2165 5229 2271 5275 tur.
2315 5220 2433 5291 lpsa
2481 5221 2713 5291 denique
2765 5222 2984 5293 querela
3034 5222 3372 5285 Graecorum,
3424 5224 3752 5293 temporibus

2165 5312 2318 5367 bonae
2364 5312 2637 5367 memoriae
2685 5312 2943 5383 Ludovici
2982 5312 3439 5384 impcratoris,,in
3467 5312 3752 5366 Franciam

2165 5404 2391 5477 perlata,
2410 5388 2663 5473 ejusdem
2692 5403 2954 5475 principis
2982 5404 3318 5475 providentia
3350 5404 3580 5474 scriptis
3600 5418 3753 5474 sym-

2167 5493 2378 5553 dalibus
2408 5504 2491 5549 est
2516 5494 2811 5550 confutata.
2841 5494 3013 5561 Quam
3039 5494 3202 5549 etiam
3224 5492 3482 5547 Claudius
3511 5494 3752 5563 quidam,

2166 5629 2431 5701 imagines
2458 5632 2757 5686 censebant
2800 5632 2868 5686 ad
2911 5642 3163 5686 amotum
3205 5630 3532 5701 templorum
3582 5641 3635 5687 et
3676 5634 3755 5686 in-

2167 5703 2520 5825 structionem
2575 5703 2890 5759 historicum
2977 5702 3122 5759 nullo
3176 5710 3359 5757 tamen
3414 5712 3575 5773 pacto
3628 5703 3757 5756 ado-

2168 5788 2284 5825 rant
2308 5789 2389 5825 as.

2168 5788 2389 5828 ranuas.
