3948 6328
174 363 276 423 029

1305 347 1394 402 DE
1430 341 1662 400 REBUS
1698 337 2251 398 ECCLESIASTICIS

3325 336 3432 394 950

177 467 522 532 'l‘aurinensis
544 465 851 537 episcopus,
874 461 968 516 sed
1015 460 1067 514 in
1117 458 1363 513 veritatis
1397 457 1609 518 itinere,
1652 469 1751 509 no-
1776 456 1825 516 Α
1856 453 2014 523 rima)
2044 452 2097 506 in
2125 451 2295 522 gestis
2318 447 2579 519 Sylvestri
2606 462 2759 518 papae
2787 446 3003 516 legitur,
3016 445 3429 503 Constantinum

177 562 334 620 minis
380 559 462 614 sui
508 555 860 613 similitudine
912 550 1280 615 nutabundus,
1333 549 1477 604 inter
1526 555 1751 602 cmteras

181 653 470 709 vanitatum
500 663 722 703 suarum
752 645 1003 716 ineptias,
1027 642 1249 712 cupiens
1282 654 1560 700 renovare,
1600 646 1755 693 ante-

1854 547 2257 617 imperatorem,
2305 538 2402 612 per
2431 544 2446 563 ⁶
2476 541 2782 595 thoracidas
2836 539 3223 609 apostolorum,
3284 539 3431 609 quod

1854 637 2001 706 ipsos
2030 635 2085 689 in
2111 634 2318 688 visione
2346 632 2555 694 viderit,
2585 631 2923 702 cognovisse.
2961 631 3028 685 Et
3060 632 3307 686 videmus
3334 630 3437 685 ali-

179 760 335 817 quam
385 743 725 798 diversorum
755 746 943 793 contra
994 751 1117 789 eum
1161 733 1513 789 scribentium
1560 728 1754 807 jaculis
1854 728 2070 798 quando
2098 725 2371 796 simplices
2396 732 2450 779 et
2475 723 2669 778 idiotas
2692 724 2782 793 qui
2810 724 2992 778 verbis
3020 724 3107 776 vix
3162 722 3230 783 ad
3275 721 3436 777 ﬁdem

176 815 565 909 perfoderetur,
595 845 693 886 suo
709 829 912 898 judicio
941 827 1222 881 damnatus
1262 821 1510 877 interiit:
1546 829 1599 874 et
1646 817 1755 872 for.
1856 827 2133 890 gestorum
2185 824 2413 888 possunt
2461 816 2704 887 perduci,
2756 832 2821 870 ex
2890 816 3099 886 pictura
3164 815 3438 886 passionis

185 907 329 981 tasse
383 923 473 993 qui
530 919 894 991 imperatoris,
952 915 1186 971 ﬁdelium
1233 912 1397 968 veluti
1436 911 1489 964 in
1532 922 1756 963 numero
1857 910 2167 975 Dominicae,
2202 908 2286 963 vel
2316 907 2545 962 aliorum
2575 909 2900 962 mirabilium
2938 908 3011 963 ita
3036 907 3352 979 compungi,
3375 914 3438 961 ut

178 1013 497 1084 conscripsit
515 1011 833 1081 imaginem,
855 1015 980 1062 ante
1004 1003 1239 1060 tribunal
1268 1002 1457 1073 ipsius,
1484 997 1754 1070 protervi-

178 1106 305 1159 tatis
332 1117 443 1158 sua:
485 1100 693 1172 pariter
739 1106 795 1152 et
843 1091 1230 1166 inquietudinis
1281 1102 1471 1160 pmnas
1506 1087 1754 1144 exsolvit.

178 1192 295 1248 Non
325 1191 468 1245 enim
493 1189 663 1242 levem
695 1185 950 1255 injuriam
973 1181 1155 1237 smculi
1184 1186 1431 1250 potentes
1469 1176 1571 1232 sibi
1607 1182 1761 1244 puta-

177 1281 310 1337 bant
334 1280 567 1343 illatam,
591 1277 635 1331 si
676 1273 964 1345 imaginem
991 1285 1144 1326 suam
1187 1268 1272 1324 vel
1315 1282 1512 1323 nomen
1544 1266 1597 1320 in
1626 1279 1762 1334 quo-

176 1370 311 1426 libet
335 1368 664 1424 numismate
706 1380 735 1419 a
785 1362 1041 1431 subjectis
1081 1360 1282 1431 despici
1324 1357 1679 1430 cognoverint
1706 1364 1763 1411 et

183 1462 403 1518 calcari.
436 1459 552 1514 Non
580 1467 759 1513 autem
796 1455 942 1527 (quia
968 1453 1195 1524 p0pulus
1218 1452 1389 1506 lsrael
1430 1452 1483 1505 in
1524 1451 1760 1514 deserto,

181 1553 270 1608 vel
303 1551 592 1609 Jeroboam
618 1547 820 1619 (Exod.
858 1561 1048 1609 xxxn;
1081 1543 1175 1597 III
1212 1542 1335 1613 Reg.
1364 1541 1464 1612 xu)
1497 1554 1589 1594 rex
1625 1539 1766 1601 vitu-

178 1644 355 1699 lorum
386 1638 738 1695 fabricatione
755 1638 919 1691 Deum
933 1632 1289 1704 offenderant)
1315 1646 1538 1702 serpens
1558 1645 1761 1696 amens,

179 1749 349 1804 quem
398 1746 467 1787 ex
500 1729 657 1800 jussu
701 1726 914 1783 Domini
967 1725 1179 1796 Moyses
1225 1722 1359 1779 fecit
1407 1721 1596 1793 (Num.
1624 1720 1763 1791 χχι),

1860 999 2115 1070 lacrymis
2174 1005 2445 1052 testentur
2513 998 2811 1052 exteriores
2876 997 3077 1068 ﬁguras
3130 997 3281 1053 cordi
3342 1009 3443 1053 suo

1861 1090 2019 1161 quasi
2071 1089 2267 1143 litteris
2321 1088 2630 1157 impressas.
2684 1088 2823 1157 Ergo
2858 1088 2997 1142 sicut
3027 1087 3201 1140 omnia
3242 1088 3440 1141 vitanda

1862 1180 2072 1235 mundis
2119 1178 2246 1251 (Tit.
2303 1178 2366 1249 ι),
2419 1177 2780 1248 coinquinatis
2827 1186 3008 1231 autem
3049 1185 3105 1231 ct
3137 1176 3445 1231 inﬁdelibus

1864 1270 1999 1325 nihil
2028 1270 2287 1325 mundum
2314 1270 2436 1339 quia
2469 1270 2760 1338 inquinatae
2791 1276 2916 1323 sunt
2956 1283 3143 1322 eorum
3192 1276 3247 1322 et
3290 1282 3444 1322 mens

1864 1368 1919 1414 et
1964 1359 2296 1415 conscientia
2342 1373 2357 1413 :
2402 1360 2477 1414 ita
2529 1360 2688 1414 malis
2739 1373 2927 1413 omnes
2982 1359 3082 1411 viae
3135 1356 3448 1413 olfensionis

1864 1450 2039 1520 plena:
2061 1457 2207 1505 sunt.
2235 1450 2302 1504 Et
2326 1450 2465 1505 sicut
2492 1450 2618 1505 boni
2641 1421 2806 1505 e‘tiam
2837 1448 2994 1503 malis
3020 1448 3178 1513 bene,
3212 1447 3291 1502 sic
3320 1446 3447 1500 mali

1869 1543 2035 1597 etiam
2060 1542 2218 1597 bonis
2246 1540 2388 1595 male
2431 1549 2674 1595 utuntur.
2734 1539 2827 1595 Sic
2863 1540 3047 1610 itaque
3091 1538 3355 1608 imagines
3395 1545 3451 1590 et

1869 1634 2095 1705 picturae
2132 1633 2392 1689 habendae
2417 1641 2544 1688 sunt
2571 1640 2626 1687 et
2672 1633 2916 1688 amandae
2954 1640 3013 1685 ut
3051 1645 3153 1685 nec
3193 1631 3447 1699 despectu

1870 1727 2077 1782 utilitas
2118 1726 2427 1791 annu‘letur,
2469 1734 2524 1781 et
2559 1726 2676 1780 haec
2710 1724 3062 1780 irreverentia
3106 1723 3158 1776 in
3190 1722 3450 1791 ipsorum,

180 1823 614 1883 contemnendus
648 1828 766 1905 cf“
803 1837 817 1873 ε
867 1818 1064 1889 (illiillic
1094 1832 1214 1871 cum
1259 1815 1502 1887 percuSSi
1548 1829 1579 1867 a
1622 1816 1768 1868 veris
1797 1822 1843 1882 B
1869 1834 2099 1889 quorum
2130 1819 2512 1873 similitudines
2544 1826 2689 1882 sunt,
2721 1817 2983 1871 redundet
3023 1813 3310 1883 injuriam:
3354 1830 3452 1867 nec

178 1915 551 1987 serpentibus,
598 1910 905 1983 imaginarii
975 1908 1243 1979 serpentis
1303 1905 1766 1976 contemplatione

177 2014 529 2071 sanarentur,
558 2018 719 2074 quem
748 2003 874 2071 quia
918 2001 1165 2071 populus,
1211 2013 1425 2068 seraper
1446 1998 1511 2052 ad
1540 1997 1766 2051 idolola-

180 2101 350 2156 triam
391 2097 666 2169 proclivis,
709 2095 1058 2167 postmodum
1110 2093 1342 2163 quadam
1396 2091 1768 2160 supers‘titiosa

177 2204 474 2251 veneratus
498 2202 581 2248 est
613 2190 893 2260 religione,
946 2186 1209 2242 Ezechias
1239 2202 1330 2240 rex
1384 2182 1520 2239 Juda
1553 2183 1771 2254 religio-

178 2289 434 2345 sissimus
458 2284 653 2356 legitur
681 2280 906 2352 fregisse
959 2278 978 2350 (
990 2277 1074 2332 IV
1108 2277 1234 2347 Reg.
1268 2275 1441 2347 xvm).
1474 2274 1614 2344 Ergo
1644 2288 1770 2328 cum

177 2375 524 2434 Christianus
554 2371 783 2443 populus
809 2377 956 2425 tanta
986 2369 1059 2423 sit
1092 2369 1145 2422 in
1183 2366 1380 2422 divinis
1403 2366 1562 2420 rebus
1585 2364 1773 2419 docili-

182 2478 299 2526 tate
329 2469 382 2524 in
410 2466 672 2522 interiora
695 2461 975 2534 sapientiae
1005 2459 1267 2533 spiritalis
1313 2460 1565 2513 inductus
1605 2456 1774 2512 cella-

181 2560 291 2626 ria,
321 2567 381 2613 ut
413 2573 518 2612 non
549 2556 724 2611 dicam
747 2553 1014 2623 picturam
1038 2560 1093 2606 et
1119 2550 1403 2621 imagines,
1433 2548 1528 2603 sed
1577 2565 1645 2601 ne
1696 2535 1776 2617 ip-

180 2668 277 2709 sos
325 2649 544 2721 quidem
594 2653 812 2701 sanctos
875 2643 1121 2699 homines
1165 2641 1318 2695 vivos
1368 2639 1454 2695 vel
1508 2646 1771 2704 mortuos,

180 2743 385 2798 divinis
412 2739 608 2819 credat
646 2735 902 2792 colendos
951 2731 1268 2796 honoribus,
1297 2730 1382 2784 vel
1435 2728 1770 2784 adorandos:

179 2848 440 2905 rogamus
474 2830 618 2886 enim
651 2835 891 2891 sanctos,
926 2840 1034 2879 non
1064 2835 1125 2879 ut
1156 2822 1255 2892 ipsi
1286 2829 1544 2892 praestent
1572 2835 1668 2890 per
1695 2835 1775 2886 se,

181 2943 310 2997 qua:
333 2924 492 2979 saluti
522 2929 721 2976 nostrae
745 2916 1050 2973 necessaria
1078 2924 1202 2970 sunt
1223 2931 1237 2975 :
1267 2914 1360 2968 sed
1388 2921 1446 2966 ut
1469 2913 1535 2967 ab
1558 2920 1778 2966 auctore

181 3020 476 3079 bonorum,
505 3028 535 3067 a
565 3027 671 3081 quo
725 3020 800 3065 est
842 3025 992 3063 omne
1023 3008 1205 3060 datum
1243 3006 1495 3075 optimum
1535 3013 1582 3056 et
1627 3017 1779 3055 omne

184 3109 389 3161 donum
422 3102 707 3175 perfectum
749 3098 891 3171 (Jac.
921 3098 985 3168 ι),
1022 3104 1082 3151 ιιι
1122 3103 1249 3164 pote
1298 3093 1372 3148 illi
1420 3091 1778 3163 proximiores

1870 1912 2013 1967 cultu
2043 1912 2400 1966 immoderato
2429 1910 2551 1966 fidei
2578 1911 2783 1965 sanitas
2812 1909 3144 1971 vulneretur,
3181 1916 3235 1962 et
3260 1921 3452 1976 eorpo-
3542 1906 3551 1915 “

1868 2002 2071 2057 ralibus
2100 2003 2262 2057 rebus
2288 2002 2462 2056 honor
2487 2002 2654 2056 nimie
2689 2001 2965 2072 impensus
2993 2006 3185 2070 arguat
3224 2014 3321 2054 nos
3353 1997 3455 2051 mi-

1870 2109 1973 2150 nus
2003 2094 2303 2165 spiritualia
2329 2092 2699 2163 contemplari.

2491 2223 2719 2280 CAPUT
2756 2223 2824 2280 lX

2150 2338 2227 2393 De
2254 2337 2458 2407 templis
2484 2347 2532 2390 et
2559 2336 2817 2391 altaribus
2842 2336 3172 2391 dedicandis.
3244 2372 3249 2379 -

1941 2451 2097 2519 Quod
2127 2449 2323 2519 templa
2353 2449 2446 2503 Dei
2487 2448 2823 2504 dedicatione
2869 2447 3096 2503 solemni
3140 2461 3458 2502 consecran-

1875 2542 1944 2597 da
1965 2544 2090 2607 sint,
2119 2540 2377 2610 exemplis
2399 2540 2745 2609 antiquorum
2770 2549 2825 2594 et
2852 2553 3090 2609 congrua
3120 2538 3330 2593 ratione
3356 2538 3459 2592 do-

1878 2649 2085 2698 cemur,
2111 2632 2237 2701 quia
2285 2639 2341 2686 et
2390 2630 2556 2685 Jacob
2610 2630 2920 2700 patriarcha
2963 2627 3203 2683 erexisse
3229 2626 3462 2696 lapidem

1878 2726 2073 2796 legitur
2097 2735 2154 2779 et
2179 2723 2300 2778 oleo
2321 2723 2554 2793 desuper
2578 2721 2698 2778 fuso
2723 2721 2941 2776 tinxisse
2967 2734 3110 2784 eum,
3153 2727 3207 2776 et
3230 2732 3459 2776 vocasse

1880 2819 2096 2875 donmm
2113 2816 2205 2871 Dei
2227 2833 2239 2868 :
2270 2815 2521 2885 idemque
2542 2828 2702 2884 super
2726 2812 2895 2867 altare
2910 2819 3151 2867 erectum
3182 2811 3467 2865 invocasse

1880 2909 2237 2965 fortissimum
2312 2907 2483 2961 Deum
2546 2904 2731 2966 Israel.
2786 2894 3217 2958 Tabernaculum
3285 2910 3466 2957 autem

1882 3001 2095 3072 Moyses
2121 3007 2175 3054 e‘t
2201 2997 2455 3053 Salomon
2479 2994 2737 3066 templum
2778 2994 3144 3049 celeberrimis
3177 2993 3470 3049 dedicatio-

1884 3092 2045 3145 nibus
2072 3103 2420 3144 consecrasse
2436 3087 2685 3155 leguntur
2715 3084 2913 3156 (Exod.
2931 3100 3029 3149 XL;
3060 3083 3153 3136 ΙΙΙ
3175 3083 3304 3153 Reg.
3327 3083 3467 3155 mi).

185 3174 429 3261 meritis,
444 3202 500 3250 et
521 3193 641 3248 ideo
667 3190 871 3245 certius
898 3186 1175 3251 audiendi,
1218 3185 1509 3253 impetrent
1538 3195 1658 3251 quae
1686 3195 1778 3233 sa—
1805 3176 1849 3240 C
1882 3178 2036 3234 Unde
2064 3179 2115 3232 in
2136 3178 2501 3232 testimonium
2530 3177 2726 3230 divina:
2762 3174 3088 3230 ostensionis
3116 3182 3171 3229 et
3202 3174 3467 3229 visitatio-

183 3291 288 3346 luti
316 3287 611 3360 petentium
635 3293 939 3356 opportuna
967 3296 1076 3335 non
1103 3281 1370 3335 nesciunt.
1391 3276 1562 3330 Deum
1596 3281 1777 3328 autem

182 3394 435 3443 oramus,
469 3388 527 3431 ut
555 3389 650 3431 sua
677 3373 918 3429 bonitate
941 3370 1175 3442 gratuita
1202 3367 1411 3422 meritis
1434 3374 1489 3419 et
1517 3365 1779 3417 interces-

186 3470 439 3527 sionibus
488 3475 824 3529 sanctorum,
871 3476 991 3532 qum
1024 3459 1185 3515 nobis
1224 3457 1433 3529 iudicat
1471 3452 1777 3518 commoda,

187 3561 476 3632 largiatur.
528 3557 598 3612 Et
645 3555 772 3611 huic
802 3553 1044 3625 quidem,
1085 3558 1145 3604 ut
1169 3549 1280 3603 Deo
1307 3545 1556 3609 Domino,
1584 3542 1779 3615 judici,

185 3651 452 3717 creatori,
501 3645 860 3717 omnipotenti
927 3651 985 3699 et
1027 3638 1323 3704 Salvatori,
1382 3634 1781 3706 supplicamus:

186 3748 317 3804 illos
344 3759 492 3808 vero,
521 3750 581 3796 ut
618 3740 709 3795 Dei
738 3738 961 3802 amicos,
990 3733 1203 3790 Domini
1226 3729 1477 3794 famulos,
1498 3733 1780 3797 patronos,

185 3855 327 3896 vere
360 3839 672 3897 honoratos,
721 3840 777 3886 et
812 3829 1041 3900 pleniter
1069 3826 1325 3889 salvatos,
1355 3822 1411 3876 in
1455 3818 1781 3888 adjutorium

186 3930 475 3987 vocamus.
510 3923 670 3979 Tales
723 3935 843 3977 esse
883 3931 1073 3989 preces
1123 3914 1381 3979 fidelium,
1420 3912 1513 3981 qui
1538 3909 1789 3979 publicas

186 4019 457 4077 Ecclesia:
481 4013 756 4071 orationes
787 4008 1137 4064 considerare
1163 4011 1384 4067 norunt,
1410 4001 1658 4055 dubitare
1677 4013 1782 4052 non

187 4119 475 4185 poterunt.
505 4106 637 4163 Cum
676 4105 857 4173 itaque
902 4100 1027 4155 talis
1072 4099 1142 4154 sit
1184 4092 1480 4152 Christiani
1524 4091 1785 4162 perfectio

190 4180 415 4267 sensus,
447 4214 555 4255 non
598 4204 725 4252 sunt
769 4191 1094 4250 omnimodis
1144 4186 1362 4243 lmnesti
1418 4193 1475 4240 et
1520 4180 1786 4238 moderati

193 4296 498 4367 imaginum
543 4292 778 4345 honores
822 4283 1135 4353 abjiciendi.
1169 4279 1227 4335 Si
1272 4278 1417 4334 enim
1468 4275 1609 4341 ideo,
1660 4272 1787 4343 quia

194 4387 455 4444 novimus
486 4398 591 4437 non
640 4377 946 4435 adorandas
994 4389 1097 4429 nec
1138 4368 1392 4428 colendas
1419 4369 1622 4432 iconas,
1658 4380 1790 4420 con-

193 4477 479 4537 culcanda:
499 4482 625 4530 sunt
650 4470 888 4527 delendae
901 4469 1145 4538 pictum,
1163 4462 1315 4534 quasi
1336 4477 1443 4516 non
1467 4456 1789 4514 necessariae

194 4572 293 4629 vel
324 4569 548 4625 nocivze.
590 4565 741 4636 Ergo
774 4570 830 4617 et
859 4562 983 4631 quia

198 4660 472 4723 omnium,
514 4657 603 4727 qui
631 4654 830 4723 ubique
853 4659 935 4706 est
956 4657 1013 4705 et
1041 4648 1238 4705 cwlum
1266 4653 1322 4699 et
1358 4654 1557 4699 terram
1578 4641 1787 4711 implet,

200 4770 319 4811 non
358 4751 565 4805 habitat
595 4747 649 4801 in
672 4742 1022 4807 manufaetis,
1050 4735 1374 4795 destruenda
1405 4740 1529 4788 sunt
1569 4730 1787 4800 templa,

200 4861 279 4902 ne
302 4843 581 4897 videamur
623 4836 920 4908 parietibus
963 4840 1019 4888 et
1063 4829 1220 4886 tectis
1259 4826 1527 4882 inclusum
1570 4823 1793 4878 credere

200 4936 558 4997 Creatorem;
587 4929 772 4997 sicque
800 4924 1004 4996 poterit
1029 4922 1270 4986 evenire,
1296 4927 1358 4973 ut
1385 4917 1511 4972 dum
1535 4929 1794 4971 cavemus

202 5042 283 5084 ne
309 5026 517 5097 uspiam
545 5019 863 5090 sitaliquid,
901 5017 991 5073 ubi
1034 5013 1399 5085 insipientium
1438 5024 1595 5066 mens
1621 5007 1799 5079 possit

204 5132 422 5182 errare,
451 5113 584 5170 nihil
610 5125 749 5184 pene
791 5109 1108 5172 habeamus,
1165 5120 1273 5174 quo
1318 5101 1403 5156 vel
1454 5100 1797 5155 devotionem

208 5218 462 5267 nostram
504 5217 889 5267 exerceamus,
917 5198 1003 5255 vel
1052 5195 1323 5266 simplices
1366 5201 1426 5247 et
1469 5192 1686 5260 ignaros
1729 5185 1798 5242 ad

209 5313 462 5358 amorem
515 5292 864 5351 invisibilium
916 5291 1134 5346 trahere
1182 5285 1476 5341 valeamus.
1523 5282 1799 5350 Quantum

210 5399 404 5448 autem
429 5384 681 5443 utilitatis
703 5399 771 5440 ex
804 5382 1032 5454 pictura:
1074 5366 1288 5434 ratione
1314 5373 1620 5457 proveniat,
1655 5371 1798 5425 mul-

210 5481 480 5557 gipliciter
515 5485 685 5551 patet.
735 5473 978 5531 Primum
1027 5470 1267 5542 quidem,
1301 5466 1426 5538 quia
1469 5464 1679 5535 pictura
1716 5470 1802 5517 est

216 5554 469 5649 quasdam
491 5572 797 5628 litteratura
822 5566 1121 5631 illitterato,
1151 5563 1289 5618 adeo
1314 5566 1376 5613 ut
1408 5556 1627 5628 quidam
1649 5554 1801 5624 prio-

218 5684 346 5724 rum
373 5666 581 5737 legatur
607 5678 674 5719 ex
694 5658 925 5732 picturis
953 5655 1209 5711 didicisse
1248 5652 1595 5723 antiquorum
1627 5648 1800 5703 histo-

222 5762 355 5818 rias.
384 5742 587 5818 Deinde
615 5756 696 5825 (ut
720 5750 1000 5810 brevitatis
1043 5763 1207 5805 causa
1238 5742 1644 5818 praetermittam
1684 5739 1799 5812 plu-

1882 3275 1989 3337 nis,
2018 3271 2156 3342 ignis
2180 3272 2246 3326 de
2270 3270 2407 3326 ccelo
2443 3270 2793 3332 descendens,
2822 3268 3004 3323 oblata
3031 3269 3383 3338 consumpsit,
3413 3277 3473 3323 et

1883 3379 2044 3433 supra
2069 3372 2355 3432 utramque
2374 3360 2594 3417 domum
2615 3360 2796 3416 fumus
2812 3375 2888 3416 ac
2906 3359 3101 3417 nebula
3128 3359 3322 3415 divinae
3342 3375 3470 3431 pro-

1888 3454 2136 3509 tectionis
2166 3453 2399 3523 aparuit.

1954 3544 2263 3600 Notandum
2294 3559 2423 3599 vero
2475 3543 2617 3613 quod
2664 3557 2770 3596 non
2804 3544 3017 3596 tantum
3055 3541 3107 3595 in
3144 3540 3319 3612 prima
3346 3554 3477 3596 con-

1885 3636 2184 3691 structione
2207 3634 2388 3705 templi
2413 3633 2685 3689 dedicatio
2718 3641 2801 3687 est
2829 3631 3123 3696 celebrata,
3167 3632 3262 3686 sed
3306 3631 3471 3686 etiam

1885 3726 2121 3781 secundo
2148 3724 2229 3780 vel
2261 3724 2438 3789 tertio,
2483 3731 2606 3793 post
2648 3722 2987 3777 eversionem
3038 3727 3091 3774 et
3135 3718 3472 3791 profanatio-

1887 3834 2010 3873 nem
2065 3816 2306 3885 ejusdem
2342 3813 2526 3884 templi
2555 3823 2776 3884 propter
2814 3816 3035 3882 peccata
3064 3809 3245 3881 populi
3276 3825 3473 3879 perpe-

1889 3918 2084 3963 tratam
2116 3924 2146 3961 a
2170 3908 2442 3977 gentibus,
2469 3921 2591 3961 cum
2616 3904 2999 3957 reaedilicatum
3030 3901 3130 3956 sub
3172 3898 3474 3955 Zorobabel

1889 3997 2043 4069 (Agg.
2079 3996 2165 4065 ιι),
2208 3996 2322 4049 sive
2373 3992 2474 4047 sub
2527 3992 2852 4045 Machabzcis
2896 3989 3086 4043 fuisset
3128 3988 3473 4058 puriﬁcatum

1890 4087 2084 4139 iterata
2110 4083 2449 4137 dedicatione
2480 4082 2764 4135 subsecuta
2812 4078 2861 4149 (ι
2889 4078 3066 4132 Much.
3102 4077 3179 4146 v).
3218 4076 3369 4132 Unde
3415 4092 3479 4131 ea

1889 4193 2009 4247 qua:
2042 4174 2336 4230 novissime
2364 4171 2505 4226 facta
2537 4180 2623 4226 est
2670 4170 2867 4225 hiemis
2897 4177 3159 4237 tempore,
3198 4182 3368 4236 usque
3409 4167 3478 4221 ad

1894 4276 2138 4335 tempora
2188 4262 2458 4333 passionis
2505 4260 2709 4325 Christi
2758 4258 3050 4314 observata
3110 4256 3479 4326 cognoscitur,

1893 4360 2034 4416 sicut
2083 4358 2342 4427 scriptum
2394 4362 2479 4410 est
2528 4354 2581 4408 in
2632 4351 2922 4423 Evangelio
2949 4350 3172 4406 Joannis
3197 4348 3348 4419 (Cap.
3381 4348 3478 4414 x):

1896 4450 2064 4504 Facta
2101 4457 2222 4502 sunt
2266 4444 2518 4500 Encamia
2547 4444 2602 4498 in
2638 4440 3042 4511 Hierosolymis,
3081 4448 3129 4493 et
3158 4440 3322 4492 hiems
3346 4445 3481 4501 erat,

1037 4527 1333 4619 credi-mus,
1381 4551 1524 4622 quod
1558 4548 1789 4605 Creator
1821 4532 1869 4592 Ῐ)
1894 4553 1946 4598 et
1978 4541 2205 4613 reliqua.
2251 4537 2387 4593 Nam
2429 4545 2624 4593 caetera
2652 4536 2771 4590 dua:
2811 4533 2934 4588 aliis
2974 4531 3103 4586 anni
3149 4527 3482 4599 temporibus

1897 4632 2074 4696 factae,
2103 4631 2333 4700 septimo
2358 4627 2610 4683 videlicet
2636 4634 2691 4681 et
2719 4624 2896 4696 primo
2928 4634 3134 4685 mense,
3167 4626 3480 4674 narrantur.

1895 4723 2172 4782 Invenitur
2192 4722 2355 4776 etiam
2394 4719 2624 4775 concilio
2658 4714 2952 4787 Agathensi
2982 4720 3262 4777 statutum,
3309 4719 3371 4764 ut
3408 4709 3487 4763 al—

1898 4824 2018 4870 tare
2061 4819 2298 4884 ungatur
2320 4819 2375 4865 et
2412 4808 2783 4865 benedicatur.
2836 4803 2962 4858 llazc
3020 4803 3237 4873 quidem
3281 4810 3337 4858 et
3381 4799 3487 4855 alia

1899 4900 2143 4976 exempla
2171 4902 2594 4958 dedicandorum
2626 4898 2888 4954 habemus
2916 4894 3237 4965 templorum
3261 4902 3316 4948 et
3345 4892 3486 4946 alta-

1901 4998 2063 5063 rium,
2082 5010 2187 5051 non
2211 4994 2390 5049 minus
2415 4992 2482 5047 ad
2509 4993 2649 5046 hanc
2672 4983 3370 5055 observantiamprobabili
3393 4997 3483 5037 ra-

1902 5090 2050 5144 tione
2076 5084 2345 5158 perducti.
2377 5082 2434 5137 Si
2466 5080 2820 5152 enimpagani
2844 5077 3042 5150 templa
3072 5085 3127 5132 et
3142 5085 3371 5141 statuas,
3396 5090 3488 5130 er-

1902 5180 2043 5236 roris
2058 5178 2139 5233 sui
2172 5174 2504 5240 testimonia,
2528 5171 2809 5228 dzemoniis
2830 5169 3207 5241 deceptoribus
3231 5168 3366 5234 suis,
3390 5183 3491 5238 per

1902 5268 2150 5342 quaedam
2174 5271 2586 5322 exsecramenta
2609 5261 2804 5334 magis,
2830 5277 2993 5331 quam
3021 5266 3363 5316 sacramenta
3392 5258 3488 5312 de—

1906 5377 2107 5420 vovere
2133 5371 2190 5417 et
2213 5359 2462 5416 dedicare
2484 5362 2803 5421 noscuntur,
2817 5363 2876 5410 ut
2900 5363 2957 5411 et
2972 5368 3125 5409 suam
3147 5349 3490 5407 devotionem

1910 5455 2033 5521 diis,
2064 5452 2258 5524 quibus
2282 5448 2501 5521 placere
2530 5446 2843 5503 desiderant
2872 5444 3077 5499 arctius
3102 5439 3395 5502 insinuent,
3437 5444 3495 5491 et

1911 5547 1978 5603 ad
2006 5560 2066 5602 se
2089 5540 2400 5599 invisendos
2411 5540 2715 5595 daemonum
2740 5537 2968 5609 gratiam
2994 5536 3097 5589 hac
3122 5528 3493 5585 familiaritate

1910 5639 2015 5696 sibi
2066 5634 2378 5701 concilient,
2425 5632 2569 5689 sicut
2616 5630 2816 5703 legitur
2848 5623 3343 5683 Nabuchodonosor
3391 5633 3491 5675 rex

1910 5728 2221 5802 Babyloniis
2253 5724 2451 5784 fecisse
2471 5721 2864 5781 dedicationem
2890 5724 3082 5775 statuae
3102 5726 3267 5785 quam
3302 5723 3496 5767 erexe-
