3948 6328
513 289 611 345 951

1022 293 1408 349 WALAFRIDI
1448 294 1693 353 STRABI
1733 296 1935 353 FULD.
1976 296 2142 355 MON.
2182 299 2334 356 OPP.
2373 300 2554 358 PARS
2588 302 2630 358 l.
2665 335 2735 345 —
2770 302 3226 365 THEOLOGICA.

3602 366 3609 370 .
3674 319 3775 375 933

516 413 598 458 rat
620 404 673 458 in
704 419 892 474 campo
916 406 1095 460 Durau
1128 405 1289 477 (Dan.
1318 408 1424 477 ιιι).
1453 407 1633 474 Quare
1655 424 1762 464 non
1784 410 1965 479 potius
1990 424 2089 464 nos
2119 415 2165 473 Α
2192 415 2484 471 vendentes
2510 425 2567 471 et
2586 426 2828 475 ementes
2849 418 3009 490 eiecit
3030 421 3097 479 de
3125 423 3329 494 templo
3355 425 3542 498 (Joan.
3571 429 3657 502 ιι).
3709 432 3773 488 Et

515 498 709 569 templa
732 508 787 552 et
820 498 1032 563 altaria,
1067 510 1267 555 nostra:
1316 502 1682 573 religiositatis
1718 503 1937 570 indicia,
1978 505 2090 559 Deo

514 587 780 643 Salvatori
815 599 1001 645 nostro
1022 606 1123 660 per
1153 591 1353 647 illibata
1407 600 1465 648 et
1513 601 1694 648 vestra
1740 594 2082 650 Sacramenta

510 676 764 732 dedicare
791 694 1040 734 curemus
1068 680 1248 748 (Joan.
1282 684 1417 753 xiv),
1447 690 1505 736 ut
1540 691 1735 739 etcum
1760 691 1961 739 nostra;
1997 686 2090 741 de-

510 766 745 822 votionis
772 766 961 823 ciliciis
990 770 1185 825 divinae
1219 772 1488 841 majestati
1514 773 1849 842 placeamus:
1877 782 1933 828 et
1974 775 2090 845 ipse

510 870 611 909 nos
632 871 849 926 semper
873 858 1131 925 invisere,
1161 870 1217 914 et
1243 863 1576 917 mansionem
1624 862 1726 918 sibi
1754 864 1806 917 in
1829 864 1986 919 nobis
2009 863 2089 919 fa-

508 960 633 1001 cere
658 948 926 1018 dignetur,
955 950 1045 1019 qui
1098 967 1195 1020 per
1241 954 1565 1023 prophetam
1610 953 1774 1008 dicit:
1802 952 1993 1009 Pavete
2018 956 2087 1010 ad

507 1038 869 1090 sanctuarium
898 1054 1070 1092 meum
1101 1039 1242 1110 (ch.
1275 1041 1449 1112 xxvr),
1477 1050 1534 1097 et
1555 1041 1782 1113 reliqua.

1122 1171 1348 1229 CAPUT
1386 1174 1454 1228 Χ.

682 1282 821 1348 Quia
858 1284 975 1352 ﬁeri
1001 1285 1182 1339 debeat
1214 1286 1268 1340 in
1290 1286 1416 1341 locis
1446 1287 1553 1342 Deo
1583 1289 1898 1344 consecratis

573 1394 712 1462 Quid
737 1404 917 1449 autem
943 1394 1055 1450 ﬁeri
1104 1396 1297 1452 debedt
1333 1399 1385 1452 in
1425 1397 1555 1453 locis
1593 1399 1703 1454 Deo
1728 1400 2078 1466 consecratis,

498 1484 760 1539 Dominus
786 1500 883 1554 per
907 1486 1227 1556 prophetam
1254 1499 1311 1542 et
1336 1502 1434 1556 per
1483 1489 1716 1559 seipsum
1765 1489 2081 1545 manifestat

499 1578 686 1633 dicens
732 1596 745 1631 :
801 1578 1001 1631 Domus
1066 1595 1205 1643 mea,
1262 1580 1449 1632 domus
1507 1581 1758 1634 orationis
1814 1581 2082 1634 vocabitur

496 1671 696 1724 cunctis
723 1670 956 1740 gentibus
983 1670 1199 1741 (Matth.
1226 1686 1314 1724 xx:
1338 1687 1352 1735 ;
1385 1670 1492 1724 Isa.
1513 1670 1645 1740 Lvt).
1669 1669 1736 1724 Et
1754 1669 2073 1725 Psalmista:

2192 518 2288 573 per
2314 505 2637 575 Prophetam
2673 510 2906 579 quodam
2943 513 3064 569 loco
3098 516 3379 585 queritur,
3432 519 3653 577 dicens:
3685 524 3774 580 Di-

2190 599 2351 655 lectus
2373 620 2523 657 meus
2550 606 2607 657 in
2634 604 2787 660 domo
2806 623 2921 662 mea
2937 608 3058 678 fecit
3076 609 3271 666 scelera
3291 612 3462 668 multa
3476 615 3655 686 (Hier.
3675 622 3767 687 ιι).

2190 691 2477 760 Apostolus
2496 710 2711 765 quoque
2740 697 3048 756 Corinthios
3076 702 3127 755 in
3149 704 3380 760 ecclesia
3402 707 3770 767 dissensiones

2188 782 2465 847 habentes,
2534 785 2771 855 itemque
2824 790 3174 847 convivantes
3220 794 3492 864 increpat,
3555 798 3767 856 dicens:

2188 871 2426 928 Primum
2454 876 2662 945 quidem
2691 882 3106 937 convenientibus
3141 884 3283 939 vobis
3311 887 3480 941 audio
3511 891 3771 949 scissura

2186 978 2295 1017 esse
2346 964 2396 1035 (Ι
2432 964 2554 1020 Cor.
2597 967 2700 1039 χι),
2728 978 2786 1024 et
2820 971 3042 1040 reliqua,
3071 981 3127 1028 et
3162 974 3218 1028 in
3259 981 3770 1046 consequentibus:

2191 1050 2647 1143 Convenientibus.
2659 1059 2799 1113 vobis
2828 1061 2882 1114 in
2913 1079 3094 1128 unum,
3124 1064 3241 1132 jam
3276 1082 3379 1120 non
3422 1079 3501 1121 est
3530 1069 3775 1126 Domini.

2188 1157 2301 1195 cam
2320 1160 2515 1197 caenam
2533 1147 2868 1204 manducare.
2900 1148 3263 1225 Unusquisque
3289 1157 3431 1211 enim
3466 1176 3626 1213 suam
3670 1179 3773 1216 ca:-

2185 1250 2307 1287 nam
2350 1239 2617 1304 prtesumit
2664 1241 2734 1293 ad
2780 1243 3222 1299 manducandum.
3261 1246 3335 1300 Et
3367 1248 3513 1303 alius
3562 1254 3772 1322 quidem

2183 1326 2366 1389 esurit,
2395 1327 2531 1381 alius
2557 1339 2730 1383 autem
2758 1330 2931 1387 ebrius
2975 1343 3069 1387 est.
3135 1335 3390 1406 Nunquid
3438 1341 3629 1396 domos
3673 1362 3772 1398 ne:

2184 1413 2383 1470 habetis
2410 1416 2479 1470 ad
2502 1419 2925 1475 manducandum
2957 1433 3004 1476 et
3037 1424 3313 1480 bibendum
3330 1428 3356 1481 .’
3377 1440 3474 1483 aut
3497 1433 3770 1487 ecclesiam

2181 1503 2282 1558 Dei
2306 1508 2655 1572 contemnitis,
2694 1518 2743 1563 et
2778 1512 3097 1581 confunditis
3149 1532 3236 1571 eos
3265 1520 3357 1587 qui
3390 1536 3503 1574 non
3543 1524 3771 1579 habent?

2180 1592 2249 1647 Et
2280 1602 2402 1664 post
2437 1595 2604 1650 multa
2637 1596 2943 1671 subiungit:
2991 1601 3199 1674 Itaque,
3252 1607 3449 1675 fratres
3492 1613 3625 1676 mei,
3656 1630 3767 1666 aut

2179 1683 2461 1737 convenitis
2493 1685 2562 1737 ad
2599 1686 3056 1755 manducandum,
3096 1692 3311 1748 invicem
3341 1709 3673 1766 exspectate.
3701 1702 3760 1756 Si

496 1761 730 1816 Introibo
751 1764 805 1815 in
837 1762 1048 1815 domum
1075 1770 1243 1825 tuam,
1279 1760 1510 1814 adorabo
1541 1761 1609 1814 ad
1663 1759 1909 1831 templum
1954 1778 2076 1815 san-
2107 1755 2153 1814 Β
2179 1772 2296 1841 quis
2326 1774 2508 1840 esurit,
2535 1774 2678 1829 domi
2707 1779 3006 1846 manducet,
3039 1792 3092 1835 ut
3114 1800 3217 1838 non
3241 1785 3294 1839 in
3320 1755 3604 1855 judicium
3644 1809 3765 1846 eon-

492 1864 630 1907 ctum
666 1864 814 1908 tuum
836 1852 1062 1925 (Psatm.
1087 1852 1164 1925 v),
1187 1861 1241 1907 et
1263 1849 1431 1906 multa
1458 1852 1545 1907 his
1587 1852 1805 1907 similia.
1838 1852 2073 1921 Angelo-

491 1959 613 1997 rum
636 1944 802 1998 etiam
842 1942 1184 2012 praesentiam
1227 1942 1291 1995 in'
1337 1940 1470 1996 locis
1512 1941 1709 1996 talibus
1758 1941 1968 2007 haberi,
2017 1949 2074 1997 et

490 2033 658 2088 Jacoh
703 2034 946 2104 agnovit,
999 2033 1216 2102 quando
1262 2033 1411 2088 scala
1461 2033 1515 2087 in
1547 2031 1859 2088 Bethlehem
1899 2041 2069 2097 recta,

488 2126 624 2181 vidit
672 2127 894 2194 angelos
952 2127 1305 2181 ascendentes
1363 2133 1418 2180 et
1474 2125 1863 2179 descendentes
1913 2123 2066 2196 (Gen.

488 2215 703 2284 xxviii).
746 2215 815 2269 Et
858 2215 1027 2270 David
1057 2224 1303 2279 testatur,
1333 2214 1546 2269 dicens:
1576 2213 1645 2268 In
1674 2222 1944 2285 conspectu
1974 2231 2071 2268 an-

486 2305 720 2375 gelorum
750 2304 973 2375 psallam
999 2305 1116 2370 tibi,
1141 2313 1189 2359 et
1217 2304 1446 2359 adorabo
1471 2304 1539 2357 ad
1559 2304 1804 2372 templum
1829 2316 2066 2358 sanctum

486 2402 635 2447 tuum
663 2391 835 2462 (Psal.
866 2392 1130 2463 cxxxvn).
1161 2393 1295 2448 Vota
1327 2392 1490 2445 etiam
1524 2401 1579 2446 et
1601 2391 1864 2447 sacrificia
1897 2393 1950 2446 iu
1982 2393 2068 2449 his

486 2485 597 2540 Deo
658 2485 840 2541 oli'erri
889 2486 1105 2551 debere,
1152 2493 1206 2539 et
1259 2486 1345 2539 lex
1399 2484 1596 2557 Moysis
1641 2484 1869 2555 pleniter
1910 2487 2067 2541 docet

485 2574 664 2646 (Deut.
712 2575 837 2646 xu),
891 2582 946 2628 et
993 2573 1280 2629 Psalmista
1323 2582 1745 2628 commemorat:
1785 2571 1918 2628 Vota
1949 2590 2064 2628 mea

483 2664 779 2737 (inquiens)
805 2664 1026 2719 Domino
1056 2664 1271 2719 reddam
1299 2666 1354 2719 in
1380 2673 1653 2735 conspectu
1678 2665 1845 2719 omnis
1886 2665 2065 2735 papuli

479 2754 594 2824 ejus
620 2751 788 2826 (Psal.
817 2753 963 2825 cxv),
993 2764 1098 2810 etc.
1145 2755 1414 2810 Doctrinae
1449 2769 1661 2824 quoque
1701 2756 1921 2809 verbum
1964 2770 2064 2824 po-

480 2844 607 2915 pulo
632 2845 684 2898 in
714 2844 950 2901 Ecclesia
985 2846 1303 2918 u‘ispeirsari,
1336 2854 1391 2903 et
1410 2845 1627 2919 Moyses
1653 2844 1905 2914 ostendit,
1939 2861 2060 2900 cum

480 2934 547 2989 ad
570 2936 768 2990 ostium
794 2936 1125 2993 tabernaculi
1157 2938 1409 2992 mandata
1434 2938 1645 2992 Domini
1669 2936 1864 3007 populo
1899 2951 2062 3007 expos

479 3025 623 3081 suit:
654 3033 707 3079 et
736 3025 848 3094 ipse
889 3025 1147 3082 Dominus
1173 3027 1227 3082 in
1271 3026 1473 3098 templo
1509 3027 1767 3082 duodenis
1808 3028 2059 3083 inventus

2174 1862 2408 1933 veniatis.
2433 1864 2500 1918 Et
2523 1867 2769 1934 superius
2810 1869 2879 1923 de
2912 1869 3231 1928 inordinatis
3260 1872 3546 1932 orantium
3602 1883 3763 1949 gesti-

2171 1951 2270 2021 bus
2296 1956 2611 2025 prtemittit:
2645 1957 2760 2012 Hoc
2799 1970 2975 2015 autem
3031 1966 3300 2035 pra-cipio,
3350 1985 3459 2023 non
3513 1970 3763 2035 laudans,

2171 2045 2309 2115 quod
2332 2062 2435 2100 non
2462 2048 2515 2101 in
2542 2049 2748 2115 melius,
2772 2051 2863 2104 sed
2900 2053 2955 2106 in
2983 2053 3232 2122 deterius,
3264 2062 3584 2114 convenitis.
3619 2061 3764 2117 Unde

2168 2132 2360 2190 beatus
2419 2147 2575 2208 pater
2622 2139 2943 2197 Benedictus
3002 2143 3055 2198 in
3116 2146 3302 2215 regula
3363 2153 3761 2207 monachorum

2168 2225 2436 2295 prtecipit,
2459 2236 2519 2282 ut
2539 2231 2833 2285 oratorium
2866 2233 2972 2288 hoc
2996 2235 3230 2306 sitquod
3272 2238 3504 2305 dicitur,
3558 2259 3662 2297 nec
3688 2246 3757 2298 iti

2167 2316 2462 2389 quidquam
2490 2319 2633 2376 aliud
2667 2332 2887 2393 geratur
2912 2335 3007 2380 aut
3032 2330 3323 2384 condatur.
3354 2330 3465 2387 Ubi
3521 2337 3757 2389 ostendi-

2168 2414 2257 2461 tur
2275 2424 2368 2464 eos
2396 2411 2690 2481 culpabiles
2719 2429 2861 2481 esse,
2889 2418 2982 2486 qui
3004 2418 3148 2474 nulla
3191 2409 3536 2479 necessitate
3563 2429 3753 2489 coacti,

2166 2494 2383 2568 indigna
2409 2499 2479 2556 ibi
2503 2504 2864 2571 committunt,
2889 2507 2975 2562 vel
3003 2507 3121 2564 ioca
3150 2520 3336 2567 sancta
3367 2514 3422 2568 in
3477 2516 3674 2571 horrea
3702 2528 3755 2572 et

2165 2589 2456 2657 apothecas
2505 2602 2829 2650 convertunt
2865 2614 2878 2649 :
2926 2612 3052 2652 cum
3093 2600 3147 2653 in
3186 2603 3497 2657 canonibus
3542 2621 3751 2676 quoque

2164 2679 2359 2749 smpius
2388 2682 2459 2736 sit
2482 2683 2851 2753 interdictum,
2876 2704 2943 2743 ne
2989 2689 3043 2743 in
3085 2691 3333 2748 ecclesiis
3378 2699 3639 2752 convivia
3672 2700 3749 2754 vei

2162 2772 2385 2840 prandia
2457 2773 2589 2830 flant
2656 2778 2762 2833 nisi
2828 2781 2949 2849 quis
3000 2779 3210 2840 itineris
3271 2791 3611 2844 necessitate
3671 2807 3749 2847 co-

2161 2871 2336 2934 gatur.

2761 2938 2986 3000 CAPUT
3026 2941 3139 3000 Χ-ιι.

2413 3028 2488 3082 De
2515 3031 2704 3085 orandi
2732 3034 2899 3089 modis
2925 3052 2987 3089 ac
3015 3037 3269 3093 distantia
3294 3057 3508 3097 uocum.

476 3124 563 3172 est
592 3117 644 3171 in
672 3117 848 3172 medio
869 3117 1152 3174 doctorum
1179 3121 1371 3175 sedens
1422 3118 1570 3191 (Luc.
1603 3120 1701 3192 n);
1748 3130 1805 3177 et
1841 3121 2055 3177 creber-

2238 3138 2481 3205 Qualiter
2507 3150 2686 3196 autem
2712 3148 2983 3203 orandum
3016 3148 3089 3203 sit
3123 3147 3266 3204 idem
3300 3150 3469 3209 Pater
3500 3158 3748 3216 brevibus

475 3205 613 3261 rime
652 3206 707 3261 in
740 3207 1031 3278 Evangelia
1077 3209 1347 3278 reperitur
1398 3206 1451 3262 in
1500 3209 1697 3278 templo
1754 3223 2057 3264 sermonem

477 3296 692 3363 fecisse,
749 3299 889 3353 sicut
917 3308 973 3354 et
1012 3300 1068 3353 in
1112 3298 1362 3369 passione
1414 3314 1511 3355 sua
1541 3298 1740 3354 fatetur
1778 3314 1836 3354 se
1882 3298 2055 3369 palam

475 3388 529 3442 in
555 3388 842 3458 synagogis
869 3389 1117 3445 docuisse
1137 3398 1193 3444 et
1218 3390 1272 3443 in
1298 3389 1518 3459 templo,
1546 3404 1652 3459 quo
1674 3404 1864 3444 omnes
1885 3389 2056 3444 Judaei

472 3479 1168 3552 cnnveniunt(loan.x1x).
1198 3479 1305 3535 Sed
1352 3490 1409 3537 et
1441 3480 1632 3537 Petrus
1677 3496 1801 3536 cum
1850 3480 2057 3536 Joanne

470 3569 527 3623 in
561 3570 758 3640 templo
788 3571 964 3625 oravit
994 3580 1047 3626 et
1080 3570 1281 3627 Paulus
1301 3582 1425 3627 vota
1467 3564 1728 3642 persolvit
1772 3573 1911 3645 (Act.
1945 3574 2053 3646 ιιι),

469 3667 527 3713 et
550 3673 740 3714 omnes
769 3660 995 3728 apostoli
1021 3659 1319 3715 docuerunt
1375 3662 1512 3733 (Act.
1556 3670 1694 3731 χιιι).
1740 3663 1894 3719 Unde
1930 3680 2053 3718 eum

471 3746 663 3799 eadem
690 3747 879 3802 domus
927 3748 1020 3802 Dei
1055 3750 1351 3804 oratorium
1377 3751 1603 3815 dicatur,
1636 3759 1811 3822 potest
1839 3754 2052 3809 etade-

468 3840 874 3911 precationibus
901 3842 955 3895 in
979 3857 1041 3897 ea
1067 3842 1351 3923 faciendis,
1380 3852 1434 3899 et
1459 3858 1490 3897 a
1535 3845 1807 3900 locutione
1853 3846 2055 3901 doctri-

466 3946 573 3996 nae,
602 3930 676 3985 ita
705 3930 846 3986 dicta
875 3933 1075 4002 putari,
1105 3935 1230 4004 quia
1253 3935 1450 4001 oratio,
1479 3934 1528 3990 id
1555 3944 1637 3992 est
1662 3937 1773 3992 oris
1798 3937 1954 4003 ratio,
1997 3945 2051 3991 et

467 4033 576 4074 non
603 4028 808 4073 tantum
840 4021 1057 4077 humilis
1084 4020 1398 4093 postulatio,
1427 4039 1615 4080 verum
1648 4033 1703 4080 et
1752 4025 2051 4080 rationabi-

462 4111 534 4166 lis
579 4111 899 4183 intelligitur
944 4115 1049 4169 hoc
1100 4116 1317 4169 nomine
1368 4115 1587 4171 locutio.
1628 4115 1757 4171 inde
1799 4128 1883 4171 est
1906 4116 2050 4186 quod

462 4202 624 4271 primi
645 4203 862 4258 ordines
888 4204 941 4258 in
966 4203 1221 4261 Ecclesiae
1244 4215 1471 4260 utuntur
1498 4208 1770 4268 oratoriis.
1809 4209 1936 4278 quia
1979 4209 2047 4263 ad

464 4294 610 4362 ipsos
635 4294 870 4362 pertinet
899 4295 1124 4349 docendi
1151 4294 1412 4350 ofﬁcium.
1439 4297 1499 4350 Et
1530 4297 1727 4366 publici
1773 4298 2045 4352 declama-

463 4392 633 4448 tores,
671 4398 734 4439 ac
764 4384 1032 4455 sapientes
1053 4385 1346 4440 dictionum
1370 4387 2044 4455 compositores,oratores

461 4487 746 4533 vocantur.
790 4478 1127 4548 Baptismum
1171 4497 1384 4551 quoque
1424 4482 1494 4536 ibi
1534 4484 2042 4538 eonvenientissimc

460 4565 782 4630 celebratur,
808 4569 930 4637 quia
962 4578 1086 4625 ante
1115 4572 1522 4626 tabernaculum
1546 4571 1782 4638 labrum,
1818 4582 1874 4627 et
1916 4584 2041 4629 ante

462 4657 717 4726 templum
744 4673 895 4713 mare
923 4675 985 4714 ac
1001 4660 1187 4715 decem
1217 4661 1415 4717 lateres
1453 4662 1658 4732 positos
1697 4662 1943 4736 legimus,
1985 4665 2040 4722 in

460 4746 658 4814 quibus
691 4755 744 4801 et
771 4748 1003 4802 ohlaturi
1026 4751 1357 4815 sacerdotes,
1392 4759 1448 4806 et
1474 4752 1817 4807 victimarum
1844 4769 2040 4812 carnes

458 4835 788 4892 lavarentur.
845 4837 1042 4911 (Exod.
1090 4857 1234 4906 xxx;
1268 4841 1364 4895 ΙΙΙ
1393 4842 1519 4912 Reg.
1546 4841 1663 4914 vn).
1704 4843 1772 4897 Et
1817 4844 2039 4915 dignum

457 4923 705 4994 profecto
733 4936 839 4995 est,
865 4937 924 4983 ut
951 4929 1005 4983 in
1032 4928 1235 4986 Christi
1272 4931 1470 5002 templo
1495 4930 1789 4987 Christiani
1818 4948 2041 5005 regene-

461 5021 671 5068 rentur.
1195 5046 1205 5059 ·

1063 5088 1297 5146 CAPUT
1332 5089 1424 5144 XI.

848 5195 988 5262 Quid
1012 5200 1134 5253 item
1157 5200 1274 5269 ﬁeri
1304 5217 1410 5255 non
1434 5200 1637 5257 debeat.

530 5301 648 5357 Alia
678 5319 805 5360 vero
825 5308 1164 5378 negotiorum
1191 5310 1486 5366 carnalium
1514 5311 1567 5367 in
1610 5311 1723 5369 Deo
1749 5329 2032 5371 consecra-

459 5394 529 5448 tis
554 5396 795 5452 aediticiis
820 5413 984 5469 opera
1034 5399 1151 5455 fieri
1201 5415 1306 5456 non
1342 5402 1558 5469 debere,
1590 5413 1651 5459 ut
1701 5421 1807 5461 non
1841 5407 2034 5472 dicam,

463 5498 586 5553 qua:
606 5502 873 5558 nusquam
905 5488 1101 5544 licent:
1140 5490 1231 5546 sed
1253 5500 1307 5548 et
1334 5495 1577 5563 qumdam
1600 5494 1723 5561 alia,
1763 5511 1882 5566 quae
1908 5497 2035 5554 alibi

458 5573 725 5632 interdum
752 5580 1036 5637 venialiter
1060 5593 1407 5651 exercentur,
1436 5586 1559 5642 inde
1604 5603 1722 5644 esse
1750 5592 2030 5657 movenda,

458 5663 715 5725 Dominus
742 5672 856 5729 inse
876 5674 1130 5740 ostendit,
1164 5690 1284 5730 cum
1320 5677 1436 5743 zelo
1457 5678 1646 5734 domus
1688 5679 1783 5737 Dei
1815 5682 2030 5750 ductus,

2159 3232 2361 3297 verbis,
2389 3240 2443 3287 et
2465 3234 2701 3293 maxime
2728 3236 2847 3293 istis
2892 3237 3185 3307 concludit,
3227 3244 3458 3300 dicens:
3492 3247 3678 3304 Brevis
3699 3260 3744 3305 et

2156 3337 2291 3391 pura
2314 3323 2460 3378 debet
2510 3341 2620 3379 esse
2658 3329 2857 3382 oratio:
2886 3340 2935 3383 et
2960 3345 3064 3385 non
3093 3332 3149 3386 in
3186 3333 3547 3408 muhiioquio,
3574 3343 3669 3394 sed
3692 3343 3745 3396 in

2157 3415 2383 3482 puritate
2431 3415 2624 3480 cordis,
2669 3425 2717 3470 et
2771 3419 3165 3487 compunctione
3208 3421 3598 3493 latrymarum,
3651 3445 3745 3485 nos

2157 3503 2407 3558 exaudiri
2442 3504 2702 3571 sciamus,
2736 3514 2791 3560 et
2818 3522 2924 3562 non
2965 3508 3017 3563 in
3066 3510 3302 3566 clamosa
3329 3529 3490 3580 voce,
3538 3520 3635 3573 sed
3692 3521 3741 3574 in

2158 3591 2411 3663 lacrymis
2423 3602 2479 3647 et
2505 3593 2804 3651 intentione
2825 3597 3023 3654 cordis.
3040 3599 3107 3654 Et
3131 3600 3293 3656 item.
3318 3601 3742 3664 Consideremns

2156 3683 2387 3752 qualiter
2418 3684 2469 3738 in
2501 3695 2790 3755 conspectu
2818 3688 3126 3745 Divinitatis
3175 3700 3230 3746 et
3278 3704 3599 3751 sanctorum
3652 3715 3741 3753 aa-

2155 3775 2397 3845 gelorum
2425 3792 2545 3832 esse
2563 3787 2828 3850 oporteat,
2863 3788 2918 3835 et
2951 3781 3032 3837 sic
3051 3791 3258 3838 stemus
3279 3785 3347 3839 ad
3377 3787 3738 3855 psallendum.

2154 3876 2216 3919 ut
2244 3880 2400 3921 mens
2435 3877 2620 3922 nostra
2651 3870 2943 3931 concordet
2964 3873 3082 3929 voci
3111 3882 3337 3929 nostrae.
3372 3876 3738 3950 intelligamus

2153 3970 2282 4024 ergo
2312 3954 2396 4011 his
2416 3958 2698 4027 exemplis.
2730 3961 2858 4028 quid
2881 3961 3140 4018 Dominus
3167 3964 3222 4018 in
3247 3968 3468 4038 templis
3486 3973 3603 4026 suis
3627 3972 3737 4026 ﬁeri

2152 4045 2302 4106 velit.
2332 4046 2418 4101 vel
2460 4048 2591 4117 quid
2616 4050 2923 4119 prohibeat.
2954 4053 3057 4120 Qui
3101 4062 3156 4109 et
3196 4055 3341 4113 filios
3376 4059 3497 4116 Heli
3527 4074 3738 4134 propter

2150 4135 2353 4190 scelera
2383 4137 2526 4192 circa
2541 4141 2945 4211 tabernaculum
2971 4146 3265 4203 commissa
3292 4151 3529 4218 punivit,
3547 4162 3601 4208 et
3627 4155 3736 4207 Λιι-

2150 4240 2296 4290 nam,
2343 4237 2574 4282 matrem
2631 4230 2772 4286 beati
2823 4232 3109 4300 Samuelis,
3166 4237 3221 4291 in
3267 4251 3491 4296 secreto
3537 4244 3733 4307 cordis.

2149 4324 2298 4369 motu
2330 4324 2537 4372 tantum
2567 4318 2854 4389 lahiorum,
2877 4325 2994 4379 sine
3017 4327 3247 4396 strepitu
3272 4331 3449 4395 vocis,
3464 4343 3731 4391 orantem.

2077 4404 2202 4510 l)in
2242 4405 2336 4460 ﬁlii
2389 4408 2645 4477 petitione
2694 4414 2993 4479 exaudivit,
3046 4416 3334 4489 ipsumque
3397 4421 3731 4486 Samuelem,

2146 4502 2271 4572 quia
2298 4502 2525 4559 ﬁdeliter
2552 4505 2605 4559 in
2631 4507 2792 4563 domo
2815 4508 3027 4565 Domini
3057 4512 3411 4581 ministravit,
3440 4521 3733 4588 reprobate

2147 4610 2299 4660 sene,
2342 4596 2397 4650 in
2438 4598 2778 4666 prophetam,
2826 4604 3163 4660 sacerdotem
3208 4615 3266 4661 et
3306 4607 3510 4665 ducem
3553 4611 3730 4681 elegit.

2144 4682 2222 4738 De
2249 4684 2400 4753 cujus
2429 4694 2600 4741 matre
2622 4690 3037 4758 modestissima,
3068 4703 3123 4749 et
3150 4698 3204 4750 in
3240 4698 3497 4754 oratione
3522 4699 3729 4754 disceu-

2144 4762 2211 4830 da
2246 4785 2330 4831 est
2351 4776 2606 4832 instantia
2633 4780 2872 4846 humilis,
2898 4791 2955 4836 et
2987 4795 3110 4854 post
3127 4788 3433 4845 orationem
3477 4809 3729 4863 μετείη-ει

2143 4866 2318 4920 rantia
2349 4866 2620 4923 salutaris.
2646 4868 2868 4941 Legitur
2897 4872 3160 4942 siquidem
3207 4878 3276 4932 de
3307 4878 3401 4934 illa
3430 4883 3563 4949 quia
3610 4883 3727 4936 vui-

2144 4962 2233 5010 tus
2272 4954 2414 5009 illius
2439 4972 2547 5011 non
2588 4968 2715 5013 sunt
2755 4960 2986 5030 amplius
3023 4963 3078 5017 in
3108 4965 3320 5020 diversa
3371 4973 3591 5025 mutati.
3621 4970 3723 5037 Qui

2141 5049 2287 5103 enim
2311 5056 2402 5104 aut
2440 5049 2495 5103 in
2535 5052 2783 5108 oratione
2806 5054 2952 5108 aliud
2981 5072 3144 5126 quam
3200 5058 3381 5124 debet,
3430 5065 3603 5132 petit;
3628 5079 3721 5121 aut

2141 5137 2248 5192 alio
2275 5139 2436 5194 modo
2457 5155 2620 5210 quam
2663 5145 2923 5212 magister
2962 5146 3283 5225 humilitatis
3312 5149 3583 5216 insinuat,
3628 5156 3721 5213 de-

2138 5242 2413 5302 precatur,
2444 5235 2529 5289 vel
2554 5252 2717 5293 orare
2749 5241 2941 5300 nescit.
2985 5242 3073 5296 vel
3124 5244 3303 5299 minus
3342 5261 3511 5316 quam
3550 5252 3726 5320 potuit

2139 5322 2373 5391 proiicit.
2405 5323 2508 5390 Qui
2556 5341 2685 5381 vero
2710 5322 2953 5399 paracta
2983 5332 3228 5387 oratione
3270 5334 3357 5388 vel
3403 5338 3471 5391 ad
3524 5354 3726 5393 malam

2139 5415 2606 5482 consuetudinem,
2633 5418 2717 5473 vel
2748 5421 2816 5475 ad
2839 5436 2978 5475 nova
3024 5422 3286 5491 facinora,
3323 5428 3441 5482 sine
3468 5442 3728 5498 respectu

2139 5519 2261 5560 mox
2290 5507 2516 5576 prosilit,
2547 5508 2777 5566 fructum
2806 5513 3071 5569 orationis
3103 5517 3297 5584 perdit.
3324 5516 3455 5572 Nam
3496 5521 3727 5589 quidam

2139 5594 2190 5649 in
2214 5597 2456 5653 oratione
2481 5608 2669 5667 pectus
2698 5603 2895 5673 pugnis
2938 5605 3331 5676 pavimentant,
3369 5618 3533 5680 caput
3579 5626 3731 5666 mu-

2140 5687 2394 5753 tundunt,
2420 5701 2577 5744 voces
2606 5690 2855 5746 muliebri
2889 5694 3192 5761 gracilitate
3215 5698 3535 5754 submittunt
3566 5709 3627 5754 et
3668 5705 3725 5755 ie
