3948 6328
180 325 282 385 953

1305 313 1393 369 DE
1432 311 1659 369 REBUS
1695 310 2267 369 ECCLESIASTICIS.

3338 310 3448 370 9η

179 434 425 510 proximo
473 432 557 491 vel
602 429 783 488 verbis
826 427 913 489 vel
938 427 1099 484 tactis
1145 427 1281 484 alios
1311 427 1658 490 conturbare,
1696 434 1752 481 et
1781 428 1829 487 Α
1856 432 2079 494 peccata
2108 425 2259 480 urbis
2285 423 2518 491 excidio,
2567 423 2811 481 auditam
2850 423 3019 482 fuisse
3056 425 3340 482 custodum
3364 424 3449 483 iu-

181 523 501 594 semetipsos
535 536 645 577 non
681 527 929 577 metuunt
956 517 1251 590 culpabiles
1272 516 1551 573 exhibere.
1582 514 1649 570 lli
1671 514 1756 569 ni—

182 616 376 674 mirum
400 620 590 671 contra
608 612 869 683 judicem.
899 624 1062 679 quem
1082 607 1288 663 orando
1318 607 1607 670 honorant,
1646 619 1762 658 mo-

128 754 131 757 .
181 707 330 767 ribus
348 712 610 776 pugnant.
636 703 712 759 De
735 717 930 758 vocum
946 708 1126 755 autem
1155 697 1454 755 diﬂ‘erentia
1476 695 1761 753 dicendum

182 798 326 854 illam
350 811 472 853 esse
499 794 699 853 divinis
728 792 978 848 laudibus
1004 798 1212 861 aptam,
1251 802 1371 859 qua:
1396 786 1763 858 qualitercun—

182 906 285 963 que
313 889 577 953 sonuerit,
629 903 695 944 ex
738 889 880 942 bono
907 887 1162 941 thesauro
1187 882 1367 938 cordis
1392 878 1653 951 profecta,
1686 877 1764 931 in-

181 992 348 1039 ternre
366 980 654 1037 intentioni
683 978 998 1034 concordat.
1022 974 1156 1029 Nam
1192 981 1247 1029 et
1290 973 1343 1026 in
1378 971 1521 1025 bono
1566 968 1764 1039 legitur

183 1090 285 1131 vox
312 1073 444 1139 alta,
472 1073 600 1128 dum
624 1071 821 1126 dicitur
849 1069 901 1124 in
934 1067 1273 1124 dedicatione
1303 1063 1487 1134 templi
1519 1062 1764 1118 Salomo-

181 1166 285 1231 nis,
315 1181 421 1221 vos:
444 1163 775 1219 sacerdotum
804 1171 850 1215 et
876 1159 1175 1214 Levitarum
1199 1157 1253 1211 in
1276 1156 1441 1211 turbis
1470 1166 1517 1210 et
1557 1154 1763 1225 hymnis

180 1251 732 1325 exclamantiumUlI
761 1249 888 1321 Reg.
936 1249 1082 1315 vin),
1131 1247 1346 1318 longius
1394 1246 1660 1310 sonuisse,
1711 1251 1766 1298 et

180 1346 357 1405 sancti
385 1353 653 1415 martyres
692 1342 793 1397 sub
832 1355 926 1394 ara
959 1338 1054 1393 Dei
1098 1352 1231 1391 voce
1262 1351 1458 1406 magna
1502 1334 1767 1389 clamasse

179 1438 435 1509 leguntur
455 1435 640 1507 (Apoc.
657 1433 757 1505 vt).
788 1430 893 1487 Ubi
919 1428 1168 1501 quamvis
1190 1427 1415 1498 intelligi
1446 1427 1636 1497 possit,
1661 1425 1768 1480 sic-

180 1540 239 1588 ut
263 1543 324 1586 et
359 1530 416 1586 in
451 1529 575 1584 aliis
602 1525 788 1583 multis
826 1523 993 1587 locis,
1038 1520 1187 1576 illam
1239 1533 1359 1576 esse
1393 1534 1643 1588 magnam
1677 1534 1769 1573 vo-

179 1637 299 1679 cem
324 1636 469 1691 quae,
497 1617 749 1690 quamvis
775 1616 845 1670 sit
872 1629 1007 1670 sono
1037 1611 1280 1676 humilis,
1303 1626 1371 1666 ex
1408 1611 1549 1665 bona
1599 1609 1766 1664 devo-

180 1714 330 1770 tione
375 1710 643 1783 procedit,
689 1710 831 1763 sicut
871 1707 937 1761 ad
988 1703 1209 1775 Moysen
1245 1702 1376 1758 dicit
1425 1697 1769 1764 Deus:Quid

1864 517 2155 573 visibilium
2176 532 2362 572 vocem
2377 516 2445 571 de
2464 516 2817 571 interioribus
2842 514 3059 586 templi:
3084 516 3446 573 Transeamus

1863 624 1931 663 ex
1968 608 2054 663 his
2080 607 2319 663 sedibus.
2349 605 2534 676 Neque
2560 622 2689 662 vero
2718 621 2873 662 sacra
2920 606 3037 662 loca
3065 606 3169 661 illis
3192 616 3440 678 prosunt,

1863 698 1954 768 qui
1987 698 2327 753 sanctitatem
2378 696 2715 768 projiciunt',
2752 699 2895 753 sicut
2923 712 3026 754 nec
3066 697 3185 753 loca
3225 698 3447 756 horrida

1863 789 2060 843 obsunt
2091 789 2174 842 his
2205 788 2297 858 qui
2326 788 2539 842 Domini
2590 789 2764 859 gratia
2820 797 3197 860 proteguntur.
3230 789 3363 845 Nam
3395 798 3452 846 et

1866 879 1918 932 in
1948 879 2208 948 pnndicta
2240 877 2579 933 llierusaiem
2610 879 2983 945 subversione,
3008 878 3259 935 omnibus
3293 880 3451 935 malis

1865 969 2079 1032 attriti,
2137 968 2368 1024 sull'usos
2410 968 2663 1040 laerymis
2710 969 2896 1024 oculos
2953 979 3332 1041 retorqueutes
3383 971 3450 1025 ad

1866 1060 2144 1131 templum,
2198 1059 2419 1116 liberari
2466 1074 2572 1113 non
2622 1068 2937 1114 meruerunt
2990 1060 3131 1115 sicut
3182 1060 3444 1131 scriptum

1865 1158 1948 1206 est
1979 1166 1993 1204 :
2028 1150 2421 1215 Clamaverunt,
2454 1166 2545 1203 nec
2586 1160 2696 1203 erat
2755 1151 2843 1219 qui
2887 1151 3058 1205 salvos
3088 1152 3280 1221 faceret
3313 1166 3331 1203 :
3376 1151 3445 1205 τιτι

1867 1241 2149 1294 Dominum
2175 1279 2189 1304 ,
2232 1257 2324 1293 nec
2371 1238 2570 1293 audivit
2599 1256 2686 1293 eos
2717 1239 2835 1311 (Ps.
2887 1244 3042 1305 xvn).
3100 1239 3452 1313 Subjttngitur

1867 1332 2011 1386 enim
2062 1331 2115 1384 in
2165 1331 2351 1385 eodem
2404 1329 2610 1399 psalmo
2642 1370 2655 1394 ,
2698 1344 2806 1400 quo
2843 1331 3082 1385 merito:
3128 1329 3255 1383 Filii
3296 1328 3456 1384 alieni

1867 1422 2069 1475 mentiti
2112 1430 2234 1475 sunt
2264 1420 2411 1484 mihi,
2456 1428 2511 1473 et
2541 1419 2744 1489 relitnta
2785 1419 2998 1491 (Ibid.).
3033 1420 3459 1490 Prmsumptores

1826 1512 1838 1525 '
1869 1511 2014 1565 enim
2045 1518 2101 1564 et
2125 1509 2459 1579 negligentes
2501 1508 2555 1562 in
2597 1507 2732 1563 locis
2779 1510 2983 1563 sanctis
3015 1508 3370 1573 mulctantur,
3398 1515 3460 1560 ut

1870 1600 2054 1656 Nadab
2083 1608 2139 1655 et
2164 1600 2321 1663 Abiu,
2346 1599 2635 1654 oll'ercntcs
2684 1599 2860 1670 ignem
2901 1597 3136 1653 alienum
3188 1597 3329 1666 (Lev.
3376 1595 3456 1669 ι).

1869 1692 2004 1747 Item
2032 1690 2171 1745 Core
2201 1705 2324 1745 cum
2375 1689 2646 1745 seditiosis
2700 1700 2825 1744 ante
2878 1688 3282 1744 tabernaculum
3338 1688 3460 1758 igne

178 1768 395 1861 clausas.
422 1803 491 1858 ad
535 1768 641 1858 me.
677 1801 877 1875 (Exod.
918 1798 1055 1871 xw),
1077 1768 1222 1855 tcum
1277 1811 1383 1851 non
1443 1794 1654 1866 legatur
1698 1792 1771 1847 ibi

1879 1782 1975 1838 Dei
2020 1783 2315 1859 devoratur
2343 1779 2532 1852 (Num.
2589 1779 2723 1852 xvi).
2773 1779 2891 1835 Heli
2941 1768 3297 1835 sacerdosin
3344 1777 3462 1832 loco

180 1894 392 1966 aliquid
462 1893 759 1959 clamasse;
812 1901 992 1947 tamen
1056 1890 1257 1945 bonum
1327 1897 1442 1952 est,
1496 1894 1553 1941 et
1624 1882 1772 1941 omni

177 1987 371 2056 quieto
397 1984 813 2055 praeferendum,
844 1984 899 2038 in
926 1981 1142 2038 laudem
1163 1980 1260 2034 Dei
1281 1978 1542 2034 decenter
1572 1985 1629 2032 et
1649 1976 1774 2033 sim-

180 2077 403 2149 pliciter
424 2076 692 2133 laborare.
739 2075 983 2144 Cumque
1021 2085 1184 2128 omne
1227 2085 1398 2142 genus
1446 2067 1773 2124 laudationis

128 2192 139 2205 -
178 2169 403 2234 divinae,
433 2167 1004 2223 secundumrationem
1026 2163 1302 2228 exhibita,
1332 2160 1769 2226 sitlaudaudum,

179 2258 314 2313 illud
340 2256 675 2328 probabilius
700 2264 787 2311 est
824 2255 1108 2309 dicendum
1159 2253 1301 2323 quod
1338 2251 1588 2307 habuerit
1617 2249 1771 2305 vani-

180 2349 314 2404 tatis
337 2355 396 2403 et
416 2346 695 2415 iactantiae
743 2346 1049 2401 minimum.
1081 2342 1224 2413 Lege
1252 2342 1422 2397 libros
1464 2338 1774 2395 Confessio-

179 2455 316 2495 num
346 2438 517 2494 sancti
539 2437 851 2508 Augustini,
881 2445 938 2490 et
970 2433 1211 2488 invenies
1255 2440 1517 2503 quantum
1560 2430 1649 2485 ille
1686 2428 1775 2498 ju-

176 2527 451 2589 dicaverit
470 2541 592 2583 esse
620 2524 843 2597 periculi
868 2525 922 2579 in
953 2522 1348 2579 cantilenarum
1388 2536 1514 2585 cum
1542 2521 1774 2576 melodia

182 2620 496 2677 dulcedine.

762 2685 990 2742 CAPUT
1020 2681 1158 2739 Xlll.

317 2781 521 2849 Quibus
557 2781 720 2851 prosit
750 2779 923 2832 cultus
956 2777 1185 2841 divinus,
1211 2785 1257 2829 et
1287 2772 1474 2845 quibus
1505 2784 1628 2829 non.

261 2889 558 2947 Sciendum
603 2904 735 2947 sane
769 2889 843 2942 ita
872 2887 1089 2941 demum
1131 2885 1453 2955 templorum
1492 2894 1547 2940 et
1578 2882 1777 2940 ollicioa

179 2996 316 3037 rum
346 2993 627 3034 sacrorum
659 2977 792 3042 Deo,
842 2977 1216 3031 universorum
1267 2976 1502 3031 creatori
1536 3016 1552 3041 ,
1598 2974 1777 3030 cultus

180 3082 314 3124 esse
341 3074 616 3136 acceptos,
648 3067 692 3120 si
724 3066 1001 3120 hominum
1026 3074 1268 3135 pectora,
1295 3080 1523 3134 quorum
1553 3066 1622 3119 ob
1649 3080 1778 3119 cau-

1874 1882 2063 1930 sancto
2108 1870 2300 1927 fractis
2352 1871 2657 1926 cervicibus
2716 1869 3020 1940 exspiravit
3070 1867 3129 1939 (1
3183 1866 3306 1937 Reg.
3358 1866 3456 1933 ιν).

1870 1950 2286 2017 BethSamitznin
2305 1967 2596 2030 conspectu
2617 1974 2758 2013 arca:
2786 1955 3178 2028 damnautur(l
3204 1954 3331 2026 Reg.
3356 1953 3459 2024 vt).

1870 2046 2034 2111 Juxta
2063 2069 2214 2109 aram
2245 2052 2532 2123 perimitur
2554 2050 2689 2106 Joab
2713 2049 2798 2123 (II
2822 2048 2953 2120 Reg.
2984 2050 3078 2121 n);
3105 2049 3258 2119 juxta
3290 2046 3461 2101 altare
3489 2108 3493 2113 ξ

1874 2145 2197 2201 trucidatur.
2256 2131 2447 2209 Ozias,
2487 2142 2850 2198 sacerdotium
2894 2141 3110 2212 indigne
3145 2154 3415 2210 usurpans
3445 2175 3461 2202 ,

1873 2236 2021 2306 lepra
2063 2234 2414 2305 perfunditur
2443 2232 2529 2307 (II
2574 2232 2704 2287 Par.
2739 2238 2910 2303 xxvi).
2967 2233 3200 2289 Econtra
3232 2231 3462 2287 humiles

1873 2314 1930 2381 et
1973 2325 2141 2380 Deum
2190 2327 2444 2380 timentes
2472 2325 2527 2378 in
2554 2321 2687 2379 locis
2728 2322 2962 2379 infirmis
3009 2332 3067 2379 et
3111 2322 3458 2384 exitialibus,

1868 2412 2079 2482 iustitia
2109 2423 2309 2477 tuente,
2359 2414 2654 2468 salvantur.
2713 2412 2909 2484 Joseph
2967 2414 3020 2468 in
3071 2414 3307 2469 cisterna
3353 2429 3462 2469 non

1873 2504 2038 2577 perit,
2068 2505 2122 2559 in
2147 2520 2364 2560 carcere
2400 2520 2507 2558 non
2538 2503 2826 2559 dimittitur
2848 2501 3003 2575 (Gen.
3041 2519 3224 2558 XXXVII
3249 2516 3295 2557 et
3327 2504 3458 2579 xu).

1876 2596 2089 2667 Moyses
2135 2595 2188 2649 in
2233 2594 2396 2648 lluvio
2427 2609 2533 2648 non
2561 2602 2788 2648 necatur
2828 2590 3024 2664 (Exod.
3051 2591 3151 2662 u);
3198 2591 3367 2647 Iacob
3397 2592 3465 2646 de

1876 2686 2216 2757 sterquilinio
2259 2684 2486 2756 erigitur
2520 2682 2662 2755 (Job.
2704 2681 2873 2755 xm);
2920 2680 3184 2739 Jeremias
3233 2681 3300 2737 de
3340 2680 3458 2735 lacu

1870 2793 2096 2833 ‘cmnoso
2123 2775 2421 2831 sustollitur
2440 2774 2578 2845 (Jer.
2598 2772 3064 2844 xxxvul).Danicl
3092 2773 3236 2827 inter
3258 2772 3461 2836 leones,

1878 2871 1990 2923 tr‘es
2015 2867 2167 2937 pueri
2200 2865 2341 2921 inter
2378 2862 2557 2936 ignem
2598 2864 2747 2918 illaesi
2793 2870 3076 2918 servantur
3115 2862 3278 2934 (Dan.
3319 2876 3370 2916 v'
3420 2870 3468 2915 et

1878 2962 1983 3033 ιιι).
2021 2963 2215 3017 Petrus
2257 2960 2523 3015 liberatur
2573 2955 2640 3010 de
2684 2968 2903 3009 carcere
2935 2952 3074 3025 (Act.
3106 2953 3237 3022 xu),
3269 2948 3470 3005 Paulus

1881 3054 2061 3109 evadit
2088 3053 2154 3107 de
2183 3051 2319 3105 mari
2347 3048 2486 3120 (Act.
2514 3044 2707 3116 χχιιι).
2741 3044 2808 3098 Ει
2828 3043 2958 3113 quid
2993 3043 3225 3111 amplius
3249 3042 3425 3097 dicam
3448 3040 3472 3092 ’ἔ

180 3171 311 3215 sam
359 3120 489 3212 haec.
520 3155 622 3211 sibi
652 3155 899 3210 exhiberi
946 3120 1213 3224 permittit
1374 3153 1530 3223 jubet
1561 3194 1575 3216 ,
1610 3153 1778 3223 ipsius
1806 3124 1851 3185 Ο
1884 3146 2144 3216 lniquitas
2169 3146 2234 3199 de
2261 3141 2400 3198 caelo
2426 3139 2645 3211 angelos
2671 3136 2888 3207 dejecit,
2923 3134 3131 3205 justitia
3165 3133 3230 3190 de
3260 3120 3471 3186 inferno

182 3248 596 3306 iuhabitatione
635 3246 838 3302 fuerint
867 3246 1048 3316 digna.
1089 3244 1147 3299 lu
1187 3259 1386 3299 vanum
1434 3239 1579 3299 enim
1635 3244 1778 3311 ligna

177 3348 244 3395 et
268 3338 483 3408 lapides
504 3337 737 3408 poliunt,
754 3338 845 3407 qui
862 3351 1043 3392 mores
1060 3351 1166 3391 non
1192 3343 1538 3405 componunt.
1558 3334 1779 3388 Frustra

180 3431 337 3487 dona
370 3437 427 3484 et
460 3429 717 3499 pecunias
768 3435 1143 3497 comportant,
1197 3427 1289 3497 qui
1324 3426 1555 3482 interius
1585 3425 1783 3480 divina:

180 3520 517 3578 subtilitatis
563 3520 777 3575 oculum
834 3535 942 3574 non
995 3520 1234 3588 placant.
1275 3517 1410 3573 Nam
1443 3519 1569 3589 quia
1610 3516 1781 3574 Judtei

184 3613 487 3671 Dominum
517 3612 742 3667 interius
773 3627 877 3667 non
906 3611 1194 3665 audierunt
1220 3650 1236 3676 ,
1290 3610 1561 3665 exteriora
1592 3615 1781 3663 eorum

184 3701 530 3772 contempsit
573 3711 629 3756 et
664 3701 863 3771 abjecit
893 3741 908 3765 ,
936 3716 1033 3769 per
1060 3700 1380 3771 prophetam
1413 3700 1597 3756 dicens
1627 3717 1640 3751 :
1679 3697 1781 3751 Re-

184 3793 328 3866 liqui
356 3792 572 3847 domum
609 3808 777 3846 meam
802 3831 816 3855 ,
849 3791 1025 3846 dimisi
1054 3791 1411 3845 ltwreditatem
1441 3806 1611 3843 meum
1647 3787 1779 3859 (Jer.

184 3887 318 3959 xu).
352 3886 423 3942 Et
447 3900 545 3955 per
568 3884 804 3954 seipsum
838 3901 853 3937 :
879 3881 1218 3953 Relinquetur
1238 3881 1378 3934 vobis
1405 3881 1589 3934 domus
1617 3887 1785 3933 vestra

183 3978 405 4033 deserta
452 3974 669 4047 (Matth.
708 3972 887 4043 χχιιι).
926 3972 1067 4042 Ergo
1095 3981 1314 4042 propter
1347 3978 1567 4039 peccata
1612 3967 1787 4023 homi-

184 4085 327 4127 num
361 4067 481 4123 loca
507 4081 662 4122 sacra
694 4080 725 4119 a
756 4066 868 4119 Deo
917 4062 1160 4132 negligi,
1210 4060 1365 4115 testis
1409 4066 1494 4113 est
1540 4073 1669 4112 area
1716 4057 1784 4112 ab

182 4158 502 4230 Allophylis
520 4167 679 4228 capta
712 4154 761 4226 (I
788 4153 916 4229 Reg.
944 4154 1039 4225 tv),
1072 4150 1326 4231 templum
1351 4150 1511 4205 toties
1535 4164 1785 4205 eversum

183 4253 277 4310 vel
304 4250 657 4323 profanatum
684 4288 700 4315 ,
739 4262 793 4303 et
830 4247 1027 4302 multa!
1055 4244 1492 4301 Christianorum
1541 4241 1785 4299 ecclesi:e

182 4361 343 4402 nunc
387 4359 419 4397 a
459 4343 706 4397 barbaris
733 4349 953 4395 vastatm
974 4339 1056 4393 vel
1081 4339 1374 4402 subversze,
1398 4351 1544 4390 nunc
1574 4334 1787 4404 ignibus

181 4438 275 4494 vel
303 4434 635 4489 fulminibus
661 4431 937 4496 desolatac,
966 4445 1108 4484 nunc
1133 4428 1530 4484 ternumotihus
1562 4426 1643 4480 vel
1674 4434 1786 4479 tur-

180 4529 421 4587 binibus
466 4525 677 4580 dirutae.
739 4522 889 4577 Unde
934 4533 989 4576 et
1038 4520 1299 4575 Dominus
1343 4534 1441 4588 per
1493 4516 1782 4572 Jeremiam

173 4618 477 4693 peccaturi
517 4615 710 4688 populo
735 4613 1116 4669 confidentiam
1152 4610 1238 4665 vel
1275 4610 1567 4664 maximam
1590 4606 1782 4672 aufert,

182 4714 393 4767 dicens
420 4723 435 4762 :
462 4706 641 4762 Nolite
659 4705 919 4774 conﬁdere
949 4705 1001 4756 in
1024 4700 1189 4757 verbis
1211 4698 1494 4763 mendacii,
1516 4698 1743 4751 dicentes
1766 4710 1786 4748 :

185 4798 479 4871 Templum
507 4796 750 4861 Domini,
801 4791 1045 4864 templum
1086 4789 1325 4855 Domini,
1357 4797 1462 4844 etc.
1500 4789 1633 4861 (Jer.
1665 4786 1785 4859 vn).

182 4892 315 4947 Non
368 4887 543 4943 solum
574 4895 756 4940 autem
790 4884 881 4938 Dei
913 4881 1303 4953 protectionem
1329 4920 1345 4946 ,
1377 4880 1470 4935 sed
1497 4880 1659 4934 etiam
1686 4894 1786 4932 an-

183 4981 451 5053 gelorum
497 4976 804 5033 custodiam
853 4983 910 5029 et
962 4982 1273 5027 sanctorum
1330 4986 1515 5026 curam
1565 4985 1595 5024 a
1652 4970 1786 5025 locis

182 5069 480 5144 quondam
496 5068 700 5124 sanctis
716 5065 1141 5130 discedere,cum
1170 5062 1321 5132 prius
1348 5060 1681 5116 habitatores
1704 5058 1788 5114 vel

185 5164 447 5222 cultores
483 5160 726 5218 locorum
769 5175 801 5214 a
848 5158 957 5213 Deo
978 5155 1358 5217 discesserint,
1388 5170 1454 5208 ex
1485 5168 1549 5209 eo
1577 5160 1787 5208 certum

185 5265 283 5315 est
309 5255 464 5327 quod
487 5254 666 5308 omnis
691 5251 881 5307 militia
910 5259 1227 5306 sanctorum
1258 5246 1394 5301 solio
1422 5244 1517 5299 Dei
1540 5243 1747 5299 assistit
1771 5261 1784 5297 :

188 5359 252 5407 et
281 5347 386 5404 ubi
413 5346 561 5402 Deus
580 5362 685 5401 non
712 5344 895 5412 fuerit,
927 5343 999 5398 ibi
1028 5356 1149 5398 esse
1173 5355 1275 5395 non
1303 5346 1547 5409 possunt.
1582 5335 1787 5392 Secun-

188 5440 334 5499 dum
367 5438 554 5510 gratiae
576 5436 941 5492 ostensionem
977 5434 1120 5498 dico,
1136 5446 1242 5487 non
1266 5428 1563 5485 secundum
1591 5427 1789 5481 divina:

188 5530 466 5604 potentia:
524 5528 963 5590 lmmeusitatem,
1010 5526 1137 5595 quia
1170 5588 1173 5591 ν
1204 5535 1380 5592 neque
1436 5517 1790 5574 infernalibus

191 5627 365 5683 deest
406 5622 499 5693 qui
529 5621 722 5677 ctelum
754 5619 939 5691 implet
969 5632 1035 5673 ac
1063 5625 1279 5671 terram.
1304 5611 1505 5668 Scribit
1530 5611 1673 5667 enim
1702 5609 1794 5666 Jo—

191 5716 513 5786 sephuslde
534 5713 680 5769 Bello
700 5713 853 5779 Jud.,
869 5712 903 5766 Ι.
920 5726 1018 5777 vn,
1033 5724 1079 5764 c.
1099 5705 1209 5779 l7),
1234 5696 1567 5762 imminentf
1577 5713 1796 5776 propter

1886 3237 2132 3292 homines
2166 3232 2436 3289 liberavit.

2519 3337 2747 3395 CAPUT
2797 3335 2937 3392 XIV.

1883 3436 2069 3492 Justas
2110 3433 2400 3490 oblationes
2439 3441 2486 3486 et
2525 3428 2693 3498 magis
2737 3428 2956 3481 virtutes
2989 3441 3145 3498 quant
3171 3421 3473 3497 corporalia

2312 3518 2531 3556 munera
2559 3500 2727 3553 Deum
2748 3498 3067 3551 desiderare.
3236 3518 3237 3521 η

1957 3598 2243 3653 Postremo
2268 3590 2591 3649 admonendi
2619 3604 2896 3645 sacrarum
2925 3596 3224 3642 structores
3253 3583 3470 3649 aedium,

1884 3689 1970 3744 vel
1990 3695 2293 3748 ornatorcs,
2323 3693 2382 3739 ut
2411 3697 2523 3739 suae
2554 3680 2855 3736 devotionis
2876 3676 3127 3733 allectum
3151 3674 3474 3744 rebusjuste

1886 3780 2168 3851 acquisitis
2201 3779 2490 3833 ostendant
2521 3793 2534 3829 :
2568 3773 2694 3844 quia
2734 3771 2994 3827 Dominus
3026 3785 3125 3842 per
3150 3769 3470 3841 prophetam

1888 3880 2139 3935 testatur,
2163 3888 2216 3925 se
2239 3869 2359 3923 odio
2391 3865 2582 3920 habere
2617 3864 2857 3933 rapinam
2881 3864 2957 3933 .in
2999 3860 3304 3916 holocausta
3332 3857 3468 3929 (Isa.
3542 3880 3545 3883 λ

1887 3964 2020 4035 ιιι).
2051 3964 2119 4016 Et
2148 3960 2274 4014 alibi
2323 3958 2585 4028 scriptum
2631 3963 2713 4008 est
2746 3971 2758 4006 :
2789 3952 2893 4017 Qui
2925 3952 3077 4020 o/j‘crt
3114 3951 3379 4005 victimam
3408 3948 3472 4002 de

1887 4056 2073 4125 rapina
2099 4051 2366 4122 pauperis,
2394 4047 2546 4118 quasi
2573 4044 2663 4113 qui
2709 4052 2900 4096 mactet
2926 4041 3098 4111 ﬁlium
3122 4050 3242 4094 ante
3270 4048 3472 4110 patrem

1888 4145 2108 4219 (Ezerh.
2139 4141 2347 4211 xsxrv).
2387 4139 2452 4192 Et
2489 4139 2542 4191 in
2580 4134 2930 4190 Proverbiis:
2966 4131 3472 4201 Ilostireimpiorum

1887 4233 2259 4292 abominabiles
2285 4273 2299 4298 ,
2335 4231 2461 4302 quia
2487 4228 2783 4298 o/[eruntur
2810 4241 2841 4277 a
2879 4224 3070 4278 scelere
3096 4219 3279 4293 (Prov.
3331 4220 3470 4291 ut).

1884 4330 2125 4401 Itemque
2154 4344 2168 4381 :
2206 4324 2427 4379 Honora
2454 4320 2741 4375 Dominum
2763 4317 2826 4371 de
2859 4317 2965 4370 tuis
2994 4314 3159 4385 justis
3181 4312 3473 4377 laboribus,

1891 4432 1945 4479 et
1978 4421 2184 4491 reliqua
2209 4416 2397 4490 (Prov.
2422 4412 2529 4486 ιιι).
2560 4407 2865 4467 Meminerit
2886 4408 3050 4464 etiam
3083 4405 3253 4461 David
3287 4419 3475 4474 regem

1891 4515 2131 4571 noluisse
2161 4511 2406 4583 accipere
2449 4521 2632 4562 aream
2665 4503 2883 4557 Areuna
2908 4497 3168 4564 Jebusaai,
3202 4496 3268 4553 ad
3307 4495 3475 4551 aedili-

1892 4605 2123 4661 candum
2155 4603 2325 4657 altare
2368 4598 2617 4658 Domino,
2666 4594 2783 4664 ipso
2820 4591 2991 4662 gratis
3037 4590 3166 4645 dare
3214 4586 3427 4642 volente
3457 4625 3473 4650 ,

1892 4697 1999 4754 nisi
2038 4697 2271 4767 primum
2320 4690 2453 4762 justi
2514 4686 2675 4758 pretii
2738 4680 3061 4753 rependerat
3116 4677 3471 4749 quantitatem

1896 4788 1981 4861 (II
2004 4766 2132 4858 Reg.
2157 4783 2308 4857 xxiv)
2340 4801 2354 4838 :
2386 4789 2441 4837 et
2469 4793 2659 4835 revera
2684 4791 2790 4831 non
2814 4781 2898 4829 est
2920 4770 3218 4827 remedium
3242 4766 3470 4838 peccati.

1896 4883 1943 4940 si
1971 4885 2282 4949 contempto
2309 4874 2495 4931 salutis
2525 4876 2812 4944 praecepto,
2854 4864 3021 4934 ipsius
3046 4862 3195 4933 signa
3230 4870 3473 4915 contem-

1889 4982 2014 5044 ptus
2052 4969 2278 5038 obiicias
2326 4960 2665 5037 praeceptori.
2718 4955 2922 5013 Deinde
2959 4952 3051 5023 qui
3078 4952 3223 5044 juste
3251 4949 3472 5018 quidem

1890 5042 2067 5125 oﬁ'ert,
2098 5058 2193 5113 sed
2224 5055 2429 5126 majora
2475 5060 2531 5107 et
2559 5048 2777 5105 utiliora
2806 5045 2940 5116 legis
2968 5042 3223 5103 mandata
3253 5047 3472 5109 postpo-

1890 5153 1993 5216 nit,
2008 5150 2156 5205 audit
2168 5162 2289 5204 cum
2304 5145 2466 5201 Cain:
2487 5141 2608 5197 Non
2623 5138 2753 5194 ne‘si
2774 5146 2909 5191 recte
2919 5135 3130 5204 offeras,
3148 5142 3281 5185 recte
3297 5137 3470 5182 autem

1894 5261 1998 5298 non
2044 5241 2268 5299 dividas.
2307 5234 2574 5307 peccasti?
2600 5231 2803 5304 quiesce
2831 5227 2984 5300 (Gen.
3019 5241 3092 5289 tv,
3141 5241 3242 5278 sec.
3272 5218 3467 5291 LXX).

1894 5332 2155 5403 Qualibus
2199 5330 2449 5386 Salvator
2490 5324 2622 5380 dicit
2661 5339 2676 5377 :
2736 5319 2828 5377 γω
2871 5318 3012 5374 vobis
3054 5318 3145 5389 qui
3197 5314 3469 5370 decimatis

1888 5404 2156 5485 mentitam
2194 5433 2241 5478 et
2290 5429 2463 5475 rutam
2488 5457 2503 5484 ,
2539 5425 2588 5472 et
2622 5430 2773 5471 omne
2803 5412 2917 5468 olus
2948 5427 2966 5466 :
2997 5419 3044 5463 et
3082 5423 3198 5466 aut:
3226 5406 3468 5461 arariora

1883 5525 2013 5589 sunt
2057 5514 2205 5585 legis,
2237 5508 2511 5583 prtrtcritis
2534 5503 2968 5565 misericordiam,
2994 5499 3257 5570 judicium
3305 5506 3353 5551 et
3391 5514 3474 5551 ve-

1896 5588 2105 5664 ritatem
2130 5603 2344 5678 (Matth.
2378 5600 2554 5671 xxut).
2580 5597 2705 5653 llzcc
2734 5604 2913 5650 autem
2940 5592 3188 5654 dicimus,
3233 5605 3338 5644 non
3364 5601 3477 5656 ιιιιο

1898 5699 2276 5760 mdilicantium
2323 5703 2378 5749 ct
2411 5690 2717 5748 ornautimu
2751 5687 2865 5740 loca
2907 5690 3092 5737 sancta
3132 5678 3475 5751 devotionem
