3948 6328
414 342 425 353 σ
496 318 602 377 935

997 262 1389 375 WALAFRIDI
1429 318 1678 374 STRABI
1716 317 1920 374 FULD.
1963 316 2132 373 MON.
2174 314 2327 373 OPP.
2367 312 2549 373 PARS
2582 315 2625 372 ῐ.
2662 346 2733 358 -
2771 315 3230 375 THEOLOGICA.

498 408 798 503 culpemtts,
832 430 925 486 sed
955 444 1062 500 quo
1090 430 1379 485 doceamus
1412 430 1813 502 elcemosynam
1852 432 1908 486 in
1947 446 2079 502 pau-
2108 434 2158 493 Α
2184 445 2290 486 non
2333 446 2440 485 una
2473 430 2798 501 “dignatione
2835 439 3117 502 suscepta,
3151 433 3280 503 quia
3304 434 3514 503 dispar!
3556 433 3769 495 limat

500 538 663 595 peres
690 523 817 578 huic
840 520 1251 592 praeferendam.
1283 521 1440 588 Quia,
1483 530 1543 575 ut
1585 523 1777 578 beatus
1816 522 2082 594 Hierony-

498 630 621 670 mus
646 616 722 668 ait
747 631 760 668 :
798 632 817 665 ι
858 613 1307 683 Superstitiosum
1330 623 1414 668 est
1437 614 1671 684 parietes
1688 616 1837 671 auro“
1852 613 2077 684 fulgere,

496 706 880 775 Christumque
908 714 1032 759 ante
1050 704 1245 774 januas
1275 702 1414 758 fame
1433 714 1489 758 et
1511 704 1753 759 nuditate
1783 705 2074 774 torqueri.)

495 797 614 866 lpSe
639 796 783 851 enim
810 796 883 852 ibi
914 810 1011 849 nos
1035 792 1190 862 jubet
1214 794 1569 848 thesaurizare
1591 795 1679 847 ubi
1703 810 1865 864 neque
1877 810 2077 864 wrugo,

497 898 591 941 nec
614 888 758 940 linea
798 885 1120 939 demolitur:
1147 884 1233 937 ubi
1260 884 1405 954 fures
1442 900 1546 938 non
1590 885 1846 952 e/I‘Odiunt
1875 901 1966 938 nec
1995 885 2080 954 fu-

496 988 685 1030 rantur
716 974 930 1047 (Matth.
955 978 1052 1045 vr).
1084 974 1149 1029 Et
1175 975 1229 1029 in
1251 973 1458 1044 judicio
1486 974 1731 1039 veniens,
1760 991 1868 1029 non
1895 985 2075 1029 utrum

494 1067 753 1122 ecclesias
784 1065 1204 1121 aediﬁcassemus
1230 1104 1246 1129 ,
1291 1064 1385 1119 sed
1435 1074 1614 1118 utrum
1657 1064 1913 1119 membris
1963 1063 2078 1132 ejus

497 1157 735 1213 minimis
756 1157 1167 1228 profuisscmus,
1193 1155 1544 1224 inquisiturus
1572 1163 1656 1210 est
1686 1154 1897 1227 (Matth.
1925 1156 2074 1226 xxv).

569 1246 694 1303 Haec
721 1248 936 1318 quidem
969 1258 1289 1300 ornamenta
1313 1256 1551 1300 sanctum
1576 1245 1830 1299 swculare
1851 1245 2079 1314 Aposto-

494 1335 579 1392 lus
608 1338 854 1392 nominat
882 1337 1068 1406 (Hebr.
1101 1337 1203 1405 ιι),
1240 1336 1363 1425 quia
1388 1344 1512 1389 sunt
1541 1335 1647 1388 alia
1688 1334 1843 1404 quasi
1889 1342 2077 1389 sancta

495 1429 738 1484 coelestia
767 1469 781 1493 ,
834 1429 991 1484 sicuti
1040 1437 1166 1483 sunt
1213 1424 1531 1481 ornamenta
1572 1426 1895 1480 animarum.
1947 1424 2078 1492 Qua:

495 1532 604 1587 quo
642 1519 821 1574 minus
847 1519 987 1588 apud
1012 1520 1259 1573 homines
1288 1518 1490 1572 habent
1535 1517 1870 1587 splendoris,
1926 1524 2076 1571 tanto

491 1609 614 1679 plus
640 1612 781 1679 apud
811 1610 1095 1665 Dominum
1118 1608 1320 1663 habent
1354 1608 1530 1662 meriti
1563 1607 1944 1670 et,mercedis.
1976 1605 2076 1660 Le-

491 1700 638 1773 gitur
661 1702 806 1755 enim
843 1702 909 1757 de
941 1702 1101 1757 beato
1127 1700 1388 1769 Gregorio
1419 1716 1555 1771 papa
1596 1700 1741 1768 quod
1782 1715 1888 1753 non
1934 1700 2075 1753 sicut

2187 522 2399 577 ratione
2435 521 2619 577 oblata
2642 562 2658 588 ,
2686 521 2845 577 testis
2886 531 2972 579 est
2997 522 3166 578 divini
3191 539 3426 580 censura
3454 536 3765 595 respectus,

2183 619 2240 665 et
2260 611 2553 667 invidentis
2584 611 2846 667 fraternae
2880 611 3129 668 felicitati
3147 612 3280 669 Cain
3307 629 3484 685 usque
3503 616 3575 670 ad
3598 618 3767 674 hami.

2182 699 2309 754 cidii
2350 708 2562 757 reatum
2598 700 2851 771 prolapsa
2895 701 3189 758 dementia.
3239 702 3353 759 Noe
3392 720 3621 775 quoque
3658 718 3770 777 post

2181 791 2443 847 diluvium
2470 793 2538 849 de
2566 794 2784 849 mundis
2827 794 3197 850 animantibus
3235 795 3435 850 obtulit
3459 796 3695 852 Domino
3720 799 3769 853 in

2180 882 2402 938 odorem
2447 883 2731 938 suavitatis
2783 881 2948 954 (Gen.
2998 886 3137 954 Vill).
3198 884 3475 940 Abraham
3513 888 3685 942 etiam
3724 897 3773 943 et

2182 969 2374 1037 Jacob,
2406 981 2463 1027 et
2489 973 2766 1043 patientiae
2790 973 2892 1028 Job
2918 975 3198 1045 exemplar
3222 1017 3234 1039 ,
3277 977 3549 1032 sacriﬁcia
3594 989 3653 1033 et
3687 981 3770 1034 bo-

2180 1062 2420 1118 locausta
2464 1064 2691 1119 Domino
2729 1064 3040 1120 immolasse
3073 1065 3344 1134 leguntur.
3384 1068 3509 1122 lam
3557 1084 3691 1124 vero
3722 1072 3773 1125 in

2180 1151 2295 1221 lege
2318 1167 2482 1221 quam
2517 1151 2834 1222 multiplicia
2864 1153 2976 1207 sint
2997 1153 3333 1209 oblationum
3375 1168 3659 1227 prmeepta
3675 1199 3692 1223 ,
3712 1176 3773 1215 es

2179 1241 2314 1311 ipsis
2340 1242 2492 1297 libris
2517 1242 2833 1297 discendum
2863 1250 2968 1297 est.
3012 1242 3114 1299 Ubi
3160 1244 3584 1316 quadrupedum
3606 1256 3665 1301 et
3682 1264 3773 1304 vc-

2178 1331 2386 1386 lucrum
2423 1347 2618 1387 carnes
2657 1341 2714 1389 et
2749 1334 2988 1405 sanguis,
3035 1342 3197 1388 terrm
3235 1333 3421 1405 fruges
3459 1346 3520 1390 et
3566 1336 3779 1394 fructus

2180 1425 2458 1490 arborum,
2472 1425 2701 1481 diversis
2722 1426 2899 1480 modis
2916 1424 3098 1480 oﬂ'erri
3116 1426 3396 1495 jubentur.
3415 1428 3556 1496 Quae
3573 1432 3772 1495 omnia,

2177 1531 2300 1571 cum
2330 1517 2582 1588 legalium
2609 1518 3046 1574 Observationum
3071 1520 3301 1585 umoris,
3333 1520 3469 1577 licet
3498 1522 3772 1592 Evangelii

2180 1608 2463 1663 veritatem
2509 1624 2607 1663 sua
2654 1608 3124 1679 praeﬁguraverint
3173 1611 3558 1677 exhibitione,
3604 1623 3771 1669 tamen

2176 1698 2393 1755 inﬁrmo
2426 1710 2483 1756 et
2519 1702 2673 1771 quasi
2703 1717 2921 1757 carnem
2947 1711 3003 1757 ct
3044 1703 3365 1773 sanguinem
3404 1706 3652 1776 sapienti
3684 1722 3773 1777 po-

489 1792 581 1847 alii
607 1793 661 1847 in
688 1795 1054 1850 exstructione
1093 1794 1446 1849 ecclesiarum
1490 1792 1849 1859 laboraverit,
1893 1793 1987 1847 sed
2017 1792 2070 1845 in
2104 1788 2146 1847 Β
2174 1792 2300 1862 pulo
2327 1792 2576 1862 imposita
2612 1803 2739 1848 sunt
2765 1804 2993 1849 eatenus
3018 1796 3382 1860 observanda,
3417 1796 3606 1852 donec
3637 1801 3777 1853 veni-

487 1882 734 1940 doctrina
763 1893 817 1940 et
835 1885 1298 1956 eleemosynarum
1324 1884 1573 1953 largitate
1599 1902 1611 1938 :
1640 1900 1804 1955 quam
1839 1898 1946 1938 non
1986 1899 2073 1938 so-

488 1973 599 2029 lum
623 1974 761 2045 apud
790 1990 936 2041 suos,
969 1991 1159 2030 verum
1179 1976 1343 2029 etiam
1367 1977 1507 2044 apud
1535 1975 1691 2047 longe
1711 1984 1767 2030 et
1798 1976 1849 2030 in
1872 1976 2072 2036 exteris

487 2065 789 2135 provinciis
817 2066 1045 2136 positos,
1077 2082 1332 2133 exercere
1357 2068 1587 2122 curavit.
1615 2067 1673 2121 Si
1696 2083 1824 2138 ergo
1850 2069 1903 2123 in
1946 2083 2073 2123 con-

488 2154 682 2211 dendis
711 2155 796 2211 vel
837 2156 1100 2212 ornandis
1128 2157 1298 2211 sacris
1320 2157 1564 2211 aediﬁciis
1583 2172 1792 2212 summa
1815 2159 2071 2215 sanctitas

486 2252 672 2313 esset,
723 2246 1026 2301 debuerunt
1063 2247 1376 2301 earumdem
1429 2247 1807 2303 studiosissimi
1846 2265 2027 2303 rerum
2054 2291 2070 2313 ,

486 2334 612 2390 aliis
642 2336 733 2405 qui
762 2336 941 2391 minus
972 2336 1058 2391 his
1087 2334 1347 2391 faciendis
1375 2337 1723 2403 institerunt,
1756 2340 2071 2394 meritorum

485 2428 842 2497 pmeminere
862 2428 1143 2484 distantia.
1177 2427 1282 2484 Sed
1307 2428 1435 2498 quia
1464 2428 1694 2500 legimus
1720 2430 1962 2500 Moysen,
1992 2438 2075 2484 ta-

484 2518 765 2575 bernaculi
794 2528 1144 2587 structorem,
1183 2521 1249 2575 ad
1276 2536 1473 2591 aquam
1504 2522 1951 2577 contradictionis
1976 2523 2075 2577 Do-

484 2611 693 2667 minum
726 2612 1013 2671 offendisse
1050 2613 1243 2687 (Num.
1292 2616 1424 2687 xx),
1466 2624 1523 2670 et
1552 2616 1756 2671 idcirco
1778 2617 1845 2671 ad
1871 2624 2071 2673 terram

484 2704 925 2774 repromissionis
946 2721 1051 2761 non
1074 2707 1388 2776 pervenisse
1416 2723 1430 2758 :
1458 2705 1803 2762 Salomonem
1834 2723 2068 2778 quoque,

483 2802 608 2866 post
661 2794 989 2865 singularem
1044 2795 1227 2866 templi
1283 2796 1548 2853 mirabilis
1604 2800 2069 2867 exstructionem,

485 2885 774 2941 mulierum
812 2888 1091 2942 seductum
1148 2874 1366 2953 amore,
1418 2888 1629 2943 Domini
1656 2891 1971 2955 incurrisse
1991 2891 2073 2946 of-

482 2974 693 3032 fensam
721 2974 841 3047 (III
868 2976 999 3047 Reg.
1028 2978 1142 3048 XI);
1174 2979 1316 3033 unde
1346 2987 1400 3033 et
1435 2980 1606 3050 regni,
1635 2990 1859 3036 eatenus
1892 2980 2066 3048 uniti,

481 3067 724 3138 potentia
747 3084 777 3122 a
806 3068 1012 3124 semine
1031 3069 1149 3139 ejus
1179 3069 1428 3136 discissa,
1453 3070 1506 3124 in
1531 3071 1692 3125 aliam
1722 3073 1923 3127 tribum
1946 3087 2070 3142 per—

2177 1893 2260 1939 ret
2288 1885 2545 1940 Dominus
2573 1885 2705 1958 legis
2733 1894 2790 1941 et
2818 1887 3227 1957 prophetarum,
3252 1895 3307 1942 et
3340 1891 3540 1943 onmia
3571 1905 3698 1960 qua
3718 1891 3778 1945 de

2175 1991 2234 2031 se
2278 1976 2491 2031 fuerant
2529 1978 2731 2046 apertis
2769 1977 2852 2032 vel
2892 1978 3134 2049 mysticis
3172 1978 3335 2033 dictis
3377 1982 3777 2048 praenuntiata,

2175 2065 2260 2119 vel
2293 2066 2637 2137 imaginariis
2659 2066 3027 2131 victimarum,
3066 2067 3475 2122 sacriﬁciorum
3504 2079 3564 2122 et
3596 2069 3775 2124 solm-

2174 2154 2402 2209 nitatum
2442 2156 2634 2209 ritibus
2666 2156 3017 2225 praesignata,
3042 2156 3342 2226 compleret
3372 2174 3387 2208 :
3422 2157 3507 2211 ita
3548 2173 3685 2212 sane
3706 2168 3774 2223 ut,

2174 2245 2523 2301 illucescente
2554 2246 2827 2317 Evangelii
2855 2247 3102 2310 veritate,
3135 2260 3239 2301 nec
3266 2246 3578 2301 credentes
3600 2263 3671 2302 ex
3695 2246 3777 2302 luo

2175 2338 2306 2394 ὀξεῖς)
2338 2338 2407 2392 ab
2451 2338 2556 2392 illis
2591 2338 2965 2399 observandis,
3009 2353 3097 2408 qu.
3118 2338 3164 2391 si
3207 2338 3780 2408 rebus-sacrilegiset

2173 2429 2414 2500 profanis
2456 2430 2902 2498 prohiberentur;
2948 2444 3048 2484 nec
3089 2428 3157 2484 de
3198 2430 3466 2500 gentibus
3506 2430 3581 2483 ad
3629 2428 3774 2485 ﬁdem

2174 2522 2469 2585 venientes,
2495 2523 2562 2575 ad
2586 2536 2648 2575 ea
2672 2521 3033 2589 suscipienda,
3060 2520 3216 2591 quasi
3241 2520 3408 2576 saluti
3439 2521 3774 2577 Christiano-

2177 2628 2296 2667 rum
2326 2613 2653 2678 necessaria,
2683 2620 3028 2682 cogerentur.

2761 2720 2988 2779 CAPUT
3025 2721 3164 2779 XVI.

2173 2811 2253 2867 De
2272 2814 2551 2882 sacriﬁciis
2582 2810 2719 2885 Novi
2752 2813 3089 2878 'I'estamenti,
3118 2823 3167 2868 et
3195 2830 3291 2868 cur
3318 2823 3539 2869 mutata
3561 2817 3668 2868 sint
3689 2831 3771 2885 per

2678 2882 2946 2938 Christum
2977 2885 3266 2953 sacriﬁcia.

2245 2972 2431 3044 Itaque
2471 2972 2739 3040 Christus,
2780 2974 2873 3044 qui
2917 2975 3262 3031 credentibus
3310 2973 3443 3032 ﬁnis
3489 2986 3576 3033 est
3626 2979 3765 3049 legis.

2149 3064 2358 3119 .carnis
2412 3065 2872 3135 dispensationem
2919 3067 3173 3134 subiens,
3225 3067 3363 3136 legis
3420 3078 3669 3133 statuta,
3716 3081 3767 3125 at

483 3156 692 3212 niciosa
720 3158 985 3216 divisione
1010 3159 1207 3231 partim
1242 3161 1511 3216 concessit
1539 3176 1554 3214 :
1578 3160 1925 3234 intelligimus
1955 3202 1972 3229 ,
2016 3173 2069 3218 et

2172 3164 2301 3225 pote
2330 3170 2359 3208 a
2389 3134 2526 3219 Deo,
2559 3171 2665 3209 non
2698 3158 2935 3226 respuit;
2962 3157 3093 3226 quin
3134 3134 3317 3227 potius
3362 3158 3418 3212 in
3457 3174 3543 3222 se,
3578 3169 3639 3213 ut
3663 3172 3763 3215 ter-

481 3247 632 3301 omui
675 3249 971 3319 postposita
1000 3249 1274 3305 dubietate
1300 3249 1554 3317 fatemur,
1594 3253 1670 3327 ita
1711 3255 2070 3310 constructio-

485 3350 610 3390 nem
641 3353 921 3394 sacrarum
950 3340 1147 3395 aedium
1169 3354 1236 3394 ex
1260 3341 1511 3412 religiosa
1538 3344 1824 3399 devotione
1849 3344 2070 3400 laudan-

484 3429 632 3494 dam,
672 3438 732 3491 ut
780 3440 959 3485 tamen
990 3433 1241 3499 virtutes,
1269 3448 1389 3502 quae
1444 3442 1570 3488 sunt
1607 3434 1877 3504 spiritales
1927 3444 2068 3490 stru-

482 3529 676 3586 cturae,
714 3529 769 3576 et
799 3521 1101 3577 animarum
1132 3525 1184 3578 in
1225 3525 1420 3594 quibus
1466 3525 1609 3581 Deus
1660 3527 1870 3581 habitat
1906 3543 2068 3582 orua«

482 3617 669 3679 menta
699 3612 978 3680 perennia,
1012 3612 1097 3666 bis
1134 3612 1361 3667 multum
1392 3615 1660 3684 praebitas.
1690 3614 1826 3682 Quia
1852 3625 2065 3672 terrena

480 3709 803 3767 ornamenta
844 3701 1180 3770 quantalibet
1223 3702 1562 3760 formositate
1602 3706 1901 3777 ﬁngantur,
1950 3708 2065 3763 sine

480 3789 775 3846 virtutibus
799 3790 911 3847 Deo
947 3791 1230 3847 vilescunt.
1269 3793 1510 3851 Virtutes
1563 3811 1693 3851 vero
1741 3811 1878 3867 quas
1916 3807 1971 3852 et
2010 3798 2064 3852 in

486 3885 695 3955 angelis
712 3885 825 3941 suis
838 3886 1030 3958 diligit,
1045 3888 1208 3943 etiam
1236 3887 1353 3943 sine
1378 3889 1641 3943 materiali
1672 3890 2065 3961 compositione

482 3989 700 4046 semper
718 3976 819 4032 sibi
846 3977 1061 4049 placere
1079 3976 1436 4043 demonstrat,
1461 3978 1645 4034 dicens
1668 3994 1765 4048 per
1785 3980 2063 4035 Michazam

474 4051 841 4141 prophetam:
871 4067 1124 4123 Indicabo
1152 4067 1266 4134 tibi,
1320 4084 1350 4121 ο
1399 4069 1577 4136 homo,
1617 4069 1742 4141 quid
1773 4070 1841 4124 sit
1870 4071 2061 4123 bonum

476 4136 527 4210 οἱ
548 4136 675 4229 quid
703 4159 957 4215 Dominus
977 4169 1182 4229 quaerat
1211 4176 1244 4216 a
1270 4169 1319 4214 te
1344 4176 1363 4215 :
1386 4162 1562 4231 utique
1588 4136 1760 4231 facere
1772 4161 2058 4231 judicium,

475 4257 525 4313 et
560 4247 774 4319 diligere
799 4251 1213 4305 misericordiam
1239 4262 1285 4306 et
1318 4251 1603 4307 sollicitum
1642 4252 2059 4308 ambulare'cum

475 4335 590 4391 Deo
618 4347 708 4390 tuo
733 4337 915 4410 (Miclt.
948 4340 1045 4409 vi).
1078 4339 1232 4396 Unde
1260 4341 1460 4397 multos
1495 4351 1807 4398 sanctorum
1838 4352 1894 4399 et
1934 4353 2060 4399 ante

474 4441 634 4481 usum
657 4427 976 4496 templorum
1003 4444 1278 4484 sacrorum
1301 4431 1570 4502 placuisse
1583 4433 1722 4501 Deo;
1748 4436 1883 4491 alios
1902 4437 2051 4502 vero,

471 4524 759 4587 postquam
788 4517 897 4573 Deo
922 4533 1020 4587 per
1045 4518 1161 4574 loca
1192 4521 1406 4576 diversa
1434 4526 1740 4579 sanctuaria
1769 4535 1894 4581 sunt
1921 4544 2053 4582 con-

472 4613 695 4680 stituta;
728 4615 782 4669 in
811 4614 1044 4670 desertis
1069 4625 1123 4669 et
1153 4617 1529 4685 squalentibus
1551 4618 1686 4675 locis
1710 4636 2055 4676 commoran-

472 4711 557 4758 tes
585 4742 602 4768 ,
655 4696 862 4761 scimus
905 4706 1263 4762 onminotenti
1310 4708 1540 4765 Domino
1587 4709 1719 4765 solis
1763 4710 2057 4768 virtutibus

471 4793 757 4850 militasse.

1075 4866 1303 4923 CAPUT
1343 4868 1459 4924 XV.

899 4957 979 5013 De
1007 4959 1351 5039 oblationibus
1379 4969 1625 5016 veterum.

2170 3246 2423 3313 minaret,
2449 3248 2703 3318 explevit.
2728 3248 2858 3303 Novi
2886 3266 3012 3305 vero
3033 3250 3370 3306 Testamenti
3396 3266 3543 3305 nova
3572 3264 3761 3322 myste-

2170 3335 2252 3391 ria
2301 3338 2369 3391 ad
2412 3338 2786 3394 instruendum
2827 3354 3024 3394 novqu
3064 3341 3344 3395 hominem
3386 3341 3622 3396 tradidit
3663 3351 3763 3397 ια

2169 3438 2347 3484 morte
2375 3444 2471 3484 sua
2510 3440 2693 3485 vetera
2722 3430 3030 3499 perliciens,
3066 3434 3479 3489 resurrectione
3505 3450 3606 3489 sua
3634 3451 3763 3489 non

2167 3520 2425 3576 ﬁrmavit.
2465 3522 2523 3576 ln
2560 3538 2720 3578 cmna
2757 3524 3021 3593 siquidem
3061 3540 3224 3594 quam
3258 3535 3391 3582 ante
3417 3528 3762 3583 traditiom

2167 3625 2321 3664 suam
2360 3611 2607 3665 ultimam
2649 3628 2773 3667 cum
2815 3614 3089 3683 discipulis
3129 3615 3343 3680 habuit,
3382 3625 3511 3687 post
3546 3616 3762 3673 Pasch:

2165 3704 2365 3759 veteris
2404 3705 2665 3759 solemnia
2689 3745 2704 3771 ,
2745 3706 2990 3774 corporis
3029 3714 3083 3760 et
3121 3707 3404 3777 sanguinis
3448 3709 3539 3762 sui
3582 3724 3760 3764 sacra-

2164 3806 2348 3851 menta
2384 3797 2440 3851 in
2482 3797 2636 3867 panis
2671 3806 2725 3851 et
2761 3798 2871 3852 vini
2912 3799 3211 3854 substantia
3245 3801 3451 3856 eisdem
3478 3802 3760 3872 discipuﬁs

2164 3889 2405 3954 tradidit,
2453 3898 2508 3942 et
2554 3902 2620 3942 ea
2671 3889 2724 3942 in
2777 3892 3351 3946 commemorationem
3399 3893 3760 3947 sanctissima:

2161 3993 2274 4032 suae
2316 3979 2585 4047 passionis
2624 3979 2902 4037 celebrare
2935 3982 3235 4051 perdocuit.
3273 3981 3421 4036 Nihil
3463 3999 3599 4054 ergo
3634 3999 3761 4039 eoa-

2162 4073 2439 4144 gruentius
2459 4073 2545 4128 his
2568 4074 2852 4144 speciebus
2870 4076 2939 4130 ad
2955 4075 3368 4145 signiﬁcandam
3385 4078 3588 4147 capitis
3598 4087 3760 4147 atque

2160 4163 2530 4219 membrorum
2552 4165 3019 4235 unitatem.potuit
3039 4167 3270 4222 inveniri
3293 4186 3305 4221 :
3330 4168 3462 4238 quia
3486 4170 3757 4232 videlicet.

2160 4254 2301 4309 sicut
2326 4255 2481 4324 panis
2506 4254 2572 4310 de
2602 4254 2788 4311 multis
2821 4257 3006 4324 granis
3042 4271 3197 4326 aqua:
3234 4258 3468 4328 coagulo
3500 4259 3557 4313 in
3592 4272 3759 4313 unum

2159 4360 2357 4417 corpus
2385 4347 2665 4416 redigitur,
2694 4356 2749 4402 et
2774 4349 2961 4403 vinum
2982 4363 3051 4403 ex
3083 4348 3266 4408 multis
3294 4349 3473 4405 acinis
3501 4349 3757 4420 exprimi-

2162 4447 2266 4502 tur,
2295 4439 2373 4493 sic
2399 4447 2456 4492 et
2483 4453 2680 4508 corpus
2709 4438 2915 4494 Christi
2948 4454 3017 4494 ex
3057 4439 3406 4496 multitudine
3439 4449 3755 4496 sanctorum

2160 4531 2460 4585 coadunata
2491 4529 2813 4599 completur.
2840 4529 2992 4587 Unde
3014 4532 3261 4587 consulte
3283 4547 3315 4586 a
3337 4533 3624 4603 prioribus
3642 4544 3754 4588 sta-

2160 4630 2333 4676 tutum
2363 4630 2542 4676 estne
2582 4622 2764 4676 vinum
2801 4623 3159 4680 imsacriﬁcio
3195 4625 3315 4679 sine
3353 4640 3519 4695 aquae
3554 4626 3753 4681 admis-

2161 4713 2306 4768 tione
2331 4712 2614 4779 olferatur,
2638 4722 2698 4768 ut
2718 4714 2969 4771 videlicet
2996 4731 3095 4786 per
3124 4717 3227 4772 hoc
3266 4716 3568 4781 indicetur,
3592 4732 3756 4788 patrn—

2159 4803 2238 4860 los
2262 4805 2376 4874 qui,
2408 4807 2702 4861 secundum
2731 4805 2993 4862 Joannem
3019 4809 3201 4879 (Apoc.
3231 4808 3393 4877 xvii),
3421 4826 3571 4879 aqua
3607 4820 3755 4872 sunt.

2162 4909 2189 4950 tt
2236 4895 2474 4961 Christo,
2516 4897 2671 4967 cujus
2712 4898 2933 4967 sanguis
2972 4899 3028 4952 in
3068 4896 3236 4953 calice
3280 4906 3389 4965 est,
3429 4898 3606 4954 dividi
3648 4915 3758 4954 nua

2164 4987 2378 5043 debere.
2419 4988 2561 5058 Ergo
2604 5003 2705 5043 nec
2739 4988 2922 5042 vinum
2962 4989 3078 5044 sine
3111 5004 3275 5059 aqua,
3314 5004 3420 5045 nec
3454 5005 3603 5059 aqua
3636 4991 3763 5045 sine

502 5124 513 5131 ,
544 5065 675 5124 Hac
723 5067 791 5125 de
829 5083 1119 5126 sacrorum.
1146 5071 1368 5129 fabricis
1394 5082 1450 5128 et
1469 5075 1657 5130 usibus
1680 5070 1921 5130 locorum
1957 5090 2057 5133 nos
2156 5075 2285 5131 vino
2321 5075 2583 5131 offertur:
2614 5076 2737 5147 quia
2766 5091 2867 5132 nec
2892 5077 3139 5134 Christus
3163 5078 3321 5134 aliter
3338 5093 3509 5149 quam
3534 5094 3636 5149 pro
3660 5094 3759 5148 po-

468 5172 571 5229 pro
601 5158 819 5216 modulo
849 5160 1116 5217 tarditatis
1154 5170 1209 5217 et
1247 5163 1475 5233 ignaviae
1496 5173 1696 5219 nostra;
1717 5179 2052 5221 commemo—
2155 5165 2283 5239 pulo
2303 5182 2402 5222 suo
2423 5181 2614 5237 passus
2633 5175 2739 5234 est,
2762 5182 2863 5224 nec
2892 5168 3051 5224 aliter
3073 5168 3301 5241 pepulus
3320 5184 3490 5238 quam
3519 5186 3619 5239 per
3637 5185 3763 5239 pas-

468 5260 623 5315 rasae
648 5246 859 5305 sufﬁcit.
883 5248 1039 5305 Nunc
1062 5250 1129 5305 de
1158 5250 1440 5308 sacriﬁciis
1469 5262 1525 5308 et
1546 5252 1910 5312 oblationibus
1932 5271 2054 5326 qua:
2154 5257 2361 5313 sionem
2404 5255 2609 5312 Christi
2648 5265 2828 5327 potest
2869 5258 3087 5314 salvari.
3138 5259 3276 5327 Quia
3319 5274 3453 5314 vero
3497 5259 3765 5313 Cbrista

469 5338 527 5395 in
541 5339 746 5415 eis.Deo
762 5342 1112 5405 exhibentur,
1127 5342 1268 5411 quod
1291 5343 1406 5413 ipse
1425 5343 1651 5409 dederit,
1673 5344 2049 5417 adjungamus.
2154 5347 2398 5404 sacerdos
2431 5362 2555 5403 esse
2591 5348 2793 5405 dicitur
2829 5351 3128 5406 secundum
3169 5350 3422 5404 ordinem
3460 5347 3769 5403 Melchise—

466 5430 605 5487 Abel
651 5442 709 5488 et
755 5433 889 5489 Cain
926 5433 1095 5504 primi
1150 5434 1379 5491 Domino
1426 5451 1652 5491 munera
1679 5437 1940 5495 obtulisse
1970 5438 2050 5494 le-
2154 5439 2322 5506 dech,
2370 5440 2513 5510 quod
2560 5443 2840 5511 apostolus
2881 5441 3082 5511 Paulus
3125 5441 3505 5512 copiosissime
3548 5441 3769 5499 astruit

465 5529 699 5592 guntur;
750 5522 839 5578 ille
876 5520 1091 5593 quidem
1131 5523 1198 5579 de
1256 5525 1595 5582 naturalibus
1642 5527 1863 5594 ovium,
1917 5543 2052 5599 quas
2152 5530 2312 5603 (Heb.
2359 5533 2495 5605 vn),
2549 5533 2698 5588 salva
2751 5533 3129 5604 multiplicium
3180 5535 3397 5590 ratione
3446 5534 3763 5604 figurat-usa

465 5610 742 5679 pascebat,
767 5611 994 5677 fetibus;
1014 5613 1081 5669 de
1097 5614 1327 5670 terrenis
1350 5615 1473 5683 iste,
1491 5631 1628 5686 quas
1647 5626 1765 5673 arte
1786 5625 1844 5674 et
1863 5617 2049 5676 labore
2149 5621 2347 5691 quibus
2376 5621 2517 5677 idem
2551 5623 2805 5678 sacerdos
2830 5622 2924 5677 Dei
2962 5622 3161 5678 summi
3193 5621 3351 5677 Iesus
3372 5621 3636 5678 Christus
3660 5621 3763 5678 Fi—

466 5701 779 5773 acquisivit,
829 5702 1073 5775 frugibus
1108 5704 1262 5778 (Gen.
1293 5706 1388 5778 tv).
1436 5705 1546 5765 Sed
1586 5708 1728 5766 dona
1762 5709 2044 5768 amborum
2147 5710 2253 5768 lius
2302 5712 2419 5782 Dei,
2462 5713 2554 5784 qui
2603 5713 2955 5785 semetipsum
3000 5712 3147 5770 Patri
3183 5726 3284 5784 pro
3321 5713 3481 5770 nobis
3521 5711 3761 5779 didit.
