3948 6328
151 315 251 382 θὸν

1279 322 1366 380 DE
1406 315 1632 425 ΗΕΒρὸ
1668 313 2232 378 ECCLESIASTICIS.

3299 311 3406 375 958

157 437 534 509 pronuntiasse
561 437 944 507 cognoscitur:
978 451 1275 508 congruum
1314 455 1482 508 genus
1523 438 1731 493 sa‘criﬁ-
1762 445 1806 501 Α
1836 435 1926 502 qui
1958 447 2088 488 vero
2133 433 2454 487 medicinam
2507 431 2591 486 vel
2641 443 2745 486 non
2792 430 2954 484 habet
2981 429 3062 483 vel
3091 443 3155 483 ea
3189 427 3408 499 indigns

158 534 224 588 cii
265 530 527 586 Dominus
565 537 770 593 noster,
812 529 1069 585 sacerdos
1105 545 1285 593 verus,
1325 531 1375 584 in
1413 531 1655 599 corporis
1680 539 1738 583 et

161 620 439 689 sanguinis
476 619 558 674 sui
595 621 910 690 mysterium
950 622 1231 690 providere
1259 621 1511 690 dignatus
1541 631 1644 685 est,
1677 629 1739 675 ut

163 713 411 768 videlicet
432 705 582 766 ‘sicut
615 711 1006 766 Melchisedech
1038 721 1166 766 ante
1194 713 1666 768 circumcisionem.
1683 721 1742 766 et

164 805 294 876 legis
326 804 705 868 eteremonias,
747 804 934 858 vivens
972 818 1039 856 ex
1081 801 1204 867 ﬁde,
1233 817 1427 872 panem
1463 811 1518 857 et
1554 803 1748 880 vinum\
1771 841 1791 868 ,η

163 893 361 964 legitur
395 891 658 946 obtulisse
688 909 702 945 :
737 892 810 945 ita
841 892 955 961 ipse
984 892 1263 957 Dominus,
1285 892 1521 962 pontifex
1563 887 1763 946 factus"

163 980 458 1036 secundum
495 980 742 1034 ordinem
780 996 890 1034 non
927 980 1273 1044 ‘Aaron,'sed
1314 981 1738 1046 Melchisedech,

155 1069 352 1138 justus,
383 1080 438 1123 et
461 1069 766 1138 justiﬁcans
791 1084 912 1123 eum
935 1069 1026 1137 qui
1055 1086 1122 1124 ex
1149 1069 1252 1124 ﬁde
1286 1079 1388 1134 est,
1417 1079 1538 1138 post
1555 1069 1742 1139 exple-

164 1161 362 1216 tionem
402 1159 532 1230 legis
568 1160 785 1214 easdem
828 1161 1034 1228 species
1069 1160 1320 1214 sacriﬁcii
1357 1160 1603 1215 ﬁdelibus
1630 1160 1745 1215 suis

165 1251 401 1305 tradidit.
425 1249 534 1304 Nec
557 1250 865 1304 dubitemus
893 1265 991 1304 nos
1015 1249 1133 1304 sine
1161 1252 1416 1320 operibus
1440 1251 1572 1320 legis
1587 1249 1743 1318 justi-

165 1342 314 1396 licari
341 1357 434 1410 per
460 1341 642 1404 ﬁdem,
667 1341 791 1395 dum
824 1341 940 1396 illos
963 1342 1238 1395 imitamur
1265 1340 1513 1396 libertate
1540 1341 1661 1396 ﬁdei
1690 1350 1746 1396 et

163 1431 488 1495 devotionis,
534 1446 672 1500 quos
714 1432 830 1486 sine
873 1433 1134 1488 servitute
1181 1431 1316 1502 legis
1353 1433 1594 1487 coactiva
1635 1434 1746 1486 Deo

162 1520 541 1592 cognoscimus
580 1521 842 1590 placuisse
883 1537 980 1591 per
1014 1522 1195 1577 ﬁdem.
1237 1522 1379 1593 Ergo
1416 1523 1542 1577 dum
1587 1533 1746 1577 notus

161 1623 310 1668 esset
339 1613 391 1666 in
418 1611 598 1668 Judaea
625 1613 783 1678 Deus,
810 1611 1044 1682 dumque
1075 1614 1128 1668 in
1158 1629 1266 1668 uno
1298 1612 1629 1668 tabernaculi
1661 1612 1746 1667 vel

163 1703 348 1774 templi
399 1703 516 1757 loco
560 1702 826 1758 sacriﬁcia
867 1703 1125 1758 deberent
1167 1703 1376 1769 oilerri,
1419 1713 1744 1774 prmceptum

1836 525 2042 588 utitur,
2069 522 2228 593 longe
2257 536 2315 576 se
2350 538 2381 576 a
2413 521 2621 576 medico
2662 535 2785 576 esse
2828 519 3127 588 languendo
3160 524 3404 574 testatur.

1837 613 1951 668 Non
1976 613 2121 668 enim
2167 613 2424 667 mentitur
2451 612 2543 682 qui
2583 612 2752 666 dicit:
2796 608 2916 663 Nisi
2969 609 3410 666 manducauerixis

1798 761 1804 776 τ
1838 719 2046 758 carnem
2085 702 2184 772 ﬁlii
2217 703 2461 766 hominis,
2485 713 2533 755 et
2557 702 2787 756 bibet-itis
2807 702 2922 771 ejus
2951 701 3282 770 sanguinem,
3305 718 3412 757 non

1839 795 2088 848 habebitis
2120 796 2276 849 vitam
2305 795 2358 848 in
2388 793 2526 848 vobis
2553 833 2567 856 ,
2605 803 2660 847 et
2687 793 2910 862 reliqua.
2943 793 3236 850 Sciendum
3263 795 3408 849 enim

1841 898 1870 937 a
1901 884 2102 938 sanctis
2147 883 2399 938 Patribus
2438 883 2509 938 ob
2549 884 2651 938 hoc
2681 884 2766 938 vel
2795 885 3029 938 maxime
3052 883 3408 939 constitutum

1841 980 1902 1027 ut
1949 972 2250 1026 mortaliter
2300 981 2588 1041 peccantes
2631 988 2660 1024 a
2719 973 3073 1027 sacramentis
3120 971 3416 1027 Dominicis

1842 1073 2132 1118 arceantur
2155 1105 2170 1128 ,
2219 1079 2288 1119 ne
2330 1065 2548 1134 indigne
2587 1079 2652 1119 ea
2689 1065 3051 1134 percipientes
3089 1065 3176 1119 vel
3220 1064 3415 1134 majori

1842 1163 1994 1210 reatu
2029 1155 2392 1221 involvantur,
2421 1166 2481 1211 ut
2500 1155 2687 1222 Iudas,
2712 1173 2871 1226 quem
2919 1167 3043 1226 post
3088 1173 3285 1227 panem
3328 1167 3411 1213 te-

1844 1261 1993 1300 mere
2019 1263 2049 1299 a
2079 1246 2335 1317 Magistro
2365 1257 2692 1318 susceptum,
2723 1247 2965 1302 diabolus
2987 1248 3186 1304 dicitur
3206 1249 3417 1319 plenius

1845 1335 2125 1400 invasisse,
2153 1348 2214 1390 ut
2240 1337 2445 1390 crimen
2488 1338 2631 1406 quod
2669 1338 2821 1407 prius
2851 1337 3114 1393 scelerata
3139 1339 3420 1408 prremedi-

1847 1425 2050 1479 latione
2091 1434 2456 1495 conceperat,
2493 1425 2606 1496 jam
2641 1416 3058 1481 sceleratissimo
3083 1441 3422 1482 consumma-

1845 1524 1928 1570 ret
1974 1514 2170 1570 effectu
2215 1529 2230 1567 :
2274 1515 2358 1568 vel
2403 1531 2472 1570 ne
2504 1517 2668 1586 (quod
2712 1515 3002 1585 Apostolus
3036 1518 3102 1571 de
3126 1515 3424 1572 Corinthiis

1845 1605 1995 1674 dicit)
2021 1605 2388 1660 inﬁrmitatem
2412 1607 2653 1675 corporis
2673 1616 2726 1662 et
2754 1607 3196 1670 imbecillitatem,
3226 1607 3424 1679 ipsam-

1846 1710 1952 1764 que
1985 1705 2214 1750 mortem
2258 1705 2675 1765 prmsumptores
2703 1697 2998 1752 incurrant.
3028 1697 3096 1752 Et
3127 1708 3188 1753 ut
3214 1714 3244 1752 a
3274 1713 3424 1754 com-

160 1787 280 1858 est,
303 1793 384 1847 vel
413 1793 593 1862 potius
614 1795 940 1864 permissum
965 1795 1294 1860 carnalibus,
1322 1796 1501 1850 varias
1520 1805 1575 1851 et
1597 1809 1745 1850 sum-
1769 1791 1818 1850 Β
1846 1788 2102 1845 munione
2137 1789 2402 1860 suspensi,
2437 1798 2641 1845 terrore
2680 1787 2797 1858 ejus
2821 1789 3151 1847 exclusionis
3194 1801 3252 1846 et
3290 1806 3425 1862 quo-

163 1895 389 1956 ptuosas
415 1884 715 1940 oblationes
743 1885 1025 1951 exhibere,
1059 1896 1120 1940 ut
1153 1887 1368 1942 servilis
1405 1887 1594 1958 religio
1619 1901 1743 1958 gra-

160 1977 324 2031 vibus
363 1975 652 2030 desudaret
689 1975 981 2044 obsequiis.
1012 1975 1082 2030 At
1108 1991 1238 2032 vero
1263 1986 1553 2046 postquam
1587 1993 1748 2047 super

159 2081 380 2120 omnem
438 2074 638 2121 terram
689 2066 958 2121 laudabile
1014 2083 1209 2123 nomen
1271 2069 1482 2124 Domini
1539 2070 1745 2134 illuxit,

161 2157 403 2226 dumque
438 2156 492 2210 in
528 2157 776 2213 omnibus
813 2155 945 2214 locis
973 2168 1026 2213 et
1053 2160 1304 2230 gentibus
1345 2177 1451 2215 non
1491 2163 1746 2231 speciale,

161 2248 260 2304 sed
291 2248 542 2318 generale
572 2250 930 2304 sacerdotium
959 2253 1187 2320 geritur,
1228 2261 1336 2308 tota
1372 2254 1605 2309 ﬁdelium
1636 2256 1752 2310 uni-

162 2349 279 2394 tate
311 2355 416 2393 non
461 2340 513 2394 in
556 2356 721 2394 unum
755 2342 1108 2412 corporaliter
1148 2343 1348 2408 locum,
1381 2346 1474 2398 sed
1506 2346 1558 2398 in
1589 2361 1750 2399 unam

160 2431 484 2500 spiritaliter
510 2431 670 2487 ﬁdem
699 2443 1077 2498 concurrente,
1102 2443 1364 2490 statutum
1391 2444 1476 2490 est
1504 2436 1752 2492 ﬁdelibus

158 2521 470 2578 oblationes
499 2521 770 2592 simplices
805 2523 1030 2578 Domino
1057 2539 1398 2589 consecrare,
1429 2541 1550 2596 quae
1573 2535 1629 2581 et
1655 2541 1752 2580 ve-

161 2614 385 2668 ritatem
439 2616 681 2685 mysterii
736 2617 1107 2681 continerent,
1152 2626 1209 2676 et
1258 2617 1397 2673 ﬁlios
1448 2618 1753 2689 adoptionis

161 2705 316 2760 nulla
346 2716 656 2776 sumptuum
681 2706 990 2764 dillicultate
1015 2711 1452 2780 comprimerent.

238 2795 358 2851 Non
407 2805 490 2852 est
537 2807 715 2852 autem
769 2798 1164 2855 discutiendum
1204 2800 1416 2855 ratione
1446 2800 1754 2856 mortalium

155 2902 266 2942 cur
297 2887 407 2941 bare
436 2887 518 2942 vel
548 2888 659 2954 illa,
693 2890 796 2945 isto
822 2891 906 2945 vel
942 2891 1031 2945 illo
1061 2899 1320 2962 tempore,
1353 2893 1506 2962 quasi
1539 2893 1752 2949 diversa

158 2988 222 3035 et
251 2980 635 3048 discrepantia,
688 2981 797 3047 ille,
827 2983 918 3051 qui
947 2997 1163 3052 semper
1191 2985 1333 3038 idem
1362 2993 1446 3039 est
1473 2993 1527 3039 et
1553 2985 1753 3039 mutari

161 3085 281 3124 non
333 3079 532 3138 potest,
565 3072 816 3126 statuerit
851 3072 936 3126 vel
973 3072 1205 3140 jusserit
1262 3092 1276 3127 :
1330 3090 1453 3129 cum
1512 3075 1752 3144 ipsorum

1845 1883 1971 1937 dam
2011 1882 2480 1938 condemuationis
2516 1883 2862 1938 anathemate
2889 1883 3280 1955 compellantur
3303 1892 3424 1939 stu-

1847 1973 2051 2028 diosius
2122 1975 2454 2041 poenitentiae
2532 1974 2983 2028 medicamentum
3047 1983 3306 2044 appetere
3369 1983 3427 2028 et

1847 2064 2055 2118 avidius
2086 2065 2467 2134 recuperanda:
2493 2065 2682 2120 salutis
2715 2065 2997 2121 desideriis
3023 2067 3252 2122 inhiare.

2391 2195 2615 2259 CAPUT
2655 2202 2834 2258 XVII].

2191 2315 2330 2380 Quid
2361 2317 2682 2384 rit/ferendum
2721 2318 2787 2369 sit
2816 2318 2869 2370 in
2906 2317 3089 2372 altari.

1917 2426 2179 2492 Quamvis
2219 2436 2400 2482 autem
2430 2431 2741 2485 earumdem
2784 2442 3251 2490 sacramentorum
3301 2448 3432 2488 usus

1853 2521 1920 2576 ab
1958 2521 2072 2591 ipso
2101 2523 2327 2577 Domino
2385 2523 2632 2588 traditus,
2659 2533 2716 2578 et
2762 2526 2833 2579 ab
2881 2527 3141 2596 apostolis
3170 2529 3431 2600 apostoli-

1853 2613 2037 2684 cisque
2063 2615 2194 2669 viris
2223 2615 2274 2669 in
2308 2621 2474 2669 totam
2504 2615 2759 2672 Ecclesia:
2788 2619 3070 2674 catholicae
3093 2619 3428 2676 latitudinem

1854 2703 1926 2757 sit
1966 2704 2338 2768 transmissus,
2371 2713 2548 2760 tamen
2566 2705 2768 2775 primis
2801 2709 3134 2776 temporibus
3163 2711 3427 2780 quosdam

1853 2791 1960 2847 alia
2006 2794 2250 2862 quaedam
2305 2809 2499 2863 genera
2555 2795 2890 2851 oblationum
2960 2799 3156 2854 oll‘erre
3220 2800 3430 2865 solitos.

1855 2883 2205 2956 intelligimus
2235 2901 2304 2940 ex
2345 2886 2663 2951 canonibus,
2698 2897 2750 2943 et
2775 2889 3008 2946 maxime
3043 2891 3431 2962 apostolorum,

1857 2975 1912 3029 in
1931 2991 2161 3045 quorum
2186 2978 2346 3032 tertio
2367 2979 2604 3049 capitulo
2625 2980 2697 3034 ita
2727 2982 3016 3038 scribitur:
3049 3001 3068 3035 ι
3099 2985 3153 3040 Si
3175 2987 3298 3056 quis
3320 2989 3436 3056 epi-

1857 3081 2054 3137 scopus
2101 3077 2197 3122 aut
2236 3069 2514 3140 presbyter
2553 3082 2751 3140 praeter
2797 3074 3191 3132 ordinationem
3225 3079 3435 3134 Domini

161 3137 424 3216 conditor
450 3172 509 3216 et
555 3162 837 3217 ordinatur
872 3137 1178 3234 temporum
1208 3165 1468 3236 quidquid
1511 3137 1564 3220 in
1615 3176 1749 3220 tem-
1780 3137 1826 3202 (ἶ
1858 3157 1961 3210 alia
1995 3137 2328 3227 quaedamin
2352 3137 2621 3218 sacriﬁcio
2644 3163 2837 3218 offerat
2862 3179 3025 3235 super
3054 3167 3245 3234 altare,
3277 3170 3327 3224 id
3353 3180 3438 3225 est

158 3266 301 3321 pore
334 3250 393 3306 ﬁt
419 3291 436 3317 ,
489 3269 594 3307 non
628 3255 902 3324 temporali
931 3256 1208 3326 sapientiae
1243 3272 1353 3311 sua:
1379 3257 1587 3312 ratione
1607 3298 1621 3322 ,
1653 3257 1750 3312 sed

158 3348 400 3406 aeterna,
423 3340 592 3408 juste,
619 3345 1005 3400 convenienter
1027 3356 1082 3400 et
1107 3346 1337 3409 utiliter,
1367 3348 1614 3417 quamvis
1645 3363 1749 3402 saa-

160 3433 294 3501 pius
319 3433 551 3497 occulte,
583 3435 853 3505 disponat.
905 3437 1208 3493 Notandum
1247 3448 1424 3494 tamen
1456 3442 1597 3510 quod
1645 3456 1751 3495 non

158 3525 233 3578 de
269 3523 585 3593 majoribus,
618 3527 953 3592 fortioribus,
985 3531 1367 3598 sanctioribus,
1402 3533 1704 3588 utilioribus
1734 3574 1750 3596 ,

158 3611 232 3666 ad
265 3612 510 3675 minora,
544 3615 864 3681 inﬁrmiora,
898 3618 1118 3682 viliora,
1150 3619 1420 3674 inutiliora
1453 3637 1625 3689 genus
1648 3624 1749 3676 liu-

160 3721 394 3760 manum
445 3707 763 3762 vocaverit:
795 3709 892 3763 sed
936 3711 1076 3764 sicut
1118 3725 1347 3780 persona
1400 3711 1524 3768 Filii
1579 3715 1753 3769 servis

159 3795 491 3865 praemissis,
521 3796 600 3850 vel
626 3798 834 3867 angelis
862 3799 1140 3864 videlicet,
1171 3801 1252 3855 vel
1289 3802 1617 3868 hominibus,
1658 3820 1753 3858 na-

160 3899 311 3942 turae
347 3901 458 3941 suae
488 3888 772 3957 prseminet
800 3887 1113 3956 majestate;
1153 3891 1234 3945 sic
1255 3892 1370 3959 ipse
1399 3891 1454 3946 in
1475 3908 1640 3947 carne
1661 3895 1757 3947 ad-

159 3979 401 4034 veniens
427 4019 443 4044 ,
497 3978 604 4034 illis
651 3977 856 4048 majora
905 3981 1174 4045 instituit,
1211 3991 1267 4036 et
1296 3999 1326 4036 a
1351 3983 1658 4038 carnalibus
1688 3986 1758 4039 ad

157 4069 457 4141 spiritalia,
504 4087 534 4124 a
567 4072 796 4128 terrenis
831 4071 898 4126 ad
925 4073 1187 4138 ctelestia,
1211 4089 1244 4126 a
1276 4075 1660 4144 temporalibus
1688 4077 1757 4131 ad

153 4170 376 4217 eterna
405 4202 421 4227 ,
467 4163 536 4216 ab
579 4161 911 4231 imperfectis
935 4165 1001 4218 ad
1034 4163 1302 4233 perfecta,
1340 4167 1408 4221 ab
1448 4169 1637 4224 umbra
1688 4169 1758 4224 ad

154 4268 391 4323 corpus,
427 4252 497 4308 ab
538 4253 862 4325 imaginibus
897 4253 964 4308 ad
1011 4254 1292 4310 veritatem
1345 4257 1528 4312 docuit
1575 4268 1756 4313 trans-

157 4345 434 4400 cundum.

756 4418 982 4475 CAPUT
1024 4419 1184 4476 XVII.

197 4529 287 4584 De
322 4527 506 4582 virtute
531 4540 975 4588 sacramentorum
994 4573 1008 4592 ,
1039 4542 1086 4583 et
1124 4549 1215 4584 cur
1245 4533 1309 4584 ab
1347 4534 1422 4587 eis
1458 4517 1726 4588 criminosi

778 4603 1184 4670 suspemlmtmr.

239 4726 420 4800 Igitur
448 4743 568 4782 eum
621 4729 735 4798 ipse
784 4726 949 4781 Filius
980 4728 1072 4781 Dei
1111 4728 1258 4783 dicat
1291 4747 1303 4782 :
1333 4728 1468 4784 Caro
1499 4745 1611 4784 mea
1650 4749 1762 4786 uere

159 4829 240 4875 est
272 4818 419 4874 cibus
449 4829 495 4871 et
517 4818 729 4887 sanguis
755 4833 898 4870 mnus
925 4834 1037 4870 vere
1057 4828 1130 4870 est
1151 4828 1304 4886 potus
1332 4817 1511 4888 (Joan.
1542 4821 1615 4890 vr)
1638 4837 1652 4886 ;
1688 4821 1760 4875 ila

162 4908 590 4978 intelligendum
621 4912 733 4971 est,
781 4907 969 4961 eadem
1004 4907 1392 4976 redemptmnis
1420 4909 1619 4962 nostrae
1647 4925 1766 4980 my-
1863 4913 2162 4969 scernenda

159 5003 343 5059 steria
371 5009 426 5054 et
454 5015 577 5055 vere
608 5015 728 5055 esse
758 5015 954 5070 corpus
982 5010 1035 5054 et
1061 5002 1376 5070 sanguinem
1410 5001 1619 5055 Domini
1645 5044 1660 5067 ,
1703 5011 1761 5056 ut

161 5091 324 5149 illius
357 5091 594 5146 unitatis
641 5091 933 5162 perfecta},
976 5105 1138 5159 quam
1191 5107 1312 5145 cum
1349 5093 1525 5162 capite
1577 5103 1761 5147 nostro

155 5185 288 5252 jam
319 5198 436 5253 spe,
465 5193 648 5253 postea
678 5200 738 5239 re
765 5184 1086 5247 tenebimus,
1132 5184 1352 5256 pignora
1400 5186 1624 5241 credere
1661 5186 1759 5240 de-

162 5277 393 5330 bemus.
430 5273 559 5328 lude
591 5283 647 5329 et
679 5284 1016 5331 sacramenta
1049 5290 1080 5330 a
1112 5275 1541 5332 sanctiﬁcatione
1568 5277 1652 5332 vel
1679 5293 1762 5333 se-

163 5371 334 5419 creta
359 5363 578 5429 virtute,
605 5364 875 5420 dicuntur.
914 5365 1066 5422 Unde
1091 5368 1252 5421 etiam
1284 5366 1569 5423 criminum
1603 5368 1761 5423 Γωᾶί-

161 5464 295 5511 tate
321 5454 628 5524 capitalium
655 5470 686 5510 a
714 5457 972 5512 membris
993 5456 1194 5513 Christi
1217 5457 1520 5522 deviantes,
1540 5460 1608 5515 ab
1631 5461 1762 5529 ipsis

164 5546 544 5601 sacramentis
584 5547 953 5602 ecclesiastico
982 5549 1382 5620 suspenduntur
1404 5549 1629 5620 judicio.
1659 5551 1760 5618 Qui

162 5636 333 5690 eriim
361 5649 557 5706 corpus
586 5647 641 5692 et
667 5638 979 5708 sanguinem
1012 5638 1220 5693 Domini
1264 5639 1422 5709 digne
1471 5641 1761 5702 manducat

161 5737 230 5799 et
283 5725 462 5796 bibit,
505 5729 753 5808 designat
781 5743 838 5783 se
867 5744 988 5784 esse
1022 5729 1075 5783 in
1111 5729 1219 5786 Deo
1266 5739 1320 5786 et
1354 5732 1518 5788 Deum
1555 5734 1606 5787 in
1649 5749 1715 5788 eo
1746 5753 1757 5791 :

547 5821 822 5881 Pauor.
869 5820 1090 5883 CXIV.

1857 3257 1954 3304 aut
1978 3251 2102 3317 mel,
2128 3261 2221 3306 aut
2264 3253 2365 3316 lac,
2395 3263 2490 3309 aut
2516 3270 2614 3326 pro
2641 3258 2770 3312 vino
2797 3258 3042 3324 siceram,
3084 3264 3438 3332 confectaque

1856 3342 2122 3412 quadam,
2155 3350 2249 3398 aut
2279 3344 2536 3410 volatilia,
2562 3355 2657 3401 aut
2698 3348 2952 3403 animalia
2993 3350 3202 3420 aliqua,
3233 3362 3325 3406 aut
3357 3354 3433 3407 le—

1857 3431 2096 3500 gumina,
2129 3442 2317 3489 contra
2345 3437 2785 3493 constitutionem
2813 3439 3024 3495 Domini
3053 3441 3278 3507 faciens,
3306 3459 3436 3500 con-

1858 3539 1993 3594 gruo
2035 3535 2277 3596 tempore
2305 3529 2626 3599 deponatur.
2664 3551 2682 3582 ι
2715 3533 2778 3588 Et
2824 3532 2878 3586 in
2916 3543 3150 3604 quarto:
3187 3558 3205 3589 ι
3241 3539 3435 3594 Offerri

1858 3633 1964 3672 non
2008 3618 2170 3674 liceat
2220 3620 2422 3692 aliquid
2472 3624 2538 3678 ad
2579 3624 2771 3688 altare,
2825 3636 3022 3696 praeter
3065 3644 3232 3686 novas
3261 3633 3439 3702 spicas

1857 3719 1912 3763 et
1941 3725 2094 3776 uvas,
2126 3719 2182 3765 et
2204 3712 2379 3766 oleum
2401 3714 2471 3768 ad
2497 3714 2804 3781 lutninaria,
2843 3725 2898 3771 et
2920 3719 3233 3790 thymiama,
3268 3722 3320 3777 id
3356 3734 3441 3779 est

1860 3802 2156 3870 incensum,
2183 3813 2424 3876 tempore
2465 3823 2572 3877 quo
2612 3819 2795 3866 sancta
2825 3812 3129 3868 celebratur
3147 3815 3368 3873 oblatio.
3411 3838 3429 3869 ι

1861 3894 1995 3948 Dum
2023 3911 2152 3967 ergo
2175 3899 2419 3967 quaadam
2445 3900 2796 3968 prohibentur
2819 3902 3025 3971 offerri,
3050 3908 3354 3963 ostenditur
3377 3924 3442 3963 ea

1860 4008 1890 4047 a
1911 3995 2256 4062 quibusdam,
2280 3995 2407 4052 licet
2427 3999 2876 4064 extraordinarie,
2905 4001 3267 4061 oblationibus
3290 4007 3441 4061 adbi—

1862 4083 1995 4138 bita.
2035 4085 2188 4141 Unde
2237 4088 2624 4159 Eutychianus,
2672 4092 2961 4149 vicesimus
3015 4105 3239 4152 octavus
3296 4101 3441 4156 sedis

1863 4173 2117 4230 Romamn
2157 4179 2372 4246 praesul,
2405 4179 2685 4235 constituit
2713 4180 2895 4254 fruges
2925 4199 3084 4257 super
3113 4189 3283 4244 altare
3321 4201 3439 4246 tan—

1865 4275 1977 4320 tum
2019 4266 2154 4322 fabae
2184 4277 2236 4323 et
2265 4285 2382 4324 uvae
2417 4272 2681 4329 benedici.
2719 4264 2800 4330 Et'
2826 4277 2940 4332 bzec
2982 4278 3185 4336 idcirco
3216 4283 3444 4339 fortasse

1862 4359 1988 4428 quia
2019 4361 2144 4414 vino
2170 4361 2448 4431 sanguinis
2474 4363 2737 4422 Dominici
2766 4370 3082 4439 mysterium
3112 4372 3439 4438 celebratur,

1869 4448 1988 4503 faba
2013 4465 2139 4505 vero
2165 4451 2548 4508 abstinendum
2575 4457 2728 4513 cibus
2755 4468 2858 4513 est.
2891 4459 3039 4516 Alias
3065 4473 3244 4518 autem
3267 4464 3444 4519 diver-

1868 4555 2052 4594 sarum
2092 4543 2300 4611 species
2331 4557 2510 4599 rerum
2538 4555 2795 4603 statutum
2827 4559 2909 4605 est
2939 4550 3164 4606 ubilibet
3202 4552 3446 4609 benedici

1867 4649 1897 4689 a
1927 4638 2318 4702 sacerdotibus,
2347 4640 2433 4694 vel
2462 4641 2506 4695 si
2539 4642 2604 4696 ad
2650 4642 2819 4698 altare
2860 4645 3224 4701 benedicendo
3261 4646 3445 4718 quaeli-

1866 4727 1956 4781 bet
1993 4727 2341 4796 deferantur,
2399 4732 2620 4802 speciali
2671 4733 3045 4790 benedictione
3077 4752 3105 4790 a
3153 4753 3442 4793 consecra-

1862 4820 2010 4876 ti0ne
2057 4822 2458 4878 Dominicorum
2491 4836 2974 4893 sacramentorum,
3003 4829 3328 4887 omnimodis
3360 4833 3443 4887 di-

2215 4933 2226 4967 :
2279 4923 2338 4969 ut
2366 4916 2508 4971 sicut
2535 4927 2633 4988 pro
2662 4917 2960 4974 innumeris
2990 4919 3123 4992 legis
3153 4923 3443 4989 mandatis,

1870 5002 2168 5058 breviatum
2187 5004 2462 5075 Evangelii
2478 5007 2698 5062 verbum
2725 5009 2982 5065 Dominus
3011 5009 3136 5067 fecit
3161 5029 3324 5084 super
3344 5025 3448 5071 ter-

1872 5107 1987 5147 ram
2012 5093 2144 5162 (lsa.
2191 5093 2282 5165 χ),
2315 5096 2387 5150 ita
2420 5107 2516 5167 pro
2555 5099 2782 5155 diversis
2819 5101 3209 5160 sacriﬁciorum
3255 5105 3449 5162 ritibus

1869 5183 2097 5253 simplex
2127 5185 2328 5241 oblatio
2370 5188 2524 5257 panis
2568 5198 2625 5244 et
2648 5189 2756 5245 vini
2789 5191 3033 5250 ﬁdelibus
3076 5193 3326 5264 sufﬁciat,
3355 5199 3448 5268 qui

1873 5290 1979 5330 non
2009 5277 2061 5330 in
2088 5276 2431 5334 multitudine
2460 5283 2774 5336 umbrarum
2807 5289 3173 5356 apparituram
3200 5299 3450 5360 qumrunt

1874 5366 2186 5431 veritatem,
2217 5370 2309 5424 sed
2337 5383 2456 5424 eam
2493 5372 2548 5426 in
2595 5374 3028 5435 manifestatione
3071 5379 3337 5438 factorum
3370 5393 3451 5441 te-

1873 5466 1998 5512 nent
2027 5460 2388 5528 perspicuam.
2424 5461 2579 5518 Unde
2621 5469 2976 5535 quorumdam
3004 5471 3329 5541 simplicium
3364 5489 3453 5528 er-

1874 5565 1965 5604 ror
1992 5551 2057 5605 de
2089 5549 2432 5609 Iudaicarum
2467 5558 2907 5626 superstitionum
2939 5563 3227 5619 seminario
3267 5575 3450 5633 natus,

1872 5651 1924 5698 et
1952 5643 2017 5697 ad
2046 5653 2227 5699 nostra
2259 5662 2431 5716 usque
2476 5657 2718 5719 tempora
2751 5651 2992 5720 quaedam
3032 5654 3310 5710 vetustatis
3357 5669 3451 5711 ex.

1874 5737 2098 5794 tendens
2147 5740 2392 5812 vestigia,
2416 5740 2528 5812 jam
2576 5758 2641 5797 ex
2693 5759 2884 5812 magna
2933 5753 3081 5812 parte
3124 5748 3452 5816 sapientium

2899 5835 2976 5896 30
