3948 6328
184 349 277 408 941

1287 358 1290 360 ⁷
1321 341 1408 396 DE
1443 335 1666 393 llEBl'S
1701 328 2264 388 ECCLESIASTICIS.

3309 317 3414 372 942

187 466 626 536 caujcctavimus,
645 461 1023 518 vel-veracium
1057 457 1233 513 verbis
1270 455 1629 526 percepimus,
1658 451 1740 504 vel
1771 453 1815 508 Α
1845 446 2020 536 simus
2041 451 2224 536 sextus
2247 439 2690 536 prae-epit‘super
2721 430 3086 536 corptts’beati
3118 429 3414 536 Petriapo-

188 574 282 613 usu
300 556 605 610 insinuante
632 553 998 623 cognovimus.
1021 548 1144 612 Alii,
1173 556 1230 601 ut
1250 561 1315 600 ex
1337 545 1554 598 Patrum
1585 541 1745 596 colla-

187 647 416 704 tionibus
444 645 698 700 discimus
721 683 734 707 ,
785 641 946 696 semel
980 640 1031 692 in
1060 652 1200 692 anno
1238 629 1746 690 communicandum

185 737 492 798 censebant,
526 743 588 788 ut
610 733 862 788 videlicet
907 731 1156 785 diuturna
1195 721 1589 795 pratparatione
1620 731 1746 771 θοι-η

183 845 282 900 pus
324 835 379 883 et
407 827 640 881 animam
668 825 1031 894 purificantes,
1065 819 1278 874 tandem
1319 815 1384 868 ad
1409 809 1745 867 communio-

183 937 308 977 nem
337 933 535 974 mensae
565 917 802 972 cmlestis
829 915 987 982 digne
1014 911 1398 982 pertingerent.
1433 906 1500 958 Et
1533 902 1749 972 quidem

185 1014 378 1068 horum
401 1009 489 1065 alii
514 1009 684 1080 ipsam
709 1007 1123 1062 celebrationem
1146 1015 1376 1056 annuam
1399 999 1454 1051 in
1482 995 1566 1050 die
1583 1007 1750 1049 edente

185 1109 478 1164 Dominicie
516 1090 800 1170 faciebant,
844 1114 904 1158 ut
941 1102 1013 1157 ibi
1065 1100 1237 1156 solum
1288 1101 1751 1151 sacramentorum

184 1199 358 1270 gratia
402 1199 686 1253 iteraretur
727 1195 934 1248 illorum
967 1192 1055 1246 ubi
1097 1189 1346 1259 primitus
1387 1194 1472 1240 est
1514 1189 1750 1236 ostensa.

190 1288 344 1343 Unde
383 1297 438 1342 et
473 1288 584 1356 ipsa
607 1287 697 1340 die
720 1285 997 1339 solvebant
1029 1280 1307 1350 jejunium,
1337 1277 1477 1330 sicut
1506 1275 1559 1328 in
1599 1271 1754 1326 festis

181 1380 416 1430 actitare
443 1375 694 1439 solemus,
735 1382 792 1428 et
835 1381 959 1426 ante
995 1370 1270 1424 meridiem
1299 1366 1550 1421 collectas
1577 1361 1754 1430 exple-

185 1468 339 1521 bant.
371 1466 522 1533 Quod
560 1465 612 1518 in
640 1462 934 1518 canonibus
953 1461 1150 1531 partim
1185 1457 1503 1518 Ostenditur,
1533 1462 1587 1507 et
1611 1449 1757 1521 peni-

189 1565 282 1613 tus
303 1557 638 1627 prohibetur.
663 1554 768 1608 Sed
799 1553 919 1608 aliis
954 1551 1284 1607 cautioribus
1311 1549 1482 1601 visum
1507 1552 1591 1598 est
1625 1543 1756 1597 istos

183 1664 256 1703 eo
302 1649 632 1718 indigniores
659 1648 725 1700 ad
756 1660 990 1714 annuam
1037 1655 1146 1697 suae
1184 1635 1575 1695 observationis
1618 1633 1758 1688 cele-

183 1737 445 1799 britatem
489 1732 790 1806 pervenire,
823 1749 928 1803 quo
953 1748 1011 1786 se
1038 1733 1297 1802 putabant
1321 1729 1476 1798 longa
1503 1724 1756 1780 dilatione

1846 532 1970 587 stoli
1991 532 2105 585 fieri
2132 531 2343 585 missas.
2378 523 2572 583 His'ita
2597 521 2918 586 observatis,
2943 529 3222 590 cmperunt
3234 520 3416 590 junio-.

1847 637 1937 676 res
1963 630 2204 690 tempore
2237 617 2482 689 sequenti
2526 615 2690 671 ferias
2727 612 3050 682 jejuniorum
3079 625 3294 680 augere,
3329 625 3418 665 ve-

1851 713 2051 767 raciter
2094 709 2456 780 intelligentcs
2498 721 2690 777 panem
2745 705 2891 758 illum
2943 702 3311 772 quotidianum
3364 711 3418 757 et

1849 802 2090 872 quotidie
2114 799 2422 871 petendum,
2448 805 2504 853 et
2538 795 2777 866 quotidie
2811 793 2880 849 ab
2910 793 3014 848 illis
3045 792 3241 863 quibus
3270 808 3420 848 com-

1851 891 2008 960 petit,
2053 888 2387 944 offerendum
2421 895 2476 941 et
2513 884 2904 954 accipiendum.
2953 882 3089 951 Quia
3123 897 3250 938 vero
3285 883 3416 937 Mel-

1853 983 2088 1047 chiades,
2137 964 2448 1036 tricesimus.
2485 979 2676 1032 tertius
2709 978 2898 1033 ordine
2942 977 3124 1031 Romae
3167 975 3424 1046 praesula—

1852 1083 1968 1130 tum
1999 1090 2190 1146 agens,
2245 1073 2433 1128 statuit
2475 1081 2535 1126 ut
2565 1068 2708 1124 nulla
2745 1069 2954 1126 ratione
3001 1067 3280 1123 Dominico
3329 1075 3425 1120 aut

1854 1166 2042 1235 quinta
2075 1165 2206 1219 feria
2239 1161 2504 1233 jejunium
2544 1161 2665 1230 quis
2714 1159 2949 1214 fidelium
2979 1167 3194 1232 ageret;
3225 1157 3421 1230 pagani

1854 1257 1998 1311 enim
2042 1257 2126 1310 his
2166 1255 2354 1309 diebus
2388 1253 2541 1323 quasi
2574 1251 2778 1323 jejunia
2815 1252 3267 1321 frequentabant:
3303 1251 3424 1306 ideo

1855 1346 2045 1400 beatus
2069 1343 2364 1415 Gregorius
2407 1343 2749 1412 supradictus
2775 1343 2826 1396 in
2852 1342 3199 1411 dispositione
3223 1341 3427 1397 oilicio-

1857 1449 1977 1488 rum
2007 1435 2132 1488 anni
2158 1432 2295 1486 infra
2322 1432 2821 1502 Quadragesimam,
2845 1432 3090 1502 quintam
3124 1431 3312 1486 feriam
3333 1448 3428 1486 va-

1857 1532 2074 1579 cantem
2120 1524 2341 1588 dimisit,
2387 1532 2447 1577 ut
2493 1524 2619 1592 quia
2658 1522 2850 1577 festiva
2892 1530 3012 1577 erat
3054 1522 3214 1576 veluti
3246 1523 3426 1577 Domi-

1859 1615 2004 1680 nica,
2032 1616 2191 1668 etiam
2219 1613 2392 1668 oilicio
2413 1613 2516 1669 diei
2542 1614 2830 1668 Dominiea:
2855 1613 3083 1668 celebris
3118 1614 3426 1668 haberetur.

1859 1707 1988 1775 Qum
2013 1707 2198 1776 quinta
2227 1705 2382 1770 feria,
2405 1705 2661 1760 quoniam
2687 1705 3025 1774 postmodum
3053 1703 3218 1773 cmpit
3240 1711 3300 1757 ut
3325 1719 3432 1759 ete-

541 1789 862 1897 quandoque
915 1823 980 1877 ad
1032 1789 1310 1877 sacrorum
1358 1789 1754 1888 perceptionem
1784 1815 1830 1875 B
1859 1797 2230 1897 lelmdelllniis
2255 1789 2532 1897 applicari,
2555 1793 2848 1897 (ἓτεείξτίυε
2869 1793 3057 1897 Iunior
3091 1794 3278 1897 διθξυίι
3309 1809 3429 1849 eam

181 1921 322 1974 satis
349 1920 536 1989 dignos
565 1918 821 1972 accedere
855 1935 866 1968 :
896 1915 1194 1983 meliusque
1234 1911 1544 1972 credebant,
1577 1921 1758 1976 quam-

179 2013 270 2065 vis
295 2011 507 2064 animus
543 2009 791 2079 indiguus
816 2009 905 2068 sit,
933 2006 1178 2061 crebrius
1205 2001 1387 2057 iterari
1430 2013 1548 2068 quae
1576 2003 1760 2051 sancta

180 2110 348 2166 sunt;
400 2100 523 2170 quia
565 2099 686 2154 talis
730 2107 813 2152 est
860 2097 947 2150 illa
993 2093 1252 2166 spiritalis
1294 2091 1558 2146 medicina
1603 2093 1662 2142 ut
1707 2093 1762 2139 et

179 2207 350 2247 sanos
379 2190 596 2260 adjuvet
637 2190 708 2244 ad
753 2185 1206 2258 perseverantiam
1249 2180 1516 2245 sanitatis,
1551 2185 1608 2232 et
1641 2174 1762 2230 vul-

179 2284 394 2339 neratis
444 2282 725 2336 subveniat
775 2281 843 2334 ad
885 2276 1391 2344 redintegrationem
1417 2269 1661 2325 virtutis.
1695 2266 1764 2321 Et

179 2392 249 2430 co
291 2375 503 2445 dignius
532 2373 826 2443 percipitur
870 2386 978 2441 quo
1012 2368 1368 2439 percipientes
1393 2404 1408 2429 ,
1456 2377 1553 2433 per
1587 2360 1764 2415 humi.

181 2466 358 2520 litatis
406 2465 708 2520 custodiam
770 2461 1048 2525 substrati,
1102 2463 1374 2527 nunquam
1430 2469 1489 2508 se
1536 2452 1602 2507 ad
1646 2451 1762 2521 ejus

180 2558 590 2630 perceptionem
635 2555 768 2610 satis
817 2552 1003 2625 dignos
1050 2551 1400 2606 arbitrantur.
1441 2544 1542 2612 Qui
1585 2553 1764 2598 autem

184 2651 399 2705 tardius
436 2648 727 2704 secundum
760 2646 1020 2715 judicium
1074 2642 1397 2714 spiritalium
1431 2638 1763 2692 medicorum

183 2741 294 2810 ipsi
333 2740 688 2793 admittuntur
715 2737 954 2800 medelas,
994 2736 1110 2789 ideo
1147 2734 1212 2787 ad
1245 2742 1453 2801 tempus
1495 2729 1765 2784 abstinere

183 2832 408 2896 debent,
445 2845 511 2884 ne
547 2842 886 2900 praepropere
935 2839 1170 2896 congrua
1225 2824 1338 2879 suis
1365 2819 1765 2876 valetudinibus

185 2923 502 2992 ingerentes
547 2920 922 2982 medicamina,
947 2917 1161 2986 gravius
1193 2924 1455 2986 aegrotent
1487 2931 1499 2966 :
1544 2920 1597 2967 et
1623 2910 1764 2981 quod

187 3012 318 3065 aliis
360 3018 443 3064 est
483 3010 784 3078 reparatio,
827 3008 930 3061 illis
980 3008 1073 3061 ﬁat
1126 3004 1419 3060 damnatio.
1460 3003 1566 3056 Alii
1617 2999 1762 3054 omni

189 3097 473 3154 Dominica
501 3097 584 3151 vel
606 3098 751 3150 omni
774 3096 996 3151 sabbato
1023 3095 1163 3165 apud
1191 3093 1467 3150 Orientem
1497 3100 1552 3146 et
1578 3091 1767 3158 Hispa-

190 3193 319 3246 nias
345 3192 538 3246 missas
577 3190 862 3252 facientes,
895 3189 1460 3244 commemorationem
1505 3183 1769 3254 passionis

188 3284 492 3337 Dominicze
515 3283 660 3337 omni
684 3282 978 3352 septimana
1006 3282 1049 3335 si
1086 3280 1345 3343 facerent,
1377 3278 1624 3333 sulliccre
1652 3290 1771 3330 cre-

186 3373 413 3428 debant.
449 3372 600 3426 Unde
630 3373 793 3426 etiam
818 3371 1117 3426 orationem
1157 3369 1514 3431 Dominicum,
1551 3379 1669 3435 quae
1702 3365 1769 3419 ab

188 3464 350 3534 ipsis,
392 3473 452 3517 ut
479 3463 772 3526 credimus,
799 3461 1076 3530 apostolis,
1119 3459 1200 3513 vel
1229 3457 1591 3528 apostolorum
1636 3466 1768 3509 tem-

181 3555 439 3626 poribus,
469 3562 592 3608 ante
618 3553 1161 3608 communicationem
1191 3558 1246 3606 et
1276 3549 1432 3619 panis
1452 3547 1770 3602 fractionem

184 3647 497 3710 dicebatur,
528 3645 746 3715 quidam
785 3643 876 3697 illo
908 3651 1113 3698 tantum
1147 3651 1388 3711 tempore
1433 3639 1767 3694 recitandam

180 3737 539 3791 crediderunt
563 3751 668 3805 quo
701 3734 964 3790 sacrificia
993 3732 1359 3809 celebrabant.
1405 3730 1539 3797 Quia
1573 3744 1767 3799 panem

182 3828 370 3892 illum,
398 3827 489 3897 qui
519 3827 571 3880 in
601 3826 790 3882 eadem
825 3825 1070 3879 oratione
1092 3824 1313 3894 petitur,
1360 3823 1769 3892 supersubstan-

182 3917 380 3973 tialem
416 3917 661 3987 intelligi,
688 3931 793 3971 non
839 3915 1232 3984 quotidianum,
1259 3913 1566 3967 voluerunt.
1595 3912 1662 3965 Et
1689 3911 1771 3966 sic

181 4007 360 4063 ﬁebat
372 4014 434 4060 ut
453 4006 542 4074 qui
563 4005 843 4074 semelper
863 4003 1253 4059 hebdomadam
1276 4002 1768 4065 communicabant,

181 4097 362 4154 semel
393 4095 556 4152 etiam
583 4096 884 4150 orationem
913 4095 1246 4168 Dominicam
1272 4102 1638 4148 recenserent.
1671 4091 1772 4162 Cy-

178 4188 418 4259 prianus
445 4195 626 4243 autem
671 4186 913 4257 quotidie
940 4185 1221 4240 dicendam
1257 4199 1378 4241 esse
1404 4184 1660 4249 ostendit,
1689 4183 1771 4238 di-

178 4294 368 4336 cens:
407 4297 426 4330 ι
459 4279 645 4348 Itaque
695 4278 751 4333 in
801 4279 1047 4332 oratione
1085 4277 1365 4333 Dominica
1423 4290 1616 4346 panem
1676 4290 1770 4330 no~

178 4379 389 4435 atrum,
417 4369 470 4424 id
499 4377 583 4424 est
607 4368 1036 4434 Christum,dari
1065 4368 1222 4423 nobis
1240 4367 1482 4437 quotidie
1510 4366 1766 4438 petimus,

175 4473 250 4520 ut
282 4463 376 4533 qui
419 4463 474 4517 in
513 4462 730 4518 Christo
759 4477 1039 4517 manemus
1073 4471 1128 4516 et
1163 4461 1427 4526 vivimus,
1475 4475 1504 4513 a
1534 4458 1765 4514 sanctifi-

1861 1886 2042 1941 missis
2071 1894 2124 1940 et
2146 1886 2482 1941 orationibus
2509 1899 2630 1940 esse
2655 1883 2968 1948 solemnem,
2995 1891 3050 1938 et
3075 1884 3433 1955 undecunque

1859 1979 2138 2048 colligens,
2190 1979 2432 2049 ejusdem
2482 1977 2589 2033 diei
2633 1978 3000 2048 augmentavit
3043 1976 3238 2032 ofﬁcia.
3295 1977 3433 2033 Cum

1859 2086 1990 2142 ergo
2041 2070 2252 2126 Hebraei
2301 2070 2548 2126 carnales
2595 2085 2722 2125 suas
2757 2069 3057 2126 oblationes
3093 2070 3332 2140 quotidie
3366 2083 3434 2125 ex

1853 2159 2100 2230 .jussione
2159 2160 2368 2215 Domini
2415 2161 2719 2216 celebrasse
2763 2160 3042 2231 legantur,
3101 2177 3271 2232 quare
3322 2178 3434 2217 non

1863 2251 2152 2306 Christiani
2179 2252 2382 2306 hostias
2430 2266 2558 2306 suas
2601 2251 2868 2322 spiritales
2903 2253 3143 2323 quotidie
3182 2251 3432 2319 offerant,

1861 2344 1989 2398 etin
2003 2344 2389 2398 monimentum
2413 2359 2524 2398 sum
2553 2344 2744 2399 salutis
2774 2345 3154 2414 frequentem?
3182 2344 3436 2416 Legimus

1863 2435 2086 2499 etenim,
2128 2434 2285 2488 beato
2327 2434 2588 2504 Gregorio
2616 2433 2790 2506 (cujus
2831 2450 2993 2504 supra
3028 2435 3256 2492 fecimus
3280 2451 3434 2492 men-

1865 2523 2090 2595 tionem)
2122 2530 2388 2588 testante,
2430 2521 2675 2578 Cassium
2719 2522 3069 2580 Narniensem
3102 2525 3436 2597 episcopum,

1863 2627 1987 2687 post
2015 2617 2407 2672 ordinationem
2449 2632 2602 2671 suam
2630 2617 2776 2672 omni
2821 2619 2907 2674 die
2940 2634 3107 2676 sacra:
3153 2621 3441 2678 oblationis

1867 2709 2098 2764 hostiam
2151 2707 2381 2762 Domino
2435 2707 2742 2763 immolasse
2775 2719 2830 2764 et
2876 2710 3056 2766 divina
3106 2712 3436 2784 dignatione,

1867 2811 1928 2857 ut
1956 2802 2131 2856 solitis
2175 2801 2407 2856 instaret
2448 2801 2702 2870 operibus
2729 2841 2744 2867 ,
2798 2804 3186 2859 commonitum
3232 2819 3294 2861 ac
3328 2821 3441 2860 ma-

1867 2908 1971 2961 gna
2008 2891 2384 2963 promissionis
2420 2891 2590 2962 gratia
2632 2893 2697 2947 ad
2728 2895 3188 2964 perseverantiam
3235 2895 3443 2952 conforo

1869 2991 2060 3036 tntum.

1965 3077 2277 3134 Gennadius
2333 3088 2556 3146 autem,
2611 3078 2962 3136 Massiliensis
3013 3079 3332 3153 presbyter,
3388 3082 3442 3136 in

1795 3164 1842 3228 C
1872 3169 2122 3241 dogmate
2151 3170 2519 3226 ecclesiastico
2562 3172 2716 3242 quasi
2757 3172 2900 3228 inter
2928 3181 3135 3227 veteres
3169 3181 3225 3227 et
3263 3172 3444 3242 junio-

1873 3275 1962 3315 res
1987 3259 2194 3314 medius
2215 3261 2474 3324 existens,
2504 3261 2558 3314 id
2589 3269 2673 3315 est
2709 3276 2832 3316 cum
2860 3261 3035 3316 adhuc
3072 3262 3162 3316 alii
3206 3263 3444 3317 Domini-

1869 3354 1952 3407 cis
1981 3360 2210 3417 tantum,
2235 3351 2346 3421 jam
2375 3369 2589 3424 quoque
2617 3353 2858 3409 nonnulli
2903 3355 3254 3424 quotidianis,
3297 3370 3444 3416 com—

1871 3440 2213 3495 municarent
2255 3441 2477 3507 diebus,
2526 3442 2832 3511 hujusmodi
2890 3443 3172 3499 libramine
3227 3453 3446 3499 senten-

1871 3530 2001 3584 tiam
2055 3545 2209 3584 suam
2250 3539 2538 3600 temperat,
2569 3540 2628 3586 ut
2667 3532 3038 3603 quotidianam
3089 3533 3444 3589 Eucharistiae

1871 3622 2270 3692 perceptionem
2301 3636 2400 3677 nec
2424 3623 2667 3688 laudare,
2695 3638 2793 3679 nec
2822 3624 3131 3695 vituperare
3169 3639 3228 3679 se
3257 3624 3402 3680 dicat
3427 3643 3442 3681 :

1869 3713 2014 3767 omni
2043 3727 2170 3768 vero
2198 3712 2474 3769 Dominica
2521 3715 2941 3782 communicare,
2970 3714 3016 3770 si
3045 3715 3295 3786 capitalia
3322 3732 3449 3788 peco

1869 3813 1994 3860 cata
2043 3821 2150 3861 non
2199 3807 2544 3877 prohibeant,
2581 3817 2636 3862 et
2665 3823 2817 3863 mens
2853 3808 2908 3862 in
2939 3808 3298 3864 delectatione
3324 3823 3448 3879 pete

1871 3898 2026 3952 candi
2051 3899 2226 3967 posita
2251 3914 2359 3954 non
2390 3899 2480 3965 sit,
2513 3901 2779 3954 hortatur.
2805 3899 2959 3970 Apud
2984 3901 3202 3957 Grzecos
3231 3917 3448 3973 quoque

1872 3989 1949 4043 illi
1984 3989 2080 4058 qui
2127 3991 2260 4044 duas
2306 3989 2617 4044 Dominicas
2655 3989 2740 4044 vel
2773 3997 2881 4044 tres
2927 3990 3044 4045 sine
3071 3992 3449 4047 communione

1871 4079 2208 4147 transierint,
2237 4081 2695 4136 excommunicari
2727 4081 3000 4136 dicuntur.
3029 4081 3166 4149 Quia
3202 4097 3332 4138 vero
3360 4099 3450 4139 ve—

1874 4169 2132 4224 nerabilis
2159 4184 2296 4239 papa
2323 4169 2602 4235 Silvester,
2637 4169 2942 4226 tricesimus
2977 4177 3202 4241 quartus
3229 4186 3258 4225 a
3289 4171 3450 4228 beato

1874 4260 2052 4326 Petro,
2092 4260 2256 4316 ferias
2303 4260 2506 4315 clerum
2558 4261 2757 4316 habere
2798 4261 3007 4328 docuit,
3036 4270 3097 4317 ut
3125 4263 3267 4318 sicut
3307 4265 3449 4332 apud

1872 4365 2112 4420 paganos
2138 4349 2289 4406 feriae
2326 4357 2531 4404 tantum
2566 4351 2680 4406 dies
2708 4352 2974 4422 aliquibus
3006 4353 3158 4408 festis
3205 4353 3446 4426 insigniti

1873 4441 2192 4496 dicebantur
2218 4439 2322 4514 (sic
2364 4441 2508 4496 enim
2538 4457 2634 4511 per
2664 4443 2880 4514 Moysen
2909 4443 3106 4498 dicitur
3136 4462 3149 4496 :
3187 4442 3285 4498 Ηω
3328 4455 3454 4499 sunt

179 4518 407 4609 αιίᾉηθ
437 4560 492 4606 ει
524 4565 750 4620 corpore
790 4549 907 4618 ejus
949 4567 1054 4604 non
1084 4550 1419 4606 recedamus,
1468 4569 1487 4600 ι
1518 4549 1650 4603 nem
1678 4548 1765 4603 Hi.
1792 4518 1844 4577 D
1868 4533 2015 4604 ferire
2036 4532 2408 4606 Domini[Lev.
2437 4534 2651 4609 xxmj);
2675 4535 2746 4589 ita
2769 4534 3110 4601 Christianis,
3136 4544 3192 4591 et
3217 4535 3452 4590 maxime

180 4643 362 4698 larius
402 4661 417 4696 -:
457 4661 476 4695 ‹
511 4642 578 4696 Et
617 4642 744 4712 quia
791 4641 1106 4713 quotidiana
1151 4643 1327 4697 oratio
1373 4650 1477 4706 est,
1527 4641 1768 4712 quotidie

181 4749 410 4804 quoque
429 4734 586 4804 panis
613 4734 760 4800 vitat,
792 4743 850 4789 ut
879 4734 1053 4800 detur,
1095 4744 1300 4790 oratur.
1336 4755 1354 4786 ι
1388 4733 1622 4788 Sanctus
1665 4731 1771 4786 Au-

183 4826 446 4896 gustinus
470 4825 637 4880 dicit:
668 4845 687 4876 ι
723 4826 800 4880 De
840 4827 1169 4896 quotidianis
1201 4827 1488 4898 parvisque
1513 4805 1771 4896 peccatis,

185 4917 317 4974 sine
343 4917 537 4987 quibus
566 4916 676 4970 vita
703 4918 820 4972 haec
852 4931 954 4972 non
993 4918 1228 4983 ducitur,
1263 4918 1573 4987 quotidiana
1597 4917 1772 4971 oratio

105 5029 107 5031 ί
185 5007 436 5062 fidelium
461 5006 723 5062 satisfacit
749 5009 940 5062 errori.
985 5029 1003 5060 ο
1048 5007 1428 5080 Superioribus
1453 5009 1668 5077 quidem
1693 5007 1769 5060 ita

183 5108 256 5157 ut
274 5099 588 5169 praedictum
618 5106 722 5165 est,
747 5100 1073 5169 complacuit
1099 5119 1111 5153 :
1143 5101 1261 5154 aliis
1290 5115 1420 5154 vero
1451 5113 1555 5153 non
1599 5099 1771 5152 solum

185 5190 250 5242 in
310 5188 603 5244 Dominicis
650 5197 704 5245 et
756 5190 904 5246 festis
942 5191 1303 5262 generalibus,
1352 5199 1411 5244 ut
1449 5197 1574 5244 sunt
1620 5188 1774 5243 Nati-

181 5282 356 5347 vitas,
382 5281 703 5352 Epiphania,
734 5281 965 5353 Pascha,
1000 5285 1258 5339 Ascensio
1286 5283 1517 5346 Domini,
1541 5290 1594 5336 et
1640 5281 1774 5336 Pen-

185 5379 418 5434 tecoste,
464 5387 653 5428 verum
685 5376 848 5429 etiam
891 5377 942 5430 in
977 5375 1236 5429 natalitiis
1271 5383 1603 5436 sanctorum,
1643 5373 1774 5427 divi-

198 5475 403 5517 norum
456 5479 740 5520 munerum
791 5467 1110 5522 celebranda
1168 5481 1288 5522 esse
1343 5467 1618 5537 mysteria.
1669 5465 1770 5520 Le-

195 5550 351 5621 gitur
376 5553 521 5607 enim
563 5553 713 5609 Felix
759 5556 1047 5612 vicesimus
1093 5556 1355 5626 septimus
1402 5571 1537 5626 papa
1579 5554 1775 5609 consti-

186 5641 370 5696 tuisse
401 5652 457 5697 ut
487 5660 648 5716 super
689 5647 978 5702 memorias
1004 5656 1300 5718 martyrum
1323 5647 1502 5702 missae
1532 5645 1775 5700 celebra-

186 5743 409 5787 rentur.
439 5733 546 5789 Sed
572 5735 1064 5808 beatusGregorius
1077 5753 1212 5809 papa
1244 5739 1295 5792 in
1331 5737 1520 5793 ordine
1544 5752 1770 5806 sexage-

1873 4624 2086 4681 clericis
2111 4665 2125 4690 ,
2178 4639 2368 4681 omnes
2411 4626 2524 4681 dies
2563 4627 2616 4681 in
2655 4626 2819 4682 ferias
2850 4626 3204 4696 deputentur,
3237 4625 3452 4682 videtur

1875 4717 2088 4772 ratione
2131 4717 2501 4788 plenissimum
2541 4725 2597 4772 ut
2621 4731 2720 4788 per
2746 4717 2986 4788 singulos
3011 4717 3127 4773 dies
3159 4718 3329 4772 sacris
3359 4733 3450 4774 oc-

1877 4823 2141 4880 cupemur
2159 4809 2366 4865 ofﬁciis.
2388 4810 2453 4864 Et
2469 4818 2726 4880 quantum
2745 4808 3004 4882 [quando]
3030 4811 3225 4864 mentis
3238 4809 3320 4865 vel
3337 4825 3454 4865 cor-

1879 4904 2026 4974 poris
2045 4904 2322 4975 graviores
2349 4903 2569 4958 macula:
2586 4919 2691 4957 non
2709 4904 3000 4968 obsistunt,
3025 4919 3218 4974 panem
3246 4911 3300 4958 et
3319 4918 3418 4959 san
3435 4936 3447 4952 ι

1876 4997 2093 5068 guinem
2111 4995 2469 5059 Dominicum,
2487 4995 2681 5064 quibus
2697 4995 2814 5050 sine
2828 4996 3006 5049 vivere
3021 5010 3127 5050 non
3143 5010 3450 5066 possumus,

1873 5088 2075 5158 jugiter
2110 5087 2412 5142 ambiamus
2446 5093 2500 5140 et
2538 5086 2807 5141 desiderio
2836 5085 2979 5144 illius
3007 5086 3249 5142 tuitionis
3273 5079 3464 5157 potius

1879 5193 2038 5248 quam
2066 5176 2483 5247 praesumptione
2509 5184 2706 5230 nostra:
2730 5176 2999 5246 puritatis,
3020 5192 3320 5244 sumamus,
3338 5178 3454 5232 imi-

1879 5283 2057 5328 tantes
2091 5272 2380 5342 primitiva:
2412 5270 2662 5326 Ecclesiae
2691 5271 2925 5326 Studium
2967 5271 3224 5336 salutare,
3253 5272 3318 5328 de
3345 5286 3454 5342 quo

1878 5368 1931 5422 in
1963 5367 2186 5423 Actibus
2217 5365 2576 5437 apostolorum
2602 5365 2676 5420 ita
2709 5368 2967 5438 scriptum
2993 5377 3111 5424 est:
3148 5368 3317 5423 Erant
3356 5385 3455 5422 au-

1879 5467 1979 5512 tem
2025 5467 2406 5528 perseverantes
2455 5459 2510 5511 in
2544 5458 2783 5512 doctrina
2829 5460 3199 5529 apostolorum,
3230 5467 3280 5513 et
3319 5475 3456 5512 com—

1881 5551 2232 5605 municatione
2275 5549 2549 5619 fractiom's
2595 5552 2744 5620 panis
2793 5563 2840 5605 et
2893 5551 3280 5622 operationibus
3310 5551 3452 5621 (Λα.

1880 5643 1975 5714 ιι).
2006 5642 2072 5696 Ει
2106 5641 2242 5694 infra
2278 5661 2289 5694 :
2321 5641 2564 5707 Quotidie
2588 5659 2788 5713 quoque
2821 5645 3163 5712 perdurautes
3193 5642 3457 5716 unanimi-

1882 5745 1958 5790 ter
1989 5734 2040 5786 in
2069 5731 2277 5802 templo,
2311 5742 2356 5785 et
2403 5731 2696 5802 frangentes
2728 5735 2866 5786 circa
2896 5732 3075 5786 domos
3103 5744 3314 5802 partem,
3362 5749 3456 5786 au-
