3948 6328
443 452 446 454 γ
487 371 592 428 at:

1014 368 1398 426 WALAF'RIDI
1436 373 1678 428 STRABI
1721 375 1758 428 1³³
1766 373 1921 429 ULD.
1967 372 2125 427 MON.
2168 372 2316 427 OPP.
2358 373 2536 427 PARS
2573 372 2614 425 ι.
2651 399 2718 409 -ν
2758 368 3213 426 THEOLOGICA.

3639 376 3740 429 9“

491 484 696 538 metant
724 485 889 535 cibum
913 496 1030 533 eum
1057 479 1400 536 exsultatione
1425 493 1473 535 et
1502 483 1832 552 simplicitate
1857 481 2050 542 cordis,
2081 489 2129 545 Α
2158 496 2368 550 cunque
2397 482 2829 544 monstravimus,
2882 483 3006 550 hinc
3043 484 3109 538 de
3147 481 3324 538 oﬂicio
3377 486 3561 541 missa
3590 490 3738 556 quid,

491 572 764 624 laudantes
796 567 956 622 Deum
987 567 1120 638 (Act.
1147 567 1228 638 ιι).
1254 567 1319 622 Et
1350 571 1576 624 iterum;
1607 569 1764 624 Omni
1783 581 1953 624 autem
1977 568 2063 623 die

490 664 544 715 in
582 659 770 729 templo
803 668 849 712 et
885 657 1024 711 circa
1053 656 1233 712 domos
1274 675 1378 714 non
1417 660 1701 724 cessabant,
1731 661 1969 714 docentes
2014 669 2061 714 et

489 750 896 822 erangelizantes
933 746 1196 803 Christum
1244 750 1425 805 Iesum
1467 750 1602 822 (Act.
1635 753 1710 822 v).
1738 750 1874 806 Nota
1919 749 2062 820 quod

489 845 621 899 dicit
662 843 936 914 prius'eos
964 838 1190 908 fregisse
1216 855 1406 910 panem
1444 857 1509 897 ac
1539 841 1732 896 deinde
1772 840 2064 911 sumpsisse

489 936 692 989 cibum.

1065 999 1291 1060 CAPUT
1352 1000 1488 1055 XXI.

489 1113 678 1170 Utrum
702 1115 860 1170 semel
895 1116 971 1171 vel
1009 1117 1198 1186 strpius
1242 1113 1420 1195 in_die
1465 1112 1654 1182 oﬁ'erre
1703 1110 1971 1164 conveniat
2011 1117 2061 1164 et

1061 1199 1469 1257 communicare.

556 1295 850 1351 Diversitas
879 1305 1057 1350 autem
1087 1294 1332 1364 quaedam
1357 1293 1498 1346 inter
1517 1291 1826 1346 sacerdotes
1855 1289 2057 1344 oboriri

489 1387 642 1442 solet.
678 1387 813 1454 Quia
836 1395 920 1440 est
941 1386 1061 1440 talis
1082 1386 1172 1455 qui
1209 1382 1372 1437 semel
1402 1389 1605 1435 tantum
1637 1381 1800 1435 indie
1839 1379 2058 1432 missam

489 1479 765 1533 celebrare
809 1478 956 1542 velit,
995 1477 1250 1531 nimirum
1291 1475 1520 1529 credens
1549 1473 1688 1526 idem
1737 1470 2057 1542 mysterium

490 1567 757 1634 passionis
789 1566 990 1622 Christi
1028 1574 1343 1620 cunctarum
1393 1562 1772 1616 necessitatum
1808 1575 1927 1615 esse
1966 1573 2058 1630 ge-

459 1657 673 1710 nerale
709 1656 1030 1720 subsidium,
1060 1655 1186 1724 quia
1232 1667 1391 1716 unus,
1419 1651 1511 1720 q‘ui
1540 1650 1845 1704 dominator
1883 1658 1937 1704 et
1971 1648 2060 1717 ju-

490 1747 591 1799 dev
628 1745 976 1799 estvivorum
1002 1759 1066 1798 ac
1093 1753 1452 1805 mortuorum,
1494 1739 1659 1795 semel
1686 1755 1782 1809 pro
1817 1739 2060 1810 peccatis

2159 569 2375 637 quando
2399 577 2453 623 et
2483 585 2514 623 a
2543 570 2736 638 quibus
2759 579 3015 626 statutum
3056 574 3149 638 sit,
3186 582 3454 644 quantum
3497 577 3739 633 invenire

2159 662 2449 731 potuimus,
2486 677 2838 732 exponamus.
2866 664 3017 732 Quod
3050 682 3189 720 nunc
3214 667 3428 737 agimus
3460 669 3738 740 multiplici

2160 749 2484 817 orationum,
2523 751 2834 818 lectionum,
2875 754 3261 809 cantilenarum
3294 764 3349 810 et
3373 761 3742 813 consecratio-

2162 855 2286 894 num
2309 837 2502 903 oﬂlcio,
2537 849 2703 895 totum
2733 843 2834 897 hoc
2860 843 3109 912 apostoli,
3151 853 3204 898 et
3229 854 3351 914 post
3381 848 3532 915 ipsos
3558 851 3741 917 proxi-

2161 947 2301 995 mus,
2357 933 2416 985 u't
2458 933 2716 998 creditur,
2758 934 3095 989 orationibus
3121 943 3176 991 et
3223 942 3741 997 commemoratione

2157 1021 2425 1090 passionis
2469 1023 2775 1086 Dominicae,
2825 1025 2964 1079 sicut
3008 1026 3122 1095 ipse
3178 1028 3459 1097 prtecepit,
3513 1033 3744 1098 agebant

2160 1109 2491 1180 simpliciter.
2519 1111 2672 1168 Unde
2697 1114 2840 1169 circa
2886 1116 3096 1179 domos,
3141 1118 3443 1172 secundum
3492 1123 3744 1190 superius

2158 1211 2582 1255 commemorata
2613 1205 2938 1268 testimonia,
2980 1204 3296 1276 frangebant
3322 1223 3551 1276 panem.
3601 1212 3745 1277 Quod

2159 1290 2320 1344 etiam
2372 1289 2476 1344 alia
2527 1293 2794 1347 sententia
2840 1293 3014 1348 Lucas
3053 1295 3312 1362 declarat,
3355 1299 3556 1354 dicens
3592 1300 3744 1355 :Uus

2158 1389 2332 1433 autem
2385 1380 2607 1446 sabbati,
2649 1400 2766 1437 cum
2817 1388 3228 1442 convenissemus
3265 1390 3336 1442 ad
3391 1391 3744 1461 frangendum
3813 1371 3816 1376 I

2157 1487 2361 1540 partem,
2392 1481 2447 1526 et
2476 1472 2678 1543 reliqua
2709 1473 2846 1547 (Act.
2879 1483 2990 1546 xx).
3029 1477 3094 1531 Et
3138 1478 3329 1535 relatio
3361 1483 3640 1551 majorum
3669 1494 3746 1538 est

2159 1558 2231 1613 ita
2261 1560 2449 1627 primis
2471 1563 2800 1631 temporibus
2820 1565 3015 1620 missas
3042 1568 3153 1621 fieri
3181 1569 3395 1631 solitas,
3421 1570 3574 1624 sicut
3595 1574 3746 1627 modo

2159 1648 2212 1702 in
2251 1648 2545 1706 Parasceve
2585 1651 2806 1710 Pascha:
2854 1655 2932 1725 (in
2977 1671 3084 1726 quo
3134 1659 3220 1712 die
3273 1661 3421 1728 apud
3471 1660 3746 1717 Romanos

2159 1739 2337 1794 missa:
2373 1755 2479 1795 non
2511 1745 2764 1815 aguntur)
2799 1748 3344 1803 communicationem
3385 1748 3582 1806 facere
3613 1754 3744 1809 sole-

491 1836 688 1889 uostris
719 1845 957 1889 mortuus
999 1844 1083 1890 est
1118 1837 1184 1889 ad
1213 1833 1502 1887 multorum
1543 1831 1906 1886 exhaurienda
1935 1846 2056 1901 pec-
2090 1831 2132 1891 B
2161 1846 2299 1895 llllls,
2327 1832 2379 1885 id
2406 1841 2488 1887 est
2517 1835 2791 1903 prmmissa
2832 1835 3085 1892 Oratione
3129 1838 3413 1895 Dominica
3439 1859 3456 1906 ;
3486 1852 3571 1906 et,
3617 1847 3750 1900 sicut

487 1938 628 1982 cata.
671 1928 822 1984 Alius
873 1943 1001 1982 vero
1036 1928 1138 1992 bis,
1189 1937 1290 1992 ter,
1318 1927 1402 1980 vel
1431 1925 1774 1996 quotieslibet
1801 1963 1816 1986 ,
1869 1923 2056 1978 eadem

484 2019 742 2089 mysteria
761 2020 812 2072 in
828 2018 914 2072 die
942 2019 1138 2073 iterare
1158 2033 1450 2088 congruum
1469 2024 1640 2086 putat,
1654 2014 1881 2070 credens
1911 2022 2059 2069 tanto

489 2109 718 2180 amplius
734 2109 899 2164 Deum
921 2119 977 2165 et
993 2111 1414 2165 misericordiam
1437 2106 1573 2162 ﬂecti
1597 2117 1797 2178 quanto
1817 2108 2062 2162 crebrius

490 2201 671 2270 passio
693 2199 892 2255 Christi
913 2211 1384 2254 commemoratur.
1401 2198 1466 2252 Et
1484 2197 1708 2252 fortasse
1728 2197 2063 2252 consuetudi-

489 2305 610 2347 nem
638 2306 788 2346 suam
818 2292 938 2346 inde
957 2291 1378 2347 continuandam
1399 2289 1692 2352 existimat,
1721 2288 1845 2357 quia
1870 2287 2063 2341 Roma-

460 2389 462 2392 ’
487 2399 680 2438 uorum
705 2399 834 2438 usus
884 2385 1043 2440 habet
1076 2384 1209 2440 duas
1235 2383 1316 2438 vel
1347 2393 1455 2438 tres
1482 2381 1751 2442 interdum
1783 2381 1942 2435 unius
1968 2395 2062 2434 so-

460 2477 462 2479 ’
488 2476 780 2531 lemnitatis
801 2478 979 2530 tacere
1008 2475 1218 2540 missas,
1236 2484 1293 2527 ut
1313 2475 1364 2528 in
1388 2472 1676 2527 Nativitate
1698 2470 1909 2525 Domini
1936 2469 2060 2525 Sal-

489 2565 690 2620 vatoris
719 2573 770 2618 et
799 2564 1098 2633 aliquorum
1127 2564 1274 2618 festis
1301 2573 1634 2618 sanctorum.
1659 2559 1936 2630 Siquidem
1960 2560 2060 2615 Te-

487 2650 787 2723 lesphorus,
809 2671 981 2709 nonus
1007 2655 1059 2709 iu
1084 2653 1272 2710 ordine
1300 2655 1554 2708 Romana:
1581 2652 1724 2706 sedis
1753 2651 2060 2721 episcopus,

487 2750 540 2802 in
580 2746 750 2800 Natali
784 2748 990 2802 Domini
1019 2757 1177 2802 noctu
1203 2756 1312 2802 tres
1353 2747 1545 2801 missas
1572 2743 1832 2800 celebrari
1861 2743 2062 2799 consti-

487 2837 587 2890 tuit
604 2848 650 2888 α.
677 2839 741 2888 lit
756 2851 940 2890 revera
955 2852 1060 2889 non
1083 2851 1201 2891 esse
1224 2836 1510 2890 absurdum
1532 2833 1848 2890 crediderim
1874 2834 1917 2887 si
1933 2831 2063 2886 dum

485 2924 666 2993 plures
690 2924 741 2978 in
767 2940 868 2977 una
900 2926 985 2979 die
1016 2924 1271 2980 faciendae
1292 2933 1420 2979 sunt
1439 2925 1636 2987 missa},
1652 2939 1791 2978 unus
1812 2923 2063 2978 sacerdos

487 3015 621 3066 duas
649 3013 730 3065 vel
762 3023 893 3076 tres,
923 3014 1245 3068 necessitate
1268 3014 1350 3067 vel
1379 3013 1653 3068 voluntate
1681 3013 2058 3083 persuadente,

455 3111 458 3114 ’
488 3103 722 3158 celebret
749 3107 924 3176 potius
945 3120 1105 3174 quam
1128 3107 1383 3176 quasdam
1407 3105 1660 3160 dimittat.
1685 3107 1764 3160 Ad
1790 3107 1890 3161 hoc
1909 3121 2062 3160 acceo

490 3195 571 3249 dit
617 3196 758 3265 quod
793 3196 957 3250 totius
998 3212 1124 3251 usus
1161 3196 1411 3252 Ecclesim
1453 3198 1614 3253 habet
1637 3199 1837 3268 smpius
1869 3199 2063 3254 missas

489 3305 647 3358 agere
669 3305 764 3359 pro
787 3291 940 3353 viris,
956 3306 1052 3360 pro
1067 3290 1354 3355 defunctis,
1371 3306 1468 3360 pro
1486 3290 1843 3361 eleemosynis
1864 3298 1920 3345 et
1943 3289 2062 3344 aliis

486 3380 713 3434 diversis
738 3379 938 3444 causis,
970 3381 1110 3449 quod
1154 3380 1318 3434 etiam
1350 3378 1523 3434 oﬂicia
1569 3379 1652 3434 his
1689 3380 1946 3434 attributa
1979 3389 2060 3434 te-

488 3481 718 3548 stantur.
745 3471 800 3525 ln
842 3472 1032 3527 diebus
1072 3473 1252 3541 itaque
1275 3473 1484 3543 publica
1509 3473 1821 3528 celebritate
1844 3473 2057 3543 conspi-

488 3555 603 3618 cuis
635 3574 728 3617 aut
754 3562 856 3616 illa:
876 3564 1210 3618 diversarum
1255 3579 1432 3618 rerum
1458 3567 1807 3622 necessitates
1833 3575 1958 3621 sunt
1981 3565 2063 3619 in.

487 3655 868 3721 termittcndse,
897 3666 990 3709 aut
1009 3657 1451 3711 concurrentibus
1479 3657 1694 3712 sibimet
1728 3657 1940 3727 publica
1966 3657 2062 3712 ob-

487 3738 792 3804 servatione
817 3754 873 3800 et
906 3746 1115 3815 privata
1153 3747 1491 3811 necessitate,
1520 3748 1800 3817 utriusque
1827 3747 2062 3818 expletio

488 3841 600 3894 suis
624 3849 707 3894 est
729 3840 1078 3896 discernenda
1107 3837 1318 3905 otliciis,
1347 3839 1452 3905 vel,
1484 3840 1627 3910 quod
1651 3841 1896 3910 superius
1917 3856 2063 3897 com-

489 3915 922 3994 memoravimus,
974 3945 1079 3984 una
1135 3929 1403 3984 oblatione
1451 3930 1674 3985 diversas
1719 3945 1898 3985 causa:
1940 3939 2066 3986 sunt

489 4019 782 4090 explenda}.
831 4019 1091 4074 Fidelium
1145 4019 1404 4075 relatione
1449 4019 1687 4074 virorum
1737 4021 1790 4074 in
1819 4031 2061 4076 nostram

486 4126 657 4181 usque
699 4111 945 4180 pervenit
977 4111 1221 4166 notitiam
1255 4110 1488 4167 Leonem
1532 4127 1747 4182 papam,
1786 4114 1926 4169 sicut
1950 4115 2064 4184 ipse

484 4194 776 4268 fatebatur,
806 4220 912 4258 una
942 4205 1038 4259 die
1072 4205 1272 4274 septies
1307 4204 1387 4259 vel
1429 4204 1615 4259 novies
1647 4204 1930 4259 missarum
1976 4220 2064 4260 so-

485 4295 684 4349 lem-nia
726 4296 920 4365 szepius
959 4297 1290 4361 celebrasse;
1333 4295 1661 4349 Bonifacium
1695 4311 1841 4358 vero,
1883 4297 2063 4351 archi-

486 4387 796 4456 episcopum
851 4395 906 4441 et
947 4395 1258 4456 martyrem,
1300 4385 1466 4440 semel
1514 4393 1722 4439 tantum
1778 4399 1875 4455 per
1919 4385 2062 4440 diem

487 4476 680 4531 missas
711 4475 938 4530 fecisse:
963 4477 1054 4546 qui
1077 4484 1130 4530 et
1165 4489 1270 4529 non
1303 4475 1459 4546 longe
1489 4483 1615 4530 ante
1639 4473 1822 4530 nostra
1844 4474 2062 4530 fuerunt

471 4563 752 4648 tempora,
781 4578 834 4625 et
856 4571 1014 4624 ambo
1055 4577 1168 4624 tam
1196 4569 1422 4624 scicntia
1460 4583 1623 4638 quam
1662 4568 1828 4638 gradu
1867 4567 2060 4638 princi-

464 4663 597 4733 ‘pui.
624 4661 807 4732 [taque
850 4662 1201 4730 unusquisque
1246 4661 1298 4714 in
1327 4674 1420 4713 suo
1447 4675 1600 4712 sensu
1629 4658 1856 4712 abundet
1887 4657 2058 4730 (Rom.
2082 4659 2086 4662 “

487 4752 625 4824 xw),
648 4754 770 4806 dum
789 4752 920 4807 fides
932 4752 1191 4806 condecet
1213 4760 1270 4804 ut
1291 4765 1390 4805 nec
1409 4751 1601 4820 sapius
1613 4748 1898 4804 olferentes
1917 4749 2063 4805 aesti-

485 4851 636 4899 ment
665 4840 830 4895 Deum
857 4841 1015 4896 aliter
1054 4842 1339 4911 petitiones
1369 4857 1473 4895 non
1512 4855 1671 4910 posse
1717 4841 2056 4906 discernere;

476 4945 588 4988 nec
615 4932 779 4987 semel
822 4931 1025 4988 hostias
1058 4947 1155 5002 per
1189 4931 1329 4987 diem
1367 4929 1707 4985 immolantes
1729 4938 1918 4999 putent
1947 4928 2058 4986 suis

470 5023 612 5080 ﬁdei
644 5023 993 5079 subtilitatem
1025 5025 1200 5094 potius
1240 5039 1402 5095 quam
1438 5021 1777 5092 superiorum
1817 5020 2062 5076 devotio-

467 5127 609 5183 ‘uetu
632 5107 825 5170 divinis
851 5127 1146 5185 acceptam.

620 5210 623 5211 ⁷
677 5227 680 5230 ’
1018 5203 1274 5262 'CAPU'I‘
1313 5203 1474 5258 XXII.

722 5297 797 5352 De
820 5292 1000 5353 Ordine
1035 5300 1205 5353 mis-sm
1230 5307 1278 5351 et
1314 5296 1565 5366 o/ferendi
1596 5297 1817 5349 ratione.

555 5384 821 5457 Quoniam
847 5393 1025 5461 igitur
1052 5391 1282 5460 qualiter
1312 5392 1378 5445 ad
1422 5388 1837 5444 celebrationem
1887 5387 2061 5458 quoti-

487 5482 700 5537 dianam
745 5484 1031 5538 missarum
1081 5481 1339 5536 solemnia
1383 5481 1751 5552 pervenerint,
1798 5479 2059 5550 qualiter-

488 5592 499 5664 ,η
559 5627 584 5683 ς
616 5613 708 5671 Sic
734 5615 949 5669 solitum
979 5614 1090 5668 fieri
1120 5613 1244 5668 olim
1286 5614 1545 5683 exemplis
1581 5628 1700 5683 qua:
1727 5595 2056 5683 Walafridus

479 5679 748 5756 adducit,
812 5685 1077 5756 apparet,
1134 5692 1188 5738 ut
1252 5700 1388 5756 unus
1444 5679 1696 5738 sacerdos
1761 5682 1940 5756 plures
2000 5683 2053 5756 in

490 5753 575 5808 die
628 5754 818 5810 missas
848 5753 1195 5820 celebraret;
1239 5769 1301 5809 ac
1357 5753 1568 5825 jamgea
1620 5753 1949 5810 consuetudo
1984 5754 2052 5807 ob
2141 5763 2149 5767 ’

2159 1921 2270 1990 ipse
2293 1923 2547 1978 Dominus
2573 1937 2754 1980 noster
2782 1928 3057 1996 praecepit,
3081 1932 3618 1987 commemoratione
3638 1949 3749 2004 pas-

2159 2015 2329 2070 sionis
2367 2014 2482 2084 ejus
2520 2017 2783 2085 adhibita,
2805 2033 2903 2073 eos
2926 2020 3137 2088 corpori
3170 2020 3462 2076 Dominico
3505 2039 3746 2079 commu-

2159 2106 2368 2161 nicasse
2402 2116 2456 2161 et
2482 2109 2756 2179 sanguini,
2806 2125 2941 2178 quos
2985 2111 3123 2165 ratio
3163 2115 3549 2181 permittebat.
3584 2116 3743 2170 Proli-

2159 2197 2334 2252 ciente
2371 2197 2565 2253 dehinc
2600 2199 2854 2271 religione
2885 2201 3112 2271 amplius
3140 2213 3296 2258 aucta
3320 2214 3458 2259 sunt
3495 2221 3527 2260 a
3553 2205 3744 2261 Christi

2159 2287 2456 2344 cultoribus
2482 2287 2654 2345 oﬂicia
2706 2307 3016 2356 missarum,
3055 2295 3196 2363 quod
3232 2296 3316 2349 vel
3363 2311 3480 2366 pax
3510 2299 3742 2367 prastita

2161 2377 2324 2434 latius
2349 2382 2609 2437 terminos
2635 2385 2950 2454 propagavit
2983 2385 3256 2451 Ecclesizc,
3305 2387 3390 2443 vel
3428 2399 3742 2444 sanctorum

2161 2471 2312 2541 copia
2335 2487 2435 2526 usu
2459 2459 2601 2528 iacta
2631 2485 2717 2530 est
2748 2475 3158 2532 convalescente
3193 2478 3569 2549 frequentior.
3601 2481 3740 2548 Quod

2160 2570 2216 2616 et
2257 2562 2312 2617 in
2353 2579 2630 2619 sacrarum
2670 2567 2863 2621 aedium
2895 2568 3299 2625 constructione
3327 2570 3416 2626 vel
3468 2572 3741 2627 ornatibus

2163 2653 2235 2706 ita
2259 2655 2564 2722 provenisse
2583 2655 2695 2726 iam
2727 2658 2987 2724 diximus;
3017 2674 3126 2715 non
3147 2663 3290 2731 quod
3316 2661 3492 2732 aliqui
3523 2679 3740 2734 sequen

2163 2746 2295 2801 tium
2327 2749 2580 2818 apostolis
2615 2750 2813 2806 fuerint
2857 2752 3080 2808 scientia
3118 2752 3204 2807 vel
3239 2752 3609 2825 religiositate
3633 2773 3737 2809 ma-

2155 2834 2321 2906 jores,
2351 2839 2444 2894 sed
2485 2839 2610 2909 quia
2648 2841 2724 2896 illi
2754 2843 2986 2899 maxime
3011 2844 3274 2900 ettrabaut
3322 2847 3391 2900 ab
3425 2847 3738 2901 inﬁdelitate

2164 2928 2230 2980 ad
2267 2927 2444 2992 fidem,
2469 2943 2498 2982 a
2531 2932 2764 2986 tenebris
2789 2932 3037 2988 homines
3067 2933 3134 2988 ad
3159 2924 3335 2988 lucem
3362 2950 3591 2998 vocare,
3617 2945 3666 2990 et
3690 2937 3736 2989 in

2164 3019 2390 3075 veritate
2417 3021 2637 3078 stabiles
2673 3022 2919 3090 reddere,
2969 3025 3081 3095 ipsa
3135 3024 3397 3082 facilitate
3449 3027 3737 3097 religionis,

2164 3112 2354 3168 melius
2375 3113 2516 3182 quod
2542 3113 2790 3169 volebant
2819 3115 3038 3170 rudibus
3065 3116 3398 3186 persuadere
3422 3127 3730 3185 potuerunt.

2089 3180 2133 3240 Ο
2171 3203 2319 3259 Unde
2359 3180 2544 3269 etiam,
2575 3205 2714 3260 sicut
2756 3204 2969 3275 legitur,
2999 3180 3285 3261 credentes
3323 3180 3492 3275 primi
3525 3210 3592 3262 de
3617 3223 3736 3277 gen-

2165 3293 2306 3349 tibus
2331 3293 2575 3364 legalium
2604 3296 2841 3364 pondere
2867 3296 3242 3351 mandatorum
3279 3297 3521 3366 deprimi
3565 3299 3736 3352 volae-

2164 3393 2308 3438 runt.
2356 3385 2505 3438 Multi
2551 3385 2730 3454 itaque
2758 3386 2896 3455 apud
2946 3385 3168 3441 Graecos
3213 3395 3270 3441 et
3311 3386 3546 3442 Latinos
3571 3391 3737 3442 missa:

2162 3475 2406 3530 ordinem
2460 3482 2518 3528 ut
2565 3475 2666 3530 sibi
2715 3476 2887 3529 visum
2914 3485 2998 3531 est
3023 3484 3352 3531 statuerunt.
3395 3477 3468 3532 Et
3517 3478 3736 3532 Romani

2162 3565 2376 3635 quidem
2407 3581 2562 3621 usum
2585 3567 3020 3621 Observationum
3054 3582 3084 3621 a
3127 3566 3289 3622 beato
3312 3566 3486 3622 Petro
3506 3570 3738 3637 principe

2161 3655 2527 3726 apostolorum
2575 3657 2926 3727 accipientes,
2973 3657 3085 3712 suis
3131 3659 3334 3727 quique
3384 3661 3738 3729 temporibus,

2129 3767 2146 3802 ς
2162 3763 2281 3818 qua:
2299 3763 2536 3820 congrua
2557 3747 2797 3818 judicata
2817 3757 2964 3815 sunt,
2989 3747 3331 3804 addiderunt.
3357 3749 3610 3816 Quorum
3642 3765 3740 3802 mo-

2162 3855 2276 3894 rem
2303 3841 2424 3895 ideo
2455 3841 2508 3894 iu
2548 3840 2718 3895 sacris
2745 3841 2905 3896 rebus
2947 3849 3054 3895 tam
3089 3839 3272 3894 mulce
3299 3849 3495 3910 gentes
3540 3841 3738 3894 miran-

2162 3937 2271 3994 tur,
2304 3929 2428 3998 quia
2463 3938 2517 3984 et
2540 3929 2671 3983 tanti
2703 3928 2996 4000 magisterii
3022 3942 3090 3983 ex
3119 3928 3274 3998 apice
3299 3929 3607 3998 apostolico
3630 3929 3735 3998 pri-

2163 4021 2387 4076 mordiis
2422 4020 2649 4086 clarent,
2671 4030 2728 4075 et
2758 4021 2900 4075 nulla
2943 4035 3038 4090 per
3080 4021 3268 4086 orbem
3314 4018 3566 4074 Ecclesia
3595 4035 3740 4089 aque

2149 4122 2223 4167 ut
2261 4113 2502 4166 Romana
2534 4113 2602 4167 ab
2639 4112 2786 4168 omni
2839 4112 2968 4168 hcce
3005 4113 3282 4166 hmreseon
3332 4112 3554 4166 cunctis
3597 4121 3740 4164 retro

2164 4202 2496 4272 temporibus
2522 4217 2654 4272 pura
2677 4203 2990 4272 permansit.
3018 4203 3338 4258 Ambrosius
3365 4218 3609 4273 quoque,
3643 4202 3740 4257 Με-

2162 4292 2490 4348 όίοι.ιηθηδίε
2525 4293 2827 4362 episcopus,
2861 4302 2968 4347 tam
3015 4294 3191 4348 missa:
3220 4308 3384 4362 quam
3419 4305 3737 4349 ceterorum

2161 4383 2566 4452 dispositionem
2593 4381 2892 4438 ofﬁciorum
2928 4398 3037 4438 sua:
3068 4383 3318 4438 Ecclesia:
3349 4392 3407 4439 et
3433 4383 3561 4439 aliis
3583 4383 3736 4454 Ligu-

2087 4513 2138 4573 Β
2163 4475 2314 4530 ribus
2356 4475 2625 4529 ordinavit
2656 4489 2670 4528 :
2704 4489 2822 4544 qua:
2863 4482 2920 4528 et
2945 4489 3114 4543 usque
3162 4475 3324 4530 hodie
3376 4477 3433 4530 in
3490 4475 3736 4532 Mediola-

2145 4565 2323 4620 -nensi
2377 4574 2626 4620 tenentur
2652 4564 2913 4621 Ecclesia.
2956 4565 3121 4635 Igitur
3139 4565 3395 4620 ordinem
3427 4567 3612 4621 misse
3640 4565 3738 4620 Ro-

2169 4671 2361 4722 manae,
2401 4664 2461 4710 ut
2501 4671 2811 4725 possumus,
2858 4670 3236 4726 exsequamur.
3277 4656 3628 4725 Antiphonas
3673 4655 3734 4708 ad

2149 4747 2446 4802 introitum
2495 4749 2677 4804 dicere
2730 4749 3054 4804 Coelestinus
3100 4763 3236 4818 papa
3288 4750 3736 4818 quadragesimus

2166 4838 2385 4908 quintus
2433 4839 2686 4904 instituit,
2723 4840 2864 4894 sicut
2907 4839 3100 4908 legitur
3128 4839 3180 4892 iu
3211 4839 3395 4894 Gestis
3424 4838 3733 4908 pontiﬁcum

2165 4931 2548 4999 Romanorum,
2578 4948 2699 4987 cum
2725 4933 2791 4986 ad
2815 4930 2932 4999 ejus
2955 4945 3124 5000 usque
3155 4940 3393 5000 tempora
3419 4940 3553 4985 ante
3579 4929 3737 4984 sacri-

2167 5023 2347 5078 ficium
2396 5023 2554 5078 lcetio
2599 5039 2702 5092 qua
2751 5021 2993 5092 Apostoli
3047 5031 3254 5076 tantum
3283 5031 3339 5078 et
3381 5022 3733 5092 Evangelia:

2172 5111 2451 5183 legeretur.
2506 5113 2733 5167 Litanim
2781 5122 2957 5167 autem
3007 5127 3128 5182 quae
3174 5122 3514 5184 sequuntur,
3559 5115 3612 5167 id
3657 5123 3738 5167 est

2168 5201 2329 5272 Kyrie
2353 5203 2568 5266 eleison,
2599 5199 2800 5256 Christe
2824 5204 3037 5268 eleison,
3067 5219 3098 5257 a
3123 5202 3435 5259 Grmcorutu
3460 5220 3566 5258 usu
3589 5219 3732 5258 sum-

2167 5305 2270 5364 ptae
2294 5295 2607 5358 creduntur,
2636 5295 2762 5364 quia
2807 5303 2862 5348 et
2890 5293 3079 5350 Graeca
3109 5304 3234 5349 sunt
3261 5297 3427 5350 verba
3453 5305 3514 5350 et
3549 5311 3611 5349 ea
3637 5297 3734 5364 ipsi

2163 5385 2338 5442 Graeci
2369 5385 2563 5454 sa-pius
2593 5385 2644 5437 in
2671 5385 2784 5438 suis
2807 5384 3003 5438 iterant
3033 5385 3228 5439 missis.
3263 5384 3539 5454 Hymnum
3560 5395 3734 5439 autem

2160 5474 2462 5546 angelicum
2503 5474 2558 5528 in
2588 5487 2694 5544 quo
2718 5473 2907 5542 paucis
2935 5473 3114 5529 verbis
3141 5473 3389 5543 quaedam
3432 5471 3502 5526 ab
3531 5471 3737 5542 angelis

2148 5600 2350 5683 'grave‘s
2393 5611 2631 5666 rationes
2657 5609 2849 5683 merito
2890 5609 3285 5683 abrogatas-st.
3329 5607 3386 5662 In
3425 5604 3602 5662 Natali
3633 5603 3740 5660 Do-

2161 5679 2432 5752 itiitri_tres
2461 5691 2666 5752 tantum
2706 5680 2897 5754 missas
2927 5679 3109 5736 dicere
3139 5679 3360 5735 licittun.
3637 5693 3642 5696 ·
