  <div class='ocr_page' id='page_1' title='image "/cluster/home/n/w/nwhite01/storage/ocr_20150623/114/hvd.32044018909580/480.png"; bbox 0 0 3948 6328; ppageno 0'>
   <div class='ocr_carea' id='block_1_1' title="bbox 236 435 344 492">
    <p class='ocr_par' dir='ltr' id='par_1_1' title="bbox 236 435 344 492">
     <span class='ocr_line' id='line_1_1' title="bbox 236 435 344 492; baseline 0 0"><span class='ocrx_word' id='word_1_1' title='bbox 236 435 344 492; x_wconf 63' lang='grc'><strong>943</strong></span> 
     </span>
    </p>
   </div>
   <div class='ocr_carea' id='block_1_2' title="bbox 1405 397 2417 497">
    <p class='ocr_par' dir='ltr' id='par_1_2' title="bbox 1405 397 2417 497">
     <span class='ocr_line' id='line_1_2' title="bbox 1405 397 2417 497; baseline 0.003 -5"><span class='ocrx_word' id='word_1_2' title='bbox 1405 436 1491 492; x_wconf 73' lang='lat' dir='ltr'><strong>ne</strong></span> <span class='ocrx_word' id='word_1_3' title='bbox 1531 436 1756 494; x_wconf 74' lang='lat' dir='ltr'><strong>naeus</strong></span> <span class='ocrx_word' id='word_1_4' title='bbox 1792 397 2358 497; x_wconf 81' lang='lat' dir='ltr'><strong>ECCLESlAS&#39;l‘lClS.</strong></span> <span class='ocrx_word' id='word_1_5' title='bbox 2414 397 2417 400; x_wconf 49' lang='grc'><em>’</em></span> 
     </span>
    </p>
   </div>
   <div class='ocr_carea' id='block_1_3' title="bbox 3341 397 3483 498">
    <p class='ocr_par' dir='ltr' id='par_1_3' title="bbox 3341 397 3483 498">
     <span class='ocr_line' id='line_1_3' title="bbox 3341 397 3483 498; baseline -0.007 0"><span class='ocrx_word' id='word_1_6' title='bbox 3341 416 3347 426; x_wconf 81' lang='grc'><em>’</em></span> <span class='ocrx_word' id='word_1_7' title='bbox 3383 397 3483 498; x_wconf 58' lang='lat' dir='ltr'><strong>sit:</strong></span> 
     </span>
    </p>
   </div>
   <div class='ocr_carea' id='block_1_4' title="bbox 233 527 3479 635">
    <p class='ocr_par' dir='ltr' id='par_1_4' title="bbox 233 527 3479 635">
     <span class='ocr_line' id='line_1_4' title="bbox 233 527 3479 635; baseline 0.002 -26"><span class='ocrx_word' id='word_1_8' title='bbox 233 555 378 613; x_wconf 82' lang='lat' dir='ltr'><strong>circa</strong></span> <span class='ocrx_word' id='word_1_9' title='bbox 425 552 766 612; x_wconf 81' lang='lat' dir='ltr'><strong>Nativitatem</strong></span> <span class='ocrx_word' id='word_1_10' title='bbox 802 537 1135 608; x_wconf 63' lang='lat' dir='ltr'><strong>DominTcam</strong></span> <span class='ocrx_word' id='word_1_11' title='bbox 1181 553 1235 608; x_wconf 89' lang='lat' dir='ltr'><strong>in</strong></span> <span class='ocrx_word' id='word_1_12' title='bbox 1282 552 1494 610; x_wconf 88' lang='lat' dir='ltr'><strong>laudem</strong></span> <span class='ocrx_word' id='word_1_13' title='bbox 1537 553 1631 608; x_wconf 85' lang='lat' dir='ltr'><strong>Dei</strong></span> <span class='ocrx_word' id='word_1_14' title='bbox 1680 561 1806 609; x_wconf 85' lang='lat' dir='ltr'><strong>sunt</strong></span> <span class='ocrx_word' id='word_1_15' title='bbox 1832 558 1880 615; x_wconf 81' lang='grc' dir='ltr'>Α</span> <span class='ocrx_word' id='word_1_16' title='bbox 1909 555 2201 623; x_wconf 91' lang='lat' dir='ltr'><strong>nentiores,</strong></span> <span class='ocrx_word' id='word_1_17' title='bbox 2238 557 2388 613; x_wconf 81' lang='lat' dir='ltr'><strong>brevi</strong></span> <span class='ocrx_word' id='word_1_18' title='bbox 2427 557 2671 614; x_wconf 86' lang='lat' dir='ltr'><strong>oratione</strong></span> <span class='ocrx_word' id='word_1_19' title='bbox 2714 527 2849 629; x_wconf 82' lang='lat' dir='ltr'><strong>opus</strong></span> <span class='ocrx_word' id='word_1_20' title='bbox 2878 557 3217 616; x_wconf 76' lang='lat' dir='ltr'><strong>concludere.</strong></span> <span class='ocrx_word' id='word_1_21' title='bbox 3251 560 3404 628; x_wconf 84' lang='lat' dir='ltr'><strong>Quod</strong></span> <span class='ocrx_word' id='word_1_22' title='bbox 3424 574 3479 635; x_wconf 83' lang='lat' dir='ltr'><strong>et</strong></span> 
     </span>
    </p>
   </div>
   <div class='ocr_carea' id='block_1_5' title="bbox 232 641 1800 714">
    <p class='ocr_par' dir='ltr' id='par_1_5' title="bbox 232 641 1800 714">
     <span class='ocr_line' id='line_1_5' title="bbox 232 641 1800 714; baseline -0.001 -16"><span class='ocrx_word' id='word_1_23' title='bbox 232 643 464 714; x_wconf 86' lang='lat' dir='ltr'><strong>prolata,</strong></span> <span class='ocrx_word' id='word_1_24' title='bbox 513 651 800 714; x_wconf 83' lang='lat' dir='ltr'><strong>sequentes</strong></span> <span class='ocrx_word' id='word_1_25' title='bbox 854 643 1028 699; x_wconf 80' lang='lat' dir='ltr'><strong>sancti</strong></span> <span class='ocrx_word' id='word_1_26' title='bbox 1073 641 1284 707; x_wconf 80' lang='lat' dir='ltr'><strong>Patres,</strong></span> <span class='ocrx_word' id='word_1_27' title='bbox 1341 644 1407 699; x_wconf 92' lang='lat' dir='ltr'><strong>ad</strong></span> <span class='ocrx_word' id='word_1_28' title='bbox 1460 657 1800 698; x_wconf 87' lang='lat' dir='ltr'><strong>communem</strong></span> 
     </span>
    </p>
   </div>
   <div class='ocr_carea' id='block_1_6' title="bbox 231 733 1800 800">
    <p class='ocr_par' dir='ltr' id='par_1_6' title="bbox 231 733 1800 800">
     <span class='ocr_line' id='line_1_6' title="bbox 231 733 1800 800; baseline 0 -10"><span class='ocrx_word' id='word_1_29' title='bbox 231 746 436 791; x_wconf 69' lang='lat' dir='ltr'><strong>sanctae</strong></span> <span class='ocrx_word' id='word_1_30' title='bbox 461 746 516 789; x_wconf 90' lang='lat' dir='ltr'><strong>et</strong></span> <span class='ocrx_word' id='word_1_31' title='bbox 544 733 830 790; x_wconf 70' lang='lat' dir='ltr'><strong>individuae</strong></span> <span class='ocrx_word' id='word_1_32' title='bbox 875 734 1157 789; x_wconf 76' lang='lat' dir='ltr'><strong>Trinitatis</strong></span> <span class='ocrx_word' id='word_1_33' title='bbox 1186 734 1567 800; x_wconf 74' lang='lat' dir='ltr'><strong>laudationem,</strong></span> <span class='ocrx_word' id='word_1_34' title='bbox 1599 735 1800 790; x_wconf 90' lang='lat' dir='ltr'><strong>dulcis-</strong></span> 
     </span>
    </p>
   </div>
   <div class='ocr_carea' id='block_1_7' title="bbox 229 826 1802 896">
    <p class='ocr_par' dir='ltr' id='par_1_7' title="bbox 229 826 1802 896">
     <span class='ocr_line' id='line_1_7' title="bbox 229 826 1802 896; baseline -0.001 -14"><span class='ocrx_word' id='word_1_35' title='bbox 229 827 398 882; x_wconf 87' lang='lat' dir='ltr'><strong>simas</strong></span> <span class='ocrx_word' id='word_1_36' title='bbox 424 834 480 881; x_wconf 90' lang='lat' dir='ltr'><strong>et</strong></span> <span class='ocrx_word' id='word_1_37' title='bbox 512 826 1027 896; x_wconf 86' lang='lat' dir='ltr'><strong>congruentissimas</strong></span> <span class='ocrx_word' id='word_1_38' title='bbox 1065 826 1329 881; x_wconf 89' lang='lat' dir='ltr'><strong>dictiones</strong></span> <span class='ocrx_word' id='word_1_39' title='bbox 1364 826 1708 891; x_wconf 90' lang='lat' dir='ltr'><strong>addiderunt,</strong></span> <span class='ocrx_word' id='word_1_40' title='bbox 1743 835 1802 880; x_wconf 94' lang='lat' dir='ltr'><strong>ut</strong></span> 
     </span>
    </p>
   </div>
   <div class='ocr_carea' id='block_1_8' title="bbox 231 918 1800 988">
    <p class='ocr_par' dir='ltr' id='par_1_8' title="bbox 231 918 1800 988">
     <span class='ocr_line' id='line_1_8' title="bbox 231 918 1800 988; baseline 0 -16"><span class='ocrx_word' id='word_1_41' title='bbox 231 918 374 973; x_wconf 82' lang='lat' dir='ltr'><strong>sicut</strong></span> <span class='ocrx_word' id='word_1_42' title='bbox 415 919 532 988; x_wconf 85' lang='lat' dir='ltr'><strong>ejus</strong></span> <span class='ocrx_word' id='word_1_43' title='bbox 575 919 894 988; x_wconf 83' lang='lat' dir='ltr'><strong>principium</strong></span> <span class='ocrx_word' id='word_1_44' title='bbox 943 934 974 972; x_wconf 92' lang='lat' dir='ltr'><strong>a</strong></span> <span class='ocrx_word' id='word_1_45' title='bbox 1018 918 1334 973; x_wconf 68' lang='lat' dir='ltr'><strong>caelestibus</strong></span> <span class='ocrx_word' id='word_1_46' title='bbox 1363 926 1446 973; x_wconf 91' lang='lat' dir='ltr'><strong>est</strong></span> <span class='ocrx_word' id='word_1_47' title='bbox 1496 918 1800 972; x_wconf 90' lang='lat' dir='ltr'><strong>ordinatum</strong></span> 
     </span>
    </p>
   </div>
   <div class='ocr_carea' id='block_1_9' title="bbox 228 1007 1800 1078">
    <p class='ocr_par' dir='ltr' id='par_1_9' title="bbox 228 1007 1800 1078">
     <span class='ocr_line' id='line_1_9' title="bbox 228 1007 1800 1078; baseline 0.002 -18"><span class='ocrx_word' id='word_1_48' title='bbox 228 1007 516 1071; x_wconf 87' lang='lat' dir='ltr'><strong>ministris,</strong></span> <span class='ocrx_word' id='word_1_49' title='bbox 568 1008 640 1061; x_wconf 90' lang='lat' dir='ltr'><strong>ita</strong></span> <span class='ocrx_word' id='word_1_50' title='bbox 676 1009 838 1063; x_wconf 90' lang='lat' dir='ltr'><strong>etiam</strong></span> <span class='ocrx_word' id='word_1_51' title='bbox 877 1017 986 1063; x_wconf 90' lang='lat' dir='ltr'><strong>tota</strong></span> <span class='ocrx_word' id='word_1_52' title='bbox 1035 1007 1152 1078; x_wconf 84' lang='lat' dir='ltr'><strong>ejus</strong></span> <span class='ocrx_word' id='word_1_53' title='bbox 1196 1010 1366 1064; x_wconf 89' lang='lat' dir='ltr'><strong>series</strong></span> <span class='ocrx_word' id='word_1_54' title='bbox 1410 1011 1607 1066; x_wconf 86' lang='lat' dir='ltr'><strong>divinis</strong></span> <span class='ocrx_word' id='word_1_55' title='bbox 1659 1017 1800 1065; x_wconf 85' lang='lat' dir='ltr'><strong>esset</strong></span> 
     </span>
    </p>
   </div>
   <div class='ocr_carea' id='block_1_10' title="bbox 225 1097 714 1169">
    <p class='ocr_par' dir='ltr' id='par_1_10' title="bbox 225 1097 714 1169">
     <span class='ocr_line' id='line_1_10' title="bbox 225 1097 714 1169; baseline 0.004 -19"><span class='ocrx_word' id='word_1_56' title='bbox 225 1097 384 1169; x_wconf 87' lang='lat' dir='ltr'><strong>plena</strong></span> <span class='ocrx_word' id='word_1_57' title='bbox 423 1099 714 1168; x_wconf 78' lang='lat' dir='ltr'><strong>mysteriis.</strong></span> 
     </span>
    </p>
   </div>
   <div class='ocr_carea' id='block_1_11' title="bbox 297 1189 1798 1260">
    <p class='ocr_par' dir='ltr' id='par_1_11' title="bbox 297 1189 1798 1260">
     <span class='ocr_line' id='line_1_11' title="bbox 297 1189 1798 1260; baseline 0.002 -17"><span class='ocrx_word' id='word_1_58' title='bbox 297 1189 472 1254; x_wconf 86' lang='lat' dir='ltr'><strong>lllum,</strong></span> <span class='ocrx_word' id='word_1_59' title='bbox 527 1189 784 1258; x_wconf 91' lang='lat' dir='ltr'><strong>inquam,</strong></span> <span class='ocrx_word' id='word_1_60' title='bbox 828 1190 1085 1260; x_wconf 84' lang='lat' dir='ltr'><strong>hymnum</strong></span> <span class='ocrx_word' id='word_1_61' title='bbox 1134 1198 1260 1245; x_wconf 84' lang='lat' dir='ltr'><strong>ante</strong></span> <span class='ocrx_word' id='word_1_62' title='bbox 1322 1192 1644 1246; x_wconf 82' lang='lat' dir='ltr'><strong>sacriﬁcium</strong></span> <span class='ocrx_word' id='word_1_63' title='bbox 1693 1191 1798 1247; x_wconf 89' lang='lat' dir='ltr'><strong>dici</strong></span> 
     </span>
    </p>
   </div>
   <div class='ocr_carea' id='block_1_12' title="bbox 223 1280 1801 1351">
    <p class='ocr_par' dir='ltr' id='par_1_12' title="bbox 223 1280 1801 1351">
     <span class='ocr_line' id='line_1_12' title="bbox 223 1280 1801 1351; baseline 0.001 -17"><span class='ocrx_word' id='word_1_64' title='bbox 223 1280 610 1351; x_wconf 80' lang='lat' dir='ltr'><strong>Telesphorus,</strong></span> <span class='ocrx_word' id='word_1_65' title='bbox 650 1295 824 1335; x_wconf 89' lang='lat' dir='ltr'><strong>nonus</strong></span> <span class='ocrx_word' id='word_1_66' title='bbox 847 1281 1213 1335; x_wconf 78' lang='lat' dir='ltr'><strong>Romanorum</strong></span> <span class='ocrx_word' id='word_1_67' title='bbox 1243 1280 1457 1350; x_wconf 74' lang='lat' dir='ltr'><strong>praesul,</strong></span> <span class='ocrx_word' id='word_1_68' title='bbox 1497 1282 1801 1348; x_wconf 84' lang='lat' dir='ltr'><strong>constituit,</strong></span> 
     </span>
    </p>
   </div>
   <div class='ocr_carea' id='block_1_13' title="bbox 222 1372 1800 1444">
    <p class='ocr_par' dir='ltr' id='par_1_13' title="bbox 222 1372 1800 1444">
     <span class='ocr_line' id='line_1_13' title="bbox 222 1372 1800 1444; baseline 0.001 -18"><span class='ocrx_word' id='word_1_69' title='bbox 222 1381 288 1427; x_wconf 90' lang='lat' dir='ltr'><strong>ut</strong></span> <span class='ocrx_word' id='word_1_70' title='bbox 309 1373 374 1426; x_wconf 89' lang='lat' dir='ltr'><strong>ad</strong></span> <span class='ocrx_word' id='word_1_71' title='bbox 402 1383 561 1426; x_wconf 81' lang='lat' dir='ltr'><strong>tantae</strong></span> <span class='ocrx_word' id='word_1_72' title='bbox 586 1373 886 1428; x_wconf 84' lang='lat' dir='ltr'><strong>sanctitatis</strong></span> <span class='ocrx_word' id='word_1_73' title='bbox 912 1372 1330 1428; x_wconf 81' lang='lat' dir='ltr'><strong>celebrationem</strong></span> <span class='ocrx_word' id='word_1_74' title='bbox 1351 1382 1800 1444; x_wconf 85' lang='lat' dir='ltr'><strong>congregatorum</strong></span> 
     </span>
    </p>
   </div>
   <div class='ocr_carea' id='block_1_14' title="bbox 218 1464 1797 1535">
    <p class='ocr_par' dir='ltr' id='par_1_14' title="bbox 218 1464 1797 1535">
     <span class='ocr_line' id='line_1_14' title="bbox 218 1464 1797 1535; baseline 0.001 -17"><span class='ocrx_word' id='word_1_75' title='bbox 218 1465 390 1519; x_wconf 82' lang='lat' dir='ltr'><strong>animi</strong></span> <span class='ocrx_word' id='word_1_76' title='bbox 416 1465 670 1535; x_wconf 75' lang='lat' dir='ltr'><strong>angelica:</strong></span> <span class='ocrx_word' id='word_1_77' title='bbox 697 1464 1078 1519; x_wconf 80' lang='lat' dir='ltr'><strong>modulationis</strong></span> <span class='ocrx_word' id='word_1_78' title='bbox 1106 1464 1388 1520; x_wconf 85' lang='lat' dir='ltr'><strong>dulcedine</strong></span> <span class='ocrx_word' id='word_1_79' title='bbox 1415 1466 1797 1521; x_wconf 87' lang='lat' dir='ltr'><strong>mulcerentur.</strong></span> 
     </span>
    </p>
   </div>
   <div class='ocr_carea' id='block_1_15' title="bbox 218 1552 1803 1626">
    <p class='ocr_par' dir='ltr' id='par_1_15' title="bbox 218 1552 1803 1626">
     <span class='ocr_line' id='line_1_15' title="bbox 218 1552 1803 1626; baseline 0.004 -20"><span class='ocrx_word' id='word_1_80' title='bbox 218 1552 333 1607; x_wconf 87' lang='lat' dir='ltr'><strong>Sed</strong></span> <span class='ocrx_word' id='word_1_81' title='bbox 361 1553 413 1607; x_wconf 94' lang='lat' dir='ltr'><strong>in</strong></span> <span class='ocrx_word' id='word_1_82' title='bbox 454 1554 556 1608; x_wconf 87' lang='lat' dir='ltr'><strong>hoc</strong></span> <span class='ocrx_word' id='word_1_83' title='bbox 590 1553 706 1609; x_wconf 86' lang='lat' dir='ltr'><strong>loco</strong></span> <span class='ocrx_word' id='word_1_84' title='bbox 731 1555 1100 1623; x_wconf 70' lang='lat' dir='ltr'><strong>quaaripotest</strong></span> <span class='ocrx_word' id='word_1_85' title='bbox 1127 1569 1141 1607; x_wconf 88' lang='lat'><strong>:</strong></span> <span class='ocrx_word' id='word_1_86' title='bbox 1171 1553 1226 1608; x_wconf 89' lang='lat' dir='ltr'><strong>Si</strong></span> <span class='ocrx_word' id='word_1_87' title='bbox 1256 1555 1396 1608; x_wconf 92' lang='lat' dir='ltr'><strong>idem</strong></span> <span class='ocrx_word' id='word_1_88' title='bbox 1435 1557 1664 1626; x_wconf 85' lang='lat' dir='ltr'><strong>hymnus</strong></span> <span class='ocrx_word' id='word_1_89' title='bbox 1703 1557 1803 1611; x_wconf 91' lang='lat' dir='ltr'><strong>hu-</strong></span> 
     </span>
    </p>
   </div>
   <div class='ocr_carea' id='block_1_16' title="bbox 213 1645 1797 1716">
    <p class='ocr_par' dir='ltr' id='par_1_16' title="bbox 213 1645 1797 1716">
     <span class='ocr_line' id='line_1_16' title="bbox 213 1645 1797 1716; baseline 0.004 -20"><span class='ocrx_word' id='word_1_90' title='bbox 213 1646 309 1715; x_wconf 86' lang='lat' dir='ltr'><strong>jus</strong></span> <span class='ocrx_word' id='word_1_91' title='bbox 355 1659 504 1715; x_wconf 69' lang='lat' dir='ltr'><strong>papae</strong></span> <span class='ocrx_word' id='word_1_92' title='bbox 544 1646 877 1713; x_wconf 85' lang='lat' dir='ltr'><strong>temporibus</strong></span> <span class='ocrx_word' id='word_1_93' title='bbox 923 1654 1051 1699; x_wconf 86' lang='lat' dir='ltr'><strong>ante</strong></span> <span class='ocrx_word' id='word_1_94' title='bbox 1097 1645 1421 1700; x_wconf 78' lang='lat' dir='ltr'><strong>sacriﬁcium</strong></span> <span class='ocrx_word' id='word_1_95' title='bbox 1467 1647 1632 1716; x_wconf 66' lang='lat' dir='ltr'><strong>cepit</strong></span> <span class='ocrx_word' id='word_1_96' title='bbox 1671 1647 1797 1712; x_wconf 91' lang='lat' dir='ltr'><strong>dici,</strong></span> 
     </span>
    </p>
   </div>
   <div class='ocr_carea' id='block_1_17' title="bbox 219 1736 1801 1810">
    <p class='ocr_par' dir='ltr' id='par_1_17' title="bbox 219 1736 1801 1810">
     <span class='ocr_line' id='line_1_17' title="bbox 219 1736 1801 1810; baseline 0.002 -18"><span class='ocrx_word' id='word_1_97' title='bbox 219 1753 324 1792; x_wconf 76' lang='lat' dir='ltr'><strong>cur</strong></span> <span class='ocrx_word' id='word_1_98' title='bbox 359 1736 520 1808; x_wconf 83' lang='lat' dir='ltr'><strong>longe</strong></span> <span class='ocrx_word' id='word_1_99' title='bbox 549 1747 788 1808; x_wconf 87' lang='lat' dir='ltr'><strong>tempore</strong></span> <span class='ocrx_word' id='word_1_100' title='bbox 828 1746 953 1808; x_wconf 84' lang='lat' dir='ltr'><strong>post</strong></span> <span class='ocrx_word' id='word_1_101' title='bbox 987 1738 1086 1793; x_wconf 89' lang='lat' dir='ltr'><strong>sub</strong></span> <span class='ocrx_word' id='word_1_102' title='bbox 1109 1737 1403 1793; x_wconf 74' lang='lat' dir='ltr'><strong>Ctelestino</strong></span> <span class='ocrx_word' id='word_1_103' title='bbox 1444 1738 1656 1810; x_wconf 77' lang='lat' dir='ltr'><strong>legatur</strong></span> <span class='ocrx_word' id='word_1_104' title='bbox 1682 1749 1801 1795; x_wconf 86' lang='lat' dir='ltr'><strong>tan-</strong></span> 
     </span>
    </p>
   </div>
   <div class='ocr_carea' id='block_1_18' title="bbox 218 1828 1802 1908">
    <p class='ocr_par' dir='ltr' id='par_1_18' title="bbox 218 1828 1802 1908">
     <span class='ocr_line' id='line_1_18' title="bbox 218 1828 1802 1908; baseline 0.003 -28"><span class='ocrx_word' id='word_1_105' title='bbox 218 1838 337 1882; x_wconf 89' lang='lat' dir='ltr'><strong>tum</strong></span> <span class='ocrx_word' id='word_1_106' title='bbox 367 1837 493 1908; x_wconf 82' lang='lat' dir='ltr'><strong>ante</strong></span> <span class='ocrx_word' id='word_1_107' title='bbox 515 1828 841 1883; x_wconf 81' lang='lat' dir='ltr'><strong>sacriﬁcium</strong></span> <span class='ocrx_word' id='word_1_108' title='bbox 872 1829 1153 1884; x_wconf 89' lang='lat' dir='ltr'><strong>lectionem</strong></span> <span class='ocrx_word' id='word_1_109' title='bbox 1193 1828 1432 1899; x_wconf 82' lang='lat' dir='ltr'><strong>Apostoli</strong></span> <span class='ocrx_word' id='word_1_110' title='bbox 1469 1839 1525 1884; x_wconf 93' lang='lat' dir='ltr'><strong>et</strong></span> <span class='ocrx_word' id='word_1_111' title='bbox 1561 1829 1802 1901; x_wconf 86' lang='lat' dir='ltr'><strong>Evange-</strong></span> 
     </span>
    </p>
   </div>
   <div class='ocr_carea' id='block_1_19' title="bbox 1902 649 3476 723">
    <p class='ocr_par' dir='ltr' id='par_1_19' title="bbox 1902 649 3476 723">
     <span class='ocr_line' id='line_1_19' title="bbox 1902 649 3476 723; baseline 0.006 -19"><span class='ocrx_word' id='word_1_112' title='bbox 1902 649 1957 704; x_wconf 88' lang='lat' dir='ltr'><strong>in</strong></span> <span class='ocrx_word' id='word_1_113' title='bbox 1987 659 2296 706; x_wconf 90' lang='lat' dir='ltr'><strong>sanctorum</strong></span> <span class='ocrx_word' id='word_1_114' title='bbox 2325 651 2567 708; x_wconf 48' lang='lat' dir='ltr'><strong>&#39;Pat‘rum</strong></span> <span class='ocrx_word' id='word_1_115' title='bbox 2622 650 2882 723; x_wconf 78' lang='lat' dir='ltr'><strong>exemplis</strong></span> <span class='ocrx_word' id='word_1_116' title='bbox 2933 653 3300 723; x_wconf 80' lang='lat' dir='ltr'><strong>agnoscimus,</strong></span> <span class='ocrx_word' id='word_1_117' title='bbox 3349 657 3476 714; x_wconf 92' lang='lat' dir='ltr'><strong>dum</strong></span> 
     </span>
    </p>
   </div>
   <div class='ocr_carea' id='block_1_20' title="bbox 1902 737 3480 818">
    <p class='ocr_par' dir='ltr' id='par_1_20' title="bbox 1902 737 3480 818">
     <span class='ocr_line' id='line_1_20' title="bbox 1902 737 3480 818; baseline 0.007 -26"><span class='ocrx_word' id='word_1_118' title='bbox 1902 737 1992 794; x_wconf 89' lang='lat' dir='ltr'><strong>alii</strong></span> <span class='ocrx_word' id='word_1_119' title='bbox 2049 740 2182 796; x_wconf 85' lang='lat' dir='ltr'><strong>alios</strong></span> <span class='ocrx_word' id='word_1_120' title='bbox 2220 741 2643 805; x_wconf 61' lang='lat' dir='ltr'><strong>honoriﬁcentia</strong></span> <span class='ocrx_word' id='word_1_121' title='bbox 2695 757 2860 797; x_wconf 88' lang='lat' dir='ltr'><strong>causa</strong></span> <span class='ocrx_word' id='word_1_122' title='bbox 2908 744 3182 800; x_wconf 86' lang='lat' dir='ltr'><strong>orationes</strong></span> <span class='ocrx_word' id='word_1_123' title='bbox 3229 745 3480 818; x_wconf 81' lang='lat' dir='ltr'><strong>colligere</strong></span> 
     </span>
    </p>
   </div>
   <div class='ocr_carea' id='block_1_21' title="bbox 1875 830 3482 904">
    <p class='ocr_par' dir='ltr' id='par_1_21' title="bbox 1875 830 3482 904">
     <span class='ocr_line' id='line_1_21' title="bbox 1875 830 3482 904; baseline 0.007 -23"><span class='ocrx_word' id='word_1_124' title='bbox 1875 830 2262 898; x_wconf 84' lang='lat' dir='ltr'><strong>postulabant.</strong></span> <span class='ocrx_word' id='word_1_125' title='bbox 2312 831 2380 892; x_wconf 81' lang='lat' dir='ltr'><strong>Et</strong></span> <span class='ocrx_word' id='word_1_126' title='bbox 2428 832 2754 888; x_wconf 78' lang='lat' dir='ltr'><strong>venerabilis</strong></span> <span class='ocrx_word' id='word_1_127' title='bbox 2781 833 2971 887; x_wconf 82' lang='lat' dir='ltr'><strong>doctor</strong></span> <span class='ocrx_word' id='word_1_128' title='bbox 3019 833 3373 904; x_wconf 83' lang='lat' dir='ltr'><strong>Augustinus,</strong></span> <span class='ocrx_word' id='word_1_129' title='bbox 3425 840 3482 893; x_wconf 87' lang='lat' dir='ltr'><strong>in</strong></span> 
     </span>
    </p>
   </div>
   <div class='ocr_carea' id='block_1_22' title="bbox 1903 918 3471 991">
    <p class='ocr_par' dir='ltr' id='par_1_22' title="bbox 1903 918 3471 991">
     <span class='ocr_line' id='line_1_22' title="bbox 1903 918 3471 991; baseline 0.008 -22"><span class='ocrx_word' id='word_1_130' title='bbox 1903 918 2224 986; x_wconf 88' lang='lat' dir='ltr'><strong>quibusdam</strong></span> <span class='ocrx_word' id='word_1_131' title='bbox 2262 920 2601 974; x_wconf 85' lang='lat' dir='ltr'><strong>sermonibus</strong></span> <span class='ocrx_word' id='word_1_132' title='bbox 2650 920 2762 975; x_wconf 88' lang='lat' dir='ltr'><strong>suis</strong></span> <span class='ocrx_word' id='word_1_133' title='bbox 2787 921 2854 975; x_wconf 90' lang='lat' dir='ltr'><strong>ad</strong></span> <span class='ocrx_word' id='word_1_134' title='bbox 2885 921 3164 991; x_wconf 86' lang='lat' dir='ltr'><strong>populum,</strong></span> <span class='ocrx_word' id='word_1_135' title='bbox 3195 925 3267 978; x_wconf 91' lang='lat' dir='ltr'><strong>ita</strong></span> <span class='ocrx_word' id='word_1_136' title='bbox 3297 927 3471 982; x_wconf 80' lang='lat' dir='ltr'><strong>termi-</strong></span> 
     </span>
    </p>
   </div>
   <div class='ocr_carea' id='block_1_23' title="bbox 1903 1007 3480 1079">
    <p class='ocr_par' dir='ltr' id='par_1_23' title="bbox 1903 1007 3480 1079">
     <span class='ocr_line' id='line_1_23' title="bbox 1903 1007 3480 1079; baseline 0.006 -17"><span class='ocrx_word' id='word_1_137' title='bbox 1903 1007 2052 1062; x_wconf 81' lang='lat' dir='ltr'><strong>navit</strong></span> <span class='ocrx_word' id='word_1_138' title='bbox 2095 1008 2442 1075; x_wconf 90' lang='lat' dir='ltr'><strong>locutionem,</strong></span> <span class='ocrx_word' id='word_1_139' title='bbox 2480 1018 2542 1064; x_wconf 89' lang='lat' dir='ltr'><strong>ut</strong></span> <span class='ocrx_word' id='word_1_140' title='bbox 2577 1011 2780 1065; x_wconf 84' lang='lat' dir='ltr'><strong>diceret</strong></span> <span class='ocrx_word' id='word_1_141' title='bbox 2814 1020 3081 1079; x_wconf 77' lang='lat' dir='ltr'><strong>extremo,</strong></span> <span class='ocrx_word' id='word_1_142' title='bbox 3125 1013 3370 1070; x_wconf 84' lang='lat' dir='ltr'><strong>Conversi</strong></span> <span class='ocrx_word' id='word_1_143' title='bbox 3413 1018 3480 1071; x_wconf 79' lang='lat' dir='ltr'><strong>ad</strong></span> 
     </span>
    </p>
   </div>
   <div class='ocr_carea' id='block_1_24' title="bbox 1907 1099 3480 1172">
    <p class='ocr_par' dir='ltr' id='par_1_24' title="bbox 1907 1099 3480 1172">
     <span class='ocr_line' id='line_1_24' title="bbox 1907 1099 3480 1172; baseline 0.007 -20"><span class='ocrx_word' id='word_1_144' title='bbox 1907 1099 2206 1154; x_wconf 86' lang='lat' dir='ltr'><strong>Dominum.</strong></span> <span class='ocrx_word' id='word_1_145' title='bbox 2255 1101 2356 1157; x_wconf 87' lang='lat' dir='ltr'><strong>Ubi</strong></span> <span class='ocrx_word' id='word_1_146' title='bbox 2400 1101 2712 1172; x_wconf 75' lang='lat' dir='ltr'><strong>intelligitur</strong></span> <span class='ocrx_word' id='word_1_147' title='bbox 2763 1105 3006 1159; x_wconf 86' lang='lat' dir='ltr'><strong>oratione</strong></span> <span class='ocrx_word' id='word_1_148' title='bbox 3034 1105 3206 1160; x_wconf 90' lang='lat' dir='ltr'><strong>subita</strong></span> <span class='ocrx_word' id='word_1_149' title='bbox 3238 1122 3480 1163; x_wconf 60' lang='lat' dir='ltr'><strong>continuo</strong></span> 
     </span>
    </p>
   </div>
   <div class='ocr_carea' id='block_1_25' title="bbox 1902 1190 3480 1259">
    <p class='ocr_par' dir='ltr' id='par_1_25' title="bbox 1902 1190 3480 1259">
     <span class='ocr_line' id='line_1_25' title="bbox 1902 1190 3480 1259; baseline 0.006 -16"><span class='ocrx_word' id='word_1_150' title='bbox 1902 1204 2025 1244; x_wconf 90' lang='lat' dir='ltr'><strong>nem</strong></span> <span class='ocrx_word' id='word_1_151' title='bbox 2055 1190 2367 1259; x_wconf 87' lang='lat' dir='ltr'><strong>petitionem</strong></span> <span class='ocrx_word' id='word_1_152' title='bbox 2404 1191 2472 1245; x_wconf 89' lang='lat' dir='ltr'><strong>ad</strong></span> <span class='ocrx_word' id='word_1_153' title='bbox 2503 1192 2786 1246; x_wconf 88' lang='lat' dir='ltr'><strong>Dominum</strong></span> <span class='ocrx_word' id='word_1_154' title='bbox 2807 1192 3068 1248; x_wconf 78' lang='lat' dir='ltr'><strong>direxisse</strong></span> <span class='ocrx_word' id='word_1_155' title='bbox 3100 1214 3112 1248; x_wconf 88' lang='lat'><strong>:</strong></span> <span class='ocrx_word' id='word_1_156' title='bbox 3147 1196 3286 1252; x_wconf 88' lang='lat' dir='ltr'><strong>sicut</strong></span> <span class='ocrx_word' id='word_1_157' title='bbox 3316 1198 3480 1252; x_wconf 86' lang='lat' dir='ltr'><strong>etiam</strong></span> 
     </span>
    </p>
   </div>
   <div class='ocr_carea' id='block_1_26' title="bbox 1901 1279 3478 1343">
    <p class='ocr_par' dir='ltr' id='par_1_26' title="bbox 1901 1279 3478 1343">
     <span class='ocr_line' id='line_1_26' title="bbox 1901 1279 3478 1343; baseline 0.008 -12"><span class='ocrx_word' id='word_1_158' title='bbox 1901 1292 2045 1332; x_wconf 90' lang='lat' dir='ltr'><strong>nunc</strong></span> <span class='ocrx_word' id='word_1_159' title='bbox 2073 1279 2246 1334; x_wconf 82' lang='lat' dir='ltr'><strong>solent</strong></span> <span class='ocrx_word' id='word_1_160' title='bbox 2273 1281 2583 1336; x_wconf 85' lang='lat' dir='ltr'><strong>sacerdotes</strong></span> <span class='ocrx_word' id='word_1_161' title='bbox 2612 1281 2666 1335; x_wconf 93' lang='lat' dir='ltr'><strong>in</strong></span> <span class='ocrx_word' id='word_1_162' title='bbox 2713 1283 3153 1341; x_wconf 90' lang='lat' dir='ltr'><strong>conclusionibus</strong></span> <span class='ocrx_word' id='word_1_163' title='bbox 3198 1299 3478 1343; x_wconf 67' lang='lat' dir='ltr'><strong>nocturnae</strong></span> 
     </span>
    </p>
   </div>
   <div class='ocr_carea' id='block_1_27' title="bbox 1902 1371 3483 1454">
    <p class='ocr_par' dir='ltr' id='par_1_27' title="bbox 1902 1371 3483 1454">
     <span class='ocr_line' id='line_1_27' title="bbox 1902 1371 3483 1454; baseline 0.006 -31"><span class='ocrx_word' id='word_1_164' title='bbox 1902 1371 2223 1454; x_wconf 68' lang='lat' dir='ltr'><strong>veldiurnte1</strong></span> <span class='ocrx_word' id='word_1_165' title='bbox 2255 1389 2540 1445; x_wconf 79' lang='lat' dir='ltr'><strong>synaxeos,</strong></span> <span class='ocrx_word' id='word_1_166' title='bbox 2571 1375 2844 1431; x_wconf 89' lang='lat' dir='ltr'><strong>orationes</strong></span> <span class='ocrx_word' id='word_1_167' title='bbox 2887 1377 3102 1443; x_wconf 83' lang='lat' dir='ltr'><strong>breves,</strong></span> <span class='ocrx_word' id='word_1_168' title='bbox 3147 1379 3201 1434; x_wconf 90' lang='lat' dir='ltr'><strong>id</strong></span> <span class='ocrx_word' id='word_1_169' title='bbox 3240 1389 3324 1435; x_wconf 91' lang='lat' dir='ltr'><strong>est</strong></span> <span class='ocrx_word' id='word_1_170' title='bbox 3359 1379 3483 1435; x_wconf 90' lang='lat' dir='ltr'><strong>Col-</strong></span> 
     </span>
    </p>
   </div>
   <div class='ocr_carea' id='block_1_28' title="bbox 1900 1459 3476 1534">
    <p class='ocr_par' dir='ltr' id='par_1_28' title="bbox 1900 1459 3476 1534">
     <span class='ocr_line' id='line_1_28' title="bbox 1900 1459 3476 1534; baseline 0.004 -21"><span class='ocrx_word' id='word_1_171' title='bbox 1900 1459 2089 1526; x_wconf 84' lang='lat' dir='ltr'><strong>lectas,</strong></span> <span class='ocrx_word' id='word_1_172' title='bbox 2137 1463 2492 1534; x_wconf 90' lang='lat' dir='ltr'><strong>subjungere,</strong></span> <span class='ocrx_word' id='word_1_173' title='bbox 2540 1473 2664 1519; x_wconf 90' lang='lat' dir='ltr'><strong>sunt</strong></span> <span class='ocrx_word' id='word_1_174' title='bbox 2709 1465 2856 1519; x_wconf 91' lang='lat' dir='ltr'><strong>enim</strong></span> <span class='ocrx_word' id='word_1_175' title='bbox 2899 1464 3034 1522; x_wconf 89' lang='lat' dir='ltr'><strong>tales</strong></span> <span class='ocrx_word' id='word_1_176' title='bbox 3087 1474 3145 1520; x_wconf 94' lang='lat' dir='ltr'><strong>ut</strong></span> <span class='ocrx_word' id='word_1_177' title='bbox 3190 1482 3296 1522; x_wconf 90' lang='lat' dir='ltr'><strong>non</strong></span> <span class='ocrx_word' id='word_1_178' title='bbox 3350 1466 3476 1522; x_wconf 89' lang='lat' dir='ltr'><strong>alibi</strong></span> 
     </span>
    </p>
   </div>
   <div class='ocr_carea' id='block_1_29' title="bbox 1900 1552 3473 1619">
    <p class='ocr_par' dir='ltr' id='par_1_29' title="bbox 1900 1552 3473 1619">
     <span class='ocr_line' id='line_1_29' title="bbox 1900 1552 3473 1619; baseline 0.005 -17"><span class='ocrx_word' id='word_1_179' title='bbox 1900 1565 2062 1619; x_wconf 89' lang='lat' dir='ltr'><strong>quam</strong></span> <span class='ocrx_word' id='word_1_180' title='bbox 2095 1552 2237 1608; x_wconf 87' lang='lat' dir='ltr'><strong>circa</strong></span> <span class='ocrx_word' id='word_1_181' title='bbox 2287 1555 2541 1610; x_wconf 74' lang='lat' dir='ltr'><strong>sacriﬁcii</strong></span> <span class='ocrx_word' id='word_1_182' title='bbox 2580 1555 2999 1611; x_wconf 88' lang='lat' dir='ltr'><strong>celebrationem</strong></span> <span class='ocrx_word' id='word_1_183' title='bbox 3055 1558 3162 1612; x_wconf 90' lang='lat' dir='ltr'><strong>sint</strong></span> <span class='ocrx_word' id='word_1_184' title='bbox 3212 1557 3473 1614; x_wconf 62' lang='lat' dir='ltr'><strong>dicendae.</strong></span> 
     </span>
    </p>
   </div>
   <div class='ocr_carea' id='block_1_30' title="bbox 1903 1637 3478 1713">
    <p class='ocr_par' dir='ltr' id='par_1_30' title="bbox 1903 1637 3478 1713">
     <span class='ocr_line' id='line_1_30' title="bbox 1903 1637 3478 1713; baseline 0.006 -20"><span class='ocrx_word' id='word_1_185' title='bbox 1903 1637 2040 1695; x_wconf 91' lang='lat' dir='ltr'><strong>Sunt</strong></span> <span class='ocrx_word' id='word_1_186' title='bbox 2069 1656 2196 1696; x_wconf 91' lang='lat' dir='ltr'><strong>vero</strong></span> <span class='ocrx_word' id='word_1_187' title='bbox 2227 1642 2341 1697; x_wconf 63' lang='lat' dir='ltr'><strong>alia:</strong></span> <span class='ocrx_word' id='word_1_188' title='bbox 2368 1645 2563 1713; x_wconf 83' lang='lat' dir='ltr'><strong>quibus</strong></span> <span class='ocrx_word' id='word_1_189' title='bbox 2604 1653 2660 1700; x_wconf 88' lang='lat' dir='ltr'><strong>et</strong></span> <span class='ocrx_word' id='word_1_190' title='bbox 2713 1645 2764 1699; x_wconf 91' lang='lat' dir='ltr'><strong>in</strong></span> <span class='ocrx_word' id='word_1_191' title='bbox 2805 1645 2982 1701; x_wconf 82' lang='lat' dir='ltr'><strong>cilicio</strong></span> <span class='ocrx_word' id='word_1_192' title='bbox 3029 1647 3228 1712; x_wconf 76' lang='lat' dir='ltr'><strong>missae,</strong></span> <span class='ocrx_word' id='word_1_193' title='bbox 3279 1657 3335 1702; x_wconf 91' lang='lat' dir='ltr'><strong>et</strong></span> <span class='ocrx_word' id='word_1_194' title='bbox 3369 1663 3478 1704; x_wconf 77' lang='lat' dir='ltr'><strong>non</strong></span> 
     </span>
    </p>
   </div>
   <div class='ocr_carea' id='block_1_31' title="bbox 1902 1731 3473 1804">
    <p class='ocr_par' dir='ltr' id='par_1_31' title="bbox 1902 1731 3473 1804">
     <span class='ocr_line' id='line_1_31' title="bbox 1902 1731 3473 1804; baseline 0.007 -21"><span class='ocrx_word' id='word_1_195' title='bbox 1902 1731 2082 1787; x_wconf 90' lang='lat' dir='ltr'><strong>minus</strong></span> <span class='ocrx_word' id='word_1_196' title='bbox 2104 1733 2304 1789; x_wconf 87' lang='lat' dir='ltr'><strong>inaliis</strong></span> <span class='ocrx_word' id='word_1_197' title='bbox 2326 1734 2460 1790; x_wconf 91' lang='lat' dir='ltr'><strong>locis</strong></span> <span class='ocrx_word' id='word_1_198' title='bbox 2484 1749 2771 1804; x_wconf 89' lang='lat' dir='ltr'><strong>possumus</strong></span> <span class='ocrx_word' id='word_1_199' title='bbox 2799 1736 2896 1790; x_wconf 91' lang='lat' dir='ltr'><strong>uti.</strong></span> <span class='ocrx_word' id='word_1_200' title='bbox 2936 1733 3225 1792; x_wconf 88' lang='lat' dir='ltr'><strong>Crescente</strong></span> <span class='ocrx_word' id='word_1_201' title='bbox 3272 1746 3473 1802; x_wconf 89' lang='lat' dir='ltr'><strong>autem,</strong></span> 
     </span>
    </p>
   </div>
   <div class='ocr_carea' id='block_1_32' title="bbox 1901 1823 3476 1898">
    <p class='ocr_par' dir='ltr' id='par_1_32' title="bbox 1901 1823 3476 1898">
     <span class='ocr_line' id='line_1_32' title="bbox 1901 1823 3476 1898; baseline 0.004 -20"><span class='ocrx_word' id='word_1_202' title='bbox 1901 1823 2043 1878; x_wconf 89' lang='lat' dir='ltr'><strong>sicut</strong></span> <span class='ocrx_word' id='word_1_203' title='bbox 2065 1826 2432 1894; x_wconf 75' lang='lat' dir='ltr'><strong>praediximus,</strong></span> <span class='ocrx_word' id='word_1_204' title='bbox 2475 1827 2752 1898; x_wconf 84' lang='lat' dir='ltr'><strong>religionis</strong></span> <span class='ocrx_word' id='word_1_205' title='bbox 2781 1827 2926 1882; x_wconf 92' lang='lat' dir='ltr'><strong>cultu</strong></span> <span class='ocrx_word' id='word_1_206' title='bbox 2955 1828 3167 1893; x_wconf 85' lang='lat' dir='ltr'><strong>divinae,</strong></span> <span class='ocrx_word' id='word_1_207' title='bbox 3196 1829 3476 1886; x_wconf 86' lang='lat' dir='ltr'><strong>crescebat</strong></span> 
     </span>
    </p>
   </div>
   <div class='ocr_carea' id='block_1_33' title="bbox 212 1915 3476 1993">
    <p class='ocr_par' dir='ltr' id='par_1_33' title="bbox 212 1915 3476 1993">
     <span class='ocr_line' id='line_1_33' title="bbox 212 1915 3476 1993; baseline 0 -18"><span class='ocrx_word' id='word_1_208' title='bbox 212 1921 350 1975; x_wconf 84' lang='lat' dir='ltr'><strong>lium</strong></span> <span class='ocrx_word' id='word_1_209' title='bbox 380 1922 742 1991; x_wconf 61' lang='lat' dir='ltr'><strong>praecessisse,</strong></span> <span class='ocrx_word' id='word_1_210' title='bbox 772 1930 830 1976; x_wconf 93' lang='lat' dir='ltr'><strong>ut</strong></span> <span class='ocrx_word' id='word_1_211' title='bbox 867 1921 958 1976; x_wconf 89' lang='lat' dir='ltr'><strong>ille</strong></span> <span class='ocrx_word' id='word_1_212' title='bbox 1001 1923 1309 1977; x_wconf 88' lang='lat' dir='ltr'><strong>necessario</strong></span> <span class='ocrx_word' id='word_1_213' title='bbox 1338 1921 1404 1977; x_wconf 89' lang='lat' dir='ltr'><strong>de</strong></span> <span class='ocrx_word' id='word_1_214' title='bbox 1433 1922 1652 1993; x_wconf 89' lang='lat' dir='ltr'><strong>psalmis</strong></span> <span class='ocrx_word' id='word_1_215' title='bbox 1693 1923 1796 1977; x_wconf 84' lang='lat' dir='ltr'><strong>Da-</strong></span> <span class='ocrx_word' id='word_1_216' title='bbox 1825 1929 1875 1990; x_wconf 79' lang='grc' dir='ltr'><strong>Β</strong></span> <span class='ocrx_word' id='word_1_217' title='bbox 1901 1915 2062 1970; x_wconf 86' lang='lat' dir='ltr'><strong>etiam</strong></span> <span class='ocrx_word' id='word_1_218' title='bbox 2112 1916 2370 1986; x_wconf 89' lang='lat' dir='ltr'><strong>paulatim</strong></span> <span class='ocrx_word' id='word_1_219' title='bbox 2423 1919 2730 1974; x_wconf 90' lang='lat' dir='ltr'><strong>orationum</strong></span> <span class='ocrx_word' id='word_1_220' title='bbox 2786 1927 2842 1972; x_wconf 93' lang='lat' dir='ltr'><strong>et</strong></span> <span class='ocrx_word' id='word_1_221' title='bbox 2879 1915 3171 1974; x_wconf 74' lang='lat' dir='ltr'><strong>ofﬁciorum</strong></span> <span class='ocrx_word' id='word_1_222' title='bbox 3219 1918 3476 1976; x_wconf 78' lang='lat' dir='ltr'><strong>Ecclesia:</strong></span> 
     </span>
    </p>
   </div>
   <div class='ocr_carea' id='block_1_34' title="bbox 212 2011 1791 2082">
    <p class='ocr_par' dir='ltr' id='par_1_34' title="bbox 212 2011 1791 2082">
     <span class='ocr_line' id='line_1_34' title="bbox 212 2011 1791 2082; baseline 0.001 -16"><span class='ocrx_word' id='word_1_223' title='bbox 212 2011 310 2066; x_wconf 68' lang='lat' dir='ltr'><strong>vid</strong></span> <span class='ocrx_word' id='word_1_224' title='bbox 337 2013 660 2081; x_wconf 84' lang='lat' dir='ltr'><strong>antipbonas</strong></span> <span class='ocrx_word' id='word_1_225' title='bbox 687 2028 807 2082; x_wconf 76' lang='lat' dir='ltr'><strong>qua:</strong></span> <span class='ocrx_word' id='word_1_226' title='bbox 828 2021 952 2067; x_wconf 90' lang='lat' dir='ltr'><strong>ante</strong></span> <span class='ocrx_word' id='word_1_227' title='bbox 976 2012 1120 2082; x_wconf 89' lang='lat' dir='ltr'><strong>ipsas</strong></span> <span class='ocrx_word' id='word_1_228' title='bbox 1146 2013 1402 2068; x_wconf 85' lang='lat' dir='ltr'><strong>lcetiones</strong></span> <span class='ocrx_word' id='word_1_229' title='bbox 1423 2022 1791 2082; x_wconf 87' lang='lat' dir='ltr'><strong>cantarentur,</strong></span> 
     </span>
    </p>
   </div>
   <div class='ocr_carea' id='block_1_35' title="bbox 210 2102 1792 2174">
    <p class='ocr_par' dir='ltr' id='par_1_35' title="bbox 210 2102 1792 2174">
     <span class='ocr_line' id='line_1_35' title="bbox 210 2102 1792 2174; baseline 0.002 -18"><span class='ocrx_word' id='word_1_230' title='bbox 210 2102 578 2172; x_wconf 64' lang='lat' dir='ltr'><strong>praaposuisse</strong></span> <span class='ocrx_word' id='word_1_231' title='bbox 613 2103 898 2158; x_wconf 86' lang='lat' dir='ltr'><strong>videatur?</strong></span> <span class='ocrx_word' id='word_1_232' title='bbox 949 2102 1047 2158; x_wconf 86' lang='lat' dir='ltr'><strong>Ubi</strong></span> <span class='ocrx_word' id='word_1_233' title='bbox 1100 2103 1528 2174; x_wconf 88' lang='lat' dir='ltr'><strong>respondendum</strong></span> <span class='ocrx_word' id='word_1_234' title='bbox 1579 2114 1660 2166; x_wconf 86' lang='lat' dir='ltr'><strong>est</strong></span> <span class='ocrx_word' id='word_1_235' title='bbox 1707 2106 1792 2160; x_wconf 88' lang='lat' dir='ltr'><strong>vel</strong></span> 
     </span>
    </p>
   </div>
   <div class='ocr_carea' id='block_1_36' title="bbox 186 2195 1790 2268">
    <p class='ocr_par' dir='ltr' id='par_1_36' title="bbox 186 2195 1790 2268">
     <span class='ocr_line' id='line_1_36' title="bbox 186 2195 1790 2268; baseline 0.002 -19"><span class='ocrx_word' id='word_1_236' title='bbox 186 2195 569 2268; x_wconf 78' lang='lat' dir='ltr'><strong>constitutum</strong></span> <span class='ocrx_word' id='word_1_237' title='bbox 614 2196 826 2267; x_wconf 89' lang='lat' dir='ltr'><strong>quidem</strong></span> <span class='ocrx_word' id='word_1_238' title='bbox 872 2195 1038 2252; x_wconf 82' lang='lat' dir='ltr'><strong>fuisse</strong></span> <span class='ocrx_word' id='word_1_239' title='bbox 1089 2211 1120 2251; x_wconf 90' lang='lat' dir='ltr'><strong>a</strong></span> <span class='ocrx_word' id='word_1_240' title='bbox 1163 2195 1493 2267; x_wconf 87' lang='lat' dir='ltr'><strong>Telesphore</strong></span> <span class='ocrx_word' id='word_1_241' title='bbox 1543 2205 1602 2251; x_wconf 92' lang='lat' dir='ltr'><strong>ut</strong></span> <span class='ocrx_word' id='word_1_242' title='bbox 1650 2198 1790 2253; x_wconf 92' lang='lat' dir='ltr'><strong>idem</strong></span> 
     </span>
    </p>
   </div>
   <div class='ocr_carea' id='block_1_37' title="bbox 208 2287 1794 2358">
    <p class='ocr_par' dir='ltr' id='par_1_37' title="bbox 208 2287 1794 2358">
     <span class='ocr_line' id='line_1_37' title="bbox 208 2287 1794 2358; baseline 0.002 -16"><span class='ocrx_word' id='word_1_243' title='bbox 208 2287 452 2358; x_wconf 79' lang='lat' dir='ltr'><strong>hymnus</strong></span> <span class='ocrx_word' id='word_1_244' title='bbox 497 2287 551 2342; x_wconf 92' lang='lat' dir='ltr'><strong>in</strong></span> <span class='ocrx_word' id='word_1_245' title='bbox 577 2289 752 2357; x_wconf 88' lang='lat' dir='ltr'><strong>capite</strong></span> <span class='ocrx_word' id='word_1_246' title='bbox 792 2288 970 2343; x_wconf 71' lang='lat' dir='ltr'><strong>missa:</strong></span> <span class='ocrx_word' id='word_1_247' title='bbox 1007 2287 1301 2352; x_wconf 84' lang='lat' dir='ltr'><strong>diceretur,</strong></span> <span class='ocrx_word' id='word_1_248' title='bbox 1335 2289 1428 2345; x_wconf 84' lang='lat' dir='ltr'><strong>sed</strong></span> <span class='ocrx_word' id='word_1_249' title='bbox 1456 2290 1594 2358; x_wconf 87' lang='lat' dir='ltr'><strong>apud</strong></span> <span class='ocrx_word' id='word_1_250' title='bbox 1619 2299 1794 2358; x_wconf 87' lang='lat' dir='ltr'><strong>poste-</strong></span> 
     </span>
    </p>
   </div>
   <div class='ocr_carea' id='block_1_38' title="bbox 210 2368 1790 2448">
    <p class='ocr_par' dir='ltr' id='par_1_38' title="bbox 210 2368 1790 2448">
     <span class='ocr_line' id='line_1_38' title="bbox 210 2368 1790 2448; baseline 0.001 -18"><span class='ocrx_word' id='word_1_251' title='bbox 210 2392 309 2432; x_wconf 76' lang='lat' dir='ltr'><strong>ros</strong></span> <span class='ocrx_word' id='word_1_252' title='bbox 337 2377 505 2448; x_wconf 90' lang='lat' dir='ltr'><strong>ipsam</strong></span> <span class='ocrx_word' id='word_1_253' title='bbox 529 2377 643 2445; x_wconf 86' lang='lat' dir='ltr'><strong>ejus</strong></span> <span class='ocrx_word' id='word_1_254' title='bbox 665 2368 1102 2432; x_wconf 88' lang='lat' dir='ltr'><strong>constitutionem</strong></span> <span class='ocrx_word' id='word_1_255' title='bbox 1126 2378 1518 2444; x_wconf 81' lang='lat' dir='ltr'><strong>intermissam,</strong></span> <span class='ocrx_word' id='word_1_256' title='bbox 1550 2379 1722 2433; x_wconf 90' lang='lat' dir='ltr'><strong>donec</strong></span> <span class='ocrx_word' id='word_1_257' title='bbox 1757 2393 1790 2432; x_wconf 92' lang='lat' dir='ltr'><strong>a</strong></span> 
     </span>
    </p>
   </div>
   <div class='ocr_carea' id='block_1_39' title="bbox 208 2466 1787 2538">
    <p class='ocr_par' dir='ltr' id='par_1_39' title="bbox 208 2466 1787 2538">
     <span class='ocr_line' id='line_1_39' title="bbox 208 2466 1787 2538; baseline -0.001 -16"><span class='ocrx_word' id='word_1_258' title='bbox 208 2466 565 2536; x_wconf 85' lang='lat' dir='ltr'><strong>sequentibus</strong></span> <span class='ocrx_word' id='word_1_259' title='bbox 589 2467 796 2538; x_wconf 84' lang='lat' dir='ltr'><strong>plenius</strong></span> <span class='ocrx_word' id='word_1_260' title='bbox 827 2474 968 2521; x_wconf 87' lang='lat' dir='ltr'><strong>totus</strong></span> <span class='ocrx_word' id='word_1_261' title='bbox 994 2467 1128 2521; x_wconf 86' lang='lat' dir='ltr'><strong>ordo</strong></span> <span class='ocrx_word' id='word_1_262' title='bbox 1150 2467 1326 2522; x_wconf 77' lang='lat' dir='ltr'><strong>missae</strong></span> <span class='ocrx_word' id='word_1_263' title='bbox 1342 2477 1787 2537; x_wconf 86' lang='lat' dir='ltr'><strong>componeretur:</strong></span> 
     </span>
    </p>
   </div>
   <div class='ocr_carea' id='block_1_40' title="bbox 209 2542 1789 2633">
    <p class='ocr_par' dir='ltr' id='par_1_40' title="bbox 209 2542 1789 2633">
     <span class='ocr_line' id='line_1_40' title="bbox 209 2542 1789 2633; baseline 0.002 -23"><span class='ocrx_word' id='word_1_264' title='bbox 209 2569 300 2614; x_wconf 83' lang='lat' dir='ltr'><strong>vet</strong></span> <span class='ocrx_word' id='word_1_265' title='bbox 346 2560 419 2613; x_wconf 83' lang='lat' dir='ltr'><strong>ita</strong></span> <span class='ocrx_word' id='word_1_266' title='bbox 449 2567 709 2633; x_wconf 81' lang='lat' dir='ltr'><strong>statutum</strong></span> <span class='ocrx_word' id='word_1_267' title='bbox 738 2542 806 2611; x_wconf 84' lang='lat' dir='ltr'><strong>ab</strong></span> <span class='ocrx_word' id='word_1_268' title='bbox 855 2573 918 2612; x_wconf 93' lang='lat' dir='ltr'><strong>eo</strong></span> <span class='ocrx_word' id='word_1_269' title='bbox 956 2566 1014 2612; x_wconf 90' lang='lat' dir='ltr'><strong>ut</strong></span> <span class='ocrx_word' id='word_1_270' title='bbox 1058 2558 1172 2626; x_wconf 84' lang='lat' dir='ltr'><strong>ipse</strong></span> <span class='ocrx_word' id='word_1_271' title='bbox 1201 2558 1434 2627; x_wconf 85' lang='lat' dir='ltr'><strong>hymnus</strong></span> <span class='ocrx_word' id='word_1_272' title='bbox 1470 2558 1523 2612; x_wconf 90' lang='lat' dir='ltr'><strong>in</strong></span> <span class='ocrx_word' id='word_1_273' title='bbox 1558 2559 1789 2613; x_wconf 88' lang='lat' dir='ltr'><strong>summis</strong></span> 
     </span>
    </p>
   </div>
   <div class='ocr_carea' id='block_1_41' title="bbox 209 2645 1786 2717">
    <p class='ocr_par' dir='ltr' id='par_1_41' title="bbox 209 2645 1786 2717">
     <span class='ocr_line' id='line_1_41' title="bbox 209 2645 1786 2717; baseline -0.001 -16"><span class='ocrx_word' id='word_1_274' title='bbox 209 2648 595 2703; x_wconf 81' lang='lat' dir='ltr'><strong>festivitatibus</strong></span> <span class='ocrx_word' id='word_1_275' title='bbox 621 2657 682 2702; x_wconf 83' lang='lat' dir='ltr'><strong>et</strong></span> <span class='ocrx_word' id='word_1_276' title='bbox 724 2663 754 2701; x_wconf 89' lang='lat' dir='ltr'><strong>a</strong></span> <span class='ocrx_word' id='word_1_277' title='bbox 782 2647 910 2702; x_wconf 87' lang='lat' dir='ltr'><strong>solis</strong></span> <span class='ocrx_word' id='word_1_278' title='bbox 940 2646 1209 2717; x_wconf 89' lang='lat' dir='ltr'><strong>episcopis</strong></span> <span class='ocrx_word' id='word_1_279' title='bbox 1238 2656 1610 2716; x_wconf 86' lang='lat' dir='ltr'><strong>usurparetur,</strong></span> <span class='ocrx_word' id='word_1_280' title='bbox 1641 2645 1786 2716; x_wconf 89' lang='lat' dir='ltr'><strong>quod</strong></span> 
     </span>
    </p>
   </div>
   <div class='ocr_carea' id='block_1_42' title="bbox 209 2721 1790 2819">
    <p class='ocr_par' dir='ltr' id='par_1_42' title="bbox 209 2721 1790 2819">
     <span class='ocr_line' id='line_1_42' title="bbox 209 2721 1790 2819; baseline -0.003 -25"><span class='ocrx_word' id='word_1_281' title='bbox 209 2721 379 2819; x_wconf 63' lang='lat' dir='ltr'><strong>etiam</strong></span> <span class='ocrx_word' id='word_1_282' title='bbox 411 2739 466 2793; x_wconf 87' lang='lat' dir='ltr'><strong>in</strong></span> <span class='ocrx_word' id='word_1_283' title='bbox 495 2739 670 2808; x_wconf 88' lang='lat' dir='ltr'><strong>capite</strong></span> <span class='ocrx_word' id='word_1_284' title='bbox 693 2738 815 2794; x_wconf 86' lang='lat' dir='ltr'><strong>libri</strong></span> <span class='ocrx_word' id='word_1_285' title='bbox 840 2748 1304 2802; x_wconf 84' lang='lat' dir='ltr'><strong>sacramentorum</strong></span> <span class='ocrx_word' id='word_1_286' title='bbox 1336 2737 1673 2808; x_wconf 81' lang='lat' dir='ltr'><strong>designatum</strong></span> <span class='ocrx_word' id='word_1_287' title='bbox 1705 2736 1790 2791; x_wconf 79' lang='lat' dir='ltr'><strong>vi-</strong></span> 
     </span>
    </p>
   </div>
   <div class='ocr_carea' id='block_1_43' title="bbox 195 2815 1792 2899">
    <p class='ocr_par' dir='ltr' id='par_1_43' title="bbox 195 2815 1792 2899">
     <span class='ocr_line' id='line_1_43' title="bbox 195 2815 1792 2899; baseline -0.001 -15"><span class='ocrx_word' id='word_1_288' title='bbox 195 2815 394 2895; x_wconf 66' lang='lat' dir='ltr'><strong>detur,</strong></span> <span class='ocrx_word' id='word_1_289' title='bbox 428 2837 482 2884; x_wconf 89' lang='lat' dir='ltr'><strong>et</strong></span> <span class='ocrx_word' id='word_1_290' title='bbox 524 2830 646 2885; x_wconf 85' lang='lat' dir='ltr'><strong>ideo</strong></span> <span class='ocrx_word' id='word_1_291' title='bbox 674 2831 932 2899; x_wconf 85' lang='lat' dir='ltr'><strong>scriptum</strong></span> <span class='ocrx_word' id='word_1_292' title='bbox 963 2843 1083 2884; x_wconf 90' lang='lat' dir='ltr'><strong>esse</strong></span> <span class='ocrx_word' id='word_1_293' title='bbox 1111 2844 1282 2898; x_wconf 89' lang='lat' dir='ltr'><strong>usque</strong></span> <span class='ocrx_word' id='word_1_294' title='bbox 1305 2829 1371 2883; x_wconf 87' lang='lat' dir='ltr'><strong>ad</strong></span> <span class='ocrx_word' id='word_1_295' title='bbox 1408 2838 1648 2898; x_wconf 90' lang='lat' dir='ltr'><strong>tempora</strong></span> <span class='ocrx_word' id='word_1_296' title='bbox 1674 2827 1792 2884; x_wconf 73' lang='lat' dir='ltr'><strong>Cte-</strong></span> 
     </span>
    </p>
   </div>
   <div class='ocr_carea' id='block_1_44' title="bbox 209 2918 1788 2994">
    <p class='ocr_par' dir='ltr' id='par_1_44' title="bbox 209 2918 1788 2994">
     <span class='ocr_line' id='line_1_44' title="bbox 209 2918 1788 2994; baseline 0 -22"><span class='ocrx_word' id='word_1_297' title='bbox 209 2919 391 2974; x_wconf 83' lang='lat' dir='ltr'><strong>lestini</strong></span> <span class='ocrx_word' id='word_1_298' title='bbox 413 2931 537 2974; x_wconf 86' lang='lat' dir='ltr'><strong>ante</strong></span> <span class='ocrx_word' id='word_1_299' title='bbox 560 2919 884 2975; x_wconf 74' lang='lat' dir='ltr'><strong>sacrificium</strong></span> <span class='ocrx_word' id='word_1_300' title='bbox 920 2919 1178 2994; x_wconf 84' lang='lat' dir='ltr'><strong>lectiones</strong></span> <span class='ocrx_word' id='word_1_301' title='bbox 1203 2928 1412 2974; x_wconf 89' lang='lat' dir='ltr'><strong>tantum</strong></span> <span class='ocrx_word' id='word_1_302' title='bbox 1443 2918 1656 2974; x_wconf 86' lang='lat' dir='ltr'><strong>habitas</strong></span> <span class='ocrx_word' id='word_1_303' title='bbox 1686 2937 1698 2972; x_wconf 91' lang='lat'><strong>:</strong></span> <span class='ocrx_word' id='word_1_304' title='bbox 1731 2927 1788 2972; x_wconf 87' lang='lat' dir='ltr'><strong>ut</strong></span> 
     </span>
    </p>
   </div>
   <div class='ocr_carea' id='block_1_45' title="bbox 210 3009 1787 3083">
    <p class='ocr_par' dir='ltr' id='par_1_45' title="bbox 210 3009 1787 3083">
     <span class='ocr_line' id='line_1_45' title="bbox 210 3009 1787 3083; baseline -0.003 -17"><span class='ocrx_word' id='word_1_305' title='bbox 210 3010 663 3081; x_wconf 60' lang='lat' dir='ltr'><strong>suliintelligalur,</strong></span> <span class='ocrx_word' id='word_1_306' title='bbox 710 3011 958 3080; x_wconf 87' lang='lat' dir='ltr'><strong>quamvis</strong></span> <span class='ocrx_word' id='word_1_307' title='bbox 988 3009 1082 3065; x_wconf 86' lang='lat' dir='ltr'><strong>ille</strong></span> <span class='ocrx_word' id='word_1_308' title='bbox 1107 3012 1340 3081; x_wconf 88' lang='lat' dir='ltr'><strong>hymnus</strong></span> <span class='ocrx_word' id='word_1_309' title='bbox 1375 3010 1787 3083; x_wconf 80' lang='lat' dir='ltr'><strong>interdumante</strong></span> 
     </span>
    </p>
   </div>
   <div class='ocr_carea' id='block_1_46' title="bbox 208 3099 1786 3172">
    <p class='ocr_par' dir='ltr' id='par_1_46' title="bbox 208 3099 1786 3172">
     <span class='ocr_line' id='line_1_46' title="bbox 208 3099 1786 3172; baseline -0.001 -14"><span class='ocrx_word' id='word_1_310' title='bbox 208 3103 410 3158; x_wconf 88' lang='lat' dir='ltr'><strong>missas</strong></span> <span class='ocrx_word' id='word_1_311' title='bbox 436 3102 723 3166; x_wconf 87' lang='lat' dir='ltr'><strong>diceretur,</strong></span> <span class='ocrx_word' id='word_1_312' title='bbox 767 3101 834 3156; x_wconf 65' lang='lat' dir='ltr'><strong>&#39;ut</strong></span> <span class='ocrx_word' id='word_1_313' title='bbox 855 3149 858 3151; x_wconf 19' lang='grc' dir='ltr'><strong>Α</strong></span> <span class='ocrx_word' id='word_1_314' title='bbox 877 3102 1241 3172; x_wconf 65' lang='lat' dir='ltr'><strong>praediximus,</strong></span> <span class='ocrx_word' id='word_1_315' title='bbox 1279 3115 1383 3155; x_wconf 89' lang='lat' dir='ltr'><strong>non</strong></span> <span class='ocrx_word' id='word_1_316' title='bbox 1414 3099 1578 3156; x_wconf 83' lang='lat' dir='ltr'><strong>fuisse</strong></span> <span class='ocrx_word' id='word_1_317' title='bbox 1607 3111 1786 3156; x_wconf 81' lang='lat' dir='ltr'><strong>tamen</strong></span> 
     </span>
    </p>
   </div>
   <div class='ocr_carea' id='block_1_47' title="bbox 195 3189 1786 3261">
    <p class='ocr_par' dir='ltr' id='par_1_47' title="bbox 195 3189 1786 3261">
     <span class='ocr_line' id='line_1_47' title="bbox 195 3189 1786 3261; baseline 0 -17"><span class='ocrx_word' id='word_1_318' title='bbox 195 3191 358 3260; x_wconf 19' lang='lat' dir='ltr'><strong>Aquod</strong></span> <span class='ocrx_word' id='word_1_319' title='bbox 380 3190 584 3261; x_wconf 87' lang='lat' dir='ltr'><strong>jugiter</strong></span> <span class='ocrx_word' id='word_1_320' title='bbox 613 3189 665 3243; x_wconf 92' lang='lat' dir='ltr'><strong>in</strong></span> <span class='ocrx_word' id='word_1_321' title='bbox 684 3191 938 3246; x_wconf 86' lang='lat' dir='ltr'><strong>omnibus</strong></span> <span class='ocrx_word' id='word_1_322' title='bbox 969 3191 1148 3256; x_wconf 86' lang='lat' dir='ltr'><strong>missis</strong></span> <span class='ocrx_word' id='word_1_323' title='bbox 1171 3190 1239 3244; x_wconf 88' lang='lat' dir='ltr'><strong>ab</strong></span> <span class='ocrx_word' id='word_1_324' title='bbox 1259 3189 1512 3248; x_wconf 78' lang='lat' dir='ltr'><strong>omnibus</strong></span> <span class='ocrx_word' id='word_1_325' title='bbox 1535 3189 1786 3258; x_wconf 77' lang='lat' dir='ltr'><strong>sacerdo-</strong></span> 
     </span>
    </p>
   </div>
   <div class='ocr_carea' id='block_1_48' title="bbox 1898 2008 3478 2078">
    <p class='ocr_par' dir='ltr' id='par_1_48' title="bbox 1898 2008 3478 2078">
     <span class='ocr_line' id='line_1_48' title="bbox 1898 2008 3478 2078; baseline 0.004 -16"><span class='ocrx_word' id='word_1_326' title='bbox 1898 2009 2234 2078; x_wconf 90' lang='lat' dir='ltr'><strong>compositio,</strong></span> <span class='ocrx_word' id='word_1_327' title='bbox 2266 2008 2450 2065; x_wconf 90' lang='lat' dir='ltr'><strong>multis</strong></span> <span class='ocrx_word' id='word_1_328' title='bbox 2491 2019 2547 2065; x_wconf 91' lang='lat' dir='ltr'><strong>et</strong></span> <span class='ocrx_word' id='word_1_329' title='bbox 2574 2024 2640 2065; x_wconf 81' lang='lat' dir='ltr'><strong>ex</strong></span> <span class='ocrx_word' id='word_1_330' title='bbox 2671 2025 2880 2065; x_wconf 89' lang='lat' dir='ltr'><strong>summa</strong></span> <span class='ocrx_word' id='word_1_331' title='bbox 2908 2010 3152 2077; x_wconf 89' lang='lat' dir='ltr'><strong>scientia,</strong></span> <span class='ocrx_word' id='word_1_332' title='bbox 3185 2020 3240 2067; x_wconf 92' lang='lat' dir='ltr'><strong>et</strong></span> <span class='ocrx_word' id='word_1_333' title='bbox 3269 2027 3335 2067; x_wconf 81' lang='lat' dir='ltr'><strong>ex</strong></span> <span class='ocrx_word' id='word_1_334' title='bbox 3366 2027 3478 2068; x_wconf 87' lang='lat' dir='ltr'><strong>me-</strong></span> 
     </span>
    </p>
   </div>
   <div class='ocr_carea' id='block_1_49' title="bbox 1893 2099 3512 2173">
    <p class='ocr_par' dir='ltr' id='par_1_49' title="bbox 1893 2099 3512 2173">
     <span class='ocr_line' id='line_1_49' title="bbox 1893 2099 3512 2173; baseline 0.002 -19"><span class='ocrx_word' id='word_1_335' title='bbox 1893 2099 2086 2167; x_wconf 84' lang='lat' dir='ltr'><strong>diocri,</strong></span> <span class='ocrx_word' id='word_1_336' title='bbox 2123 2109 2188 2156; x_wconf 87' lang='lat' dir='ltr'><strong>et.</strong></span> <span class='ocrx_word' id='word_1_337' title='bbox 2206 2117 2273 2156; x_wconf 85' lang='lat' dir='ltr'><strong>ex</strong></span> <span class='ocrx_word' id='word_1_338' title='bbox 2303 2102 2524 2158; x_wconf 89' lang='lat' dir='ltr'><strong>minima</strong></span> <span class='ocrx_word' id='word_1_339' title='bbox 2556 2101 2874 2158; x_wconf 76' lang='lat' dir='ltr'><strong>audentibus</strong></span> <span class='ocrx_word' id='word_1_340' title='bbox 2900 2117 3019 2171; x_wconf 72' lang='lat' dir='ltr'><strong>qua:</strong></span> <span class='ocrx_word' id='word_1_341' title='bbox 3045 2116 3281 2173; x_wconf 89' lang='lat' dir='ltr'><strong>congrua</strong></span> <span class='ocrx_word' id='word_1_342' title='bbox 3310 2103 3474 2160; x_wconf 85' lang='lat' dir='ltr'><strong>rebus</strong></span> <span class='ocrx_word' id='word_1_343' title='bbox 3509 2165 3512 2168; x_wconf 40' lang='grc'>,</span> 
     </span>
    </p>
   </div>
   <div class='ocr_carea' id='block_1_50' title="bbox 1890 2191 3474 2262">
    <p class='ocr_par' dir='ltr' id='par_1_50' title="bbox 1890 2191 3474 2262">
     <span class='ocr_line' id='line_1_50' title="bbox 1890 2191 3474 2262; baseline 0.001 -16"><span class='ocrx_word' id='word_1_344' title='bbox 1890 2191 2226 2260; x_wconf 77' lang='lat' dir='ltr'><strong>explicandis</strong></span> <span class='ocrx_word' id='word_1_345' title='bbox 2272 2193 2615 2248; x_wconf 85' lang='lat' dir='ltr'><strong>videbantur.</strong></span> <span class='ocrx_word' id='word_1_346' title='bbox 2660 2191 2888 2262; x_wconf 84' lang='lat' dir='ltr'><strong>ideoque</strong></span> <span class='ocrx_word' id='word_1_347' title='bbox 2930 2191 3202 2259; x_wconf 85' lang='lat' dir='ltr'><strong>credimus</strong></span> <span class='ocrx_word' id='word_1_348' title='bbox 3231 2191 3474 2248; x_wconf 88' lang='lat' dir='ltr'><strong>conciliis</strong></span> 
     </span>
    </p>
   </div>
   <div class='ocr_carea' id='block_1_51' title="bbox 1889 2284 3474 2358">
    <p class='ocr_par' dir='ltr' id='par_1_51' title="bbox 1889 2284 3474 2358">
     <span class='ocr_line' id='line_1_51' title="bbox 1889 2284 3474 2358; baseline 0.001 -19"><span class='ocrx_word' id='word_1_349' title='bbox 1889 2285 2302 2356; x_wconf 83' lang='lat' dir='ltr'><strong>Carthaginensi</strong></span> <span class='ocrx_word' id='word_1_350' title='bbox 2353 2294 2409 2340; x_wconf 90' lang='lat' dir='ltr'><strong>et</strong></span> <span class='ocrx_word' id='word_1_351' title='bbox 2453 2284 2762 2341; x_wconf 81' lang='lat' dir='ltr'><strong>Milevitano</strong></span> <span class='ocrx_word' id='word_1_352' title='bbox 2789 2293 3049 2358; x_wconf 84' lang='lat' dir='ltr'><strong>statutum</strong></span> <span class='ocrx_word' id='word_1_353' title='bbox 3095 2294 3154 2340; x_wconf 92' lang='lat' dir='ltr'><strong>ut</strong></span> <span class='ocrx_word' id='word_1_354' title='bbox 3180 2299 3372 2356; x_wconf 84' lang='lat' dir='ltr'><strong>preces</strong></span> <span class='ocrx_word' id='word_1_355' title='bbox 3415 2295 3474 2342; x_wconf 90' lang='lat' dir='ltr'><strong>et</strong></span> 
     </span>
    </p>
   </div>
   <div class='ocr_carea' id='block_1_52' title="bbox 1889 2374 3472 2446">
    <p class='ocr_par' dir='ltr' id='par_1_52' title="bbox 1889 2374 3472 2446">
     <span class='ocr_line' id='line_1_52' title="bbox 1889 2374 3472 2446; baseline 0.003 -17"><span class='ocrx_word' id='word_1_356' title='bbox 1889 2375 2164 2444; x_wconf 77' lang='lat' dir='ltr'><strong>orationes</strong></span> <span class='ocrx_word' id='word_1_357' title='bbox 2193 2374 2574 2444; x_wconf 80' lang='lat' dir='ltr'><strong>aquibuslibet</strong></span> <span class='ocrx_word' id='word_1_358' title='bbox 2597 2376 2927 2445; x_wconf 56' lang='lat' dir='ltr'><strong>composita,</strong></span> <span class='ocrx_word' id='word_1_359' title='bbox 2956 2376 3058 2431; x_wconf 90' lang='lat' dir='ltr'><strong>nisi</strong></span> <span class='ocrx_word' id='word_1_360' title='bbox 3075 2377 3313 2446; x_wconf 76' lang='lat' dir='ltr'><strong>probata:</strong></span> <span class='ocrx_word' id='word_1_361' title='bbox 3339 2374 3472 2434; x_wconf 79' lang='lat' dir='ltr'><strong>fuis-</strong></span> 
     </span>
    </p>
   </div>
   <div class='ocr_carea' id='block_1_53' title="bbox 1888 2463 3471 2530">
    <p class='ocr_par' dir='ltr' id='par_1_53' title="bbox 1888 2463 3471 2530">
     <span class='ocr_line' id='line_1_53' title="bbox 1888 2463 3471 2530; baseline 0.001 -12"><span class='ocrx_word' id='word_1_362' title='bbox 1888 2465 2100 2518; x_wconf 87' lang='lat' dir='ltr'><strong>sentin</strong></span> <span class='ocrx_word' id='word_1_363' title='bbox 2126 2465 2376 2530; x_wconf 86' lang='lat' dir='ltr'><strong>concilio,</strong></span> <span class='ocrx_word' id='word_1_364' title='bbox 2430 2479 2540 2520; x_wconf 86' lang='lat' dir='ltr'><strong>non</strong></span> <span class='ocrx_word' id='word_1_365' title='bbox 2576 2465 2904 2520; x_wconf 85' lang='lat' dir='ltr'><strong>dicerentur.</strong></span> <span class='ocrx_word' id='word_1_366' title='bbox 2942 2464 3078 2520; x_wconf 85' lang='lat' dir='ltr'><strong>Nam</strong></span> <span class='ocrx_word' id='word_1_367' title='bbox 3125 2474 3180 2520; x_wconf 91' lang='lat' dir='ltr'><strong>et</strong></span> <span class='ocrx_word' id='word_1_368' title='bbox 3223 2463 3471 2520; x_wconf 89' lang='lat' dir='ltr'><strong>Gelasius</strong></span> 
     </span>
    </p>
   </div>
   <div class='ocr_carea' id='block_1_54' title="bbox 1889 2557 3471 2628">
    <p class='ocr_par' dir='ltr' id='par_1_54' title="bbox 1889 2557 3471 2628">
     <span class='ocr_line' id='line_1_54' title="bbox 1889 2557 3471 2628; baseline 0 -18"><span class='ocrx_word' id='word_1_369' title='bbox 1889 2570 2028 2626; x_wconf 84' lang='lat' dir='ltr'><strong>papa</strong></span> <span class='ocrx_word' id='word_1_370' title='bbox 2051 2557 2104 2611; x_wconf 92' lang='lat' dir='ltr'><strong>in</strong></span> <span class='ocrx_word' id='word_1_371' title='bbox 2142 2557 2334 2614; x_wconf 86' lang='lat' dir='ltr'><strong>ordine</strong></span> <span class='ocrx_word' id='word_1_372' title='bbox 2379 2557 2877 2628; x_wconf 86' lang='lat' dir='ltr'><strong>quinquagesimus_</strong></span> <span class='ocrx_word' id='word_1_373' title='bbox 2895 2573 3035 2618; x_wconf 88' lang='lat' dir='ltr'><strong>unus</strong></span> <span class='ocrx_word' id='word_1_374' title='bbox 3064 2559 3136 2613; x_wconf 90' lang='lat' dir='ltr'><strong>ita</strong></span> <span class='ocrx_word' id='word_1_375' title='bbox 3169 2566 3280 2612; x_wconf 90' lang='lat' dir='ltr'><strong>tam</strong></span> <span class='ocrx_word' id='word_1_376' title='bbox 3325 2573 3358 2612; x_wconf 90' lang='lat' dir='ltr'><strong>a</strong></span> <span class='ocrx_word' id='word_1_377' title='bbox 3410 2573 3471 2614; x_wconf 82' lang='lat' dir='ltr'><strong>se</strong></span> 
     </span>
    </p>
   </div>
   <div class='ocr_carea' id='block_1_55' title="bbox 1889 2647 3464 2719">
    <p class='ocr_par' dir='ltr' id='par_1_55' title="bbox 1889 2647 3464 2719">
     <span class='ocr_line' id='line_1_55' title="bbox 1889 2647 3464 2719; baseline 0.001 -19"><span class='ocrx_word' id='word_1_378' title='bbox 1889 2661 2049 2715; x_wconf 90' lang='lat' dir='ltr'><strong>quam</strong></span> <span class='ocrx_word' id='word_1_379' title='bbox 2081 2649 2150 2704; x_wconf 92' lang='lat' dir='ltr'><strong>ab</strong></span> <span class='ocrx_word' id='word_1_380' title='bbox 2179 2647 2299 2704; x_wconf 90' lang='lat' dir='ltr'><strong>aliis</strong></span> <span class='ocrx_word' id='word_1_381' title='bbox 2349 2649 2680 2719; x_wconf 87' lang='lat' dir='ltr'><strong>compositas</strong></span> <span class='ocrx_word' id='word_1_382' title='bbox 2716 2663 2904 2719; x_wconf 81' lang='lat' dir='ltr'><strong>preces</strong></span> <span class='ocrx_word' id='word_1_383' title='bbox 2935 2648 3132 2704; x_wconf 91' lang='lat' dir='ltr'><strong>dicitur</strong></span> <span class='ocrx_word' id='word_1_384' title='bbox 3159 2648 3464 2708; x_wconf 85' lang='lat' dir='ltr'><strong>ordinasse.</strong></span> 
     </span>
    </p>
   </div>
   <div class='ocr_carea' id='block_1_56' title="bbox 1889 2735 3467 2800">
    <p class='ocr_par' dir='ltr' id='par_1_56' title="bbox 1889 2735 3467 2800">
     <span class='ocr_line' id='line_1_56' title="bbox 1889 2735 3467 2800; baseline 0 -9"><span class='ocrx_word' id='word_1_385' title='bbox 1889 2735 1957 2791; x_wconf 85' lang='lat' dir='ltr'><strong>Et</strong></span> <span class='ocrx_word' id='word_1_386' title='bbox 1992 2735 2286 2792; x_wconf 84' lang='lat' dir='ltr'><strong>Galliarum</strong></span> <span class='ocrx_word' id='word_1_387' title='bbox 2335 2737 2593 2795; x_wconf 85' lang='lat' dir='ltr'><strong>Ecclesiae</strong></span> <span class='ocrx_word' id='word_1_388' title='bbox 2639 2738 2753 2793; x_wconf 88' lang='lat' dir='ltr'><strong>suis</strong></span> <span class='ocrx_word' id='word_1_389' title='bbox 2787 2737 3117 2800; x_wconf 83' lang='lat' dir='ltr'><strong>orationibus</strong></span> <span class='ocrx_word' id='word_1_390' title='bbox 3157 2738 3467 2800; x_wconf 87' lang='lat' dir='ltr'><strong>utebantur,</strong></span> 
     </span>
    </p>
   </div>
   <div class='ocr_carea' id='block_1_57' title="bbox 1890 2829 3468 2900">
    <p class='ocr_par' dir='ltr' id='par_1_57' title="bbox 1890 2829 3468 2900">
     <span class='ocr_line' id='line_1_57' title="bbox 1890 2829 3468 2900; baseline 0 -17"><span class='ocrx_word' id='word_1_391' title='bbox 1890 2843 2009 2900; x_wconf 75' lang='lat' dir='ltr'><strong>qua:</strong></span> <span class='ocrx_word' id='word_1_392' title='bbox 2037 2829 2212 2884; x_wconf 91' lang='lat' dir='ltr'><strong>adhuc</strong></span> <span class='ocrx_word' id='word_1_393' title='bbox 2241 2845 2272 2884; x_wconf 91' lang='lat' dir='ltr'><strong>a</strong></span> <span class='ocrx_word' id='word_1_394' title='bbox 2301 2830 2485 2886; x_wconf 91' lang='lat' dir='ltr'><strong>multis</strong></span> <span class='ocrx_word' id='word_1_395' title='bbox 2513 2831 2798 2886; x_wconf 87' lang='lat' dir='ltr'><strong>habentur.</strong></span> <span class='ocrx_word' id='word_1_396' title='bbox 2831 2830 2899 2885; x_wconf 87' lang='lat' dir='ltr'><strong>Et</strong></span> <span class='ocrx_word' id='word_1_397' title='bbox 2941 2831 3070 2900; x_wconf 87' lang='lat' dir='ltr'><strong>quia</strong></span> <span class='ocrx_word' id='word_1_398' title='bbox 3102 2840 3211 2884; x_wconf 89' lang='lat' dir='ltr'><strong>tam</strong></span> <span class='ocrx_word' id='word_1_399' title='bbox 3244 2829 3468 2886; x_wconf 85' lang='lat' dir='ltr'><strong>incertis</strong></span> 
     </span>
    </p>
   </div>
   <div class='ocr_carea' id='block_1_58' title="bbox 1889 2917 3471 2992">
    <p class='ocr_par' dir='ltr' id='par_1_58' title="bbox 1889 2917 3471 2992">
     <span class='ocr_line' id='line_1_58' title="bbox 1889 2917 3471 2992; baseline -0.001 -19"><span class='ocrx_word' id='word_1_400' title='bbox 1889 2918 2199 2981; x_wconf 79' lang='lat' dir='ltr'><strong>auctoribus</strong></span> <span class='ocrx_word' id='word_1_401' title='bbox 2220 2918 2732 2983; x_wconf 8' lang='lat' dir='ltr'><strong>mttltagvidebantur</strong></span> <span class='ocrx_word' id='word_1_402' title='bbox 2781 2920 2984 2977; x_wconf 89' lang='lat' dir='ltr'><strong>incerta</strong></span> <span class='ocrx_word' id='word_1_403' title='bbox 3017 2919 3123 2991; x_wconf 78' lang='grc' dir='ltr'><strong>[ΑΙ.</strong></span> <span class='ocrx_word' id='word_1_404' title='bbox 3160 2917 3382 2992; x_wconf 84' lang='lat' dir='ltr'><strong>inserta]</strong></span> <span class='ocrx_word' id='word_1_405' title='bbox 3415 2928 3471 2975; x_wconf 87' lang='lat' dir='ltr'><strong>et</strong></span> 
     </span>
    </p>
   </div>
   <div class='ocr_carea' id='block_1_59' title="bbox 1890 3009 3468 3080">
    <p class='ocr_par' dir='ltr' id='par_1_59' title="bbox 1890 3009 3468 3080">
     <span class='ocr_line' id='line_1_59' title="bbox 1890 3009 3468 3080; baseline 0 -16"><span class='ocrx_word' id='word_1_406' title='bbox 1890 3025 2081 3065; x_wconf 87' lang='lat' dir='ltr'><strong>sensus</strong></span> <span class='ocrx_word' id='word_1_407' title='bbox 2131 3010 2494 3080; x_wconf 79' lang='lat' dir='ltr'><strong>integritatem</strong></span> <span class='ocrx_word' id='word_1_408' title='bbox 2544 3026 2650 3065; x_wconf 88' lang='lat' dir='ltr'><strong>non</strong></span> <span class='ocrx_word' id='word_1_409' title='bbox 2698 3009 2964 3069; x_wconf 92' lang='lat' dir='ltr'><strong>habentia,</strong></span> <span class='ocrx_word' id='word_1_410' title='bbox 3021 3010 3233 3065; x_wconf 89' lang='lat' dir='ltr'><strong>curavit</strong></span> <span class='ocrx_word' id='word_1_411' title='bbox 3278 3009 3468 3065; x_wconf 81' lang='lat' dir='ltr'><strong>beatus</strong></span> 
     </span>
    </p>
   </div>
   <div class='ocr_carea' id='block_1_60' title="bbox 1891 3097 3471 3171">
    <p class='ocr_par' dir='ltr' id='par_1_60' title="bbox 1891 3097 3471 3171">
     <span class='ocr_line' id='line_1_60' title="bbox 1891 3097 3471 3171; baseline -0.001 -16"><span class='ocrx_word' id='word_1_412' title='bbox 1891 3098 2186 3170; x_wconf 74' lang='lat' dir='ltr'><strong>Gregorius</strong></span> <span class='ocrx_word' id='word_1_413' title='bbox 2217 3101 2557 3156; x_wconf 87' lang='lat' dir='ltr'><strong>rationabilia</strong></span> <span class='ocrx_word' id='word_1_414' title='bbox 2591 3115 2818 3170; x_wconf 62' lang='lat' dir='ltr'><strong>quaeque</strong></span> <span class='ocrx_word' id='word_1_415' title='bbox 2853 3100 3176 3165; x_wconf 83' lang='lat' dir='ltr'><strong>coadunare,</strong></span> <span class='ocrx_word' id='word_1_416' title='bbox 3206 3109 3262 3154; x_wconf 91' lang='lat' dir='ltr'><strong>et</strong></span> <span class='ocrx_word' id='word_1_417' title='bbox 3295 3097 3471 3171; x_wconf 78' lang='lat' dir='ltr'><strong>seclu-</strong></span> 
     </span>
    </p>
   </div>
   <div class='ocr_carea' id='block_1_61' title="bbox 1890 3189 3465 3260">
    <p class='ocr_par' dir='ltr' id='par_1_61' title="bbox 1890 3189 3465 3260">
     <span class='ocr_line' id='line_1_61' title="bbox 1890 3189 3465 3260; baseline 0.001 -16"><span class='ocrx_word' id='word_1_418' title='bbox 1890 3191 1966 3245; x_wconf 90' lang='lat' dir='ltr'><strong>sis</strong></span> <span class='ocrx_word' id='word_1_419' title='bbox 2005 3191 2091 3245; x_wconf 86' lang='lat' dir='ltr'><strong>bis</strong></span> <span class='ocrx_word' id='word_1_420' title='bbox 2137 3207 2255 3260; x_wconf 74' lang='lat' dir='ltr'><strong>qua:</strong></span> <span class='ocrx_word' id='word_1_421' title='bbox 2305 3191 2389 3245; x_wconf 90' lang='lat' dir='ltr'><strong>vel</strong></span> <span class='ocrx_word' id='word_1_422' title='bbox 2438 3192 2601 3246; x_wconf 88' lang='lat' dir='ltr'><strong>nimia</strong></span> <span class='ocrx_word' id='word_1_423' title='bbox 2638 3191 2720 3246; x_wconf 90' lang='lat' dir='ltr'><strong>vel</strong></span> <span class='ocrx_word' id='word_1_424' title='bbox 2767 3191 3088 3246; x_wconf 89' lang='lat' dir='ltr'><strong>inconcinna</strong></span> <span class='ocrx_word' id='word_1_425' title='bbox 3127 3189 3465 3255; x_wconf 84' lang='lat' dir='ltr'><strong>videbantur,</strong></span> 
     </span>
    </p>
   </div>
   <div class='ocr_carea' id='block_1_62' title="bbox 208 3269 3466 3357">
    <p class='ocr_par' dir='ltr' id='par_1_62' title="bbox 208 3269 3466 3357">
     <span class='ocr_line' id='line_1_62' title="bbox 208 3269 3466 3357; baseline -0 -23"><span class='ocrx_word' id='word_1_426' title='bbox 208 3281 357 3335; x_wconf 84' lang='lat' dir='ltr'><strong>tibus</strong></span> <span class='ocrx_word' id='word_1_427' title='bbox 385 3289 510 3335; x_wconf 88' lang='lat' dir='ltr'><strong>ante</strong></span> <span class='ocrx_word' id='word_1_428' title='bbox 540 3280 797 3335; x_wconf 88' lang='lat' dir='ltr'><strong>lectiones</strong></span> <span class='ocrx_word' id='word_1_429' title='bbox 840 3289 1148 3350; x_wconf 80' lang='lat' dir='ltr'><strong>poneretur,</strong></span> <span class='ocrx_word' id='word_1_430' title='bbox 1175 3289 1462 3347; x_wconf 84' lang='lat' dir='ltr'><strong>antequam</strong></span> <span class='ocrx_word' id='word_1_431' title='bbox 1493 3280 1634 3343; x_wconf 86' lang='lat' dir='ltr'><strong>idem</strong></span> <span class='ocrx_word' id='word_1_432' title='bbox 1658 3278 1784 3334; x_wconf 66' lang='grc' dir='ltr'><strong>ϐαε-</strong></span> <span class='ocrx_word' id='word_1_433' title='bbox 1813 3269 1858 3333; x_wconf 90' lang='lat' dir='ltr'>C</span> <span class='ocrx_word' id='word_1_434' title='bbox 1887 3282 2190 3357; x_wconf 86' lang='lat' dir='ltr'><strong>composuit</strong></span> <span class='ocrx_word' id='word_1_435' title='bbox 2217 3281 2414 3341; x_wconf 89' lang='lat' dir='ltr'><strong>librum</strong></span> <span class='ocrx_word' id='word_1_436' title='bbox 2443 3283 2536 3352; x_wconf 88' lang='lat' dir='ltr'><strong>qui</strong></span> <span class='ocrx_word' id='word_1_437' title='bbox 2563 3282 2762 3337; x_wconf 90' lang='lat' dir='ltr'><strong>dicitur</strong></span> <span class='ocrx_word' id='word_1_438' title='bbox 2789 3281 3286 3346; x_wconf 88' lang='lat' dir='ltr'><strong>Sacrameutorum,</strong></span> <span class='ocrx_word' id='word_1_439' title='bbox 3323 3280 3466 3337; x_wconf 86' lang='lat' dir='ltr'><strong>sicut</strong></span> 
     </span>
    </p>
   </div>
   <div class='ocr_carea' id='block_1_63' title="bbox 206 3369 1781 3442">
    <p class='ocr_par' dir='ltr' id='par_1_63' title="bbox 206 3369 1781 3442">
     <span class='ocr_line' id='line_1_63' title="bbox 206 3369 1781 3442; baseline 0 -18"><span class='ocrx_word' id='word_1_440' title='bbox 206 3370 440 3426; x_wconf 89' lang='lat' dir='ltr'><strong>lcstinus</strong></span> <span class='ocrx_word' id='word_1_441' title='bbox 465 3371 787 3442; x_wconf 78' lang='lat' dir='ltr'><strong>antipbonas</strong></span> <span class='ocrx_word' id='word_1_442' title='bbox 807 3371 874 3425; x_wconf 88' lang='lat' dir='ltr'><strong>ad</strong></span> <span class='ocrx_word' id='word_1_443' title='bbox 905 3369 1188 3428; x_wconf 84' lang='lat' dir='ltr'><strong>introitum</strong></span> <span class='ocrx_word' id='word_1_444' title='bbox 1215 3371 1470 3427; x_wconf 84' lang='lat' dir='ltr'><strong>dicendas</strong></span> <span class='ocrx_word' id='word_1_445' title='bbox 1508 3369 1781 3424; x_wconf 85' lang='lat' dir='ltr'><strong>instituit:</strong></span> 
     </span>
    </p>
   </div>
   <div class='ocr_carea' id='block_1_64' title="bbox 203 3459 1784 3536">
    <p class='ocr_par' dir='ltr' id='par_1_64' title="bbox 203 3459 1784 3536">
     <span class='ocr_line' id='line_1_64' title="bbox 203 3459 1784 3536; baseline 0.001 -17"><span class='ocrx_word' id='word_1_446' title='bbox 203 3464 295 3520; x_wconf 82' lang='lat' dir='ltr'><strong>vel</strong></span> <span class='ocrx_word' id='word_1_447' title='bbox 319 3465 818 3536; x_wconf 84' lang='lat' dir='ltr'><strong>itapotuitevenire</strong></span> <span class='ocrx_word' id='word_1_448' title='bbox 857 3472 918 3518; x_wconf 91' lang='lat' dir='ltr'><strong>ut</strong></span> <span class='ocrx_word' id='word_1_449' title='bbox 941 3464 1107 3519; x_wconf 87' lang='lat' dir='ltr'><strong>.idem</strong></span> <span class='ocrx_word' id='word_1_450' title='bbox 1145 3463 1494 3526; x_wconf 74' lang='lat' dir='ltr'><strong>leestinus,</strong></span> <span class='ocrx_word' id='word_1_451' title='bbox 1531 3459 1784 3535; x_wconf 67' lang='lat' dir='ltr'><strong>Sanctus,</strong></span> 
     </span>
    </p>
   </div>
   <div class='ocr_carea' id='block_1_65' title="bbox 202 3552 1790 3621">
    <p class='ocr_par' dir='ltr' id='par_1_65' title="bbox 202 3552 1790 3621">
     <span class='ocr_line' id='line_1_65' title="bbox 202 3552 1790 3621; baseline -0.001 -11"><span class='ocrx_word' id='word_1_452' title='bbox 202 3565 439 3618; x_wconf 77' lang='lat' dir='ltr'><strong>sanctus,</strong></span> <span class='ocrx_word' id='word_1_453' title='bbox 470 3566 704 3619; x_wconf 80' lang='lat' dir='ltr'><strong>sanctus,</strong></span> <span class='ocrx_word' id='word_1_454' title='bbox 733 3554 986 3608; x_wconf 79' lang='lat' dir='ltr'><strong>Dominus</strong></span> <span class='ocrx_word' id='word_1_455' title='bbox 1015 3553 1173 3618; x_wconf 78' lang='lat' dir='ltr'><strong>Deus,</strong></span> <span class='ocrx_word' id='word_1_456' title='bbox 1203 3563 1258 3608; x_wconf 92' lang='lat' dir='ltr'><strong>et</strong></span> <span class='ocrx_word' id='word_1_457' title='bbox 1293 3552 1523 3621; x_wconf 90' lang='lat' dir='ltr'><strong>reliqua,</strong></span> <span class='ocrx_word' id='word_1_458' title='bbox 1549 3561 1675 3607; x_wconf 81' lang='lat' dir='ltr'><strong>ante</strong></span> <span class='ocrx_word' id='word_1_459' title='bbox 1699 3567 1790 3608; x_wconf 72' lang='lat' dir='ltr'><strong>sa-</strong></span> 
     </span>
    </p>
   </div>
   <div class='ocr_carea' id='block_1_66' title="bbox 201 3630 1788 3715">
    <p class='ocr_par' dir='ltr' id='par_1_66' title="bbox 201 3630 1788 3715">
     <span class='ocr_line' id='line_1_66' title="bbox 201 3630 1788 3715; baseline -0.003 -12"><span class='ocrx_word' id='word_1_460' title='bbox 201 3647 482 3708; x_wconf 77' lang='lat' dir='ltr'><strong>criﬁcium</strong></span> <span class='ocrx_word' id='word_1_461' title='bbox 502 3630 748 3700; x_wconf 74' lang='lat' dir='ltr'><strong>decuerit</strong></span> <span class='ocrx_word' id='word_1_462' title='bbox 773 3646 972 3708; x_wconf 89' lang='lat' dir='ltr'><strong>dicere,</strong></span> <span class='ocrx_word' id='word_1_463' title='bbox 1001 3645 1143 3715; x_wconf 88' lang='lat' dir='ltr'><strong>quod</strong></span> <span class='ocrx_word' id='word_1_464' title='bbox 1173 3644 1527 3698; x_wconf 85' lang='lat' dir='ltr'><strong>nihilominus</strong></span> <span class='ocrx_word' id='word_1_465' title='bbox 1555 3643 1788 3714; x_wconf 85' lang='lat' dir='ltr'><strong>hymnus</strong></span> 
     </span>
    </p>
   </div>
   <div class='ocr_carea' id='block_1_67' title="bbox 195 3732 1788 3809">
    <p class='ocr_par' dir='ltr' id='par_1_67' title="bbox 195 3732 1788 3809">
     <span class='ocr_line' id='line_1_67' title="bbox 195 3732 1788 3809; baseline -0.004 -16"><span class='ocrx_word' id='word_1_466' title='bbox 195 3736 483 3809; x_wconf 75' lang='lat' dir='ltr'><strong>angelicas</strong></span> <span class='ocrx_word' id='word_1_467' title='bbox 516 3736 859 3805; x_wconf 86' lang='lat' dir='ltr'><strong>dici-potest,</strong></span> <span class='ocrx_word' id='word_1_468' title='bbox 913 3736 1038 3805; x_wconf 91' lang='lat' dir='ltr'><strong>quia</strong></span> <span class='ocrx_word' id='word_1_469' title='bbox 1085 3734 1410 3805; x_wconf 88' lang='lat' dir='ltr'><strong>principium</strong></span> <span class='ocrx_word' id='word_1_470' title='bbox 1458 3733 1577 3803; x_wconf 87' lang='lat' dir='ltr'><strong>ejus</strong></span> <span class='ocrx_word' id='word_1_471' title='bbox 1620 3732 1788 3787; x_wconf 88' lang='lat' dir='ltr'><strong>lsaias</strong></span> 
     </span>
    </p>
   </div>
   <div class='ocr_carea' id='block_1_68' title="bbox 189 3827 1784 3900">
    <p class='ocr_par' dir='ltr' id='par_1_68' title="bbox 189 3827 1784 3900">
     <span class='ocr_line' id='line_1_68' title="bbox 189 3827 1784 3900; baseline -0.001 -17"><span class='ocrx_word' id='word_1_472' title='bbox 189 3828 470 3900; x_wconf 75' lang='lat' dir='ltr'><strong>prepbcta</strong></span> <span class='ocrx_word' id='word_1_473' title='bbox 507 3828 644 3897; x_wconf 88' lang='lat' dir='ltr'><strong>(cap.</strong></span> <span class='ocrx_word' id='word_1_474' title='bbox 691 3827 787 3898; x_wconf 79' lang='lat' dir='ltr'><strong>vr),</strong></span> <span class='ocrx_word' id='word_1_475' title='bbox 820 3828 1091 3898; x_wconf 88' lang='lat' dir='ltr'><strong>seraphim</strong></span> <span class='ocrx_word' id='word_1_476' title='bbox 1137 3828 1520 3896; x_wconf 82' lang='lat' dir='ltr'><strong>pronuntiasse</strong></span> <span class='ocrx_word' id='word_1_477' title='bbox 1544 3841 1784 3882; x_wconf 81' lang='lat' dir='ltr'><strong>comme-</strong></span> 
     </span>
    </p>
   </div>
   <div class='ocr_carea' id='block_1_69' title="bbox 187 3916 1786 3988">
    <p class='ocr_par' dir='ltr' id='par_1_69' title="bbox 187 3916 1786 3988">
     <span class='ocr_line' id='line_1_69' title="bbox 187 3916 1786 3988; baseline -0.003 -12"><span class='ocrx_word' id='word_1_478' title='bbox 187 3930 386 3976; x_wconf 66' lang='lat' dir='ltr'><strong>&#39;morat</strong></span> <span class='ocrx_word' id='word_1_479' title='bbox 418 3937 431 3974; x_wconf 90' lang='lat'><strong>:</strong></span> <span class='ocrx_word' id='word_1_480' title='bbox 469 3918 562 3974; x_wconf 89' lang='lat' dir='ltr'><strong>sed</strong></span> <span class='ocrx_word' id='word_1_481' title='bbox 591 3917 660 3973; x_wconf 90' lang='lat' dir='ltr'><strong>ab</strong></span> <span class='ocrx_word' id='word_1_482' title='bbox 691 3919 956 3987; x_wconf 88' lang='lat' dir='ltr'><strong>imperitis</strong></span> <span class='ocrx_word' id='word_1_483' title='bbox 988 3918 1319 3988; x_wconf 88' lang='lat' dir='ltr'><strong>quibuslibet</strong></span> <span class='ocrx_word' id='word_1_484' title='bbox 1346 3917 1400 3970; x_wconf 90' lang='lat' dir='ltr'><strong>in</strong></span> <span class='ocrx_word' id='word_1_485' title='bbox 1436 3917 1625 3972; x_wconf 90' lang='lat' dir='ltr'><strong>eodem</strong></span> <span class='ocrx_word' id='word_1_486' title='bbox 1667 3916 1786 3972; x_wconf 89' lang='lat' dir='ltr'><strong>loco</strong></span> 
     </span>
    </p>
   </div>
   <div class='ocr_carea' id='block_1_70' title="bbox 197 4007 1786 4080">
    <p class='ocr_par' dir='ltr' id='par_1_70' title="bbox 197 4007 1786 4080">
     <span class='ocr_line' id='line_1_70' title="bbox 197 4007 1786 4080; baseline -0.004 -13"><span class='ocrx_word' id='word_1_487' title='bbox 197 4012 300 4067; x_wconf 83' lang='lat' dir='ltr'><strong>ubi</strong></span> <span class='ocrx_word' id='word_1_488' title='bbox 329 4010 690 4080; x_wconf 83' lang='lat' dir='ltr'><strong>Telesphorus</strong></span> <span class='ocrx_word' id='word_1_489' title='bbox 724 4010 920 4064; x_wconf 90' lang='lat' dir='ltr'><strong>dicitur</strong></span> <span class='ocrx_word' id='word_1_490' title='bbox 945 4011 1203 4079; x_wconf 81' lang='lat' dir='ltr'><strong>hymnum</strong></span> <span class='ocrx_word' id='word_1_491' title='bbox 1231 4007 1530 4078; x_wconf 87' lang='lat' dir='ltr'><strong>angelicum</strong></span> <span class='ocrx_word' id='word_1_492' title='bbox 1561 4016 1685 4060; x_wconf 90' lang='lat' dir='ltr'><strong>ante</strong></span> <span class='ocrx_word' id='word_1_493' title='bbox 1705 4021 1786 4060; x_wconf 85' lang='lat' dir='ltr'><strong>sa-</strong></span> 
     </span>
    </p>
   </div>
   <div class='ocr_carea' id='block_1_71' title="bbox 194 4095 1784 4170">
    <p class='ocr_par' dir='ltr' id='par_1_71' title="bbox 194 4095 1784 4170">
     <span class='ocr_line' id='line_1_71' title="bbox 194 4095 1784 4170; baseline -0.004 -13"><span class='ocrx_word' id='word_1_494' title='bbox 194 4101 472 4157; x_wconf 80' lang='lat' dir='ltr'><strong>&#39;crillcium</strong></span> <span class='ocrx_word' id='word_1_495' title='bbox 525 4100 790 4170; x_wconf 85' lang='lat' dir='ltr'><strong>posuisse,</strong></span> <span class='ocrx_word' id='word_1_496' title='bbox 838 4100 1079 4154; x_wconf 87' lang='lat' dir='ltr'><strong>additum</strong></span> <span class='ocrx_word' id='word_1_497' title='bbox 1129 4099 1219 4163; x_wconf 92' lang='lat' dir='ltr'><strong>sit,</strong></span> <span class='ocrx_word' id='word_1_498' title='bbox 1252 4095 1433 4152; x_wconf 84' lang='lat' dir='ltr'><strong>Gloria</strong></span> <span class='ocrx_word' id='word_1_499' title='bbox 1463 4099 1519 4151; x_wconf 79' lang='lat' dir='ltr'><strong>in</strong></span> <span class='ocrx_word' id='word_1_500' title='bbox 1567 4097 1784 4153; x_wconf 74' lang='lat' dir='ltr'><strong>excelsis</strong></span> 
     </span>
    </p>
   </div>
   <div class='ocr_carea' id='block_1_72' title="bbox 189 4192 1786 4264">
    <p class='ocr_par' dir='ltr' id='par_1_72' title="bbox 189 4192 1786 4264">
     <span class='ocr_line' id='line_1_72' title="bbox 189 4192 1786 4264; baseline -0.001 -14"><span class='ocrx_word' id='word_1_501' title='bbox 189 4195 338 4258; x_wconf 77' lang='lat' dir='ltr'><strong>Deo,</strong></span> <span class='ocrx_word' id='word_1_502' title='bbox 366 4193 679 4264; x_wconf 87' lang='lat' dir='ltr'><strong>putantibus</strong></span> <span class='ocrx_word' id='word_1_503' title='bbox 707 4192 907 4248; x_wconf 90' lang='lat' dir='ltr'><strong>nullum</strong></span> <span class='ocrx_word' id='word_1_504' title='bbox 939 4193 1104 4248; x_wconf 90' lang='lat' dir='ltr'><strong>alium</strong></span> <span class='ocrx_word' id='word_1_505' title='bbox 1143 4193 1368 4264; x_wconf 85' lang='lat' dir='ltr'><strong>intelligi</strong></span> <span class='ocrx_word' id='word_1_506' title='bbox 1400 4194 1659 4264; x_wconf 77' lang='lat' dir='ltr'><strong>hymnum</strong></span> <span class='ocrx_word' id='word_1_507' title='bbox 1687 4209 1786 4248; x_wconf 86' lang='lat' dir='ltr'><strong>an-</strong></span> 
     </span>
    </p>
   </div>
   <div class='ocr_carea' id='block_1_73' title="bbox 189 4283 1780 4356">
    <p class='ocr_par' dir='ltr' id='par_1_73' title="bbox 189 4283 1780 4356">
     <span class='ocr_line' id='line_1_73' title="bbox 189 4283 1780 4356; baseline -0.001 -15"><span class='ocrx_word' id='word_1_508' title='bbox 189 4285 435 4356; x_wconf 74' lang='lat' dir='ltr'><strong>gelicum</strong></span> <span class='ocrx_word' id='word_1_509' title='bbox 473 4283 575 4338; x_wconf 90' lang='lat' dir='ltr'><strong>nisi</strong></span> <span class='ocrx_word' id='word_1_510' title='bbox 605 4297 766 4351; x_wconf 89' lang='lat' dir='ltr'><strong>quem</strong></span> <span class='ocrx_word' id='word_1_511' title='bbox 806 4285 982 4356; x_wconf 83' lang='lat' dir='ltr'><strong>angeli</strong></span> <span class='ocrx_word' id='word_1_512' title='bbox 1025 4293 1152 4339; x_wconf 90' lang='lat' dir='ltr'><strong>nato</strong></span> <span class='ocrx_word' id='word_1_513' title='bbox 1187 4284 1414 4339; x_wconf 89' lang='lat' dir='ltr'><strong>Domino</strong></span> <span class='ocrx_word' id='word_1_514' title='bbox 1448 4285 1780 4340; x_wconf 89' lang='lat' dir='ltr'><strong>cecinerunt.</strong></span> 
     </span>
    </p>
   </div>
   <div class='ocr_carea' id='block_1_74' title="bbox 196 4374 1787 4444">
    <p class='ocr_par' dir='ltr' id='par_1_74' title="bbox 196 4374 1787 4444">
     <span class='ocr_line' id='line_1_74' title="bbox 196 4374 1787 4444; baseline 0 -16"><span class='ocrx_word' id='word_1_515' title='bbox 196 4379 339 4444; x_wconf 74' lang='lat' dir='ltr'><strong>Quae</strong></span> <span class='ocrx_word' id='word_1_516' title='bbox 360 4377 541 4440; x_wconf 85' lang='lat' dir='ltr'><strong>verba,</strong></span> <span class='ocrx_word' id='word_1_517' title='bbox 565 4378 619 4432; x_wconf 88' lang='lat' dir='ltr'><strong>id</strong></span> <span class='ocrx_word' id='word_1_518' title='bbox 641 4386 724 4434; x_wconf 88' lang='lat' dir='ltr'><strong>est</strong></span> <span class='ocrx_word' id='word_1_519' title='bbox 747 4375 927 4430; x_wconf 84' lang='lat' dir='ltr'><strong>Gloria</strong></span> <span class='ocrx_word' id='word_1_520' title='bbox 947 4377 1002 4428; x_wconf 83' lang='lat' dir='ltr'><strong>in</strong></span> <span class='ocrx_word' id='word_1_521' title='bbox 1024 4375 1243 4434; x_wconf 42' lang='lat' dir='ltr'><strong>excelsis.</strong></span> <span class='ocrx_word' id='word_1_522' title='bbox 1265 4374 1395 4440; x_wconf 84' lang='lat' dir='ltr'><strong>Deo,</strong></span> <span class='ocrx_word' id='word_1_523' title='bbox 1414 4377 1459 4430; x_wconf 91' lang='lat' dir='ltr'><strong>si</strong></span> <span class='ocrx_word' id='word_1_524' title='bbox 1476 4390 1582 4430; x_wconf 88' lang='lat' dir='ltr'><strong>non</strong></span> <span class='ocrx_word' id='word_1_525' title='bbox 1601 4383 1787 4430; x_wconf 88' lang='lat' dir='ltr'><strong>essent</strong></span> 
     </span>
    </p>
   </div>
   <div class='ocr_carea' id='block_1_75' title="bbox 197 4467 1786 4541">
    <p class='ocr_par' dir='ltr' id='par_1_75' title="bbox 197 4467 1786 4541">
     <span class='ocr_line' id='line_1_75' title="bbox 197 4467 1786 4541; baseline -0.001 -16"><span class='ocrx_word' id='word_1_526' title='bbox 197 4469 382 4540; x_wconf 80' lang='lat' dir='ltr'><strong>posita</strong></span> <span class='ocrx_word' id='word_1_527' title='bbox 419 4470 473 4524; x_wconf 92' lang='lat' dir='ltr'><strong>in</strong></span> <span class='ocrx_word' id='word_1_528' title='bbox 505 4471 742 4541; x_wconf 88' lang='lat' dir='ltr'><strong>capitulo</strong></span> <span class='ocrx_word' id='word_1_529' title='bbox 772 4467 1112 4537; x_wconf 84' lang='lat' dir='ltr'><strong>Telesphori,</strong></span> <span class='ocrx_word' id='word_1_530' title='bbox 1145 4484 1252 4522; x_wconf 91' lang='lat' dir='ltr'><strong>non</strong></span> <span class='ocrx_word' id='word_1_531' title='bbox 1285 4477 1604 4524; x_wconf 84' lang='lat' dir='ltr'><strong>nasceretur</strong></span> <span class='ocrx_word' id='word_1_532' title='bbox 1639 4483 1786 4538; x_wconf 67' lang='lat' dir='ltr'><strong>qua?-</strong></span> 
     </span>
    </p>
   </div>
   <div class='ocr_carea' id='block_1_76' title="bbox 194 4557 1783 4629">
    <p class='ocr_par' dir='ltr' id='par_1_76' title="bbox 194 4557 1783 4629">
     <span class='ocr_line' id='line_1_76' title="bbox 194 4557 1783 4629; baseline -0.002 -14"><span class='ocrx_word' id='word_1_533' title='bbox 194 4560 313 4616; x_wconf 81' lang='lat' dir='ltr'><strong>stio</strong></span> <span class='ocrx_word' id='word_1_534' title='bbox 339 4561 726 4629; x_wconf 82' lang='lat' dir='ltr'><strong>suprascripta,</strong></span> <span class='ocrx_word' id='word_1_535' title='bbox 750 4569 809 4614; x_wconf 87' lang='lat' dir='ltr'><strong>et</strong></span> <span class='ocrx_word' id='word_1_536' title='bbox 837 4557 1231 4628; x_wconf 86' lang='lat' dir='ltr'><strong>intelligeretur</strong></span> <span class='ocrx_word' id='word_1_537' title='bbox 1256 4558 1488 4628; x_wconf 76' lang='lat' dir='ltr'><strong>hymnus</strong></span> <span class='ocrx_word' id='word_1_538' title='bbox 1511 4557 1783 4628; x_wconf 81' lang='lat' dir='ltr'><strong>angelicas</strong></span> 
     </span>
    </p>
   </div>
   <div class='ocr_carea' id='block_1_77' title="bbox 199 4650 1778 4722">
    <p class='ocr_par' dir='ltr' id='par_1_77' title="bbox 199 4650 1778 4722">
     <span class='ocr_line' id='line_1_77' title="bbox 199 4650 1778 4722; baseline -0.001 -15"><span class='ocrx_word' id='word_1_539' title='bbox 199 4653 298 4708; x_wconf 91' lang='lat' dir='ltr'><strong>ille</strong></span> <span class='ocrx_word' id='word_1_540' title='bbox 325 4653 420 4722; x_wconf 89' lang='lat' dir='ltr'><strong>qui</strong></span> <span class='ocrx_word' id='word_1_541' title='bbox 479 4662 607 4707; x_wconf 87' lang='lat' dir='ltr'><strong>ante</strong></span> <span class='ocrx_word' id='word_1_542' title='bbox 659 4652 925 4706; x_wconf 87' lang='lat' dir='ltr'><strong>actionem</strong></span> <span class='ocrx_word' id='word_1_543' title='bbox 964 4650 1040 4720; x_wconf 89' lang='lat' dir='ltr'><strong>(id</strong></span> <span class='ocrx_word' id='word_1_544' title='bbox 1068 4658 1155 4704; x_wconf 90' lang='lat' dir='ltr'><strong>est</strong></span> <span class='ocrx_word' id='word_1_545' title='bbox 1195 4652 1480 4720; x_wconf 83' lang='lat' dir='ltr'><strong>canonem)</strong></span> <span class='ocrx_word' id='word_1_546' title='bbox 1508 4660 1778 4706; x_wconf 84' lang='lat' dir='ltr'><strong>cantatur.</strong></span> 
     </span>
    </p>
   </div>
   <div class='ocr_carea' id='block_1_78' title="bbox 186 4739 1778 4810">
    <p class='ocr_par' dir='ltr' id='par_1_78' title="bbox 186 4739 1778 4810">
     <span class='ocr_line' id='line_1_78' title="bbox 186 4739 1778 4810; baseline -0.001 -12"><span class='ocrx_word' id='word_1_547' title='bbox 186 4743 343 4808; x_wconf 78' lang='lat' dir='ltr'><strong>Huic</strong></span> <span class='ocrx_word' id='word_1_548' title='bbox 371 4743 657 4797; x_wconf 86' lang='lat' dir='ltr'><strong>assertioni</strong></span> <span class='ocrx_word' id='word_1_549' title='bbox 687 4743 900 4796; x_wconf 83' lang='lat' dir='ltr'><strong>videtur</strong></span> <span class='ocrx_word' id='word_1_550' title='bbox 926 4741 1052 4795; x_wconf 91' lang='lat' dir='ltr'><strong>illud</strong></span> <span class='ocrx_word' id='word_1_551' title='bbox 1085 4739 1367 4810; x_wconf 72' lang='lat' dir='ltr'><strong>suffragari</strong></span> <span class='ocrx_word' id='word_1_552' title='bbox 1393 4741 1536 4810; x_wconf 89' lang='lat' dir='ltr'><strong>quod</strong></span> <span class='ocrx_word' id='word_1_553' title='bbox 1565 4740 1778 4810; x_wconf 76' lang='lat' dir='ltr'><strong>legitur,</strong></span> 
     </span>
    </p>
   </div>
   <div class='ocr_carea' id='block_1_79' title="bbox 199 4833 1783 4907">
    <p class='ocr_par' dir='ltr' id='par_1_79' title="bbox 199 4833 1783 4907">
     <span class='ocr_line' id='line_1_79' title="bbox 199 4833 1783 4907; baseline -0.001 -17"><span class='ocrx_word' id='word_1_554' title='bbox 199 4835 589 4905; x_wconf 75' lang='lat' dir='ltr'><strong>Symmachum</strong></span> <span class='ocrx_word' id='word_1_555' title='bbox 633 4836 720 4890; x_wconf 82' lang='lat' dir='ltr'><strong>alii</strong></span> <span class='ocrx_word' id='word_1_556' title='bbox 761 4834 824 4907; x_wconf 80' lang='lat' dir='ltr'><strong>[f.</strong></span> <span class='ocrx_word' id='word_1_557' title='bbox 857 4833 957 4905; x_wconf 78' lang='lat' dir='ltr'><strong>leg.</strong></span> <span class='ocrx_word' id='word_1_558' title='bbox 993 4833 1124 4906; x_wconf 83' lang='lat' dir='ltr'><strong>LIII]</strong></span> <span class='ocrx_word' id='word_1_559' title='bbox 1164 4833 1529 4889; x_wconf 79' lang='lat' dir='ltr'><strong>Romanorum</strong></span> <span class='ocrx_word' id='word_1_560' title='bbox 1575 4849 1783 4904; x_wconf 70' lang='lat' dir='ltr'><strong>praesu-</strong></span> 
     </span>
    </p>
   </div>
   <div class='ocr_carea' id='block_1_80' title="bbox 199 4922 1784 4988">
    <p class='ocr_par' dir='ltr' id='par_1_80' title="bbox 199 4922 1784 4988">
     <span class='ocr_line' id='line_1_80' title="bbox 199 4922 1784 4988; baseline 0.001 -10"><span class='ocrx_word' id='word_1_561' title='bbox 199 4925 310 4980; x_wconf 88' lang='lat' dir='ltr'><strong>lem</strong></span> <span class='ocrx_word' id='word_1_562' title='bbox 366 4925 716 4980; x_wconf 82' lang='lat' dir='ltr'><strong>constituisse</strong></span> <span class='ocrx_word' id='word_1_563' title='bbox 763 4934 823 4978; x_wconf 91' lang='lat' dir='ltr'><strong>ut</strong></span> <span class='ocrx_word' id='word_1_564' title='bbox 865 4923 1011 4979; x_wconf 87' lang='lat' dir='ltr'><strong>omni</strong></span> <span class='ocrx_word' id='word_1_565' title='bbox 1063 4922 1470 4988; x_wconf 58' lang='lat' dir='ltr'><strong>Dominicayel</strong></span> <span class='ocrx_word' id='word_1_566' title='bbox 1525 4923 1784 4979; x_wconf 78' lang='lat' dir='ltr'><strong>natalitiis</strong></span> 
     </span>
    </p>
   </div>
   <div class='ocr_carea' id='block_1_81' title="bbox 199 5012 1784 5088">
    <p class='ocr_par' dir='ltr' id='par_1_81' title="bbox 199 5012 1784 5088">
     <span class='ocr_line' id='line_1_81' title="bbox 199 5012 1784 5088; baseline -0.002 -17"><span class='ocrx_word' id='word_1_567' title='bbox 199 5023 518 5071; x_wconf 79' lang='lat' dir='ltr'><strong>sanctorum</strong></span> <span class='ocrx_word' id='word_1_568' title='bbox 569 5013 754 5070; x_wconf 79' lang='lat' dir='ltr'><strong>Gloria</strong></span> <span class='ocrx_word' id='word_1_569' title='bbox 806 5015 860 5069; x_wconf 80' lang='lat' dir='ltr'><strong>in</strong></span> <span class='ocrx_word' id='word_1_570' title='bbox 913 5013 1131 5067; x_wconf 68' lang='lat' dir='ltr'><strong>excelsis</strong></span> <span class='ocrx_word' id='word_1_571' title='bbox 1181 5012 1297 5088; x_wconf 28' lang='lat' dir='ltr'><strong>Deo.</strong></span> <span class='ocrx_word' id='word_1_572' title='bbox 1341 5013 1634 5068; x_wconf 88' lang='lat' dir='ltr'><strong>diceretur.</strong></span> <span class='ocrx_word' id='word_1_573' title='bbox 1673 5012 1784 5079; x_wconf 82' lang='lat' dir='ltr'><strong>Aut</strong></span> 
     </span>
    </p>
   </div>
   <div class='ocr_carea' id='block_1_82' title="bbox 188 5104 1781 5178">
    <p class='ocr_par' dir='ltr' id='par_1_82' title="bbox 188 5104 1781 5178">
     <span class='ocr_line' id='line_1_82' title="bbox 188 5104 1781 5178; baseline -0.001 -15"><span class='ocrx_word' id='word_1_574' title='bbox 188 5107 370 5172; x_wconf 63' lang='lat' dir='ltr'><strong>enim,</strong></span> <span class='ocrx_word' id='word_1_575' title='bbox 403 5108 544 5162; x_wconf 91' lang='lat' dir='ltr'><strong>sicut</strong></span> <span class='ocrx_word' id='word_1_576' title='bbox 589 5105 960 5178; x_wconf 71' lang='lat' dir='ltr'><strong>praediximus,</strong></span> <span class='ocrx_word' id='word_1_577' title='bbox 1007 5104 1155 5158; x_wconf 92' lang='lat' dir='ltr'><strong>illum</strong></span> <span class='ocrx_word' id='word_1_578' title='bbox 1189 5104 1448 5175; x_wconf 90' lang='lat' dir='ltr'><strong>hymnum</strong></span> <span class='ocrx_word' id='word_1_579' title='bbox 1488 5104 1781 5175; x_wconf 85' lang='lat' dir='ltr'><strong>Telespho-</strong></span> 
     </span>
    </p>
   </div>
   <div class='ocr_carea' id='block_1_83' title="bbox 203 5193 1780 5267">
    <p class='ocr_par' dir='ltr' id='par_1_83' title="bbox 203 5193 1780 5267">
     <span class='ocr_line' id='line_1_83' title="bbox 203 5193 1780 5267; baseline -0.003 -15"><span class='ocrx_word' id='word_1_580' title='bbox 203 5213 300 5255; x_wconf 89' lang='lat' dir='ltr'><strong>rus</strong></span> <span class='ocrx_word' id='word_1_581' title='bbox 323 5211 430 5252; x_wconf 79' lang='lat' dir='ltr'><strong>non</strong></span> <span class='ocrx_word' id='word_1_582' title='bbox 456 5197 723 5267; x_wconf 89' lang='lat' dir='ltr'><strong>apposuit,</strong></span> <span class='ocrx_word' id='word_1_583' title='bbox 760 5204 855 5250; x_wconf 88' lang='lat' dir='ltr'><strong>aut</strong></span> <span class='ocrx_word' id='word_1_584' title='bbox 884 5195 928 5248; x_wconf 89' lang='lat' dir='ltr'><strong>si</strong></span> <span class='ocrx_word' id='word_1_585' title='bbox 971 5193 1117 5257; x_wconf 83' lang='lat' dir='ltr'><strong>fecit,</strong></span> <span class='ocrx_word' id='word_1_586' title='bbox 1148 5202 1405 5248; x_wconf 88' lang='lat' dir='ltr'><strong>statutum</strong></span> <span class='ocrx_word' id='word_1_587' title='bbox 1454 5194 1600 5248; x_wconf 90' lang='lat' dir='ltr'><strong>illius</strong></span> <span class='ocrx_word' id='word_1_588' title='bbox 1622 5194 1780 5266; x_wconf 88' lang='lat' dir='ltr'><strong>longo</strong></span> 
     </span>
    </p>
   </div>
   <div class='ocr_carea' id='block_1_84' title="bbox 203 5271 1781 5358">
    <p class='ocr_par' dir='ltr' id='par_1_84' title="bbox 203 5271 1781 5358">
     <span class='ocr_line' id='line_1_84' title="bbox 203 5271 1781 5358; baseline -0.003 -14"><span class='ocrx_word' id='word_1_589' title='bbox 203 5271 447 5358; x_wconf 78' lang='lat' dir='ltr'><strong>tempore</strong></span> <span class='ocrx_word' id='word_1_590' title='bbox 472 5286 846 5358; x_wconf 80' lang='lat' dir='ltr'><strong>imperfectum</strong></span> <span class='ocrx_word' id='word_1_591' title='bbox 883 5285 1160 5354; x_wconf 83' lang='lat' dir='ltr'><strong>remansit.</strong></span> <span class='ocrx_word' id='word_1_592' title='bbox 1183 5283 1468 5340; x_wconf 87' lang='lat' dir='ltr'><strong>Orationes</strong></span> <span class='ocrx_word' id='word_1_593' title='bbox 1495 5300 1630 5354; x_wconf 92' lang='lat' dir='ltr'><strong>quas</strong></span> <span class='ocrx_word' id='word_1_594' title='bbox 1652 5283 1781 5340; x_wconf 90' lang='lat' dir='ltr'><strong>Col-</strong></span> 
     </span>
    </p>
   </div>
   <div class='ocr_carea' id='block_1_85' title="bbox 203 5377 1783 5450">
    <p class='ocr_par' dir='ltr' id='par_1_85' title="bbox 203 5377 1783 5450">
     <span class='ocr_line' id='line_1_85' title="bbox 203 5377 1783 5450; baseline -0.001 -17"><span class='ocrx_word' id='word_1_595' title='bbox 203 5381 373 5436; x_wconf 81' lang='lat' dir='ltr'><strong>lectas</strong></span> <span class='ocrx_word' id='word_1_596' title='bbox 401 5381 654 5444; x_wconf 90' lang='lat' dir='ltr'><strong>dicimus,</strong></span> <span class='ocrx_word' id='word_1_597' title='bbox 703 5380 826 5450; x_wconf 76' lang='lat' dir='ltr'><strong>quia</strong></span> <span class='ocrx_word' id='word_1_598' title='bbox 873 5377 1444 5445; x_wconf 83' lang='lat' dir='ltr'><strong>necessariascarum</strong></span> <span class='ocrx_word' id='word_1_599' title='bbox 1497 5377 1783 5445; x_wconf 84' lang='lat' dir='ltr'><strong>petitiones</strong></span> 
     </span>
    </p>
   </div>
   <div class='ocr_carea' id='block_1_86' title="bbox 201 5467 1781 5542">
    <p class='ocr_par' dir='ltr' id='par_1_86' title="bbox 201 5467 1781 5542">
     <span class='ocr_line' id='line_1_86' title="bbox 201 5467 1781 5542; baseline -0.001 -16"><span class='ocrx_word' id='word_1_600' title='bbox 201 5472 584 5542; x_wconf 74' lang='lat' dir='ltr'><strong>cornpendiosa</strong></span> <span class='ocrx_word' id='word_1_601' title='bbox 632 5471 894 5527; x_wconf 83' lang='lat' dir='ltr'><strong>brevitate</strong></span> <span class='ocrx_word' id='word_1_602' title='bbox 923 5469 1242 5538; x_wconf 88' lang='lat' dir='ltr'><strong>colligimus,</strong></span> <span class='ocrx_word' id='word_1_603' title='bbox 1276 5467 1328 5522; x_wconf 90' lang='lat' dir='ltr'><strong>id</strong></span> <span class='ocrx_word' id='word_1_604' title='bbox 1373 5476 1460 5522; x_wconf 90' lang='lat' dir='ltr'><strong>est</strong></span> <span class='ocrx_word' id='word_1_605' title='bbox 1501 5468 1781 5524; x_wconf 90' lang='lat' dir='ltr'><strong>concludi-</strong></span> 
     </span>
    </p>
   </div>
   <div class='ocr_carea' id='block_1_87' title="bbox 204 5557 1778 5630">
    <p class='ocr_par' dir='ltr' id='par_1_87' title="bbox 204 5557 1778 5630">
     <span class='ocr_line' id='line_1_87' title="bbox 204 5557 1778 5630; baseline -0.003 -12"><span class='ocrx_word' id='word_1_606' title='bbox 204 5579 344 5628; x_wconf 89' lang='lat' dir='ltr'><strong>mus,</strong></span> <span class='ocrx_word' id='word_1_607' title='bbox 361 5563 558 5619; x_wconf 89' lang='lat' dir='ltr'><strong>diversi</strong></span> <span class='ocrx_word' id='word_1_608' title='bbox 576 5571 842 5626; x_wconf 88' lang='lat' dir='ltr'><strong>auctores,</strong></span> <span class='ocrx_word' id='word_1_609' title='bbox 865 5569 1137 5630; x_wconf 90' lang='lat' dir='ltr'><strong>utcunque</strong></span> <span class='ocrx_word' id='word_1_610' title='bbox 1157 5557 1443 5613; x_wconf 89' lang='lat' dir='ltr'><strong>videbatur</strong></span> <span class='ocrx_word' id='word_1_611' title='bbox 1460 5573 1778 5627; x_wconf 84' lang='lat' dir='ltr'><strong>congruum,</strong></span> 
     </span>
    </p>
   </div>
   <div class='ocr_carea' id='block_1_88' title="bbox 203 5649 1778 5711">
    <p class='ocr_par' dir='ltr' id='par_1_88' title="bbox 203 5649 1778 5711">
     <span class='ocr_line' id='line_1_88' title="bbox 203 5649 1778 5711; baseline -0.001 -3"><span class='ocrx_word' id='word_1_612' title='bbox 203 5653 570 5711; x_wconf 78' lang='lat' dir='ltr'><strong>confecerunt.</strong></span> <span class='ocrx_word' id='word_1_613' title='bbox 614 5652 871 5708; x_wconf 88' lang='lat' dir='ltr'><strong>Solebant</strong></span> <span class='ocrx_word' id='word_1_614' title='bbox 908 5652 1052 5705; x_wconf 89' lang='lat' dir='ltr'><strong>enim</strong></span> <span class='ocrx_word' id='word_1_615' title='bbox 1090 5665 1195 5704; x_wconf 91' lang='lat' dir='ltr'><strong>non</strong></span> <span class='ocrx_word' id='word_1_616' title='bbox 1235 5649 1410 5705; x_wconf 88' lang='lat' dir='ltr'><strong>solum</strong></span> <span class='ocrx_word' id='word_1_617' title='bbox 1439 5649 1580 5704; x_wconf 90' lang='lat' dir='ltr'><strong>inter</strong></span> <span class='ocrx_word' id='word_1_618' title='bbox 1605 5652 1778 5707; x_wconf 82' lang='lat' dir='ltr'><strong>oﬂicia</strong></span> 
     </span>
    </p>
   </div>
   <div class='ocr_carea' id='block_1_89' title="bbox 203 5737 1780 5812">
    <p class='ocr_par' dir='ltr' id='par_1_89' title="bbox 203 5737 1780 5812">
     <span class='ocr_line' id='line_1_89' title="bbox 203 5737 1780 5812; baseline -0.002 -11"><span class='ocrx_word' id='word_1_619' title='bbox 203 5745 410 5812; x_wconf 70' lang='lat' dir='ltr'><strong>missae,</strong></span> <span class='ocrx_word' id='word_1_620' title='bbox 439 5760 627 5802; x_wconf 89' lang='lat' dir='ltr'><strong>verum</strong></span> <span class='ocrx_word' id='word_1_621' title='bbox 661 5737 824 5800; x_wconf 87' lang='lat' dir='ltr'><strong>etiam</strong></span> <span class='ocrx_word' id='word_1_622' title='bbox 851 5743 904 5798; x_wconf 90' lang='lat' dir='ltr'><strong>in</strong></span> <span class='ocrx_word' id='word_1_623' title='bbox 942 5741 1062 5797; x_wconf 83' lang='lat' dir='ltr'><strong>aliis</strong></span> <span class='ocrx_word' id='word_1_624' title='bbox 1091 5740 1430 5796; x_wconf 86' lang='lat' dir='ltr'><strong>orationibus</strong></span> <span class='ocrx_word' id='word_1_625' title='bbox 1458 5744 1780 5798; x_wconf 87' lang='lat' dir='ltr'><strong>convenien-</strong></span> 
     </span>
    </p>
   </div>
   <div class='ocr_carea' id='block_1_90' title="bbox 206 5832 1775 5904">
    <p class='ocr_par' dir='ltr' id='par_1_90' title="bbox 206 5832 1775 5904">
     <span class='ocr_line' id='line_1_90' title="bbox 206 5832 1775 5904; baseline 0.001 -14"><span class='ocrx_word' id='word_1_626' title='bbox 206 5836 348 5892; x_wconf 85' lang='lat' dir='ltr'><strong>tibus</strong></span> <span class='ocrx_word' id='word_1_627' title='bbox 375 5846 428 5892; x_wconf 75' lang='grc' dir='ltr'>ει</span> <span class='ocrx_word' id='word_1_628' title='bbox 472 5835 937 5901; x_wconf 85' lang='lat' dir='ltr'><strong>collocutionibus,</strong></span> <span class='ocrx_word' id='word_1_629' title='bbox 989 5847 1093 5904; x_wconf 89' lang='lat' dir='ltr'><strong>quo</strong></span> <span class='ocrx_word' id='word_1_630' title='bbox 1124 5832 1342 5889; x_wconf 66' lang='lat' dir='ltr'><strong>caeteris</strong></span> <span class='ocrx_word' id='word_1_631' title='bbox 1374 5835 1596 5890; x_wconf 84' lang='lat' dir='ltr'><strong>aderant</strong></span> <span class='ocrx_word' id='word_1_632' title='bbox 1641 5837 1775 5892; x_wconf 86' lang='lat' dir='ltr'><strong>emi-</strong></span> 
     </span>
    </p>
   </div>
   <div class='ocr_carea' id='block_1_91' title="bbox 1810 4619 1859 4679">
    <p class='ocr_par' dir='ltr' id='par_1_91' title="bbox 1810 4619 1859 4679">
     <span class='ocr_line' id='line_1_91' title="bbox 1810 4619 1859 4679; baseline 0 0"><span class='ocrx_word' id='word_1_633' title='bbox 1810 4619 1859 4679; x_wconf 91' lang='lat' dir='ltr'><strong>D</strong></span> 
     </span>
    </p>
   </div>
   <div class='ocr_carea' id='block_1_92' title="bbox 1887 3369 3465 3447">
    <p class='ocr_par' dir='ltr' id='par_1_92' title="bbox 1887 3369 3465 3447">
     <span class='ocr_line' id='line_1_92' title="bbox 1887 3369 3465 3447; baseline -0.001 -21"><span class='ocrx_word' id='word_1_634' title='bbox 1887 3385 1956 3426; x_wconf 82' lang='lat' dir='ltr'><strong>ex</strong></span> <span class='ocrx_word' id='word_1_635' title='bbox 1987 3371 2141 3425; x_wconf 89' lang='lat' dir='ltr'><strong>titulo</strong></span> <span class='ocrx_word' id='word_1_636' title='bbox 2168 3369 2284 3438; x_wconf 90' lang='lat' dir='ltr'><strong>ejus</strong></span> <span class='ocrx_word' id='word_1_637' title='bbox 2335 3371 2772 3437; x_wconf 79' lang='lat' dir='ltr'><strong>manifestissime</strong></span> <span class='ocrx_word' id='word_1_638' title='bbox 2819 3372 3126 3428; x_wconf 82' lang='lat' dir='ltr'><strong>declaratur</strong></span> <span class='ocrx_word' id='word_1_639' title='bbox 3152 3385 3169 3425; x_wconf 90' lang='lat'><strong>:</strong></span> <span class='ocrx_word' id='word_1_640' title='bbox 3208 3371 3262 3447; x_wconf 84' lang='lat' dir='ltr'><strong>i_n</strong></span> <span class='ocrx_word' id='word_1_641' title='bbox 3287 3386 3394 3446; x_wconf 85' lang='lat' dir='ltr'><strong>quo</strong></span> <span class='ocrx_word' id='word_1_642' title='bbox 3417 3373 3465 3426; x_wconf 87' lang='lat' dir='ltr'><strong>si</strong></span> 
     </span>
    </p>
   </div>
   <div class='ocr_carea' id='block_1_93' title="bbox 1887 3462 3460 3534">
    <p class='ocr_par' dir='ltr' id='par_1_93' title="bbox 1887 3462 3460 3534">
     <span class='ocr_line' id='line_1_93' title="bbox 1887 3462 3460 3534; baseline 0.002 -18"><span class='ocrx_word' id='word_1_643' title='bbox 1887 3463 2066 3534; x_wconf 78' lang='lat' dir='ltr'><strong>aliqua</strong></span> <span class='ocrx_word' id='word_1_644' title='bbox 2120 3463 2485 3526; x_wconf 44' lang='lat' dir='ltr'><strong>inveniuntur,</strong></span> <span class='ocrx_word' id='word_1_645' title='bbox 2502 3463 2569 3520; x_wconf 89' lang='lat' dir='ltr'><strong>ad</strong></span> <span class='ocrx_word' id='word_1_646' title='bbox 2615 3465 2758 3520; x_wconf 90' lang='lat' dir='ltr'><strong>hunc</strong></span> <span class='ocrx_word' id='word_1_647' title='bbox 2807 3479 3028 3520; x_wconf 90' lang='lat' dir='ltr'><strong>sensum</strong></span> <span class='ocrx_word' id='word_1_648' title='bbox 3078 3462 3460 3528; x_wconf 80' lang='lat' dir='ltr'><strong>claudicantia,</strong></span> 
     </span>
    </p>
   </div>
   <div class='ocr_carea' id='block_1_94' title="bbox 1887 3553 3464 3628">
    <p class='ocr_par' dir='ltr' id='par_1_94' title="bbox 1887 3553 3464 3628">
     <span class='ocr_line' id='line_1_94' title="bbox 1887 3553 3464 3628; baseline 0 -20"><span class='ocrx_word' id='word_1_649' title='bbox 1887 3568 1994 3608; x_wconf 86' lang='lat' dir='ltr'><strong>non</strong></span> <span class='ocrx_word' id='word_1_650' title='bbox 2018 3553 2086 3608; x_wconf 91' lang='lat' dir='ltr'><strong>ab</strong></span> <span class='ocrx_word' id='word_1_651' title='bbox 2120 3554 2211 3608; x_wconf 91' lang='lat' dir='ltr'><strong>illo</strong></span> <span class='ocrx_word' id='word_1_652' title='bbox 2242 3554 2464 3620; x_wconf 88' lang='lat' dir='ltr'><strong>inserta,</strong></span> <span class='ocrx_word' id='word_1_653' title='bbox 2512 3555 2607 3610; x_wconf 89' lang='lat' dir='ltr'><strong>sed</strong></span> <span class='ocrx_word' id='word_1_654' title='bbox 2649 3555 2720 3610; x_wconf 89' lang='lat' dir='ltr'><strong>ab</strong></span> <span class='ocrx_word' id='word_1_655' title='bbox 2748 3555 2869 3610; x_wconf 87' lang='lat' dir='ltr'><strong>aliis</strong></span> <span class='ocrx_word' id='word_1_656' title='bbox 2911 3555 3089 3610; x_wconf 88' lang='lat' dir='ltr'><strong>minus</strong></span> <span class='ocrx_word' id='word_1_657' title='bbox 3115 3553 3464 3628; x_wconf 87' lang='lat' dir='ltr'><strong>diligentibus</strong></span> 
     </span>
    </p>
   </div>
   <div class='ocr_carea' id='block_1_95' title="bbox 1887 3644 3461 3717">
    <p class='ocr_par' dir='ltr' id='par_1_95' title="bbox 1887 3644 3461 3717">
     <span class='ocr_line' id='line_1_95' title="bbox 1887 3644 3461 3717; baseline 0.001 -18"><span class='ocrx_word' id='word_1_658' title='bbox 1887 3655 2075 3716; x_wconf 85' lang='lat' dir='ltr'><strong>postea</strong></span> <span class='ocrx_word' id='word_1_659' title='bbox 2122 3645 2963 3717; x_wconf 32' lang='lat' dir='ltr'><strong>credenda,sunt..superaddita.</strong></span> <span class='ocrx_word' id='word_1_660' title='bbox 3012 3644 3298 3700; x_wconf 88' lang='lat' dir='ltr'><strong>Lectiones</strong></span> <span class='ocrx_word' id='word_1_661' title='bbox 3331 3659 3461 3715; x_wconf 83' lang='lat' dir='ltr'><strong>apo-</strong></span> 
     </span>
    </p>
   </div>
   <div class='ocr_carea' id='block_1_96' title="bbox 1886 3737 3462 3813">
    <p class='ocr_par' dir='ltr' id='par_1_96' title="bbox 1886 3737 3462 3813">
     <span class='ocr_line' id='line_1_96' title="bbox 1886 3737 3462 3813; baseline 0 -19"><span class='ocrx_word' id='word_1_662' title='bbox 1886 3737 2104 3796; x_wconf 85' lang='lat' dir='ltr'><strong>stohcas</strong></span> <span class='ocrx_word' id='word_1_663' title='bbox 2128 3738 2208 3792; x_wconf 86' lang='lat' dir='ltr'><strong>vel</strong></span> <span class='ocrx_word' id='word_1_664' title='bbox 2235 3738 2576 3809; x_wconf 85' lang='lat' dir='ltr'><strong>evangelicas</strong></span> <span class='ocrx_word' id='word_1_665' title='bbox 2605 3738 2726 3808; x_wconf 89' lang='lat' dir='ltr'><strong>quis</strong></span> <span class='ocrx_word' id='word_1_666' title='bbox 2750 3747 2878 3792; x_wconf 70' lang='lat' dir='ltr'><strong>ante</strong></span> <span class='ocrx_word' id='word_1_667' title='bbox 2913 3737 3333 3813; x_wconf 85' lang='lat' dir='ltr'><strong>celebrationem</strong></span> <span class='ocrx_word' id='word_1_668' title='bbox 3371 3752 3462 3794; x_wconf 78' lang='lat' dir='ltr'><strong>sa-</strong></span> 
     </span>
    </p>
   </div>
   <div class='ocr_carea' id='block_1_97' title="bbox 1886 3827 3466 3900">
    <p class='ocr_par' dir='ltr' id='par_1_97' title="bbox 1886 3827 3466 3900">
     <span class='ocr_line' id='line_1_97' title="bbox 1886 3827 3466 3900; baseline -0.001 -15"><span class='ocrx_word' id='word_1_669' title='bbox 1886 3830 2331 3900; x_wconf 84' lang='lat' dir='ltr'><strong>erillciiprimum</strong></span> <span class='ocrx_word' id='word_1_670' title='bbox 2357 3830 2624 3896; x_wconf 88' lang='lat' dir='ltr'><strong>statuerit,</strong></span> <span class='ocrx_word' id='word_1_671' title='bbox 2657 3845 2763 3884; x_wconf 88' lang='lat' dir='ltr'><strong>non</strong></span> <span class='ocrx_word' id='word_1_672' title='bbox 2803 3831 2936 3885; x_wconf 89' lang='lat' dir='ltr'><strong>adeo</strong></span> <span class='ocrx_word' id='word_1_673' title='bbox 2960 3839 3170 3884; x_wconf 90' lang='lat' dir='ltr'><strong>certum</strong></span> <span class='ocrx_word' id='word_1_674' title='bbox 3201 3836 3303 3884; x_wconf 90' lang='lat' dir='ltr'><strong>est.</strong></span> <span class='ocrx_word' id='word_1_675' title='bbox 3330 3827 3466 3890; x_wconf 80' lang='lat' dir='ltr'><strong>Cre-</strong></span> 
     </span>
    </p>
   </div>
   <div class='ocr_carea' id='block_1_98' title="bbox 1885 3918 3461 3991">
    <p class='ocr_par' dir='ltr' id='par_1_98' title="bbox 1885 3918 3461 3991">
     <span class='ocr_line' id='line_1_98' title="bbox 1885 3918 3461 3991; baseline -0.001 -15"><span class='ocrx_word' id='word_1_676' title='bbox 1885 3919 2048 3978; x_wconf 84' lang='lat' dir='ltr'><strong>ditur,</strong></span> <span class='ocrx_word' id='word_1_677' title='bbox 2085 3929 2266 3982; x_wconf 73' lang='lat' dir='ltr'><strong>tanien</strong></span> <span class='ocrx_word' id='word_1_678' title='bbox 2309 3935 2364 3986; x_wconf 42' lang='lat' dir='ltr'><strong>a,</strong></span> <span class='ocrx_word' id='word_1_679' title='bbox 2397 3921 2590 3991; x_wconf 90' lang='lat' dir='ltr'><strong>primis</strong></span> <span class='ocrx_word' id='word_1_680' title='bbox 2644 3920 3048 3975; x_wconf 64' lang='lat' dir='ltr'><strong>successohbus</strong></span> <span class='ocrx_word' id='word_1_681' title='bbox 3097 3918 3461 3988; x_wconf 88' lang='lat' dir='ltr'><strong>apostolorum</strong></span> 
     </span>
    </p>
   </div>
   <div class='ocr_carea' id='block_1_99' title="bbox 1886 4010 3460 4088">
    <p class='ocr_par' dir='ltr' id='par_1_99' title="bbox 1886 4010 3460 4088">
     <span class='ocr_line' id='line_1_99' title="bbox 1886 4010 3460 4088; baseline 0.001 -22"><span class='ocrx_word' id='word_1_682' title='bbox 1886 4013 2132 4072; x_wconf 85' lang='lat' dir='ltr'><strong>eamdem</strong></span> <span class='ocrx_word' id='word_1_683' title='bbox 2161 4010 2868 4088; x_wconf 84' lang='lat' dir='ltr'><strong>dispensationemt‘actam,</strong></span> <span class='ocrx_word' id='word_1_684' title='bbox 2905 4027 2970 4066; x_wconf 90' lang='lat' dir='ltr'><strong>ea</strong></span> <span class='ocrx_word' id='word_1_685' title='bbox 3000 4013 3265 4081; x_wconf 68' lang='lat' dir='ltr'><strong>praacipue</strong></span> <span class='ocrx_word' id='word_1_686' title='bbox 3297 4025 3460 4068; x_wconf 85' lang='lat' dir='ltr'><strong>causa</strong></span> 
     </span>
    </p>
   </div>
   <div class='ocr_carea' id='block_1_100' title="bbox 1886 4093 3466 4175">
    <p class='ocr_par' dir='ltr' id='par_1_100' title="bbox 1886 4093 3466 4175">
     <span class='ocr_line' id='line_1_100' title="bbox 1886 4093 3466 4175; baseline 0.001 -17"><span class='ocrx_word' id='word_1_687' title='bbox 1886 4093 2011 4174; x_wconf 87' lang='lat' dir='ltr'><strong>quia</strong></span> <span class='ocrx_word' id='word_1_688' title='bbox 2041 4105 2097 4158; x_wconf 93' lang='lat' dir='ltr'><strong>in</strong></span> <span class='ocrx_word' id='word_1_689' title='bbox 2125 4104 2430 4175; x_wconf 86' lang='lat' dir='ltr'><strong>Evangeliis</strong></span> <span class='ocrx_word' id='word_1_690' title='bbox 2455 4105 2642 4159; x_wconf 90' lang='lat' dir='ltr'><strong>eadem</strong></span> <span class='ocrx_word' id='word_1_691' title='bbox 2684 4104 2950 4158; x_wconf 88' lang='lat' dir='ltr'><strong>sacrilicia</strong></span> <span class='ocrx_word' id='word_1_692' title='bbox 2989 4102 3466 4172; x_wconf 83' lang='lat' dir='ltr'><strong>celebrarijuben-</strong></span> 
     </span>
    </p>
   </div>
   <div class='ocr_carea' id='block_1_101' title="bbox 1888 4193 3462 4265">
    <p class='ocr_par' dir='ltr' id='par_1_101' title="bbox 1888 4193 3462 4265">
     <span class='ocr_line' id='line_1_101' title="bbox 1888 4193 3462 4265; baseline 0.001 -16"><span class='ocrx_word' id='word_1_693' title='bbox 1888 4203 1976 4250; x_wconf 91' lang='lat' dir='ltr'><strong>tur</strong></span> <span class='ocrx_word' id='word_1_694' title='bbox 2003 4209 2020 4248; x_wconf 90' lang='lat'><strong>:</strong></span> <span class='ocrx_word' id='word_1_695' title='bbox 2049 4203 2105 4248; x_wconf 92' lang='lat' dir='ltr'><strong>et</strong></span> <span class='ocrx_word' id='word_1_696' title='bbox 2135 4195 2188 4250; x_wconf 91' lang='lat' dir='ltr'><strong>in</strong></span> <span class='ocrx_word' id='word_1_697' title='bbox 2229 4194 2484 4264; x_wconf 86' lang='lat' dir='ltr'><strong>Apostolo</strong></span> <span class='ocrx_word' id='word_1_698' title='bbox 2514 4194 2750 4265; x_wconf 90' lang='lat' dir='ltr'><strong>qualiter</strong></span> <span class='ocrx_word' id='word_1_699' title='bbox 2779 4193 3039 4249; x_wconf 76' lang='lat' dir='ltr'><strong>celebrari</strong></span> <span class='ocrx_word' id='word_1_700' title='bbox 3071 4193 3322 4260; x_wconf 83' lang='lat' dir='ltr'><strong>debeant,</strong></span> <span class='ocrx_word' id='word_1_701' title='bbox 3361 4194 3462 4250; x_wconf 85' lang='lat' dir='ltr'><strong>do-</strong></span> 
     </span>
    </p>
   </div>
   <div class='ocr_carea' id='block_1_102' title="bbox 1885 4283 3466 4354">
    <p class='ocr_par' dir='ltr' id='par_1_102' title="bbox 1885 4283 3466 4354">
     <span class='ocr_line' id='line_1_102' title="bbox 1885 4283 3466 4354; baseline 0.001 -14"><span class='ocrx_word' id='word_1_702' title='bbox 1885 4293 2068 4350; x_wconf 90' lang='lat' dir='ltr'><strong>cetur;</strong></span> <span class='ocrx_word' id='word_1_703' title='bbox 2105 4291 2160 4340; x_wconf 90' lang='lat' dir='ltr'><strong>et</strong></span> <span class='ocrx_word' id='word_1_704' title='bbox 2194 4293 2255 4338; x_wconf 92' lang='lat' dir='ltr'><strong>ut</strong></span> <span class='ocrx_word' id='word_1_705' title='bbox 2275 4292 2400 4339; x_wconf 86' lang='lat' dir='ltr'><strong>ante</strong></span> <span class='ocrx_word' id='word_1_706' title='bbox 2429 4283 2787 4340; x_wconf 77' lang='lat' dir='ltr'><strong>sanetissimze</strong></span> <span class='ocrx_word' id='word_1_707' title='bbox 2827 4284 3059 4340; x_wconf 86' lang='lat' dir='ltr'><strong>actionis</strong></span> <span class='ocrx_word' id='word_1_708' title='bbox 3082 4283 3158 4354; x_wconf 89' lang='lat' dir='ltr'><strong>(id</strong></span> <span class='ocrx_word' id='word_1_709' title='bbox 3179 4293 3267 4338; x_wconf 90' lang='lat' dir='ltr'><strong>est</strong></span> <span class='ocrx_word' id='word_1_710' title='bbox 3299 4299 3466 4342; x_wconf 81' lang='lat' dir='ltr'><strong>canu-</strong></span> 
     </span>
    </p>
   </div>
   <div class='ocr_carea' id='block_1_103' title="bbox 1886 4374 3462 4446">
    <p class='ocr_par' dir='ltr' id='par_1_103' title="bbox 1886 4374 3462 4446">
     <span class='ocr_line' id='line_1_103' title="bbox 1886 4374 3462 4446; baseline 0.001 -15"><span class='ocrx_word' id='word_1_711' title='bbox 1886 4376 1991 4446; x_wconf 84' lang='lat' dir='ltr'><strong>nis)</strong></span> <span class='ocrx_word' id='word_1_712' title='bbox 2017 4375 2336 4446; x_wconf 83' lang='lat' dir='ltr'><strong>mysterium</strong></span> <span class='ocrx_word' id='word_1_713' title='bbox 2369 4389 2436 4430; x_wconf 79' lang='lat' dir='ltr'><strong>ex</strong></span> <span class='ocrx_word' id='word_1_714' title='bbox 2467 4374 2757 4442; x_wconf 84' lang='lat' dir='ltr'><strong>Evangelia</strong></span> <span class='ocrx_word' id='word_1_715' title='bbox 2781 4374 2972 4430; x_wconf 83' lang='lat' dir='ltr'><strong>salutis</strong></span> <span class='ocrx_word' id='word_1_716' title='bbox 3003 4384 3058 4430; x_wconf 92' lang='lat' dir='ltr'><strong>et</strong></span> <span class='ocrx_word' id='word_1_717' title='bbox 3084 4374 3206 4431; x_wconf 78' lang='lat' dir='ltr'><strong>fidei</strong></span> <span class='ocrx_word' id='word_1_718' title='bbox 3245 4389 3357 4430; x_wconf 75' lang='lat' dir='ltr'><strong>sua:</strong></span> <span class='ocrx_word' id='word_1_719' title='bbox 3377 4391 3462 4432; x_wconf 83' lang='lat' dir='ltr'><strong>re-</strong></span> 
     </span>
    </p>
   </div>
   <div class='ocr_carea' id='block_1_104' title="bbox 1884 4451 3461 4538">
    <p class='ocr_par' dir='ltr' id='par_1_104' title="bbox 1884 4451 3461 4538">
     <span class='ocr_line' id='line_1_104' title="bbox 1884 4451 3461 4538; baseline 0.001 -15"><span class='ocrx_word' id='word_1_720' title='bbox 1884 4475 2279 4538; x_wconf 88' lang='lat' dir='ltr'><strong>cognoscerent</strong></span> <span class='ocrx_word' id='word_1_721' title='bbox 2303 4465 2730 4532; x_wconf 81' lang='lat' dir='ltr'><strong>fundamentum,</strong></span> <span class='ocrx_word' id='word_1_722' title='bbox 2768 4475 2824 4522; x_wconf 92' lang='lat' dir='ltr'><strong>et</strong></span> <span class='ocrx_word' id='word_1_723' title='bbox 2846 4482 2912 4521; x_wconf 78' lang='lat' dir='ltr'><strong>ex</strong></span> <span class='ocrx_word' id='word_1_724' title='bbox 2937 4466 3192 4534; x_wconf 81' lang='lat' dir='ltr'><strong>Apostolo</strong></span> <span class='ocrx_word' id='word_1_725' title='bbox 3218 4451 3461 4538; x_wconf 78' lang='lat' dir='ltr'><strong>ejusdem</strong></span> 
     </span>
    </p>
   </div>
   <div class='ocr_carea' id='block_1_105' title="bbox 1887 4556 3462 4628">
    <p class='ocr_par' dir='ltr' id='par_1_105' title="bbox 1887 4556 3462 4628">
     <span class='ocr_line' id='line_1_105' title="bbox 1887 4556 3462 4628; baseline 0.002 -16"><span class='ocrx_word' id='word_1_726' title='bbox 1887 4557 2011 4612; x_wconf 81' lang='lat' dir='ltr'><strong>ﬁdei</strong></span> <span class='ocrx_word' id='word_1_727' title='bbox 2031 4567 2086 4612; x_wconf 90' lang='lat' dir='ltr'><strong>et</strong></span> <span class='ocrx_word' id='word_1_728' title='bbox 2114 4573 2325 4622; x_wconf 82' lang='lat' dir='ltr'><strong>morum</strong></span> <span class='ocrx_word' id='word_1_729' title='bbox 2355 4558 2465 4613; x_wconf 90' lang='lat' dir='ltr'><strong>Deo</strong></span> <span class='ocrx_word' id='word_1_730' title='bbox 2493 4556 2817 4628; x_wconf 90' lang='lat' dir='ltr'><strong>placentium</strong></span> <span class='ocrx_word' id='word_1_731' title='bbox 2848 4566 3104 4625; x_wconf 88' lang='lat' dir='ltr'><strong>caperent</strong></span> <span class='ocrx_word' id='word_1_732' title='bbox 3131 4558 3462 4615; x_wconf 81' lang='lat' dir='ltr'><strong>instrumen-</strong></span> 
     </span>
    </p>
   </div>
   <div class='ocr_carea' id='block_1_106' title="bbox 1869 4645 3462 4716">
    <p class='ocr_par' dir='ltr' id='par_1_106' title="bbox 1869 4645 3462 4716">
     <span class='ocr_line' id='line_1_106' title="bbox 1869 4645 3462 4716; baseline 0.003 -19"><span class='ocrx_word' id='word_1_733' title='bbox 1869 4655 2022 4700; x_wconf 81' lang='lat' dir='ltr'><strong>.tum.</strong></span> <span class='ocrx_word' id='word_1_734' title='bbox 2051 4645 2409 4716; x_wconf 82' lang='lat' dir='ltr'><strong>Anteponitur</strong></span> <span class='ocrx_word' id='word_1_735' title='bbox 2431 4653 2610 4700; x_wconf 91' lang='lat' dir='ltr'><strong>autem</strong></span> <span class='ocrx_word' id='word_1_736' title='bbox 2644 4646 2697 4700; x_wconf 95' lang='lat' dir='ltr'><strong>in</strong></span> <span class='ocrx_word' id='word_1_737' title='bbox 2730 4645 2921 4701; x_wconf 87' lang='lat' dir='ltr'><strong>ordine</strong></span> <span class='ocrx_word' id='word_1_738' title='bbox 2947 4646 3086 4715; x_wconf 89' lang='lat' dir='ltr'><strong>quod</strong></span> <span class='ocrx_word' id='word_1_739' title='bbox 3127 4645 3352 4703; x_wconf 74' lang='lat' dir='ltr'><strong>inferius</strong></span> <span class='ocrx_word' id='word_1_740' title='bbox 3375 4658 3462 4704; x_wconf 87' lang='lat' dir='ltr'><strong>est</strong></span> 
     </span>
    </p>
   </div>
   <div class='ocr_carea' id='block_1_107' title="bbox 1885 4739 3458 4810">
    <p class='ocr_par' dir='ltr' id='par_1_107' title="bbox 1885 4739 3458 4810">
     <span class='ocr_line' id='line_1_107' title="bbox 1885 4739 3458 4810; baseline 0.003 -15"><span class='ocrx_word' id='word_1_741' title='bbox 1885 4739 2164 4810; x_wconf 83' lang='lat' dir='ltr'><strong>dignitate.</strong></span> <span class='ocrx_word' id='word_1_742' title='bbox 2197 4747 2256 4794; x_wconf 91' lang='lat' dir='ltr'><strong>ut</strong></span> <span class='ocrx_word' id='word_1_743' title='bbox 2297 4754 2364 4794; x_wconf 78' lang='lat' dir='ltr'><strong>es</strong></span> <span class='ocrx_word' id='word_1_744' title='bbox 2407 4740 2706 4794; x_wconf 87' lang='lat' dir='ltr'><strong>minoribus</strong></span> <span class='ocrx_word' id='word_1_745' title='bbox 2757 4739 2974 4796; x_wconf 89' lang='lat' dir='ltr'><strong>animus</strong></span> <span class='ocrx_word' id='word_1_746' title='bbox 3015 4741 3347 4798; x_wconf 90' lang='lat' dir='ltr'><strong>audientium</strong></span> <span class='ocrx_word' id='word_1_747' title='bbox 3387 4746 3458 4800; x_wconf 83' lang='lat' dir='ltr'><strong>ad</strong></span> 
     </span>
    </p>
   </div>
   <div class='ocr_carea' id='block_1_108' title="bbox 1886 4830 3460 4904">
    <p class='ocr_par' dir='ltr' id='par_1_108' title="bbox 1886 4830 3460 4904">
     <span class='ocr_line' id='line_1_108' title="bbox 1886 4830 3460 4904; baseline 0.003 -18"><span class='ocrx_word' id='word_1_748' title='bbox 1886 4830 2092 4900; x_wconf 84' lang='lat' dir='ltr'><strong>majora</strong></span> <span class='ocrx_word' id='word_1_749' title='bbox 2119 4831 2399 4893; x_wconf 87' lang='lat' dir='ltr'><strong>sentienda</strong></span> <span class='ocrx_word' id='word_1_750' title='bbox 2439 4830 2707 4902; x_wconf 83' lang='lat' dir='ltr'><strong>proﬁciat,</strong></span> <span class='ocrx_word' id='word_1_751' title='bbox 2746 4843 2801 4887; x_wconf 88' lang='lat' dir='ltr'><strong>et</strong></span> <span class='ocrx_word' id='word_1_752' title='bbox 2838 4833 3101 4904; x_wconf 77' lang='lat' dir='ltr'><strong>gradatim</strong></span> <span class='ocrx_word' id='word_1_753' title='bbox 3127 4833 3195 4889; x_wconf 85' lang='lat' dir='ltr'><strong>ab</strong></span> <span class='ocrx_word' id='word_1_754' title='bbox 3241 4833 3366 4890; x_wconf 88' lang='lat' dir='ltr'><strong>imis</strong></span> <span class='ocrx_word' id='word_1_755' title='bbox 3391 4838 3460 4890; x_wconf 85' lang='lat' dir='ltr'><strong>ad</strong></span> 
     </span>
    </p>
   </div>
   <div class='ocr_carea' id='block_1_109' title="bbox 1886 4908 3463 4998">
    <p class='ocr_par' dir='ltr' id='par_1_109' title="bbox 1886 4908 3463 4998">
     <span class='ocr_line' id='line_1_109' title="bbox 1886 4908 3463 4998; baseline 0.004 -23"><span class='ocrx_word' id='word_1_756' title='bbox 1886 4935 2096 4976; x_wconf 89' lang='lat' dir='ltr'><strong>summa</strong></span> <span class='ocrx_word' id='word_1_757' title='bbox 2135 4922 2484 4996; x_wconf 87' lang='lat' dir='ltr'><strong>conscendat.</strong></span> <span class='ocrx_word' id='word_1_758' title='bbox 2515 4921 2716 4979; x_wconf 83' lang='lat' dir='ltr'><strong>Statuit</strong></span> <span class='ocrx_word' id='word_1_759' title='bbox 2759 4933 2938 4979; x_wconf 88' lang='lat' dir='ltr'><strong>autem</strong></span> <span class='ocrx_word' id='word_1_760' title='bbox 2963 4925 3289 4982; x_wconf 71' lang='lat' dir='ltr'><strong>Anastasius.</strong></span> <span class='ocrx_word' id='word_1_761' title='bbox 3325 4908 3463 4998; x_wconf 78' lang='lat' dir='ltr'><strong>papa</strong></span> 
     </span>
    </p>
   </div>
   <div class='ocr_carea' id='block_1_110' title="bbox 1887 5013 3458 5087">
    <p class='ocr_par' dir='ltr' id='par_1_110' title="bbox 1887 5013 3458 5087">
     <span class='ocr_line' id='line_1_110' title="bbox 1887 5013 3458 5087; baseline 0.005 -21"><span class='ocrx_word' id='word_1_762' title='bbox 1887 5013 2344 5085; x_wconf 79' lang='lat' dir='ltr'><strong>quadragesimus,</strong></span> <span class='ocrx_word' id='word_1_763' title='bbox 2376 5029 2546 5081; x_wconf 90' lang='lat' dir='ltr'><strong>unus,</strong></span> <span class='ocrx_word' id='word_1_764' title='bbox 2607 5023 2667 5069; x_wconf 92' lang='lat' dir='ltr'><strong>ut</strong></span> <span class='ocrx_word' id='word_1_765' title='bbox 2727 5015 3155 5087; x_wconf 86' lang='lat' dir='ltr'><strong>quotiescunque</strong></span> <span class='ocrx_word' id='word_1_766' title='bbox 3210 5027 3458 5074; x_wconf 85' lang='lat' dir='ltr'><strong>sanctum</strong></span> 
     </span>
    </p>
   </div>
   <div class='ocr_carea' id='block_1_111' title="bbox 1887 5101 3462 5174">
    <p class='ocr_par' dir='ltr' id='par_1_111' title="bbox 1887 5101 3462 5174">
     <span class='ocr_line' id='line_1_111' title="bbox 1887 5101 3462 5174; baseline 0.004 -16"><span class='ocrx_word' id='word_1_767' title='bbox 1887 5101 2238 5174; x_wconf 82' lang='lat' dir='ltr'><strong>Evangelium</strong></span> <span class='ocrx_word' id='word_1_768' title='bbox 2291 5103 2635 5167; x_wconf 76' lang='lat' dir='ltr'><strong>recitaretur,</strong></span> <span class='ocrx_word' id='word_1_769' title='bbox 2669 5105 2976 5174; x_wconf 86' lang='lat' dir='ltr'><strong>sacerdotes</strong></span> <span class='ocrx_word' id='word_1_770' title='bbox 3027 5123 3133 5162; x_wconf 88' lang='lat' dir='ltr'><strong>non</strong></span> <span class='ocrx_word' id='word_1_771' title='bbox 3179 5109 3462 5174; x_wconf 73' lang='lat' dir='ltr'><strong>recti,.sed</strong></span> 
     </span>
    </p>
   </div>
   <div class='ocr_carea' id='block_1_112' title="bbox 1888 5180 3463 5267">
    <p class='ocr_par' dir='ltr' id='par_1_112' title="bbox 1888 5180 3463 5267">
     <span class='ocr_line' id='line_1_112' title="bbox 1888 5180 3463 5267; baseline 0.003 -18"><span class='ocrx_word' id='word_1_772' title='bbox 1888 5194 2038 5249; x_wconf 90' lang='lat' dir='ltr'><strong>curvi</strong></span> <span class='ocrx_word' id='word_1_773' title='bbox 2081 5200 2310 5258; x_wconf 88' lang='lat' dir='ltr'><strong>starent,</strong></span> <span class='ocrx_word' id='word_1_774' title='bbox 2341 5201 2401 5246; x_wconf 92' lang='lat' dir='ltr'><strong>ut</strong></span> <span class='ocrx_word' id='word_1_775' title='bbox 2428 5192 2677 5249; x_wconf 82' lang='lat' dir='ltr'><strong>videlicet</strong></span> <span class='ocrx_word' id='word_1_776' title='bbox 2719 5192 3100 5262; x_wconf 89' lang='lat' dir='ltr'><strong>humilitatem,</strong></span> <span class='ocrx_word' id='word_1_777' title='bbox 3129 5212 3249 5267; x_wconf 72' lang='lat' dir='ltr'><strong>qua:</strong></span> <span class='ocrx_word' id='word_1_778' title='bbox 3279 5213 3310 5251; x_wconf 88' lang='lat' dir='ltr'><strong>a</strong></span> <span class='ocrx_word' id='word_1_779' title='bbox 3352 5180 3463 5254; x_wconf 77' lang='lat' dir='ltr'><strong>Do-</strong></span> 
     </span>
    </p>
   </div>
   <div class='ocr_carea' id='block_1_113' title="bbox 1889 5284 3466 5356">
    <p class='ocr_par' dir='ltr' id='par_1_113' title="bbox 1889 5284 3466 5356">
     <span class='ocr_line' id='line_1_113' title="bbox 1889 5284 3466 5356; baseline 0.005 -18"><span class='ocrx_word' id='word_1_780' title='bbox 1889 5285 2037 5338; x_wconf 91' lang='lat' dir='ltr'><strong>mino</strong></span> <span class='ocrx_word' id='word_1_781' title='bbox 2063 5284 2303 5349; x_wconf 88' lang='lat' dir='ltr'><strong>docetur,</strong></span> <span class='ocrx_word' id='word_1_782' title='bbox 2326 5285 2492 5340; x_wconf 86' lang='lat' dir='ltr'><strong>etiam</strong></span> <span class='ocrx_word' id='word_1_783' title='bbox 2516 5300 2739 5356; x_wconf 87' lang='lat' dir='ltr'><strong>corpore</strong></span> <span class='ocrx_word' id='word_1_784' title='bbox 2759 5287 3212 5345; x_wconf 86' lang='lat' dir='ltr'><strong>demonstrarent.</strong></span> <span class='ocrx_word' id='word_1_785' title='bbox 3242 5290 3466 5346; x_wconf 84' lang='lat' dir='ltr'><strong>Videtur</strong></span> 
     </span>
    </p>
   </div>
   <div class='ocr_carea' id='block_1_114' title="bbox 1889 5376 3464 5451">
    <p class='ocr_par' dir='ltr' id='par_1_114' title="bbox 1889 5376 3464 5451">
     <span class='ocr_line' id='line_1_114' title="bbox 1889 5376 3464 5451; baseline 0.006 -21"><span class='ocrx_word' id='word_1_786' title='bbox 1889 5385 2067 5432; x_wconf 89' lang='lat' dir='ltr'><strong>autem</strong></span> <span class='ocrx_word' id='word_1_787' title='bbox 2110 5393 2213 5432; x_wconf 92' lang='lat' dir='ltr'><strong>non</strong></span> <span class='ocrx_word' id='word_1_788' title='bbox 2265 5376 2400 5448; x_wconf 82' lang='lat' dir='ltr'><strong>alias</strong></span> <span class='ocrx_word' id='word_1_789' title='bbox 2445 5377 2706 5434; x_wconf 90' lang='lat' dir='ltr'><strong>lectiones</strong></span> <span class='ocrx_word' id='word_1_790' title='bbox 2744 5387 2870 5435; x_wconf 87' lang='lat' dir='ltr'><strong>ante</strong></span> <span class='ocrx_word' id='word_1_791' title='bbox 2906 5380 3252 5451; x_wconf 85' lang='lat' dir='ltr'><strong>Evangelium</strong></span> <span class='ocrx_word' id='word_1_792' title='bbox 3299 5382 3464 5440; x_wconf 84' lang='lat' dir='ltr'><strong>fuisse</strong></span> 
     </span>
    </p>
   </div>
   <div class='ocr_carea' id='block_1_115' title="bbox 1890 5468 3459 5546">
    <p class='ocr_par' dir='ltr' id='par_1_115' title="bbox 1890 5468 3459 5546">
     <span class='ocr_line' id='line_1_115' title="bbox 1890 5468 3459 5546; baseline 0.005 -25"><span class='ocrx_word' id='word_1_793' title='bbox 1890 5477 2017 5522; x_wconf 88' lang='lat' dir='ltr'><strong>tunc</strong></span> <span class='ocrx_word' id='word_1_794' title='bbox 2039 5468 2260 5538; x_wconf 89' lang='lat' dir='ltr'><strong>positas,</strong></span> <span class='ocrx_word' id='word_1_795' title='bbox 2289 5468 2390 5523; x_wconf 90' lang='lat' dir='ltr'><strong>nisi</strong></span> <span class='ocrx_word' id='word_1_796' title='bbox 2425 5477 2633 5524; x_wconf 88' lang='lat' dir='ltr'><strong>tantum</strong></span> <span class='ocrx_word' id='word_1_797' title='bbox 2659 5470 2884 5542; x_wconf 90' lang='lat' dir='ltr'><strong>apostoli</strong></span> <span class='ocrx_word' id='word_1_798' title='bbox 2930 5471 3104 5538; x_wconf 75' lang='lat' dir='ltr'><strong>Pauli,</strong></span> <span class='ocrx_word' id='word_1_799' title='bbox 3127 5488 3261 5543; x_wconf 88' lang='lat' dir='ltr'><strong>quas</strong></span> <span class='ocrx_word' id='word_1_800' title='bbox 3285 5474 3459 5546; x_wconf 78' lang='lat' dir='ltr'><strong>solum</strong></span> 
     </span>
    </p>
   </div>
   <div class='ocr_carea' id='block_1_116' title="bbox 1888 5558 3458 5634">
    <p class='ocr_par' dir='ltr' id='par_1_116' title="bbox 1888 5558 3458 5634">
     <span class='ocr_line' id='line_1_116' title="bbox 1888 5558 3458 5634; baseline 0.004 -20"><span class='ocrx_word' id='word_1_801' title='bbox 1888 5559 2190 5615; x_wconf 87' lang='lat' dir='ltr'><strong>nominavit</strong></span> <span class='ocrx_word' id='word_1_802' title='bbox 2215 5560 2306 5630; x_wconf 91' lang='lat' dir='ltr'><strong>qui</strong></span> <span class='ocrx_word' id='word_1_803' title='bbox 2352 5558 2514 5616; x_wconf 87' lang='lat' dir='ltr'><strong>Gesta</strong></span> <span class='ocrx_word' id='word_1_804' title='bbox 2545 5563 2860 5632; x_wconf 80' lang='lat' dir='ltr'><strong>pontiﬁcum</strong></span> <span class='ocrx_word' id='word_1_805' title='bbox 2899 5565 3138 5634; x_wconf 90' lang='lat' dir='ltr'><strong>scripsit,</strong></span> <span class='ocrx_word' id='word_1_806' title='bbox 3162 5579 3284 5618; x_wconf 87' lang='lat' dir='ltr'><strong>cum</strong></span> <span class='ocrx_word' id='word_1_807' title='bbox 3316 5566 3458 5620; x_wconf 83' lang='lat' dir='ltr'><strong>antl-</strong></span> 
     </span>
    </p>
   </div>
   <div class='ocr_carea' id='block_1_117' title="bbox 1889 5651 3466 5724">
    <p class='ocr_par' dir='ltr' id='par_1_117' title="bbox 1889 5651 3466 5724">
     <span class='ocr_line' id='line_1_117' title="bbox 1889 5651 3466 5724; baseline 0.004 -19"><span class='ocrx_word' id='word_1_808' title='bbox 1889 5651 2190 5723; x_wconf 89' lang='lat' dir='ltr'><strong>phonarum</strong></span> <span class='ocrx_word' id='word_1_809' title='bbox 2217 5653 2542 5708; x_wconf 90' lang='lat' dir='ltr'><strong>mentionem</strong></span> <span class='ocrx_word' id='word_1_810' title='bbox 2570 5652 2864 5724; x_wconf 71' lang='lat' dir='ltr'><strong>subjunxit.</strong></span> <span class='ocrx_word' id='word_1_811' title='bbox 2894 5655 3046 5723; x_wconf 85' lang='lat' dir='ltr'><strong>Quod</strong></span> <span class='ocrx_word' id='word_1_812' title='bbox 3072 5665 3196 5711; x_wconf 83' lang='lat' dir='ltr'><strong>ante</strong></span> <span class='ocrx_word' id='word_1_813' title='bbox 3231 5668 3338 5712; x_wconf 74' lang='lat' dir='ltr'><strong>non</strong></span> <span class='ocrx_word' id='word_1_814' title='bbox 3363 5658 3466 5712; x_wconf 80' lang='lat' dir='ltr'><strong>lle-</strong></span> 
     </span>
    </p>
   </div>
   <div class='ocr_carea' id='block_1_118' title="bbox 1889 5743 3466 5822">
    <p class='ocr_par' dir='ltr' id='par_1_118' title="bbox 1889 5743 3466 5822">
     <span class='ocr_line' id='line_1_118' title="bbox 1889 5743 3466 5822; baseline 0.003 -22"><span class='ocrx_word' id='word_1_815' title='bbox 1889 5744 2130 5812; x_wconf 84' lang='lat' dir='ltr'><strong>bat,_nisi</strong></span> <span class='ocrx_word' id='word_1_816' title='bbox 2161 5753 2370 5800; x_wconf 87' lang='lat' dir='ltr'><strong>tantum</strong></span> <span class='ocrx_word' id='word_1_817' title='bbox 2399 5744 2636 5815; x_wconf 75' lang='lat' dir='ltr'><strong>Epistola</strong></span> <span class='ocrx_word' id='word_1_818' title='bbox 2687 5748 2830 5804; x_wconf 84' lang='lat' dir='ltr'><strong>beati</strong></span> <span class='ocrx_word' id='word_1_819' title='bbox 2870 5745 3020 5820; x_wconf 81' lang='lat' dir='ltr'><strong>Pauli</strong></span> <span class='ocrx_word' id='word_1_820' title='bbox 3063 5747 3288 5820; x_wconf 84' lang='lat' dir='ltr'><strong>apostoli</strong></span> <span class='ocrx_word' id='word_1_821' title='bbox 3320 5743 3466 5822; x_wconf 64' lang='lat' dir='ltr'><strong>lege-</strong></span> 
     </span>
    </p>
   </div>
   <div class='ocr_carea' id='block_1_119' title="bbox 1889 5835 3466 5909">
    <p class='ocr_par' dir='ltr' id='par_1_119' title="bbox 1889 5835 3466 5909">
     <span class='ocr_line' id='line_1_119' title="bbox 1889 5835 3466 5909; baseline 0.001 -17"><span class='ocrx_word' id='word_1_822' title='bbox 1889 5836 2071 5903; x_wconf 87' lang='lat' dir='ltr'><strong>batur,</strong></span> <span class='ocrx_word' id='word_1_823' title='bbox 2096 5844 2148 5891; x_wconf 91' lang='lat' dir='ltr'><strong>et</strong></span> <span class='ocrx_word' id='word_1_824' title='bbox 2175 5845 2422 5893; x_wconf 86' lang='lat' dir='ltr'><strong>sanctum</strong></span> <span class='ocrx_word' id='word_1_825' title='bbox 2452 5836 2816 5909; x_wconf 80' lang='lat' dir='ltr'><strong>Evangelium.</strong></span> <span class='ocrx_word' id='word_1_826' title='bbox 2851 5835 3003 5907; x_wconf 81' lang='lat' dir='ltr'><strong>Quod</strong></span> <span class='ocrx_word' id='word_1_827' title='bbox 3035 5839 3199 5894; x_wconf 85' lang='lat' dir='ltr'><strong>etiam</strong></span> <span class='ocrx_word' id='word_1_828' title='bbox 3245 5848 3466 5897; x_wconf 80' lang='lat' dir='ltr'><strong>sanctus</strong></span> 
     </span>
    </p>
   </div>
  </div>
