3948 6328
523 387 626 444 ΜἺ

1026 388 1409 445 WAL'AFRIDI
1448 390 1695 452 STRABI
1730 391 1932 447 FULD.
1975 390 2137 447 ΜΘΝ.
2181 391 2333 447 ΟΡΡ.
2370 392 2548 448 PARS
2587 393 2627 446 l.
2671 425 2738 433 ——-
2777 394 3228 451 TllEOLOGlCA.

3662 405 3764 462 958

530 503 791 559 Damasus
840 501 1008 571 papa,
1078 502 1146 555 ad
1189 501 1572 574 Hieronymum
1623 505 1866 566 scribens
1889 546 1904 570 ,
1953 519 2092 576 pene
2119 504 2166 562 A
2195 518 2385 559 norum
2409 506 2619 562 venisse
2653 507 2880 573 dicatur,
2925 504 3102 565 ttilnen
3128 513 3248 580 quis
3273 513 3587 582 specialiter
3613 519 3764 575 addi-

528 593 728 649 eisdem
757 591 938 648 verbis
965 593 1220 647 ostendit.
1260 593 1328 647 Et
1359 593 1591 651 fortasse
1633 595 1905 665 imprimis
1927 596 2094 654 solius

527 684 678 740 Pauli
729 683 988 741 lectiones
1019 697 1084 738 eo
1125 683 1244 739 loco
1293 685 1628 756 legebantur.
1675 687 1869 743 Postea
1913 697 2094 746 autem

527 773 778 829 clunibus
837 773 998 830 latius
1057 775 1439 843 augmentatis,
1495 775 1617 830 aliae
1671 776 1933 833 lectiones
1982 793 2092 833 non

528 872 738 919 tantum
784 864 850 918 de
899 861 1079 928 Novo,
1125 878 1314 918 verum
1355 865 1517 919 etiam
1572 865 1641 923 de
1684 865 1892 943 Veteri,
1936 875 2096 937 prout

527 953 791 1009 festorum
838 955 978 1008 ratio
1023 955 1306 1025 poscebat,
1354 954 1682 1011 intermixtze
1727 965 1852 1014 sunt
1898 958 2092 1014 Testa-

525 1052 727 1103 mento.

597 1135 707 1191 Nec
729 1137 924 1191 mirum
947 1136 1116 1197 videri
1139 1137 1296 1192 debet
1326 1138 1466 1206 quod
1495 1138 1750 1208 paulatim
1794 1147 1950 1194 aucta
1976 1154 2095 1194 nar-

526 1235 716 1285 rantur
759 1226 955 1292 ollieia,
997 1226 1126 1281 dum
1175 1227 1350 1282 adhuc
1377 1227 1538 1282 multa
1567 1231 1619 1283 in
1647 1231 1809 1285 rebus
1851 1245 2096 1285 necessa-

525 1316 622 1374 riis
647 1315 960 1371 defuissent.
987 1317 1120 1372 Cum
1149 1316 1426 1374 videamus
1446 1334 1612 1388 usque
1641 1321 1800 1376 hodie
1834 1331 1888 1376 et
1910 1321 2095 1386 lectica

523 1421 642 1472 nes,
689 1414 744 1462 et
767 1405 1042 1470 collectas,
1083 1414 1137 1461 et
1183 1407 1423 1464 diversas
1461 1405 1677 1470 laudum
1725 1397 1956 1481 species,
1979 1412 2090 1482 jam

521 1515 663 1570 pene
694 1501 1092 1566 abundantibus
1113 1501 1380 1568 omnibus,
1405 1502 1711 1572 superaddi,
1740 1511 1798 1557 ut
1825 1511 1879 1558 et
1905 1504 1958 1557 in
1990 1504 2092 1559 hoc

523 1591 652 1648 illud
702 1593 1074 1664 propheticum
1117 1593 1364 1649 videatur
1393 1593 1602 1663 impleri
1644 1593 2092 1673 :Pertransibynt

521 1683 759 1756 plurimi,
782 1694 831 1739 et
869 1685 1138 1754 multiplex
1156 1686 1256 1740 erit
1282 1687 1496 1739 scientia
1536 1685 1698 1757 (Dan.
1731 1685 1850 1752 xu).
1881 1684 1986 1740 Sed
2013 1686 2092 1740 vi-

521 1773 755 1829 dendum
783 1783 886 1839 est,
920 1775 1059 1830 sicut
1090 1776 1279 1830 beatus
1301 1775 1634 1846 Augustinus
1663 1777 1757 1841 ait,
1789 1785 1850 1831 ut
1875 1791 1938 1832 ea
1964 1792 2090 1832 can-

2197 597 2337 651 derit
2361 597 2547 653 officiis
2575 601 2774 654 nostris
2796 614 2982 670 aperte
3007 619 3114 658 non
3162 605 3407 675 legimus,
3441 608 3589 662 sicut
3622 611 3764 667 etde

2196 690 2486 758 antiphona
2517 707 2636 760 qua:
2667 692 2735 746 ad
2760 695 3193 750 communionem
3237 698 3448 761 dicitur,
3479 714 3765 769 possumus

2195 775 2353 832 fateri
2383 795 2397 832 :
2429 794 2551 834 cum
2581 795 2706 834 vere
2740 783 3022 844 credamus
3067 783 3259 853 priscis
3291 788 3636 858 temporibus
3664 791 3765 846 Pa-

2197 874 2308 923 tres
2350 877 2564 924 sanctos
2615 869 2830 926 silentio
2871 872 3130 928 obtulisse
3172 875 3254 930 vel
3301 879 3758 942 communicasse,

2195 960 2337 1029 quod
2383 961 2545 1016 etiam
2577 961 2840 1018 hactenus
2868 963 2923 1019 in
2952 964 3176 1019 sabbato
3205 976 3394 1024 sancto
3421 968 3653 1025 Pascha:
3679 973 3766 1027 oh-

2195 1066 2491 1106 servamus.
2535 1051 2664 1116 Sed,
2689 1054 2829 1108 sicut
2857 1055 3223 1124 supradictum
3248 1067 3353 1122 est.
3385 1059 3622 1115 diversis
3652 1078 3767 1116 ωο-

2194 1142 2278 1196 dis
2305 1151 2359 1197 et
2380 1143 2621 1212 partibus
2643 1159 2737 1214 per
2757 1153 2994 1214 tempora
3015 1147 3176 1202 decus
3198 1151 3461 1218 processit
3489 1151 3770 1218 Ecclesia},

2193 1239 2249 1286 et
2277 1247 2446 1300 usque
2471 1233 2523 1285 in
2549 1233 2711 1290 finem
2743 1235 2925 1303 augeri
2949 1252 3054 1290 non
3076 1236 3304 1292 desinet.
3345 1239 3610 1294 Traditur
3623 1243 3767 1296 deni-

2193 1337 2298 1392 que
2346 1324 2562 1380 beatum
2591 1323 2930 1395 Gregorium,
2959 1328 3098 1383 sicut
3133 1329 3532 1386 ordinationem
3581 1335 3761 1390 missa-

2193 1430 2313 1469 rum
2341 1423 2396 1469 et
2441 1419 2930 1486 eonsecrationum,
2978 1421 3052 1475 ita
3094 1423 3260 1476 etiam
3292 1423 3586 1479 cantilenae
3615 1427 3766 1481 disci-

2191 1504 2414 1574 plinam,
2472 1506 2706 1560 triarima
2744 1521 2810 1562 ex
2857 1516 3010 1577 parte
3058 1510 3112 1564 in
3156 1525 3299 1577 eam,
3341 1527 3464 1582 qua:
3505 1514 3768 1569 hactenus

2191 1598 2346 1666 quasi
2399 1598 2776 1654 decentissima
2822 1601 3159 1669 observatur,
3192 1604 3613 1674 dispositionem
3654 1623 3757 1675 per»

2190 1689 2430 1755 duxisse,
2459 1691 2596 1746 sicut
2635 1700 2690 1746 et
2720 1691 2774 1746 in
2815 1692 2988 1763 capite
3016 1692 3392 1764 Antiphonarii
3445 1711 3759 1752 commemo

2190 1788 2359 1834 ratur.

518 1875 700 1924 tentur
725 1884 846 1938 qua:
874 1869 1070 1938 scripta
1094 1876 1296 1923 suntut
1316 1876 1619 1923 cantentur.
1647 1868 2006 1938 Responsoria
2033 1877 2088 1922 et
2121 1847 2163 1905 Β
2261 1870 2548 1926 Sciendum
2597 1881 2777 1928 autem
2846 1875 3106 1944 quosdam
3160 1877 3470 1933 inordinate
3534 1879 3766 1944 oﬂ'erre,

517 1958 744 2014 Alleluia
789 1975 909 2030 quae
963 1969 1088 2016 ante
1138 1960 1486 2030 Evangelium
1536 1969 1843 2023 cantanlur,
1898 1960 2090 2016 deinde

517 2052 773 2120 adjuncta
799 2053 1066 2115 videntur,
1095 2062 1378 2121 postquam
1429 2052 1738 2121 antiphonm
1774 2051 1842 2106 ad
1885 2051 2120 2122 ingresi

517 2159 636 2200 sum
668 2145 776 2199 dici
821 2145 1205 2214 exspirarunt;
1253 2161 1372 2214 quae
1413 2152 1469 2199 et
1513 2145 1765 2200 videntur
1817 2144 2088 2214 prohibita

517 2232 814 2291 eanonibus
842 2232 1220 2301 Hispanorum,
1253 2234 1344 2304 qui
1373 2234 1530 2304 longe
1555 2244 1676 2303 post
1706 2245 1946 2303 tempore
1963 2243 2090 2290 sunt

515 2324 813 2384 constituti.
862 2325 919 2380 ln
959 2324 1064 2387 illis
1087 2326 1231 2380 enim
1267 2325 1486 2394 jubetur
1514 2343 1580 2382 ne
1622 2327 1818 2398 aliquis
1854 2329 2086 2399 hymnus

514 2415 658 2471 inter
680 2417 963 2473 lectionem
994 2418 1343 2488 apostolicam
1373 2419 1791 2491 etEvangelium
1814 2421 1869 2474 in
1893 2420 2084 2476 ordine

513 2509 691 2565 missze
718 2519 969 2580 ponatur.
1017 2511 1093 2565 Ex
1124 2527 1230 2581 quo
1278 2513 1590 2585 intelligitur
1618 2516 1671 2570 id
1710 2515 1918 2584 aliquos
1970 2523 2081 2575 ten-

512 2607 656 2654 tasse
714 2607 839 2656 tunc
885 2603 1174 2672 temporis,
1245 2603 1338 2658 sed
1386 2613 1605 2674 propter
1656 2605 1950 2660 novitatem
2001 2607 2080 2661 rei

511 2688 750 2745 studium
798 2705 984 2745 eorum
1038 2693 1271 2750 nondum
1324 2694 1491 2750 fuisse
1539 2711 1570 2749 a
1619 2697 1940 2766 quibusdam
1988 2711 2078 2754 re-

509 2788 744 2848 ceptum.
800 2780 952 2848 Quod
1007 2790 1187 2838 tamen
1245 2793 1429 2855 postea
1473 2802 1576 2843 usu
1628 2787 1875 2844 Romano
1929 2804 2079 2858 come,

509 2871 845 2952 mendatum,
909 2873 979 2949 ad
1032 2887 1220 2951 omnes
1281 2876 1595 2944 Latinorum
1659 2882 1906 2952 pervenit
1971 2883 2075 2940 Ec-

508 2957 720 3020 clesias.
842 2949 845 2954 ’
1067 2949 1069 2951 ’

487 3062 494 3067 ‘
581 3049 892 3122 Symbolum
933 3069 1144 3126 quoque
1173 3055 1295 3112 ﬁdei
1334 3060 1612 3117 catholicae
1655 3071 1804 3119 recte
1846 3064 1901 3119 in
1947 3081 2077 3121 mrs-

487 3154 694 3196 -sarum
737 3142 1010 3200 solemniis
1039 3145 1203 3219 [post]
1231 3148 1578 3222 Evangelium
1622 3164 1965 3222 recensetur;
2015 3164 2075 3212 ut

504 3244 605 3298 per
629 3239 874 3287 salictum
922 3233 1268 3308 Evangelium
1317 3241 1479 3296 corde
1525 3244 1778 3298 credatur
1805 3246 1872 3301 ad
1913 3245 2074 3317 justi-

489 3321 655 3384 tiam,
687 3337 784 3392 per
812 3323 1122 3395 Symbolum
1150 3337 1330 3384 autem
1360 3347 1457 3386 ore
1479 3334 1746 3390 confessio
1774 3335 1867 3390 fiat
1891 3337 1959 3392 ad
1988 3353 2074 3393 sa-

490 3411 689 3468 lutem.
720 3414 786 3470 Et
811 3419 1102 3473 notandum
1131 3419 1347 3477 Grazcos
1379 3423 1510 3479 illud
1555 3425 1894 3496 Symbolum,
1926 3429 2073 3498 quod

502 3516 603 3557 nos
626 3502 694 3558 ad
728 3503 1082 3576 imitationem
1111 3524 1299 3564 eorum
1327 3511 1466 3567 intra
1499 3515 1694 3570 missas
1722 3519 2071 3587 assumimus,

503 3593 683 3661 potius
711 3609 874 3664 quam
900 3597 1002 3651 alia
1019 3597 1070 3651 in
1094 3600 1374 3669 cantilena!
1397 3602 1731 3660 dulcedinem
1755 3607 1879 3662 ideo
1897 3616 2069 3664 trans-

503 3682 714 3758 tulisse,
756 3686 880 3754 quia
923 3686 1501 3761 Constantinopolitani
1538 3697 1751 3758 concilii
1793 3699 2069 3770 preprium

481 3780 606 3839 est,
651 3781 705 3843 et
733 3776 958 3844 fortasse
1003 3781 1180 3849 aptius
1208 3783 1489 3839 videbatur
1533 3788 1764 3847 modulis
1813 3807 2068 3849 sonorum

479 3871 663 3932 'quam
691 3863 984 3932 Nictenum,
1010 3871 1153 3940 quod
1175 3880 1415 3944 tempore
1441 3877 1590 3947 prius
1613 3888 1728 3946 est;
1761 3889 1816 3936 et
1845 3893 1906 3936 ut
1936 3897 2070 3941 con-

499 3962 584 4010 tra
613 3957 988 4015 haereticorum
1019 3978 1248 4042 venena,
1290 3967 1344 4022 in
1385 3969 1518 4040 ipsis
1555 3972 1717 4028 etiam
1760 3989 2071 4032 sacramen-

496 4051 673 4140 torum
693 4049 1164 4123 celebrationibus,
1192 4059 1579 4118 medicamenta
1600 4068 1741 4134 apud
1780 4070 1940 4140 regite
1960 4086 2070 4128 suae

474 4137 649 4193 ubis
673 4139 855 4195 sedem
897 4145 1136 4200 confecta
1191 4147 1428 4208 fidelium
1473 4154 1687 4212 devotio
1736 4137 2066 4229 replicaret:

497 4227 566 4296 ab
593 4229 724 4297 ipsis
745 4245 875 4302 ergo
909 4234 976 4288 ad
1013 4234 1285 4310 Romanos
1316 4241 1406 4296 ille
1451 4259 1580 4300 usus
1605 4227 1846 4303 creditur
1871 4265 2062 4318 perve-

495 4317 685 4408 nisse:
698 4318 804 4375 Sed
829 4324 969 4391 apud
994 4323 1175 4381 Gallos
1202 4337 1252 4382 et
1295 4328 1613 4399 Germanos,
1659 4344 1781 4405 post
1811 4317 2069 4408 dejectio-

496 4420 618 4460 nem
645 4406 843 4482 Felicis
865 4411 1127 4479 hmretici,
1151 4418 1250 4472 sub
1271 4419 1659 4488 gloriosissimo
1681 4406 2067 4486 CarolovFran-

471 4511 679 4564 eorum
713 4511 924 4557 rectore
970 4504 1230 4573 damnati,
1278 4509 1418 4566 idem
1448 4512 1759 4584 Symbolum
1807 4517 1970 4576 latius
2009 4530 2063 4576 et
2089 4550 2140 4609 Β

491 4588 744 4644 crebrius
766 4590 820 4645 in
868 4592 1150 4651 missarum
1176 4599 1342 4668 cmpit
1368 4599 1556 4658 ofﬁciis
1581 4605 1786 4661 iterari.
1819 4607 2062 4666 Concilio

489 4693 704 4748 quoque
733 4681 992 4738 Toletano
1019 4694 1277 4744 statutum
1309 4701 1391 4747 est
1432 4696 1578 4750 omni
1609 4696 1887 4754 Dominica
1918 4701 2059 4757 idem

490 4765 804 4837 Symbolum
833 4775 1126 4830 secundum
1153 4794 1358 4836 morem
1398 4781 1750 4841 Orientalium
1789 4789 2058 4845 Ecclesia-

489 4870 609 4948 rum
636 4860 875 4928 recitari,
901 4872 960 4918 ut
981 4865 1290 4938 priusquam
1314 4871 1590 4929 Dominica
1610 4877 1822 4933 dicatur
1848 4879 2054 4948 Oratio,

488 4947 625 5006 ﬁdes
663 4964 792 5005 vera
843 4954 1180 5014 manifestius
1224 4962 1588 5027 testimonium
1637 4968 1851 5035 habeat,
1900 4980 1955 5025 et
1988 4947 2055 5027 ad

488 5053 685 5109 corpus
724 5040 925 5099 Christi
979 5061 1042 5102 ac
1067 5051 1383 5121 sanguinem
1411 5055 1796 5123 prtelibandum
1837 5071 2058 5130 pectora

485 5131 806 5202 populorum
832 5137 1114 5208 puriﬁcata
1142 5144 1423 5199 accedant.
1451 5145 1508 5201 In
1528 5146 1768 5217 ejusdem
1798 5151 1899 5208 loci
1925 5168 2054 5208 con-

454 5245 460 5250 -
487 5221 613 5278 ellio
634 5232 889 5284 statutum
924 5240 1006 5286 est
1032 5241 1094 5288 ut
1120 5235 1284 5290 etiam
1315 5237 1546 5309 hymnus
1575 5243 1736 5298 trium
1766 5261 2056 5314 puerorum

453 5315 555 5385 ad
581 5315 802 5374 missam
849 5323 994 5377 omni
1042 5323 1320 5384 Dominica
1362 5329 1416 5386 in
1464 5332 1668 5404 pulpito
1721 5345 2052 5393 cantaretur.

482 5406 636 5474 Quod
693 5408 921 5469 Romani
973 5425 1194 5486 propter
1249 5420 1702 5491 multiplicitatem
1759 5427 2053 5486 ciliciorum

481 5509 589 5568 non
637 5497 842 5555 faciunt
885 5502 995 5566 nisi
1035 5514 1269 5575 quatuor
1316 5524 1414 5579 per
1444 5527 1644 5568 annum
1685 5515 1895 5582 diebus,
1936 5520 2055 5590 qui-

479 5585 581 5641 bus
625 5585 918 5647 lectionum
956 5593 1240 5651 duodecim
1287 5613 1544 5658 numerns
1572 5605 1911 5674 adimpletur.

549 5675 894 5736 Oﬂ'ertorium
911 5685 1054 5754 quod
1077 5684 1219 5742 inter
1235 5685 1562 5746 offerendum
1584 5668 1850 5761 cantatur,
1871 5668 2055 5769 quam:

477 5764 563 5836 vis,
593 5780 620 5818 a
649 5769 846 5832 prioris
875 5773 1054 5842 populi
1094 5778 1478 5834 consuetudine
1520 5783 1570 5838 in
1602 5799 1758 5841 usum
1786 5764 2052 5847 Christia-

2189 1965 2302 2035 qui,
2333 1967 2672 2022 attendentes
2705 1983 2989 2024 numerum
3015 1970 3349 2026 oblationum
3377 1974 3567 2041 potius
3611 1990 3762 2042 quam

2188 2058 2441 2112 virtutem
2487 2068 2969 2126 sacramentorum,
3011 2073 3151 2132 saepe
3184 2063 3236 2117 in
3263 2063 3372 2117 illis
3408 2074 3759 2120 transeunter

2186 2144 2419 2200 oll’ernnt
2447 2147 2626 2202 missis
2655 2149 2724 2203 ad
2749 2164 2885 2221 quas
2913 2151 3204 2220 pzrsistere
3254 2152 3476 2206 nolunt.
3513 2152 3762 2208 Rationa-

2186 2238 2344 2294 bilius
2371 2240 2635 2309 siquidem
2661 2250 2742 2296 est
2768 2241 2840 2296 ibi
2870 2240 3065 2298 offerre
3085 2243 3172 2298 ubi
3195 2244 3330 2297 velis
3355 2245 3686 2313 persistere,
3713 2255 3762 2298 ut

2183 2331 2275 2399 qui
2325 2346 2520 2385 munus
2571 2331 2793 2386 Domino
2838 2322 3104 2398 obtulisti,
3161 2333 3360 2389 offeras
3410 2336 3625 2405 pariter
3667 2351 3762 2406 pro

2181 2421 2373 2476 eodem
2402 2438 2626 2477 munere
2654 2424 2992 2493 suscipiendo
3031 2426 3451 2496 postulationem
3495 2429 3756 2483 devotam.

2179 2513 2296 2569 Non
2327 2515 2468 2570 enim
2498 2514 2697 2571 frustra
2728 2517 2781 2570 in
2829 2519 3041 2572 actione
3079 2519 3275 2574 dicitur
3308 2536 3322 2574 :
3359 2519 3472 2585 Qui
3510 2521 3605 2574 tibi
3643 2522 3758 2588 ofe-

2181 2613 2340 2669 runt;
2386 2619 2493 2659 non
2521 2605 2717 2660 dicitur
2746 2624 2758 2660 :
2791 2605 2896 2672 Qui
2936 2607 3254 2673 obtulerunt,
3291 2617 3352 2662 ut
3393 2610 3757 2679 intelligamus

2177 2710 2273 2751 eos
2298 2697 2587 2766 persistere
2615 2698 2812 2754 debere
2844 2699 2896 2753 in
2927 2699 3215 2762 offerendo,
3253 2703 3427 2756 donec
3473 2702 3660 2756 oblata
3696 2704 3758 2756 ad

2179 2786 2281 2844 hoc
2308 2788 2623 2858 perveniant
2667 2789 2735 2844 ad
2769 2790 2915 2860 quod
2947 2790 3126 2845 oblata
3154 2801 3296 2847 sunt.
3335 2791 3442 2848 Sed
3475 2803 3536 2850 et
3564 2795 3620 2848 in
3666 2795 3757 2848 hoc

2176 2892 2333 2933 error
2366 2893 2472 2932 non
2521 2879 2766 2943 modicus
2810 2883 3042 2946 videtur,
3092 2883 3236 2951 quod
3282 2883 3515 2952 quidam
3559 2900 3619 2940 se
3659 2901 3753 2938 non

2175 2987 2335 3044 posse
2356 2972 2511 3027 aliter
2534 2973 2747 3044 plenam
2774 2977 3339 3040 commemorationem
3361 2992 3557 3031 eorum
3586 2976 3752 3032 facere

2176 3079 2274 3134 pro
2331 3065 2525 3134 quibus
2572 3065 2832 3132 offerunt,
2875 3067 2977 3122 nisi
3027 3069 3263 3140 singulas
3305 3069 3619 3126 oblationes
3667 3086 3752 3140 pm

2178 3158 2405 3229 singulis
2449 3159 2698 3225 offerant,
2738 3161 2825 3215 vel
2867 3177 2965 3231 pro
2991 3163 3129 3218 vivis
3155 3173 3209 3218 et
3237 3163 3514 3220 defunctis
3541 3182 3650 3220 non
3688 3168 3754 3220 si-

2179 3247 2286 3301 mul
2309 3248 2582 3304 aestimant
2597 3250 3006 3317 immolandam;
3037 3267 3161 3307 cum
3181 3268 3309 3309 vere
3329 3255 3576 3311 sciamus
3597 3273 3749 3312 unum

2178 3352 2274 3406 pro
2297 3339 2546 3393 omnibus
2575 3348 2864 3407 mortuum,
2891 3349 2948 3396 et
2971 3359 3134 3397 unum
3171 3359 3364 3413 panem
3395 3361 3523 3402 esse
3550 3355 3604 3400 et
3631 3363 3748 3401 san-

2175 3429 2390 3499 guinem
2420 3447 2579 3500 quem
2630 3434 2947 3490 universalis
2990 3435 3230 3491 Ecclesia
3275 3436 3458 3492 offert.
3517 3439 3670 3507 Quod
3708 3441 3748 3493 si

2176 3519 2262 3572 cui
2297 3519 2473 3588 placet
2496 3536 2594 3589 pro
2623 3521 2846 3592 singulis
2869 3523 3178 3595 singulatim
3206 3526 3423 3592 offerre,
3454 3545 3558 3598 pro
3586 3530 3746 3584 solius

2174 3610 2475 3667 devotionis
2523 3614 2892 3682 amplitudine,
2943 3624 2998 3671 et
3034 3619 3337 3674 orationum
3387 3623 3746 3691 augendarum

2174 3701 2526 3759 delectatione
2578 3705 2630 3758 id
2658 3705 2841 3772 faciat,
2880 3723 2986 3762 non
3016 3718 3194 3764 autem
3231 3726 3330 3780 pro
3359 3711 3530 3766 stulta
3571 3717 3748 3783 opina-

2160 3793 2320 3849 tione
2374 3810 2478 3864 qua
2526 3805 2677 3865 putet
2715 3812 2877 3852 unum
2920 3800 3016 3853 Dei
3046 3812 3446 3858 sacramentum
3477 3822 3588 3860 non
3633 3822 3744 3861 esse

2173 3886 2420 3954 generale
2441 3889 2908 3946 medicamentum.
2941 3891 3348 3958 Quodammodo
3384 3898 3533 3951 enim
3565 3899 3615 3951 in
3652 3900 3747 3952 title

2172 3979 2518 4048 imperfectus
2537 3989 2638 4046 est,
2667 3983 2759 4050 qui
2787 3993 2945 4053 putat
2971 3985 3253 4040 Dominum
3286 4004 3394 4042 non
3417 3989 3742 4053 discernere,

2171 4069 2384 4137 quando
2414 4085 2515 4122 una
2533 4071 2791 4139 petitione
2817 4087 2915 4142 pro
2937 4074 3118 4134 multis
3145 4087 3385 4147 rogatur,
3413 4081 3548 4148 quid
3571 4082 3656 4134 cui
3676 4082 3743 4135 sit

2171 4174 2390 4216 necesse
2414 4176 2428 4214 :
2461 4163 2539 4217 vel
2563 4163 2804 4219 fastidire
2823 4181 2946 4226 eum
2965 4170 3214 4234 aestimat,
3235 4186 3357 4225 cum
3380 4174 3577 4228 eadem
3602 4177 3744 4230 obla-

2169 4249 2246 4304 tio
2267 4266 2407 4306 nunc
2431 4266 2528 4321 pro
2559 4268 2684 4320 uno,
2735 4269 2877 4311 nunc
2905 4273 3004 4327 pro
3042 4259 3147 4314 alio
3192 4261 3506 4318 exhibetur.
3555 4266 3742 4320 Praefa-

2169 4342 2369 4398 tionem
2414 4345 2658 4410 actionis,
2703 4361 2810 4417 qua
2842 4350 3018 4420 populi
3067 4351 3291 4407 affectus
3331 4356 3402 4408 ad
3446 4359 3741 4425 gratiarum

2167 4435 2409 4494 actiones
2435 4437 2710 4505 incitatur,
2734 4456 2798 4495 ac
2819 4441 3011 4497 deinde
3035 4446 3280 4499 humanm
3302 4448 3456 4502 vocis
3477 4451 3740 4520 supplica-

2167 4526 2243 4580 tio
2264 4527 2565 4582 cmlestium
2593 4530 2853 4585 virtutum
2885 4532 3130 4588 laudibus
3171 4535 3382 4590 admitti
3413 4539 3736 4609 depascitur,

2167 4618 2246 4670 vel
2285 4618 2453 4688 ipsam
2509 4619 2794 4684 actionem,
2859 4637 2961 4692 qna
3012 4624 3292 4680 conficitur
3332 4641 3736 4686 sacrosanctum

2165 4707 2408 4776 corporis
2454 4716 2510 4762 et
2552 4710 2829 4778 sanguinis
2880 4712 3145 4769 Dominici
3192 4719 3517 4786 mysterium
3565 4721 3736 4792 (quam

2163 4809 2375 4864 quoque
2396 4795 2621 4852 Romani
2645 4798 2940 4866 Canonem,
2965 4812 3022 4856 nt
3049 4803 3100 4857 in
3123 4803 3534 4864 Pontificalihus
3555 4814 3739 4881 sapias

2163 4886 2452 4950 invenitur,
2483 4888 2791 4958 appellant),
2832 4893 2952 4959 quis
2976 4894 3179 4962 primus
3224 4897 3571 4954 ordinaverit
3595 4903 3739 4956 nobis

2160 4976 2401 5047 ignotum
2428 4988 2528 5031 est.
2549 4964 2774 5034 Auctam
2802 4990 2978 5036 tamen
3005 4982 3170 5039 fuisse
3191 5000 3296 5039 non
3320 4989 3513 5052 semel,
3533 4992 3629 5046 sed
3647 5008 3740 5046 sas

2161 5071 2300 5140 pius,
2317 5085 2381 5125 ex
2409 5073 2650 5141 partibus
2677 5074 3256 5148 additisintelligimus,
3273 5081 3402 5149 quia
3428 5093 3480 5136 et
3494 5085 3737 5152 prafan

2160 5161 2214 5216 in
2230 5163 2548 5231 quibusdam
2569 5164 2719 5220 festis
2744 5166 2898 5220 aliter
2915 5183 3077 5238 quam
3098 5171 3286 5226 diebus
3305 5175 3642 5240 quotidianis
3659 5179 3738 5229 di-

2158 5253 2329 5315 citur;
2353 5260 2408 5306 et
2422 5252 2686 5307 interdum
2710 5271 2814 5309 non
2833 5257 2943 5328 ipsa
2961 5267 3216 5324 mutatur,
3239 5262 3332 5314 sed
3346 5263 3662 5319 inseruntur
3679 5269 3737 5319 in

2158 5343 2337 5397 medio
2360 5345 2620 5412 speciales
2655 5350 3008 5416 quarumdam
3047 5367 3226 5407 rerum
3261 5357 3737 5412 commemoratio-

2158 5447 2274 5487 nes.
2337 5433 2494 5490 Actio
2553 5452 2680 5491 vero
2737 5438 2850 5494 sive
2909 5439 3092 5496 Canon
3149 5459 3216 5498 ex
3271 5459 3338 5500 eo
3391 5448 3740 5517 cognoscitur

2158 5524 2394 5579 maxime
2430 5540 2529 5594 per
2564 5535 2745 5597 partes
2791 5531 3142 5598 compositus,
3189 5536 3334 5602 quod
3363 5537 3582 5590 nomina
3612 5552 3740 5590 san-

2157 5622 2388 5678 ctorum,
2411 5630 2638 5682 quorum
2666 5617 2736 5671 ibi
2763 5621 3072 5676 communio
3098 5630 3150 5676 et
3174 5623 3406 5678 societas
3435 5623 3735 5693 flagitator,

2156 5705 2364 5760 duobus
2389 5707 2442 5760 in
2471 5707 2602 5762 locis
2631 5711 2802 5777 posita
2833 5713 3190 5781 reperiuntur.
3224 5715 3338 5772 Non
3368 5719 3514 5773 enim
3539 5733 3735 5774 vuum

2154 5807 2254 5863 est,
2292 5800 2430 5866 quoi
2476 5797 2692 5868 quidam
2740 5803 2937 5867 dicunt,
2974 5805 3092 5860 ideo
3146 5808 3276 5883 duos
3303 5808 3520 5864 ordines
3551 5814 3731 5865 nornis
