3948 6328
228 413 336 472 989

1395 409 1484 466 DE
1515 409 1744 466 REBUS
1782 407 2106 466 ECCLESIA
2115 410 2347 468 STICIS.

3431 419 3440 428 θ

226 545 358 585 num
392 527 464 582 ibi
493 525 682 590 factos,
714 525 839 596 quia
878 525 1149 597 posterius
1176 527 1336 598 positi
1369 527 1604 582 nondum
1641 541 1800 582 coro-
1831 527 1877 584 A
1908 526 2240 582 nerationem
2295 528 2628 586 constituens
2671 530 2954 597 celebrari,
3006 533 3206 602 pariter
3239 535 3478 596 instituit

227 620 344 676 nati
371 618 621 684 fuissent,
659 634 780 673 cum
820 618 1030 688 priores
1058 619 1113 674 in
1158 618 1248 675 illo
1289 619 1506 675 Ganone
1535 633 1804 689 poneren-

229 718 340 775 tur,
369 725 490 766 cum
517 709 751 764 sciamus
782 707 1045 772 ioannem
1074 710 1386 780 Baptistam,
1437 711 1568 780 ipsis
1593 719 1805 780 aposto-

228 801 296 858 lis
325 816 432 858 non
461 808 667 856 tantum
710 816 899 870 parem
927 811 1190 873 tempore,
1228 816 1416 856 verum
1441 811 1494 856 et
1532 803 1799 872 priorem;

231 892 564 962 Stephanum
594 907 723 948 vero
745 908 954 963 parem,
985 901 1041 948 et
1068 902 1356 963 utrumque
1391 903 1514 949 ante
1535 894 1805 964 apostolos

230 994 583 1049 coronatum;
621 992 848 1039 caeteros
872 1000 1086 1054 quoque
1126 985 1216 1054 qui
1250 986 1300 1038 in
1331 986 1577 1055 sequenti
1617 987 1805 1040 ordine

232 1085 609 1141 numerantur,
651 1077 853 1132 eisdem
880 1077 1044 1132 fuisse
1073 1066 1402 1147 temporibus
1425 1078 1618 1146 quibus
1655 1077 1803 1132 fuere

229 1168 322 1238 qui
354 1168 502 1238 prius
530 1176 656 1222 sunt
681 1168 861 1235 positi.
895 1167 1044 1223 Unde
1070 1176 1283 1223 constat
1308 1176 1594 1237 sequentes
1623 1168 1806 1222 Eccle-

229 1263 324 1317 size
355 1261 604 1317 doctores
635 1263 872 1330 antiquis
898 1261 1116 1316 Patrum
1153 1262 1389 1326 statutis,
1425 1277 1544 1331 qua:
1570 1277 1804 1331 congrua

229 1355 344 1407 visa
374 1361 517 1418 sunt,
549 1353 834 1418 addidisse,
867 1363 923 1406 ut
951 1353 1088 1407 sicut
1124 1353 1494 1422 religiosorum
1530 1362 1684 1407 aucta
1723 1363 1807 1407 est

229 1443 536 1506 multitudo,
578 1441 652 1496 ita
715 1450 769 1496 et
829 1442 1101 1509 religionis
1152 1451 1460 1509 crescerent
1517 1442 1802 1497 instituta:

227 1548 460 1610 primam
507 1550 636 1596 vero
684 1543 890 1611 partem
937 1534 1170 1596 Cantntls
1221 1534 1458 1612 ρξ’ίεέίιρὶῖ
1504 1559 1568 1597 ελ
1618 1551 1684 1598 eo
1724 1535 1807 1597 vel

228 1633 466 1685 maxime
517 1633 793 1701 antiquam
832 1647 953 1688 esse
997 1634 1398 1704 cognoscimus,
1451 1633 1578 1702 quia
1633 1635 1687 1689 in
1741 1649 1806 1689 eo

225 1722 360 1776 ordo
389 1721 750 1798 apostolorum
789 1739 895 1779 non
932 1724 1006 1778 ita
1031 1733 1116 1779 est
1147 1725 1352 1793 positus
1379 1725 1520 1781 sicut
1549 1727 1602 1781 in
1623 1742 1806 1784 emen-

226 1814 528 1891 datioribus
564 1813 867 1886 Evangeliis
900 1815 1188 1870 invenitur.
1221 1816 1375 1884 Quod
1411 1817 1532 1873 ideo
1573 1817 1802 1873 fortasse

1907 615 1962 670 in
1994 615 2214 674 Canone
2243 633 2276 672 a
2303 619 2583 675 sacerdote
2605 621 2888 676 dicendum
2917 641 2929 676 :
2965 621 3201 688 Quorum
3235 626 3479 683 solemni-

1907 717 1988 761 ιω
2013 709 2166 763 hodie
2198 710 2253 764 in
2289 720 2562 780 conspectu
2594 720 2698 765 tute
2721 712 3010 782 majestatis
3039 712 3346 781 celebratur,
3376 716 3482 771 Do-

1904 799 2043 852 mine
2065 797 2212 853 Deus
2252 808 2446 865 noster,
2488 810 2596 854 toto
2622 799 2678 855 in
2706 802 2827 855 orbe
2851 811 3146 876 terrarum;
3179 805 3321 876 quod
3355 809 3479 877 quia

1905 888 2210 956 specialiter
2233 890 2486 944 adeillam
2536 892 2769 960 pertinet
2818 892 3202 960 celebritatem,
3253 911 3358 950 non
3399 907 3481 952 est

1907 977 2134 1046 Canoni,
2181 982 2272 1051 qui
2319 981 2646 1052 generaliter
2687 983 2903 1049 dicitur,
2936 969 3286 1061 adnotatum.
3324 988 3480 1044 Actio

1906 1073 2101 1128 dicitur
2129 1075 2243 1145 ipse
2271 1075 2476 1143 Ganon,
2506 1079 2632 1147 quia
2655 1079 2707 1132 in
2736 1095 2800 1134 eo
2823 1091 3156 1136 sacramenta
3188 1084 3470 1140 conficiun-

1910 1174 1996 1218 tur
2027 1165 2327 1233 Dominica,
2362 1169 2546 1224 Canon
2586 1185 2716 1225 vero
2754 1173 3120 1248 eademﬂactio
3152 1175 3477 1237 nominatur.

1907 1256 2034 1325 quia
2070 1257 2122 1310 in
2159 1274 2221 1311 ea
2249 1267 2331 1312 est
2356 1259 2591 1330 legitima
2631 1270 2683 1315 et
2731 1263 2993 1332 regularis
3019 1277 3477 1322 sacramentorum

1907 1347 2193 1402 confectio.
2224 1347 2478 1419 Sequitur
2499 1350 2683 1406 Oratio
2719 1353 3018 1429 Dominica,
3043 1371 3168 1410 cum
3194 1358 3482 1428 appositio-

1907 1437 2067 1493 nibus
2097 1441 2366 1517 congruis.
2399 1442 2515 1497 Una
2547 1445 2690 1498 enim
2720 1447 3050 1513 praecedens,
3077 1463 3194 1502 eam
3227 1449 3479 1504 ﬁduciam

1905 1529 2166 1614 pradicet
2211 1546 2313 1608 qua
2352 1532 2634 1594 Danuvium
2688 1544 2983 1597 creatorem
3030 1537 3246 1599 Patrem
3303 1541 3480 1601 dicere

1905 1644 2297 1698 praesumamus
2326 1647 2339 1683 :
2365 1631 2534 1685 altera
2582 1631 2910 1701 subsequens
2955 1633 3186 1702 explicat
3215 1635 3482 1702 quomodo

1905 1728 2008 1786 eta
2038 1719 2232 1790 quibus
2272 1719 2444 1782 malis,
2489 1735 2586 1790 per
2611 1721 2895 1776 Dominum
2943 1738 3041 1778 nos
3083 1722 3302 1778 liberari
3331 1735 3481 1794 peta-

1907 1825 2046 1865 mus.
2075 1811 2204 1877 Qua:
2225 1811 2413 1867 Oratio
2433 1811 2736 1878 Dominica,
2760 1813 2885 1882 quia
2919 1813 3069 1883 prius
3095 1829 3254 1883 quam
3286 1823 3480 1870 cartera

225 1904 405 1977 evenit
431 1887 556 1974 quia
582 1920 708 1976 pars
731 1905 819 1961 illa
843 1907 992 1976 prius
1014 1909 1308 1978 composita
1338 1916 1420 1964 est
1448 1925 1607 1980 quam
1629 1909 1802 1963 Evan-
1831 1887 1879 1964 Β
1910 1903 1961 1958 in
1988 1904 2395 1960 consecratione
2429 1905 2818 1960 sacrificiorum
2853 1915 3125 1976 assumpta
3167 1917 3270 1972 est,
3310 1907 3360 1960 in
3381 1922 3483 1963 ex-

224 1996 368 2076 gclia,
393 1997 461 2050 ad
491 2012 609 2052 eam
641 1998 924 2074 veritatem
951 2015 1071 2069 quae
1105 2017 1246 2067 nunc
1279 2003 1510 2057 habetur
1537 2003 1675 2072 apud
1700 2001 1802 2056 La-

225 2087 390 2152 tinos,
435 2087 856 2157 corrigerentur.
888 2089 945 2142 ln
992 2090 1262 2158 prioribus
1290 2091 1434 2145 enim
1473 2093 1800 2147 editionibus

224 2175 308 2251 (ut
325 2175 684 2252 Hieronymus
709 2179 863 2234 testis
881 2187 984 2249 est)
1010 2195 1115 2235 non
1144 2180 1316 2235 solum
1342 2182 1796 2253 evangelistarum

223 2276 462 2331 mutatus
474 2270 719 2333 cstordo,
739 2271 830 2325 sed
847 2272 1007 2325 etiam
1022 2273 1309 2326 verborum
1332 2280 1387 2327 et
1402 2274 1797 2329 sententiarum

220 2366 340 2413 erat
374 2358 599 2414 confusa
633 2361 966 2415 commixtio.
994 2361 1325 2428 Alexander,
1364 2363 1627 2432 septimus
1655 2379 1796 2434 papa

222 2452 275 2506 in
303 2467 549 2519 numero,
591 2453 807 2509 miscuit
831 2456 1139 2524 passionem
1168 2455 1379 2510 Domini
1404 2456 1458 2510 in
1482 2459 1798 2526 precatione

219 2543 584 2610 sacerdotum,
616 2545 832 2614 quando
874 2545 1054 2601 missa:
1093 2546 1452 2602 celebrantur.
1485 2547 1638 2613 Quod
1673 2563 1796 2603 cum

217 2633 293 2687 ita
317 2633 472 2688 deeo
511 2635 564 2690 in
607 2634 1008 2692 Pontificalibns
1037 2637 1420 2710 scriptumgsit,
1462 2638 1683 2694 dubium
1710 2639 1793 2695 vi-

217 2725 377 2781 detur
410 2737 593 2782 utrum
637 2727 728 2800 ille
769 2743 902 2784 eam°
931 2737 1137 2783 tantum
1187 2737 1395 2798 partem
1429 2731 1659 2786 actionis
1687 2745 1794 2802 qua

217 2817 399 2886 passio
443 2818 654 2897 Domini
688 2829 1166 2887 commemoratur,
1197 2821 1549 2887 ordinaverit,
1582 2823 1664 2876 vel
1710 2832 1792 2878 to-

218 2915 328 2987 tam
356 2924 387 2962 a
427 2910 604 2980 capite
629 2926 802 2980 usque
843 2912 910 2966 ad
952 2912 1124 2982 ipsum
1169 2912 1368 2970 locum.
1403 2911 1512 2969 Sed
1555 2914 1680 2970 huic
1711 2930 1796 2970 se-

217 2998 407 3074 caudae
430 2999 784 3079 aestimationi
832 3001 1047 3060 videtur
1074 3004 1405 3079 contrarium
1456 3005 1684 3074 quodin
1729 3021 1792 3060 ea

218 3095 374 3154 parte
409 3077 585 3142 sancti.
613 3089 980 3152 nominantur,
1005 3092 1096 3160 qui
1141 3102 1193 3146 et
1233 3077 1358 3146 ante
1402 3093 1570 3155 illum,
1602 3103 1657 3148 et
1701 3095 1792 3164 qui

219 3166 339 3244 past
369 3176 511 3231 illius
539 3185 779 3248 tempora
818 3178 975 3251 longe
1023 3169 1262 3246 fuerunt;
1300 3183 1400 3236 nisi
1446 3185 1688 3240 dicamus
1721 3185 1794 3259 ab

219 3266 313 3322 illo
339 3283 432 3324 eos
464 3277 672 3344 tantum
699 3271 789 3342 qui
824 3282 952 3328 ante
977 3271 1125 3327 illum
1161 3273 1376 3329 fuerunt
1404 3289 1795 3329 commemora-

218 3363 326 3424 tos,
353 3349 672 3416 cancrorum
710 3377 834 3418 vero
871 3364 1087 3418 nomina
1121 3366 1234 3419 suis
1273 3380 1499 3434 quaeque
1537 3367 1794 3436 tempori-

218 3441 322 3529 bus
358 3451 428 3507 ab
454 3450 576 3507 aliis
623 3454 1049 3524 superimmissa.
1105 3455 1255 3512 Unde
1292 3464 1347 3511 et
1397 3457 1563 3525 ipsius
1600 3471 1794 3511 nomen

218 3526 509 3619 Alexandri
554 3543 606 3597 in
650 3545 896 3614 sequenti
945 3546 1134 3601 ordine
1176 3546 1462 3616 reperitur.
1504 3545 1796 3618 Gregorius

220 3645 368 3696 vero,
402 3633 469 3688 de
515 3647 626 3702 quo
654 3634 902 3705 superius
933 3636 1128 3704 sacpius
1173 3634 1403 3691 fecimus
1443 3637 1791 3702 mentionem,

214 3725 586 3801 augmentavit
627 3724 681 3780 in
739 3725 1050 3796 precatione
1101 3711 1339 3798 Catienis
1377 3744 1390 3782 :
1435 3725 1655 3799 Diesque
1702 3744 1795 3780 ηο-

213 3825 356 3870 stros
383 3817 437 3870 in
467 3825 560 3870 tua
580 3833 706 3895 pace
739 3815 1016 3896 disponas;
1047 3817 1136 3872 ubi
1171 3818 1392 3888 quidam
1424 3819 1608 3873 volunt
1639 3819 1796 3874 intel-

215 3907 310 3979 ligi
341 3915 504 3962 totam
541 3907 609 3962 ab
632 3923 697 3963 eo
734 3908 852 3963 loco
879 3908 1114 3964 Canonis
1137 3912 1601 3979 consequentiam,
1621 3927 1793 3982 usque

219 4000 274 4054 in
311 3999 472 4054 tinem
512 4015 610 4069 per
654 3999 802 4054 illum
850 3999 1017 4056 fuisse
1045 4003 1419 4072 compositam.
1467 4004 1566 4058 Cui
1612 4007 1826 4068 sensui,

217 4107 534 4163 repugnare,
584 4093 801 4147 videtur
867 4093 1007 4162 quod
1071 4094 1251 4164 passio
1319 4095 1570 4159 Domini,
1633 4112 1792 4165 quam

217 4180 526 4236 Alexander
553 4181 726 4237 eidem
767 4183 1062 4250 precationi
1093 4183 1342 4250 inseruit,
1372 4193 1491 4254 post
1538 4186 1636 4240 hos
1676 4201 1796 4241 ver-

218 4293 313 4332 sus
355 4277 602 4331 habetur.
657 4276 808 4331 Unde
849 4276 1091 4332 nonnulli
1136 4277 1364 4332 credunt
1409 4292 1514 4331 non
1565 4277 1831 4353 amplius.

217 4367 540 4438 Gregorium
579 4381 749 4436 quam:
788 4367 910 4421 illas
958 4376 1068 4423 tres
1110 4369 1419 4438 petitiones,
1468 4369 1520 4422 id
1566 4379 1649 4424 est
1695 4383 1794 4448 pro

218 4474 354 4530 pace
405 4469 704 4529 temporum
740 4468 797 4514 et
824 4461 1099 4531 ereptione
1139 4461 1207 4515 ab
1233 4462 1452 4516 aeternis
1498 4463 1791 4533 suppliciis,

1823 3236 1868 3296 C

1906 1995 2140 2065 pletione
2181 1994 2421 2064 ejusdem
2457 1996 2839 2052 sacratissima:
2871 1997 3102 2052 actionis
3139 1997 3297 2068 digne
3330 1999 3484 2068 poni—

1893 2097 2011 2154 tur,
2039 2096 2100 2144 ut
2121 2104 2220 2159 per
2251 2091 2390 2145 hanc
2421 2091 2688 2161 purilicati
2721 2091 2813 2162 qui
2853 2092 3301 2146 communicaturi
3332 2103 3476 2157 sunt,

1901 2194 2020 2250 qua:
2045 2190 2230 2237 sancte
2277 2181 2524 2238 confecta
2573 2192 2697 2237 sunt
2737 2182 2897 2254 digne
2920 2184 2988 2237 ad
3033 2182 3260 2238 salutem
3298 2199 3478 2238 veram

1900 2272 2221 2342 percipiant.
2250 2272 2439 2327 Pacem
2463 2281 2588 2328 ante
2609 2274 3043 2329 communionem
3077 2273 3191 2328 dari
3219 2271 3481 2330 Innocen-

1895 2364 2008 2419 tius
2034 2379 2172 2434 papa
2199 2365 2433 2419 decretis
2470 2365 2582 2419 suis
2613 2365 2862 2428 instituit,
2909 2361 3117 2418 scilicet
3161 2371 3220 2418 ut
3249 2364 3391 2433 quod
3421 2366 3476 2418 in

1899 2461 2146 2516 oratione
2166 2469 2352 2516 sancta
2388 2459 2491 2514 sub
2537 2461 2825 2531 sponsione
2861 2458 3196 2514 remissionis
3219 2460 3481 2529 promitti-

1899 2565 2040 2616 mus,
2067 2558 2290 2620 pacatos
2324 2566 2422 2606 nos
2455 2549 2572 2620 ipso
2615 2564 2778 2620 Opere
2813 2549 3263 2606 demonstremus.
3297 2550 3477 2620 Agnus

1897 2641 2078 2716 D‘eiin
2100 2642 2468 2698 contractione
2495 2642 2738 2711 corporis
2763 2640 2977 2697 Domini
3000 2641 3190 2697 aclero
3207 2648 3262 2695 et
3281 2639 3478 2711 populo

1897 2718 2173 2790 decantari
2205 2733 2449 2804 Sergius,
2488 2733 2854 2806 octogesimus
2891 2739 3078 2787 sextus
3109 2731 3476 2786 Romanorum
3498 2747 3505 2749 ’ν

1897 2825 2150 2891 antistes,
2174 2824 2478 2890 constituit,
2514 2833 2574 2879 ut
2599 2824 2726 2878 dum
2775 2830 3112 2894 praeparatur
3146 2821 3213 2876 ad
3255 2821 3474 2891 dispen-

1895 2914 2124 2970 sandum
2149 2929 2345 2985 corpus
2367 2913 2726 2979 Dominicum,
2752 2921 2943 2984 rogent
2969 2911 3264 2982 accepturi,
3286 2920 3475 2981 quate-

1897 3023 1996 3061 nus
2027 3005 2114 3061 ille
2137 3006 2226 3074 qui
2257 3021 2355 3075 pro
2387 3004 2704 3075 eisloblatus
2742 2995 2826 3060 est
2865 3005 3146 3068 innocens,
3189 3002 3353 3058 faciat
3377 3017 3474 3057 eos

1895 3095 2183 3150 salubriter
2227 3097 2452 3167 pignora
2490 3095 2682 3150 salutis
2725 3103 2940 3150 aeternae
2968 3095 3267 3165 percipere.
3304 3093 3474 3149 Porro

1899 3189 2043 3260 quod
2070 3175 2308 3243 canones
2335 3189 2654 3259 praecipiunt
2677 3179 2800 3244 eum
2848 3188 2914 3242 ad
2953 3178 3138 3258 pacem
3173 3204 3277 3243 non
3317 3203 3476 3243 acce‘

1865 3277 1868 3314 Ἴ
1901 3280 2028 3335 dere
2065 3280 2156 3348 qui
2197 3294 2306 3334 non
2342 3278 2727 3361 communicat,
2769 3278 2988 3347 quidam
3023 3279 3100 3333 sic
3143 3277 3469 3348 intelligunt,

1895 3371 2038 3439 quod
2069 3385 2173 3423 non
2221 3369 2416 3424 debeat
2451 3383 2639 3439 pacem
2671 3368 2918 3439 accipere
2947 3367 3069 3438 quis
3098 3368 3151 3422 in
3195 3367 3314 3422 aliis
3340 3367 3470 3422 mis-

1895 3463 1990 3528 sis,
2021 3461 2123 3516 nisi
2151 3460 2210 3534 in
2238 3459 2432 3530 quibus
2457 3458 2838 3534 communicat.
2873 3456 2979 3512 Alii
3025 3472 3156 3513 vero
3193 3456 3379 3512 volunt
3408 3456 3471 3511 il-

1894 3554 2004 3610 lum
2031 3532 2238 3608 tantum
2265 3567 2296 3607 a
2319 3567 2452 3622 pace
2475 3532 2775 3622 prohiberi,
2801 3549 2891 3619 qui
2911 3548 3117 3620 judicio
3144 3547 3473 3606 sacerdotali

1895 3660 1925 3699 a
1961 3642 2338 3698 communione
2367 3655 2658 3711 suspensus
2678 3649 2780 3696 est.
2802 3639 2956 3696 Illum
3005 3651 3186 3696 autem
3213 3639 3305 3709 qui
3332 3655 3466 3709 qua-

1894 3734 2016 3790 dam
2053 3733 2260 3788 ratione
2296 3732 2387 3787 illo
2418 3739 2662 3802 tempore
2687 3730 3033 3804 [temporum,
3074 3729 3178 3785 del.
3221 3729 3335 3802 illo]
3365 3729 3470 3785 dif-

1894 3822 2001 3880 fert
2044 3824 2609 3888 communicationem,
2653 3839 2778 3879 cum
2823 3831 3000 3879 tamen
3038 3837 3146 3879 non
3211 3823 3282 3878 sit
3313 3831 3472 3878 extra

1893 3918 2352 3981 communionem,
2391 3932 2497 3971 non
2523 3904 2718 3971 debere
2760 3930 2790 3970 a
2816 3915 2964 3986 pacis
2987 3915 3160 3986 gratia
3197 3916 3464 3986 separari,

1896 4023 1960 4061 ne
2006 4005 2282 4060 humilitas
2315 4003 2432 4073 ejus
2475 4004 2790 4078 graviorum
2837 4003 3123 4058 criminum
3166 4003 3474 4074 suspicione

1895 4104 2129 4150 notetur.
2163 4095 2228 4148 Et
2253 4096 2378 4164 quia
2396 4095 2461 4148 de
2480 4093 2913 4148 mtnmunicandi
2939 4094 3199 4148 varietate
3227 4095 3473 4164 quadam

1894 4176 2251 4256 praemiSimus
2273 4185 2476 4254 (supra,
2520 4200 2635 4252 cap.
2665 4182 2744 4256 9),
2776 4183 2880 4238 hoc
2909 4183 3219 4238 addendum
3242 4184 3471 4248 videtur.

1894 4291 2017 4331 esse
2042 4275 2305 4344 quosdam
2332 4273 2420 4342 qui
2442 4260 2682 4329 Semelin
2705 4273 2793 4329 die
2813 4274 3236 4341 communicare,
3259 4275 3472 4330 etiamsi

1895 4367 2138 4436 pluribus
2167 4364 2509 4420 interfuerint
2533 4366 2732 4428 missis,
2758 4381 2857 4436 pro
2879 4365 3138 4436 dignitate
3167 4380 3476 4422 sacramen-

1896 4467 2073 4512 torum
2104 4454 2349 4512 sutlicere
2371 4456 2622 4522 credant;
2657 4471 2779 4512 esse
2805 4471 2932 4511 vero
2955 4455 3090 4512 alios
3117 4457 3211 4527 qui
3253 4457 3394 4512 sicut
3418 4457 3470 4513 in

217 4562 275 4606 et
298 4554 569 4607 consortio
601 4561 908 4606 sanctorum
955 4552 1269 4618 obtinendo,
1296 4553 1565 4622 prioribus
1601 4570 1789 4625 super-
1817 4577 1869 4636 ι)
1895 4565 2024 4615 una,
2051 4549 2131 4604 sic
2165 4549 2220 4603 in
2250 4548 2502 4604 omnibus
2535 4549 2731 4618 quibus
2757 4548 3026 4605 adfuerint
3054 4550 3237 4605 missis
3270 4550 3326 4606 in
3361 4550 3473 4614 die.

218 4642 493 4697 addidisse
521 4642 755 4696 statutis.
787 4642 895 4708 Leo
923 4657 1156 4712 quoque,
1183 4645 1600 4715 quadragesimo
1640 4655 1793 4701 sexto
1829 4709 1839 4723 ι

219 4731 340 4786 loco
368 4734 507 4801 apud
546 4730 817 4786 Romanos
864 4732 1231 4802 pontilicatum
1286 4747 1473 4804 agens,
1516 4735 1795 4790 constituit

218 4829 282 4875 ut
323 4820 461 4874 intra
492 4818 764 4875 actionem'
796 4821 1044 4875 sacrificii
1087 4822 1379 4886 diceretur,
1411 4821 1660 4877 Sanctum
1707 4842 1795 4878 sa-

217 4911 501 4979 cri/icium,
547 4919 602 4964 et
650 4911 878 4979 reliqua.
928 4911 1002 4966 De
1047 4911 1151 4966 hoc
1195 4912 1359 4966 etiam
1409 4914 1574 4982 quaeri
1615 4925 1793 4986 potest

209 5008 406 5057 .utrum
428 5001 496 5056 ab
520 5015 587 5057 eo
607 5001 723 5075 loco
752 5016 870 5070 qua:
897 5012 1216 5071 sequuntur,
1244 5003 1531 5080 addiderit,
1562 5005 1645 5060 vel
1677 5006 1788 5076 ipsa
1830 5067 1834 5072 ,

221 5103 433 5149 tantum
461 5095 644 5158 verba,
677 5095 728 5148 id
765 5103 869 5158 est,
907 5092 1156 5166 Sanctum
1185 5095 1526 5163 sacriﬁcium,
1552 5097 1799 5150 immacu-

219 5185 386 5239 latum
410 5173 652 5250 hostiam,
677 5199 740 5241 eo
765 5186 1334 5242 locointermiscuerit.
1360 5187 1511 5255 Quod
1533 5189 1657 5258 quia
1685 5205 1796 5244 ma-

219 5273 418 5331 nifeste
455 5289 560 5329 non
604 5275 849 5346 legimus,
884 5275 1132 5330 nolumus
1174 5275 1418 5332 definire.
1459 5277 1537 5331 Ex
1567 5279 1669 5333 hoc
1717 5288 1796 5334 ta-

220 5379 347 5421 men
393 5373 616 5435 apparet
655 5350 995 5436 Gregorium,
1052 5365 1142 5435 qui
1191 5356 1345 5436 longe
1400 5375 1520 5436 post
1559 5367 1793 5423 Leonem

217 5453 350 5521 fuit,
379 5470 484 5510 non
517 5463 685 5510 totum
722 5457 992 5512 Canonem
1033 5457 1102 5512 ab
1147 5473 1212 5512 eo
1237 5456 1354 5512 loco
1381 5472 1490 5527 quo
1515 5473 1610 5513 sua
1643 5447 1792 5515 inse-

222 5552 334 5606 ruit
355 5566 525 5621 usque
555 5548 608 5604 in
652 5549 810 5605 linem
842 5551 1232 5620 composuisse.
1259 5548 1553 5621 Gregorius
1579 5551 1792 5614 deinde.

223 5644 419 5699 tertius
447 5643 684 5714 ejusdem
717 5643 947 5698 nominis
976 5659 1133 5714 papa,
1176 5642 1379 5698 faciens
1415 5643 1710 5698 oratorium
1743 5644 1795 5696 in

225 5737 450 5792 basilica
477 5735 627 5790 Beati
652 5735 794 5789 Pctri
825 5737 876 5789 in
905 5738 1163 5791 honorem
1195 5738 1434 5791 omnium
1463 5745 1794 5801 sanctorum,

225 5839 278 5881 et
303 5826 612 5896 quotidiana
652 5825 846 5880 ibidem
869 5825 1040 5881 ofﬁcia
1084 5843 1145 5880 ac
1176 5827 1367 5882 missas
1393 5828 1443 5881 in
1488 5844 1673 5883 corum
1712 5843 1797 5881 κρ-

1899 4638 2300 4697 communicare
2356 4637 2542 4694 velint.
2597 4637 2838 4706 Quorum
2905 4647 3124 4695 neutros
3176 4639 3475 4711 culpandos

1896 4728 2171 4793 existimo,
2199 4727 2342 4797 quia,
2375 4727 2515 4782 sicut
2546 4726 2877 4806 Augustinus
2903 4728 2979 4782 ait
3011 4729 3078 4784 de
3102 4729 3187 4785 bis
3224 4729 3314 4800 qui
3341 4745 3478 4801 quo-

1899 4819 2029 4874 tidie
2053 4818 2474 4885 communicant,
2496 4825 2552 4873 et
2578 4819 2686 4874 illis
2722 4819 2813 4888 qui
2850 4818 3060 4874 rarius:
3091 4838 3110 4870 ι
3143 4818 3278 4876 Istos
3319 4834 3474 4878 reve-
3560 4868 3562 4870 ,

1899 4909 2068 4965 rentia
2101 4917 2406 4978 sanctarum
2431 4909 2658 4964 retrahit
2683 4923 2884 4975 rerum,
2911 4908 3032 4965 illos
3055 4924 3184 4966 vero
3207 4926 3364 4967 aor
3388 4925 3477 4966 sa-

1899 5000 2131 5055 lubrium
2167 5000 2360 5054 invitat
2393 5009 2880 5056 sacramentorum.
2911 5019 2930 5055 »
2967 5000 3102 5056 Nam
3141 5012 3197 5058 et
3231 5003 3346 5074 ipse
3388 5019 3476 5061 sa-

1901 5091 2114 5154 cerdos,
2154 5090 2367 5160 quoties
2404 5090 2458 5144 in
2509 5091 2595 5145 die
2633 5091 2827 5147 missas
2875 5089 3025 5158 facit,
3072 5094 3474 5150 communicare

1900 5195 2006 5236 non
2033 5181 2254 5236 omittit.
2287 5179 2441 5247 Quod
2471 5180 2516 5235 si
2544 5195 2648 5235 non
2681 5180 2866 5247 faciat,
2892 5184 3153 5240 canonico
3177 5193 3262 5239 est
3279 5183 3475 5240 ferien-

1898 5275 1998 5331 dus
2018 5273 2226 5343 judicio
2247 5272 2346 5342 (De
2373 5289 2538 5338 cons.,
2572 5275 2624 5327 d.
2655 5272 2710 5339 2,
2736 5288 2784 5330 c.
2829 5272 3110 5347 Relatum).
3142 5275 3210 5330 Et
3236 5275 3340 5330 hoc
3366 5292 3472 5332 non

1883 5374 1980 5421 est
2008 5364 2204 5419 mirum
2233 5363 2306 5418 ita
2345 5363 2411 5417 de
2455 5363 2738 5419 sacerdote
2771 5363 3015 5438 intelligi,
3060 5380 3183 5421 cum
3229 5366 3476 5422 conciliis

1897 5457 2378 5527 Caesaraugustam
2408 5463 2461 5508 ct
2507 5453 2765 5518 Tolemno
2802 5457 3163 5513 communiter
3188 5457 3261 5511 sit
3303 5465 3476 5512 statu-

1901 5560 2014 5605 tum
2042 5549 2107 5604 de
2131 5548 2402 5611 omnibus,
2443 5557 2500 5602 ut
2531 5547 2621 5617 qui
2651 5549 2919 5620 acceperit
2954 5548 3374 5616 Eucharistiam,
3421 5561 3479 5603 et

1900 5657 2005 5695 non
2037 5638 2348 5708 sumpserit.
2378 5639 2532 5708 quasi
2562 5639 2858 5711 sacrilegus
2897 5637 3206 5709 repellatur.
3235 5639 3330 5694 Est
3374 5655 3440 5694 au
3458 5671 3472 5681 -

1901 5741 2006 5787 tem
2033 5729 2327 5800 legitimum
2359 5739 2568 5798 tempus
2598 5730 3026 5785 communicandi
3065 5737 3195 5785 ante
3227 5729 3473 5785 ultimam

1899 5827 2218 5888 orationem,
2256 5839 2375 5892 qua}
2415 5823 2609 5877 dicitur
2663 5824 2731 5877 ad
2768 5822 3143 5892 complendum,
3186 5824 3309 5893 quia
3359 5823 3475 5892 ejus
