3948 6328
472 395 570 454 951

974 393 1359 450 \VALAFRIDI
1399 395 1643 452 STRABI
1683 396 1884 453 που).
1928 395 2055 452 5101‘

2162 394 2284 451 lPP.
2328 397 2510 452 PARS
2543 397 2585 452 Ι.
2624 387 2695 437 ὲ·
2736 391 3192 454 ΤΗΕΟιΟαισΑζ

3649 401 3751 455 952

473 511 664 583 petitio
695 508 931 564 maxime
953 523 1054 578 pro
1079 508 1162 563 eis
1191 518 1273 562 est
1313 508 1404 577 qui
1445 510 1865 565 communicant.
1897 507 2051 563 Unde
2079 511 2126 569 Α
2156 508 2294 562 done
2323 509 2522 564 munda
2552 510 2824 582 sepultum
2870 519 2975 566 est.
3011 512 3198 570 Vestes
3229 513 3396 566 etiam
3441 513 3753 567 sacerdota-

475 606 640 662 etiam
674 616 864 658 eorum
897 599 986 670 qui
1021 614 1120 670 per
1154 587 1393 666 singulas
1427 601 1621 655 missas
1649 601 2052 657 communicare

472 697 679 760 volunt,
728 690 949 749 accendi
1006 690 1218 746 videtur
1265 689 1531 745 voluntas.
1567 688 1704 756 Quia
1751 705 1850 760 per
1885 698 2053 744 totam

473 790 698 844 missam
722 800 820 859 pro
852 785 934 840 eis
959 798 1120 853 quam
1167 782 1402 837 maxime
1448 793 1503 838 et
1543 783 1698 853 quasi
1733 783 2052 837 nominatim

473 890 680 943 oratur,
711 878 804 948 qui
834 877 908 932 ibi
937 875 1172 932 oli‘erunt
1201 883 1364 944 atque
1397 877 1816 930 communicant.
1849 874 2052 930 Possu-

474 987 596 1027 mus
630 978 813 1024 autem
851 975 908 1023 et
930 967 1212 1032 debemus,
1240 978 1300 1022 ut
1327 968 1513 1022 eadem
1543 976 1732 1033 sancta,
1763 966 2052 1022 missarum

473 1060 766 1118 celebratio
793 1073 900 1114 non
929 1059 1138 1128 paucis,
1167 1058 1261 1113 sed
1293 1057 1476 1112 multis
1494 1057 1751 1127 prodesse
1777 1057 2048 1122 credatur,

472 1153 674 1217 dicere,
704 1161 930 1207 caeteros
958 1149 1015 1208 in
1039 1150 1148 1206 lide
1167 1150 1299 1206 etin
1326 1149 1612 1205 devotione
1637 1147 1979 1211 oll‘erentium
1998 1159 2054 1206 et

476 1240 991 1298 communicantium
1019 1240 1394 1310 persistentes,
1420 1238 1660 1308 ejusdem
1691 1239 1976 1295 oblationis
1998 1248 2053 1296 et

476 1330 874 1390 communionis
904 1329 1013 1385 dici
1055 1338 1111 1384 et
1157 1344 1280 1386 esse
1315 1329 1624 1400 participes.
1657 1329 1914 1396 Quamvis
1959 1345 2054 1384 au-

475 1432 606 1487 tem,
636 1438 760 1480 cum
788 1421 887 1477 soli
929 1421 1242 1482 sacerdotes
1265 1423 1457 1477 missas
1496 1423 1794 1488 celebrant,
1825 1423 2048 1494 intelligi

473 1512 648 1583 possit
685 1511 804 1575 illos
853 1511 1099 1582 ejusdem,
1125 1511 1352 1569 actionis
1377 1525 1497 1566 esse
1535 1519 1913 1581 cooperatores
1951 1527 2050 1581 pro

474 1605 669 1675 quibus
691 1614 816 1668 tunc
846 1603 963 1672 ipsa
1003 1601 1343 1668 celebrantur
1361 1601 1558 1667 ofﬁcia,
1588 1610 1642 1656 et
1663 1617 1891 1672 quorum
1921 1617 2048 1671 per-

475 1712 662 1753 sonam
690 1697 744 1764 in
771 1697 1092 1767 quibusdam
1132 1688 1574 1766 responsionibus
1611 1694 1864 1759 sacerdos
1895 1708 2048 1749 exse-

475 1792 676 1861 quitur,
721 1800 899 1846 tamen
953 1787 1225 1854 fatendum
1270 1797 1355 1843 est
1401 1786 1546 1842 illam
1589 1801 1710 1842 esse
1753 1785 2046 1856 legitimam

2159 602 2238 660 les
2265 616 2362 672 per
2393 603 2724 658 incrementa
2769 605 2844 659 ad
2874 620 3022 669 eum,
3050 606 3141 675 qui
3173 622 3316 661 nunc
3356 608 3620 674 habetur,
3665 625 3752 663 au-

2161 701 2262 748 cta:
2312 703 2438 748 sunt
2481 705 2756 751 ornatum.
2808 696 2944 750 Nam
2985 698 3174 766 primis
3217 701 3560 768 temporibus
3603 717 3755 757 con-

2155 783 2304 838 muni
2341 784 2655 840 indumento
2681 788 2860 842 vestiti
2899 789 3092 843 missas
3116 789 3370 859 agebant,
3401 792 3552 848 sicut
3571 804 3630 849 et
3655 797 3753 850 ha-

2155 881 2347 929 ctenus
2375 875 2594 944 quidam
2616 875 2974 932 Orientalium
3004 877 3186 933 facere
3212 880 3604 947 perhibentur.
3639 883 3755 942 Ste-

2154 961 2366 1030 phanus
2405 972 2608 1031 autem,
2634 966 2926 1022 vicesimus
2956 977 3183 1036 quartus
3210 969 3423 1042 [papa],
3463 977 3755 1031 constituit

2156 1055 2465 1111 sacerdotes
2498 1065 2555 1111 et
2592 1056 2784 1113 levitas
2813 1061 3056 1114 vestibus
3080 1063 3310 1116 sacratis
3341 1063 3397 1116 in
3439 1080 3548 1118 usu
3579 1068 3756 1135 quoti-

2153 1144 2315 1200 diano
2345 1162 2453 1202 non
2489 1148 2592 1213 uti,
2622 1149 2728 1204 nisi
2755 1149 2810 1203 in
2847 1150 3075 1205 ecclesia
3111 1160 3340 1206 tantum.
3387 1155 3460 1209 Et
3490 1154 3755 1213 Silvester

2152 1236 2422 1292 ordinavit
2457 1247 2516 1293 ut
2540 1239 2755 1296 diaconi
2784 1241 3088 1297 dalmaticis
3111 1243 3165 1297 in
3189 1245 3423 1301 ecclesia
3447 1256 3754 1317 uterentur,

2154 1337 2210 1382 et
2248 1329 2409 1399 pallio
2443 1331 2718 1387 liuostimo
2757 1348 2944 1389 eorum
2984 1335 3116 1389 laeva
3143 1345 3441 1407 tegeretur.
3483 1341 3562 1394 Et
3585 1343 3756 1411 primo

2155 1421 2376 1489 quidem
2414 1426 2728 1481 sacerdotes
2763 1427 3069 1482 dalmaticis
3099 1437 3223 1484 ante
3252 1431 3572 1486 casulamm
3603 1450 3755 1490 usum

2154 1509 2540 1578 induebamur,
2564 1521 2750 1583 postea
2773 1529 2923 1579 vero,
2956 1532 3078 1571 cum
3108 1519 3306 1574 casulis
3333 1521 3412 1574 uti
3437 1523 3752 1592 coepissent,

2153 1601 2476 1659 dalmaticas
2527 1604 2846 1662 diaconibus
2890 1620 3298 1665 concesserunt.
3349 1612 3514 1681 Ipsos
3577 1623 3752 1670 tamen

2147 1693 2432 1763 pontifices
2477 1696 2559 1751 eis
2596 1696 2673 1751 uti
2732 1697 2929 1754 debere
2977 1715 3043 1754 ex
3087 1716 3152 1756 eo
3199 1703 3411 1757 clarum
3466 1715 3558 1759 est
3611 1709 3748 1775 quod

2148 1781 2441 1855 Gregorius
2465 1784 2546 1839 vel
2574 1785 2662 1840 alii
2691 1786 3062 1843 Romanorum
3095 1792 3356 1859 prmsules
3375 1794 3506 1849 aliis
3543 1797 3749 1864 episco-

477 1884 698 1940 missam
745 1885 833 1940 cui
881 1882 1154 1938 intersunt
1209 1881 1484 1945 sacerdos,
1535 1879 1886 1949 respondens,
1925 1875 2051 1932 oﬁ‘e-
2080 1856 2127 1916 Β
2155 1875 2240 1943 pis
2289 1889 2476 1929 earum
2517 1891 2672 1931 usum
2715 1879 3095 1947 permiserunt,
3151 1881 3271 1936 aliis
3319 1883 3742 1941 interdixean

478 1991 604 2034 rens
629 1986 794 2046 atque
819 1975 1246 2039 communicatis,
1277 1974 1416 2029 sicut
1451 1974 1564 2044 ipsa
1592 1972 1912 2044 compositio
1930 1986 2054 2042 pre-

478 2085 603 2132 eum
628 2068 862 2131 evidenti
901 2069 1110 2126 ratione
1148 2068 1499 2131 demonstrat.
1547 2064 1818 2121 Statutum
1847 2072 2055 2138 estau-

479 2167 586 2218 tcm
625 2157 1000 2212 Aurelianensi
1046 2157 1277 2212 concilio
1308 2165 1366 2210 ut
1409 2157 1640 2226 populus
1668 2165 1795 2216 ante
1833 2139 2075 2221 benediJ

479 2248 710 2308 ctionem
762 2247 1064 2302 sacerdotis
1109 2262 1214 2300 non
1257 2247 1566 2316 egrediatur
1595 2247 1663 2300 de
1708 2247 1893 2301 missa.
1925 2245 2055 2312 Quae

475 2338 784 2397 benedictio
819 2338 1136 2410 intelligitur
1175 2338 1262 2392 illa
1301 2337 1487 2394 ultima
1528 2337 1832 2401 sacerdotis.
1859 2338 2050 2406 oratiu.

1031 2471 1256 2526 CAPUT
1293 2470 1477 2527 XXIII.

987 2565 1063 2619 De
1095 2575 1320 2635 tempore
1348 2567 1540 2619 missw.

551 2663 784 2731 Tempus
828 2671 1008 2716 autent
1048 2659 1226 2714 missm
1261 2658 1518 2714 facienda:
1550 2659 1846 2714 secundum
1891 2658 2055 2712 ratio-

476 2772 601 2811 nem
657 2754 1059 2811 solemuilatum
1107 2753 1374 2808 diversum
1430 2759 1534 2807 est.
1589 2750 1862 2806 Interdum
1910 2750 2052 2804 enim

481 2854 606 2900 ante
646 2842 950 2908 meridiem,
993 2839 1262 2896 interdum
1317 2841 1460 2894 circa
1509 2855 1727 2902 nonam,
1768 2838 2055 2908 aliquando

477 2937 543 2990 ad
571 2947 869 3004 vesperam,
899 2931 1167 2986 interdum
1199 2939 1358 2986 noctu
1386 2928 1705 2985 celebratur.
1739 2928 1872 2983 Nam
1904 2928 2056 2984 Tele-

480 3031 712 3100 sphorus
741 3039 876 3095 papa
930 3023 1209 3078 constituit
1256 3031 1314 3076 ut
1350 3021 1494 3077 nullo
1527 3028 1766 3092 tempore
1799 3029 1923 3076 ante
1959 3021 2054 3076 ho-

479 3104 553 3178 τὲ
594 3123 764 3177 tertia:
811 3134 1029 3176 cursum
1079 3117 1217 3172 ullus
1248 3125 1596 3189 prmsumeret
1651 3116 1869 3170 missam
1914 3114 2054 3169 cele-

477 3218 635 3270 brare
661 3233 673 3267 :
699 3229 804 3284 qua
852 3213 982 3278 hora
1014 3210 1271 3286 Dominus
1317 3219 1499 3278 noster
1538 3210 1832 3264 secundum
1882 3206 2046 3260 Marci
2078 3205 2123 3265 C

474 3306 822 3378 Evangelium
869 3305 1158 3360 crucifixus
1200 3303 1481 3358 asseritur.
1524 3300 1668 3355 Inter
1710 3301 1826 3356 haec
1859 3309 2050 3355 notan-

477 3400 602 3453 dnm
631 3410 804 3466 neque
811 3394 1159 3466 jejunandum
1185 3395 1234 3446 in
1263 3392 1559 3449 Dominicis
1585 3399 1640 3445 et
1663 3389 1811 3445 l‘estis
1834 3387 2052 3456 majori-

478 3491 598 3552 bus,
631 3488 708 3542 uti
732 3504 836 3542 non
866 3486 1009 3558 cogit
1034 3486 1348 3543 necessitas.
1372 3485 1514 3539 sicut
1533 3491 1588 3538 et
1615 3497 1847 3537 canones
1867 3493 2054 3535 osten-

477 3582 644 3634 dunt:
677 3594 774 3634 nec
811 3579 863 3633 in
903 3578 1091 3634 diebus
1127 3577 1479 3646 jejuniorum.
1519 3576 1614 3632 Vel
1662 3589 1897 3645 unquam
1931 3582 2054 3644 post

485 3670 788 3736 meridiem,
833 3669 1091 3738 hymnum
1145 3667 1463 3737 angelicum,
1515 3666 1568 3720 id
1617 3673 1719 3736 est,
1771 3663 1952 3740 Gloria
1999 3665 2054 3718 in

477 3759 691 3814 excelsis
734 3758 838 3812 Deo
875 3757 958 3811 vel
993 3756 1107 3828 [pro
1154 3755 1230 3829 et]
1281 3756 1506 3810 Alleluia
1539 3754 1824 3827 dicendum
1863 3754 1966 3808 nisi
2000 3754 2051 3808 in

480 3849 687 3905 duobus
721 3847 960 3902 sabbatis
990 3847 1209 3902 Pascha:
1236 3855 1289 3902 et
1308 3847 1672 3920 Pentecostes,
1704 3859 1823 3914 quze
1851 3844 2055 3914 specia:

481 3943 623 4008 libus
664 3940 934 4024 mysteriis
958 3939 1310 4014 adornantur.
1681 3929 1684 3931 Α

1041 4075 1266 4133 CAPUT
1303 4074 1488 4130 XXIV.

871 4167 948 4222 De
971 4168 1102 4222 vasis
1130 4175 1176 4221 et
1202 4168 1420 4222 vestibus
1453 4167 1639 4222 sacris.

554 4259 692 4319 Vasa
730 4273 946 4328 quoque
982 4259 1176 4328 quibus
1204 4259 1470 4329 praecipue
1501 4271 1686 4315 nostra
1717 4265 2055 4314 sacramenta

482 4349 832 4419 imponuntur
852 4357 908 4403 et
937 4358 1344 4412 consecrantur,
1373 4349 1569 4404 calices
1593 4358 1720 4404 sunt
1746 4359 1800 4403 et
1825 4358 2052 4419 patenae.

479 4441 634 4498 Calix
673 4441 872 4497 dicitur
917 4455 956 4496 a.
987 4441 1178 4497 Gra'co
1203 4440 1424 4496 nomine
1455 4443 1616 4508 κύλιξ,
1655 4449 1849 4510 patena
1900 4458 1929 4495 a
1961 4456 2058 4511 pa-

2161 1965 2262 2021 Ubi
2288 1967 2607 2039 intelligitur
2632 1986 2737 2025 non
2763 1971 3016 2026 omnibus
3041 1981 3165 2027 tunc
3203 1973 3373 2030 fuisse
3401 1991 3740 2043 concessero,

2159 2060 2299 2130 quod
2329 2077 2472 2116 nunc
2499 2077 2637 2131 pene
2671 2078 2860 2118 omnes
2900 2065 3136 2136 episcopi
3161 2075 3215 2121 et
3243 2069 3499 2123 nonnulli
3533 2072 3748 2141 presby-

2161 2161 2399 2208 terorum
2427 2154 2527 2210 sibi
2559 2156 2722 2211 licere
2749 2157 3082 2225 existimant,
3114 2158 3168 2214 id
3196 2167 3301 2224 est,
3342 2169 3403 2215 ut
3430 2163 3539 2216 sub
3570 2164 3744 2218 casula

2157 2243 2442 2300 dalmatica
2471 2246 2795 2300 vestiantur.

2228 2336 2507 2392 Statutum
2543 2347 2630 2402 est
2668 2327 2848 2394 autem
2886 2341 3119 2396 concilio
3150 2341 3488 2399 Bracarensi
3520 2363 3532 2396 :
3561 2343 3638 2398 Ne
3667 2361 3744 2399 sa-

2157 2429 2353 2493 cerdos
2388 2429 2506 2490 sine
2536 2431 2719 2484 orario
2750 2430 2988 2486 celebret
3034 2432 3274 2487 missam.
3317 2434 3666 2488 Addiderunt
3695 2436 3742 2488 in

2154 2522 2394 2584 vestibus
2434 2523 2605 2577 sacris
2642 2523 2730 2577 alii
2774 2523 2902 2588 alia,
2948 2525 3043 2582 vel,
3059 2525 3126 2580 ad
3161 2527 3535 2586 imitationem
3560 2545 3738 2584 eorum

2156 2612 2351 2681 quibus
2380 2621 2593 2668 veteres
2621 2614 2911 2676 utebantur
2936 2616 3264 2682 sacerdotes,
3281 2618 3369 2672 vel
3399 2622 3475 2673 ad
3505 2621 3738 2689 mystica

2154 2702 2574 2773 signiﬁcationis,
2589 2706 3009 2774 expressionem.
3037 2708 3174 2775 Quid
3207 2711 3360 2764 enim
3392 2712 3617 2782 singula
3654 2714 3737 2766 de-

2159 2793 2394 2864 signent,
2422 2795 2620 2864 quibus
2643 2797 2845 2850 utimur
2865 2813 3029 2862 nunc,
3061 2814 3091 2854 a
3126 2800 3403 2869 prioribus
3437 2803 3648 2857 nostris
3666 2820 3740 2858 sa-

2160 2891 2233 2944 tis
2271 2892 2585 2961 expositum.
2615 2900 2717 2947 est.
2751 2892 2986 2948 Numero
3016 2892 3194 2950 auteni
3239 2912 3339 2951 suo
3383 2900 3632 2968 antiquis
3668 2917 3742 2955 re

2158 2981 2460 3051 spondent:
2486 2982 2612 3050 quia
2656 2983 2798 3039 sicut
2826 2984 2900 3039 ibi
2932 2987 3134 3046 tunica.
3179 2989 3650 3057 superbumeralis
3686 2992 3742 3045 li-

2156 3086 2275 3135 nea,
2323 3072 2791 3142 superbumerale,
2833 3075 3117 3140 rationale,
3157 3077 3394 3142 balteus,
3441 3078 3742 3144 Ieminalia,

2159 3162 2291 3216 tiara
2345 3171 2402 3217 et
2429 3163 2650 3228 lamina,
2695 3164 2774 3219 sic
2820 3165 2910 3220 hic
2940 3167 3248 3231 dalmatica,
3286 3168 3435 3233 alba,
3476 3173 3740 3240 mappula,

2152 3253 2408 3318 orarium,
2464 3253 2756 3324 cingulum,
2810 3256 3076 3322 sandalia,
3126 3258 3332 3321 casula,
3389 3270 3448 3313 et
3508 3261 3738 3330 pallium.

2157 3341 2307 3397 Unde
2339 3342 2477 3396 sicut
2515 3341 2733 3397 illorum
2771 3352 3025 3400 extremo.
3060 3345 3158 3400 soli
3186 3347 3502 3414 pontiﬁces,
3547 3350 3629 3403 sic
3657 3352 3743 3405 ho

2155 3451 2274 3489 rum
2305 3435 2492 3492 ultimo
2529 3437 2724 3492 summi
2754 3445 2962 3492 tantum
2992 3447 3240 3508 pastores
3283 3447 3539 3495 utuntur.

2732 3551 2957 3608 CAPUT
2991 3535 3152 3608 xiv.

2154 3645 2230 3699 De
2259 3645 2398 3719 horis
2442 3646 2810 3719 canoniciset
2837 3661 3060 3719 genuum
3099 3647 3343 3719 ﬂexione.
3391 3647 3472 3701 De
3520 3648 3741 3719 hymnis,

2350 3717 2474 3769 item
2497 3726 2544 3769 et
2565 3715 2839 3770 cantilenis
2867 3727 2913 3769 et
2941 3715 3273 3771 incrementis
3294 3733 3502 3772 eorum.

2224 3806 2524 3862 Pmmissis
2572 3806 2658 3860 his
2699 3822 2818 3876 quae
2857 3807 2923 3862 de.
2965 3807 3154 3861 ordine
3202 3809 3382 3862 missa:
3421 3808 3743 3864 videbantur

2154 3895 2401 3961 dicenda,
2427 3895 2492 3950 de
2521 3895 2906 3951 canonicarum
2939 3897 3158 3952 statutis
3184 3898 3472 3963 horarum,
3503 3915 3628 3968 qua
3651 3899 3744 3952 Do-

2159 3990 2335 4045 minus
2388 3991 2615 4056 dederit,
2667 3992 3041 4062 adjungamus.
3103 3992 3395 4047 Sciendum
3445 4003 3539 4048 est
3583 3993 3740 4048 multa

2157 4091 2278 4153 post
2304 4083 2684 4138 revelationem
2717 4084 2988 4154 Evangelii
3016 4093 3257 4154 tempora
3293 4086 3566 4141 transisse
3595 4096 3741 4140 auter

2157 4190 2318 4241 quam
2347 4176 2418 4229 ita
2441 4176 2826 4229 ordinarentur
2865 4176 3218 4245 quarumdam
3252 4191 3350 4244 per
3378 4176 3528 4230 diem
3573 4186 3628 4230 et
3655 4191 3740 4231 uo-

2158 4273 2301 4320 ctem
2345 4265 2600 4320 horarum
2649 4265 2908 4321 solemnia
2951 4266 3108 4320 sicuti
3154 4281 3295 4320 nunc
3338 4265 3637 4320 habentur.
3686 4266 3738 4320 lu

2162 4354 2341 4409 Veteri
2397 4362 2577 4409 autem
2632 4354 2976 4410 Testamento
3029 4355 3255 4425 legimus
3307 4355 3524 4423 (Exod.
3590 4358 3739 4423 xm)

2159 4444 2419 4515 quasdam
2449 4455 2628 4500 certas
2656 4445 2916 4500 orationis
2942 4446 3126 4509 horas,
3154 4455 3215 4500 ut
3248 4454 3466 4516 tempus
3499 4447 3740 4500 matutini

479 4532 664 4596 tendo,
699 4533 844 4604 quod
879 4532 1062 4604 patula
1102 4533 1191 4586 sit.
1219 4532 1488 4602 Ampulla,
1525 4535 1678 4603 quasi
1708 4549 1898 4604 parum
1939 4548 2055 4587 am-
2083 4563 2135 4622 Β
2161 4548 2215 4592 et
2236 4535 2524 4605 vespertini
2557 4535 2825 4591 sacriﬁcii.
2853 4535 2922 4589 Et
2954 4536 3097 4605 quod
3132 4535 3319 4590 Daniel
3347 4536 3558 4606 legitur
3588 4545 3668 4590 ter
3693 4535 3739 4588 in

479 4625 588 4695 pla.
606 4625 947 4696 Zephirinus,
978 4623 1251 4680 Romanus
1276 4623 1515 4694 pontifex
1537 4625 1829 4680 vicesimus
1849 4635 2053 4690 sextus,

482 4717 696 4789 patenis
739 4716 930 4772 vitreis
980 4717 1174 4774 missas
1232 4716 1512 4772 celebrare
1566 4716 1864 4786 constituit.
1921 4715 2055 4769 Tum

483 4807 676 4862 deinde
721 4805 990 4871 Urbanus,
1024 4815 1246 4862 octavus
1280 4807 1521 4862 decimus
1549 4821 1710 4876 papa,
1743 4806 1924 4864 omnia
1960 4805 2059 4862 mi-

480 4899 668 4956 nistris
723 4907 936 4956 sacrata
985 4897 1112 4954 feeit
1165 4906 1442 4968 argentea,
1498 4907 1554 4951 et
1599 4905 1826 4966 patenas
1873 4897 2060 4965 viginti

481 4993 718 5062 quinque
744 4991 872 5065 [[οτ.
903 5000 1154 5062 quatuor,
1183 4989 1339 5062 ctc.].
1371 4989 1429 5043 in
1457 4991 1559 5045 hoc
1596 4989 1738 5044 sicut
1767 4996 1823 5042 et
1853 4987 1907 5043 in
1937 4987 2062 5041 reli-

481 5085 606 5153 quis
628 5083 886 5147 cultibus,
921 5083 1092 5153 magis
1137 5089 1195 5136 et
1232 5081 1406 5151 magis
1433 5095 1530 5148 per
1558 5080 1893 5134 incrementa
1929 5086 2064 5131 tem-

482 5189 676 5244 porum
703 5172 867 5228 decus
913 5168 1182 5228 succrevit
1206 5171 1483 5228 Ecclesiae.
1514 5169 1824 5225 Bonifacius
1861 5177 2065 5238 martyr

487 5275 545 5320 et
568 5265 872 5335 episcopus,
909 5263 1272 5335 interrogatus
1298 5262 1344 5318 si
1382 5261 1569 5318 liceret
1614 5261 1668 5316 in
1699 5260 1840 5314 vasis
1874 5258 2066 5331 ligneis

489 5365 830 5410 sacramenta
843 5353 1129 5417 coniicere,
1152 5353 1460 5424 respondit:
1482 5373 1501 5404 ι
1522 5352 1798 5420 Quondam
1816 5351 2065 5409 sacerdo-

493 5457 575 5504 tes
597 5448 747 5504 aurci
778 5446 970 5518 ligneis
995 5445 1254 5502 calicibus
1283 5446 1607 5510 utebantur;
1642 5459 1786 5505 nunc
1815 5458 1846 5497 e
1871 5452 2061 5498 contra

491 5539 653 5611 lignei
673 5540 983 5596 sacerdotes
1009 5536 1190 5591 aureis
1206 5545 1432 5591 utuntur
1445 5536 1720 5595 calicibus,
1752 5554 1768 5585 ι
1791 5534 2064 5606 Sylvester

495 5644 631 5704 papa
658 5629 935 5685 constituit
963 5625 1286 5684 sacriﬁcium
1311 5625 1498 5681 altaris
1524 5629 1709 5685 nonin
1735 5628 1931 5692 serico,
1956 5643 2063 5683 non

497 5724 550 5779 in
587 5736 766 5791 panno
801 5719 968 5775 tincto
1000 5717 1286 5783 celebrari,
1321 5716 1418 5772 nisi
1449 5724 1658 5771 tantum
1690 5717 1834 5782 lineo
1858 5730 1890 5770 e
1921 5726 2064 5771 terra

495 5823 776 5896 procreato
805 5830 819 5869 ;
848 5814 987 5868 sicut
1007 5819 1206 5884 corpus
1233 5811 1441 5869 Domini
1473 5809 1598 5869 Jesu
1639 5808 1842 5867 Christi
1877 5810 1930 5872 iu
1958 5811 2066 5874 sin-

2165 4629 2251 4682 die
2286 4642 2422 4696 genu
2465 4626 2517 4680 in
2542 4626 2785 4681 oratione
2827 4625 3040 4682 ﬂexisse
3075 4626 3236 4694 (Dan.
3260 4628 3362 4697 vi),
3403 4643 3515 4681 non
3551 4628 3740 4696 absque

2167 4721 2374 4776 ratione
2400 4719 2592 4775 fecisse
2630 4720 2955 4774 credendum
2989 4728 3091 4774 est.
3125 4720 3178 4774 lu
3211 4720 3358 4774 Novo
3390 4735 3618 4790 quoque
3645 4736 3737 4774 non

2168 4818 2374 4863 tantum
2411 4811 2623 4874 orandi,
2663 4811 2755 4866 sed
2799 4809 2960 4864 etiam
3003 4825 3174 4879 genua
3220 4809 3494 4869 ﬂectendi.
3539 4812 3740 4880 copiosa

2167 4898 2514 4966 reperiuntur
2555 4898 2819 4967 exempla.
2859 4897 2995 4953 Nam
3028 4900 3284 4953 Dominus
3309 4897 3472 4953 Jesus
3504 4899 3742 4954 Christus

2168 4996 2293 5048 ante
2340 4988 2643 5057 passionem
2689 5004 2862 5053 suam,
2908 4990 3194 5059 procidens
3236 4989 3288 5042 in
3330 4988 3532 5042 faciem
3577 5005 3738 5051 suam,

2170 5079 2416 5138 adoravit
2446 5077 2660 5132 Patrem
2700 5078 2850 5148 (Luc.
2882 5079 3040 5149 xxii).
3075 5079 3140 5133 Et
3185 5077 3518 5147 Stephanus,
3564 5078 3743 5148 positis

2166 5171 2404 5240 genibus,
2431 5185 2528 5241 pro
2554 5169 2908 5239 lapidantibus
2929 5169 3171 5224 exoravit
3194 5170 3331 5238 (Act.
3359 5170 3481 5239 vn).
3515 5169 3595 5224 De
3615 5169 3739 5222 Bar-

2173 5261 2458 5316 thoiommo
2483 5261 2646 5314 etiam
2673 5261 2865 5330 legitur
2887 5260 3128 5329 apostolo
3153 5259 3293 5328 quod
3322 5262 3534 5315 centies
3561 5261 3614 5314 in
3641 5261 3740 5321 die,

2169 5353 2376 5411 centies
2397 5353 2448 5405 in
2473 5361 2631 5407 nocte
2652 5351 2863 5406 ﬂexerit
2890 5366 3081 5420 genua.
3114 5349 3372 5416 Quamvis
3393 5359 3580 5404 autem
3605 5348 3741 5420 geni-

2170 5444 2454 5501 culationis
2486 5459 2690 5498 morem
2723 5451 2832 5497 tota
2867 5450 3049 5497 servet
3088 5441 3351 5505 Ecclesia,
3389 5452 3579 5497 tamen
3612 5455 3742 5512 pra‘..-

2169 5537 2326 5606 cipue
2367 5534 2495 5590 huic
2539 5533 2686 5602 Operi
2734 5531 3018 5587 Scotorum
3061 5531 3453 5592 insistituatio
3479 5549 3491 5584 :
3517 5543 3742 5600 quorum

2175 5626 2327 5682 multi
2355 5625 2616 5694 pluribus,
2651 5622 2802 5677 multi
2842 5621 3208 5691 paucioribus,
3239 5622 3334 5681 sed
3374 5630 3553 5677 tamen
3587 5616 3744 5673 certis

2174 5719 2379 5773 vicibus
2419 5725 2475 5771 et
2516 5715 2873 5770 dinumeratis
2919 5728 3014 5783 per
3051 5713 3192 5768 diem
3223 5713 3303 5770 vel
3348 5723 3562 5770 noctem
3607 5725 3740 5781 genu

2176 5813 2470 5876 ﬂectentes,
2511 5825 2615 5865 non
2652 5809 2821 5865 solum
2864 5822 2960 5878 pro
3003 5808 3240 5878 peccatis
3265 5805 3626 5876 depiorandis,
3651 5800 3741 5858 sed
