3948 6328
181 427 284 484 955

1319 420 1406 475 DE
1442 417 1670 474 REBUS
1703 411 2272 471 EGCLESIASTICIS.

3335 413 3440 470 954

184 542 347 598 etiam
377 555 476 610 pro
501 538 830 609 quotidiana:
866 535 1168 592 devotionis
1196 534 1501 604 expletione
1521 532 1756 588 studium
1786 527 1836 584 Α
1865 527 2206 583 subnectitur
2253 529 2412 598 paulo
2459 529 2687 584 inferius
2724 549 2736 582 :
2781 530 3064 585 dicendum
3126 538 3304 585 tamen
3354 539 3439 586 est

185 635 329 690 istud
356 633 703 701 frequentare
734 629 1006 683 videntur.
1044 626 1250 694 Quibus
1277 631 1455 678 autem
1486 623 1636 677 horis
1673 619 1757 674 vel

165 723 522 795 temporibus
549 721 691 774 inter
712 717 924 790 publica
950 714 1121 771 ollicia
1142 716 1260 770 sine
1276 728 1508 786 genuum
1530 710 1759 765 ﬂexione

187 818 450 875 orandum
479 814 571 878 sit,
598 825 834 866 canones
861 810 1171 878 loquuntur,
1201 807 1252 860 id
1276 814 1358 861 est
1385 806 1438 859 in
1469 801 1760 859 Dominicis

187 919 241 966 et
276 907 430 962 festis
477 903 770 971 majoribus
821 909 876 956 et
919 897 1392 969 Quinquagesima,
1437 895 1590 965 juxta
1624 907 1760 963 quos

187 1011 421 1056 canones
457 993 672 1064 publice
716 991 1042 1062 pmnitentes
1085 1003 1298 1058 semper
1341 1000 1513 1056 genua
1544 983 1760 1038 ﬂectere

187 1092 406 1147 debent.
436 1088 594 1142 Horae
637 1086 802 1155 igitur
843 1082 1137 1142 canonicaz,
1166 1078 1412 1149 quamvis
1441 1090 1630 1131 omnes
1671 1089 1760 1127 ra-

184 1178 367 1234 tionali
401 1176 721 1230 auctoritate
745 1173 1106 1234 celebrentur,
1132 1177 1188 1224 et
1212 1167 1346 1222 nihil
1381 1167 1434 1220 in
1463 1166 1544 1220 eis
1573 1165 1756 1219 obser-

183 1277 342 1323 vetur
363 1265 504 1336 quod
532 1280 638 1319 non
666 1262 909 1331 exempla
932 1260 1016 1314 vel
1035 1259 1178 1314 dicta
1203 1266 1511 1313 sanctorum
1538 1255 1759 1309 Patrum

183 1360 530 1418 confirment,
566 1366 744 1410 tamen
767 1354 1011 1423 quaedam
1038 1348 1495 1405 manifestioribus
1508 1354 1636 1400 sunt
1663 1344 1758 1400 de-

182 1449 378 1504 dicatae
405 1445 762 1510 documentis,
798 1452 858 1498 ut
881 1443 1056 1512 ipsum
1088 1440 1375 1496 Dominum
1417 1446 1660 1491 nostrum
1703 1434 1756 1487 in

179 1541 433 1598 oratione
489 1538 715 1607 legimus
762 1542 1136 1606 pernoctassse
1192 1530 1341 1603 (Luc.
1372 1528 1477 1598 vt);
1532 1525 1755 1580 Paulum

181 1646 399 1702 quoque
431 1638 487 1684 et
513 1627 680 1683 Silam
722 1625 897 1681 noctis
926 1623 1104 1678 medio
1123 1635 1310 1676 orasse
1333 1633 1550 1674 carcere
1577 1625 1758 1670 term

181 1731 366 1778 motus
405 1720 641 1775 ostendit
666 1719 803 1787 (Act.
845 1715 978 1783 xvi).
1008 1713 1163 1770 Circa
1203 1713 1416 1767 tertiam
1453 1711 1506 1764 in
1546 1714 1760 1779 aposto-

182 1814 270 1869 los
299 1823 516 1868 orantes
536 1811 768 1881 Spiritus
787 1815 1005 1864 sanctus
1025 1804 1304 1861 descendit
1332 1802 1466 1871 (Act.
1498 1802 1582 1871 ιι).
1609 1798 1757 1852 Hora

179 1914 334 1959 “xta
357 1903 546 1958 Petrus
568 1875 796 1956 ascendit
818 1901 872 1953 in
897 1897 1217 1953 caznaculum
1239 1904 1293 1949 ut
1315 1902 1487 1949 oraret
1514 1891 1647 1962 (Act.
1664 1887 1753 1959 x);
1786 1875 1830 1933 Β

180 1997 425 2065 itemque
456 2009 576 2049 cum
615 1991 819 2048 Joanne
849 1991 904 2045 in
945 1988 1203 2058 templum
1233 1985 1302 2040 ad
1332 1986 1520 2040 horam
1550 1981 1758 2038 oratio.-

181 2089 274 2144 nis
303 2102 498 2142 nonam
547 2085 682 2157 (Act.
715 2084 824 2154 ιιι),
873 2083 925 2136 in
954 2097 1061 2151 qua
1092 2080 1259 2134 etiam
1302 2076 1480 2132 oranti
1509 2073 1760 2130 Cornelio

180 2177 412 2248 angelus
432 2176 695 2246 apparuit.
723 2174 900 2229 Testis
927 2172 1090 2238 enim
1106 2171 1267 2226 etiam
1288 2169 1442 2223 Philo
1464 2179 1490 2207 ι
1522 2165 1758 2237 primiti-

181 2285 314 2323 vam
343 2268 480 2338 apud
511 2265 904 2322 Alexandrinos
937 2262 1256 2326 Ecclesiam,
1289 2261 1429 2315 inter
1455 2258 1560 2318 alia
1599 2259 1758 2319 bona,

184 2360 422 2430 hymnos
451 2367 574 2411 ante
598 2356 722 2427 galli
750 2364 942 2410 cantus
967 2354 1188 2408 lucauos
1212 2350 1532 2410 celebrasse.
1573 2348 1652 2402 Ex
1677 2347 1763 2402 his

182 2453 374 2519 itaque
418 2459 473 2504 et
513 2449 780 2502 similibus
810 2445 1152 2514 intelligimus
1179 2442 1317 2511 apud
1355 2438 1552 2494 multos
1578 2439 1759 2503 horas,

180 2556 308 2610 quae
335 2549 389 2594 et
418 2555 559 2594 nunc
591 2537 958 2594 celeberrimae
987 2543 1134 2599 sunt,
1173 2535 1504 2596 observatas,
1538 2530 1634 2586 sed
1656 2544 1762 2584 non

83 2652 85 2654 ·
183 2647 255 2688 ea
292 2629 670 2686 distributione
695 2627 1026 2699 psalmorum
1051 2624 1138 2680 vel
1165 2623 1471 2678 orationum
1493 2635 1597 2690 qua
1622 2634 1763 2674 nunc

184 2723 420 2779 utimur.
457 2720 627 2787 Quam
653 2728 710 2774 et
742 2719 887 2774 circa
933 2727 1172 2786 tempora
1216 2711 1505 2770 Theodosii
1535 2709 1764 2767 senioris

185 2815 516 2877 inchoatam,
545 2827 608 2867 ac
630 2811 880 2879 deinceps
899 2808 1186 2879 expletam,
1216 2805 1399 2862 multis
1425 2803 1766 2859 animadver-

187 2908 359 2963 timus
379 2904 575 2959 causis.
620 2902 937 2957 Ambrosius
978 2901 1121 2955 enim
1158 2896 1590 2957 Mediolanensis,
1619 2901 1678 2948 ut
1707 2893 1761 2947 in

188 2994 349 3049 lib'ris
377 2993 787 3049 Confessnonum
828 3007 1046 3045 suarum
1075 2992 1264 3044 beatus
1309 2987 1762 3058 Augustinus.te-

193 3095 394 3150 statur,
442 3087 671 3154 hymnos
712 3082 908 3137 divinae
953 3080 1275 3135 laudationis
1312 3077 1506 3150 populo
1549 3090 1767 3145 compo-

193 3193 354 3242 nens,
401 3176 826 3245 persecutionem
866 3172 1088 3229 Justinm
1114 3170 1366 3240 Augusta:
1396 3183 1576 3224 rerum
1615 3166 1765 3221 novi-

167 3279 312 3332 ,tate
355 3267 560 3322 lenivit.
605 3267 722 3332 Quo
766 3265 818 3319 in
865 3272 1126 3333 tempore,
1170 3262 1311 3316 sicut
1356 3261 1520 3314 etiam
1556 3259 1610 3312 in
1640 3235 1834 3310 VitaC

191 3357 366 3426 ipsius
392 3355 663 3410 Ambrosii
693 3353 970 3418 scribitur,
1003 3351 1333 3421 antiphonae,
1373 3347 1558 3418 hymni
1590 3354 1644 3401 et
1681 3346 1760 3400 vi-

189 3447 344 3518 gilite
379 3447 433 3500 in
460 3439 697 3500 Ecclesia
743 3441 1124 3498 Mediolaneusi
1171 3440 1433 3495 celebrari
1461 3444 1761 3507 cmperunt.

191 3536 434 3592 Hilarius
463 3548 675 3605 quoque
713 3532 1066 3587 Pictavieusis
1095 3533 1324 3601 hymnos
1352 3529 1670 3599 composuit.
1700 3526 1766 3580 Et

189 3628 261 3682 de
288 3625 503 3682 Gelasio
537 3639 674 3694 papa
703 3623 959 3681 scribitur
986 3621 1129 3689 quod
1153 3629 1418 3674 tractatus
1437 3628 1492 3672 et
1537 3619 1766 3694 hymnos

193 3718 253 3772 in
307 3728 514 3771 morem
563 3713 709 3768 beati
757 3711 1029 3767 Ambrosii
1073 3709 1454 3779 composuerit.
1500 3707 1765 3762 Damasus

175 3821 325 3862 vero
367 3805 648 3861 constituit
684 3812 745 3858 ut
773 3802 965 3872 psalmi
1002 3801 1091 3856 die
1139 3810 1406 3869 noctuque
1438 3807 1766 3859 canerentur

188 3912 293 3969 per
317 3910 508 3950 omnes
529 3893 787 3949 ecclesias
815 3892 899 3946 vel
920 3890 1270 3954 monasteria,
1297 3899 1352 3944 et
1386 3888 1638 3959 praecepit
1663 3887 1765 3946 hoc

187 3987 462 4059 episcopis
501 3996 557 4041 et
602 3984 954 4056 presbyteris.
997 3983 1197 4038 Deinde
1232 3980 1466 4036 Joannes
1509 3980 1766 4050 [Chryso-

185 4077 422 4150 stomus]
462 4075 1088 4146 Constantinopolitanus
1135 4074 1344 4144 primus
1385 4073 1534 4127 auxit
1579 4073 1632 4126 in
1678 4089 1769 4126 no-

187 4169 401 4223 cturnis
431 4167 647 4236 hymnis
676 4166 972 4230 orationes,
1003 4164 1072 4218 ob
1108 4165 1247 4220 hanc
1276 4163 1360 4217 vel
1388 4162 1621 4216 maxime
1643 4177 1765 4216 cau-

187 4273 312 4324 sam
364 4257 610 4311 :Ariani
659 4269 811 4313 extra
869 4256 1144 4310 civitatem
1202 4253 1456 4309 collectas
1506 4252 1763 4321 agebant;

187 4348 420 4406 sabbato
444 4358 622 4406 autem
652 4357 814 4417 atque
843 4346 1121 4402 Dominica
1154 4346 1295 4400 intra
1339 4353 1524 4415 portas
1554 4353 1603 4397 et
1636 4359 1764 4412 por-

188 4439 338 4504 ticus
375 4439 707 4508 congregati,
749 4439 979 4508 hymnos
1007 4445 1062 4491 et
1107 4435 1429 4504 antiphonas
1473 4449 1538 4488 cx
1566 4434 1766 4488 Ariano

186 4530 445 4600 dogmate
486 4529 811 4598 compositas
858 4527 1252 4592 decantabant;
1287 4533 1342 4579 et
1391 4526 1494 4580 hoc
1532 4523 1764 4578 maxima

187 4619 369 4676 noctis
390 4627 537 4690 parte
567 4617 844 4681 facientes,
877 4617 1112 4679 diluculo
1137 4632 1258 4672 cum
1289 4615 1420 4686 ipsis
1457 4616 1765 4686 antiphonis

185 4727 292 4784 per
325 4712 557 4766 mediam
607 4712 900 4777 civitatem,
944 4711 1170 4781 ingressi
1222 4719 1456 4780 portam,
1498 4711 1565 4766 ad
1610 4726 1763 4784 suam

186 4803 480 4858 ecclesiam
504 4803 915 4860 concurrebant.
947 4803 1190 4872 Cumque
1226 4804 1330 4858 hoc
1359 4803 1570 4868 crebro,
1609 4783 1764 4874 quasi

188 4894 262 4949 ad
285 4893 733 4964 vituperationem
763 4894 1205 4958 orthodoxorum,
1239 4892 1419 4950 facere
1449 4909 1555 4948 non
1586 4907 1764 4948 cessa-

189 4994 316 5042 rent
356 4984 688 5056 (frequenter
723 4983 866 5038 enim
909 4985 1072 5039 etiam
1121 4985 1225 5043 hoc
1264 4984 1560 5040 cantabant
1601 4981 1764 5046 :_Ubi

190 5075 432 5144 suntqui
475 5075 662 5128 dicunt
691 5073 796 5128 tria
828 5074 1027 5130 virtute
1068 5076 1316 5147 unan),
1343 5083 1474 5129 tunc
1505 5074 1757 5138 Joannes,

191 5181 262 5229 ne
301 5164 572 5236 simplices
593 5165 898 5235 hujusmodi
941 5166 1190 5222 cantibus
1217 5169 1578 5232 traherentur,
1610 5167 1762 5222 insti—

195 5258 299 5318 tuit
339 5273 497 5314 suum
526 5257 779 5328 populum
817 5266 878 5312 ut
912 5266 968 5313 et
996 5257 1098 5328 ipsi
1125 5259 1406 5314 nocturnis
1432 5271 1763 5328 occuparen-

193 5359 282 5408 tur
309 5347 546 5419 hymnis,
578 5357 841 5418 quatenus
883 5357 940 5404 et
976 5348 1188 5404 illorum
1215 5350 1601 5405 obscuraretur
1629 5364 1763 5420 opus

191 5446 249 5494 et
271 5437 506 5494 ﬁdelium
534 5437 798 5507 professio
824 5437 1152 5494 firmaretur.
1182 5437 1429 5494 Studium
1455 5455 1586 5510 ergo
1605 5437 1762 5494 Joan—

192 5527 282 5582 nis
311 5526 471 5581 nimis
509 5526 642 5580 utile
668 5542 790 5581 cum
827 5529 988 5584 turba
1015 5528 1375 5598 periculisque
1414 5527 1624 5582 ﬁnitum
1659 5535 1762 5582 est.

192 5618 320 5676 Haec
363 5619 416 5674 in
465 5617 673 5673 decimo
725 5618 862 5674 libro
909 5619 1156 5676 Historiae
1208 5620 1605 5684 ecclesiasticae,
1648 5633 1767 5688 quae

194 5716 489 5787 Tripartita
528 5714 741 5777 dicitur,
770 5714 842 5768 ita
888 5715 1234 5782 inseruntur;
1260 5717 1312 5771 in
1345 5715 1538 5786 quibus
1582 5722 1632 5770 et
1666 5714 1766 5769 hoc

201 5843 205 5845 ί
264 5842 290 5870 ι
316 5831 444 5886 Vide
463 5830 689 5886 Eusebii
725 5828 1014 5886 Hist.=eccl.

1861 621 2006 676 unde
2034 623 2266 691 sumpsit
2293 622 2506 676 initium
2545 631 2605 676 ut
2646 623 2698 675 in
2730 621 2969 676 Ecclesia
2996 621 3303 692 antiphonm
3337 621 3434 676 de-

1861 718 2166 765 cantentur.
2214 712 2452 781 lgnatius
2489 711 2792 768 Antiochia:
2841 711 3034 784 Syriae,
3083 713 3272 768 tertius
3315 720 3438 784 post
3517 784 3527 794 .

1861 801 2164 870 apostolum
2208 800 2426 856 Petrum
2473 803 2778 872 episcopus,
2816 803 3103 872 quietiam
3147 817 3270 858 cum
3303 803 3439 873 ipsis

1862 893 2090 963 degebat
2108 893 2386 962 apostolis,
2409 893 2542 948 vidit
2563 893 2872 964 angelorum
2895 894 3154 949 visionem
3167 897 3434 965 quomodo

1863 985 2185 1054 antiphonas
2225 993 2427 1040 sanctae
2475 983 2724 1039 Trinitati
2774 985 3024 1040 dicebant
3068 980 3133 1040 'et
3185 987 3435 1057 hymnos.

1860 1075 2018 1145 Isque
2040 1077 2257 1131 modum
2291 1076 2512 1131 visionis
2536 1075 2887 1131 Antiochenze
2915 1077 3199 1132 tradidisse
3231 1079 3432 1146 proba-

1861 1174 1952 1221 tur
1977 1167 2253 1234 Ecclesite,
2283 1178 2340 1223 et
2359 1183 2426 1223 ex
2467 1167 2570 1222 hoc
2612 1168 2679 1222 ad
2724 1177 2945 1223 cunctas
2974 1170 3223 1224 transivit
3251 1171 3437 1225 Eccle-

1861 1258 1991 1313 sias.
2028 1257 2328 1313 Notandum
2354 1260 2586 1330 hymnos
2625 1258 2731 1313 dici
2758 1274 2863 1313 non
2887 1268 3096 1314 tantum
3128 1262 3217 1329 qui
3248 1262 3436 1316 metris

1860 1351 1946 1405 vel
1975 1353 2242 1423 rhythmis
2282 1353 2591 1415 decurrunt,
2636 1351 2822 1421 quales
2853 1361 3270 1419 composuerunt
3310 1353 3435 1406 Am-

1861 1444 2094 1506 brosius,
2135 1443 2368 1498 Hilarius
2400 1451 2454 1497 et
2478 1442 2619 1498 Beda
2661 1441 2956 1512 Anglorum
2998 1441 3181 1505 Pater,
3211 1451 3265 1496 et
3301 1441 3436 1496 Pru-

1861 1535 2076 1590 dentius
2131 1535 2511 1604 Hispaniarum
2558 1533 2942 1598 scholasticus,
2992 1542 3047 1588 ct
3099 1533 3188 1586 alii
3238 1532 3432 1598 multi,-

1862 1641 2047 1680 verum
2075 1625 2237 1680 etiam
2279 1633 2504 1681 caeteras
2544 1624 2899 1687 laudationes,
2931 1638 3050 1694 quae
3095 1624 3273 1678 verbis
3301 1637 3434 1677 con-

1860 1715 2204 1772 venientibus
2253 1725 2310 1771 et
2361 1717 2510 1770 sonis
2566 1714 2812 1769 dulcibus
2864 1716 3234 1784 proferuntur.
3284 1713 3436 1769 Unde

1863 1815 1919 1861 et
1967 1806 2103 1860 liber
2165 1804 2499 1860 Psalmorum
2563 1805 2698 1874 apud
2764 1802 3017 1858 Hebraeos
3077 1803 3215 1858 liber
3278 1804 3435 1874 hym-

1861 1913 2052 1952 norum
2081 1904 2324 1952 vocatur.
2373 1896 2439 1950 Et
2467 1896 2712 1966 quamvis
2753 1895 2804 1949 in
2841 1895 3158 1963 quibusdam
3195 1895 3438 1950 ccclesiis

1860 1990 2046 2060 hymni
2079 1989 2288 2044 metrici
2319 2003 2423 2043 non
2453 1996 2756 2050 cantentur,
2790 1996 2966 2040 tamen
2992 1986 3043 2040 in
3072 1985 3324 2041 omnibus
3347 2000 3436 2054 ge-

1862 2079 2071 2133 nerales
2097 2079 2278 2149 hymni
2305 2119 2319 2144 ,
2364 2078 2413 2132 id
2443 2089 2526 2133 est
2567 2077 2774 2141 laudes,
2821 2077 3090 2131 dicuntur.
3131 2076 3439 2131 Cantandos

1861 2171 2020 2226 etiam
2052 2169 2169 2224 illos
2188 2170 2280 2239 qui
2301 2169 2533 2238 legitime
2547 2177 2958 2237 componuntur,
2981 2168 3226 2222 Toletani
3253 2177 3437 2223 auctos

1862 2267 1993 2320 ritas
2022 2266 2237 2321 concilii
2265 2265 2521 2329 ostendit,
2553 2263 2692 2316 inter
2710 2262 2809 2316 alia
2834 2263 2910 2317 sic
2934 2261 3156 2316 dicens:
3181 2261 3244 2316 Et
3261 2262 3382 2331 quia
3407 2276 3437 2316 a

1862 2356 2133 2412 nonnullis
2155 2369 2350 2425 magno
2380 2354 2556 2409 studio
2583 2353 2634 2406 in
2663 2352 2873 2406 laudem
2903 2352 2998 2405 Dei
3043 2360 3204 2420 atque
3225 2362 3437 2422 aposto-

1862 2447 2085 2511 lorum,
2138 2454 2194 2501 et
2241 2453 2540 2516 martyrum
2591 2443 2933 2512 triumphos,
2985 2443 3267 2511 compositi
3320 2457 3438 2497 esse

1863 2545 2178 2601 noscuntur,
2227 2536 2366 2590 sicut
2413 2542 2538 2588 sunt
2565 2533 2618 2587 hi
2666 2548 2801 2603 quos
2845 2532 3144 2587 beatissimi
3185 2532 3435 2587 doctores

1864 2628 2099 2683 Hilarius
2127 2636 2287 2696 atque
2338 2624 2653 2678 Ambrosius
2697 2621 3028 2677 ediderunt:
3079 2637 3214 2692 quos
3256 2632 3434 2687 tamen

1862 2717 2080 2788 quidam
2111 2717 2414 2787 specialiter
2436 2716 2724 2784 reprobant
2748 2754 2762 2778 ,
2795 2727 2858 2766 eo
2887 2713 3026 2782 quod
3053 2712 3118 2766 de
3156 2713 3437 2782 scripturis

1864 2818 2175 2866 sanctorum
2216 2823 2484 2863 canonum
2532 2806 2615 2860 vel
2663 2803 2954 2874 apostolica
2992 2803 3277 2858 traditione
3326 2817 3434 2880 non

1863 2901 2132 2957 exsistunt
2166 2915 2179 2952 :
2209 2905 2462 2969 respuant
2481 2912 2610 2967 ergo
2635 2905 2690 2950 ct
2726 2895 2872 2949 illum
2898 2895 3150 2966 hymnum
3175 2891 3238 2946 ab
3265 2890 3435 2947 omni-

1862 2995 1964 3050 bus
1987 2992 2340 3063 compositum
2373 2986 2850 3062 [comprobatum],
2882 2993 3041 3056 quem
3074 2983 3311 3054 quotidie
3332 2999 3432 3063 pug

1863 3086 2004 3141 blico
2041 3084 2358 3154 privatoque
2378 3061 2558 3136 cilicio
2587 3081 2641 3134 iu
2681 3078 2785 3133 [ine
2823 3079 3062 3134 omnium
3106 3061 3435 3147 psalmorum

1866 3175 2094 3230 dicimus
2124 3191 2136 3226 :
2171 3170 2352 3224 Gloria
2381 3181 2427 3224 et
2449 3171 2615 3224 honor
2645 3166 2818 3234 Patri,
2863 3177 2910 3221 et
2945 3166 3104 3230 Filio,
3137 3176 3184 3220 et
3215 3165 3436 3234 Spiritui

1865 3274 2049 3320 sancto
2077 3265 2132 3318 in
2157 3262 2349 3317 swcula
2375 3261 2704 3317 mentorum.
2739 3260 2938 3325 Amm;
2971 3261 3065 3314 sed
3094 3268 3148 3314 et
3173 3258 3260 3313 ille
3283 3259 3438 3329 hym-

1866 3370 1967 3409 nus
1986 3369 2146 3423 quem
2183 3361 2311 3408 nato
2339 3353 2393 3406 in
2422 3366 2586 3407 carne
2611 3351 2826 3405 Christo
2860 3351 3033 3421 angeli
3073 3350 3390 3404 cecinerunt
3419 3367 3433 3403 :

1867 3445 2047 3500 Gloria
2071 3447 2124 3499 in
2139 3444 2354 3500 excelsis
2374 3445 2506 3510 Deo,
2529 3454 2575 3498 et
2599 3445 2654 3498 in
2680 3453 2819 3497 terra
2843 3460 2948 3513 pax
2976 3443 3269 3496 hominibus
3290 3427 3437 3495 bona:

1867 3537 2194 3601 voluntatis;
2238 3536 2441 3605 reliqua
2480 3551 2603 3604 qua:
2626 3535 2696 3589 ibi
2743 3542 3042 3604 sequuntur
3083 3530 3433 3588 ecclesiastici

1867 3627 2116 3682 doctores
2160 3635 2618 3695 composuerunt:
2655 3641 2784 3696 ergo
2815 3640 2912 3680 nec
2959 3625 3058 3695 ipsi
3104 3625 3156 3678 in
3195 3623 3436 3678 ecclesiis

1867 3717 2096 3771 canendi
2123 3725 2266 3782 sunt,
2299 3716 2426 3786 quia
2474 3717 2529 3772 in
2569 3724 2881 3778 sanctarum
2923 3713 3325 3783 Seripturarmn
3373 3713 3436 3766 li-

1864 3805 1978 3868 bris
2006 3821 2111 3860 non
2140 3806 2522 3861 inveniuntur?
2551 3806 2955 3876 Componuntur
2977 3807 3152 3863 missa:
3179 3808 3290 3862 sive
3313 3821 3434 3876 pre-

1864 3909 1957 3950 ces
1976 3895 2059 3950 vel
2092 3897 2393 3961 orationes,
2427 3896 2542 3952 sive
2569 3894 3086 3962 commendationes,
3113 3912 3208 3952 seu
3247 3911 3436 3951 manus

1866 3983 2253 4054 impositiones,
2281 4001 2346 4038 ex
2376 3985 2591 4055 quibus,
2622 3986 2666 4039 si
2693 3985 2839 4039 nulla
2870 3987 3224 4046 decantantur
3249 3987 3300 4039 in
3333 3987 3436 4040 Ec-

1867 4076 2051 4140 clesia,
2079 4084 2275 4132 vacant
2301 4077 2482 4130 omnia
2513 4075 2685 4130 olllcia
2720 4075 3106 4131 ecclesiastica.
3137 4076 3231 4131 llis
3256 4076 3435 4131 verbis

1866 4164 2168 4220 ostenditur
2196 4166 2362 4221 multa
2391 4167 2442 4220 in
2471 4166 2707 4226 Ecclesia
2740 4167 2949 4222 naviter
2996 4167 3240 4236 componi
3268 4206 3282 4231 ,
3317 4181 3436 4235 quae

1868 4272 1973 4311 non
1999 4257 2123 4321 sint,
2165 4257 2212 4312 si
2253 4273 2284 4312 a
2317 4259 2419 4312 lide
2462 4259 2706 4314 veritatis
2751 4275 2856 4314 non
2905 4259 3435 4325 abltorreant,-abji-

1866 4350 2076 4405 cienda.
2109 4349 2276 4405 Porro
2307 4351 2490 4421 hymni
2522 4351 2733 4406 metrici
2767 4367 2829 4406 ac
2854 4352 3158 4423 .rbythmici
3210 4351 3262 4404 in
3301 4350 3432 4405 Am-

1867 4439 2135 4496 brosianis
2161 4441 2353 4496 officiis
2380 4441 2648 4504 dicuntur.
2674 4458 2810 4512 quos
2846 4443 3009 4496 etiam
3039 4441 3203 4511 aliqui
3229 4441 3281 4495 in
3308 4441 3438 4494 mis-

1869 4545 2050 4587 sarum
2096 4531 2372 4587 solemniis
2423 4540 2642 4601 propter
2686 4532 3110 4602 compunctionis
3171 4530 3433 4600 gratiam,

1789 4599 1842 4659 Ῑ)
1868 4637 1989 4692 quae
2011 4638 2079 4677 ex
2105 4608 2386 4678 dulcedine
2407 4624 2670 4678 concinna
2699 4632 2943 4693 augetur,
2973 4623 3263 4676 interdum
3283 4636 3433 4674 assu-

1825 4733 1828 4736 '
1865 4729 2014 4768 mere
2051 4722 2465 4769 consueverunt.
2505 4715 2758 4769 Traditur
2802 4714 3065 4784 siquidem
3129 4711 3432 4784 Paulinum,

1865 4805 2287 4876 Forojuliensem
2330 4806 2718 4874 patriarcham,
2767 4806 2978 4875 sepius,
3020 4813 3075 4860 et
3117 4804 3350 4873 maxime
3379 4804 3433 4857 in

1863 4898 2087 4969 privatis
2128 4900 2350 4963 missis,
2399 4898 2542 4953 circa
2597 4896 3017 4952 immolationem
3067 4903 3436 4954 sacramento-

1865 5004 1985 5044 rum
2024 4988 2251 5058 hymnos
2271 4987 2355 5041 vel
2385 4984 2464 5058 .ab
2495 4986 2613 5041 aliis
2638 4986 2721 5041 vel
2758 5003 2788 5040 a
2835 5001 2894 5040 se
2933 4986 3259 5056 compositos
3289 4984 3434 5040 cele-

1866 5080 2074 5136 brasse.
2109 5079 2220 5149 Ego
2239 5093 2368 5134 vero
2399 5077 2719 5133 crediderim
2747 5085 2950 5130 tantum
2973 5083 3242 5144 tantaeque
3261 5075 3436 5146 scien-

1869 5172 1956 5226 tiae
1984 5171 2158 5224 virum
2185 5169 2285 5223 hoc
2315 5181 2414 5223 nec
2449 5169 2564 5222 sine
2600 5167 2942 5232 auctoritate,
2970 5181 3067 5221 nec
3099 5165 3216 5222 sine
3265 5165 3434 5240 ratio-

1869 5261 1954 5315 nis
1995 5257 2384 5328 ponderatione
2437 5255 2651 5311 fecisse.
2704 5255 2758 5309 In
2808 5254 3002 5310 officiis
3052 5269 3265 5324 quoque
3317 5250 3436 5332 qtae

1865 5350 2054 5408 beatus
2085 5348 2406 5404 Benedictus
2427 5347 2612 5413 abbas,
2639 5347 2784 5402 omni
2810 5348 3093 5403 sanctitate
3110 5346 3436 5420 pnecipuus,

1869 5441 2162 5507 ordinavit,
2205 5440 2392 5511 hymni
2445 5440 2694 5495 dicuntur.
2742 5455 2840 5512 per
2894 5439 3058 5494 horas
3103 5437 3435 5510 canonicasn:

1871 5549 2006 5606 quos
2035 5533 2424 5588 Ambrosianos
2452 5533 2564 5603 ipse
2601 5533 2907 5596 nominans,
2941 5529 3023 5605 vel
3055 5527 3174 5587 illos
3200 5525 3312 5582 vult
3355 5527 3438 5582 in.-

1873 5625 2036 5695 telligi
2061 5640 2195 5696 quos
2228 5623 2460 5679 confecit
2488 5622 2826 5687 Ambrosius,
2858 5621 2940 5675 vel
2982 5619 3116 5674 alios
3159 5618 3228 5673 ad
3250 5617 3439 5673 imita-

1874 5722 2076 5777 tionem
2125 5718 2607 5775 Ambrositnorum
2657 5713 2998 5786 compositos.
3038 5711 3325 5769 Sciendtnu
3361 5713 3440 5776 ta}-
