3948 6328
479 395 585 452 955

1009 393 1402 450 WALAFBIDI
1444 391 1689 449 STRABI
1725 389 1929 448 FULD.
1973 386 2137 442 MON.
2178 389 2328 444 OPP.
2369 389 2570 446 PARS.
2613 391 2653 445 Ι.
2693 421 2762 431 -
2799 390 3256 448 TIIEOLOGICA.

3625 387 3731 446 956

483 523 608 564 men
639 507 836 561 multos
877 504 1054 574 putari
1086 496 1155 558 ab
1186 504 1472 559 Ambrosio
1515 503 1705 569 factos,
1730 503 1823 574 qui
1851 516 2053 572 nequa-
2078 502 2130 561 A
2156 499 2358 554 cultum
2385 515 2526 556 verae
2549 500 2972 567 observationis,
3013 511 3072 557 ut
3116 512 3172 558 et
3201 503 3401 558 clarior
3425 503 3616 576 religio
3644 521 3733 560 ac-

482 611 642 666 quam
671 595 740 650 ab
777 593 869 650 illo
921 602 1048 649 sunt
1093 594 1244 648 editi.
1291 593 1611 650 Incredibile
1649 594 1797 649 enim
1840 592 2054 648 videtur

483 687 629 742 illum
650 684 782 740 tales
800 684 1021 753 aliquos
1049 682 1258 749 fecisse,
1283 683 1470 752 quales
1496 683 1652 738 multi
1680 681 2046 746 inveniuntur,

482 777 534 831 id
563 784 646 832 est
679 775 796 844 qui,
823 773 1024 828 nullam
1063 787 1252 827 sensus
1292 773 1734 842 consequentiam
1766 772 2052 837 habentes,

484 868 761 925 insolitam
784 867 1068 922 Ambrosio
1098 867 1151 920 in
1181 867 1310 936 ipsis
1351 867 1675 923 dictionibus
1698 866 2054 922 rusticitatem

483 959 870 1013 demonstrant.
902 957 1192 1012 Dicendum
1231 972 1360 1010 vero
1395 957 1460 1011 de
1499 957 1700 1027 hymno
1725 957 1817 1026 qui
1862 957 1932 1011 ob
1952 957 2056 1011 ho-

482 1065 666 1103 norem
711 1057 912 1104 sancta:
945 1056 1002 1104 et
1047 1048 1220 1103 unica:
1260 1047 1541 1104 Trinitatis
1582 1047 1776 1103 ofﬁciis
1805 1049 2055 1104 omnibus

484 1141 847 1203 interseritur,
883 1154 1005 1194 eum
1037 1155 1065 1192 a
1090 1139 1294 1195 sanctis
1315 1139 1567 1194 Patribus
1589 1139 1747 1197 aliter
1770 1149 1933 1210 atque
1959 1139 2056 1194 ali-

484 1243 567 1288 ter
593 1234 918 1289 ordinatum.
961 1232 1093 1288 Nam
1138 1233 1379 1304 Hispani,
1430 1234 1572 1290 sicut
1617 1234 1866 1303 superius
1903 1248 2054 1289 com-

485 1324 920 1388 memoravimus,
970 1324 1044 1378 ita
1084 1339 1206 1378 eum
1257 1324 1364 1382 dici
1394 1326 1720 1380 omnimodis
1750 1325 2050 1380 voluerunt.

481 1415 654 1470 Gneci
700 1425 902 1480 autem,
953 1412 1134 1468 Gloria
1185 1413 1371 1481 Patri,
1418 1421 1465 1470 et
1515 1414 1692 1480 Filio,
1731 1425 1776 1469 et
1834 1415 2056 1486 Spiritui

482 1515 685 1568 sancto,
710 1515 756 1557 et
784 1521 919 1558 nunc
956 1514 1004 1556 et
1033 1520 1252 1574 semper,
1293 1515 1340 1558 et
1383 1505 1439 1560 in
1485 1505 1681 1560 stecula
1719 1507 2053 1561 surculorum.

487 1593 669 1648 Amen.
710 1593 886 1648 Latini
920 1609 1068 1658 vero,
1109 1595 1298 1650 eodem
1337 1596 1525 1650 ordine
1565 1605 1620 1650 et
1647 1597 1851 1652 eisdem
1880 1595 2058 1651 verbis

485 1685 628 1740 hunc
651 1686 905 1755 hymnum
930 1685 1238 1750 decantauit,
1264 1687 1524 1742 addentes
1546 1696 1748 1741 tantum
1772 1687 1823 1740 in
1847 1686 2052 1742 medio:

485 1773 632 1830 Sicut
673 1785 783 1829 erat
813 1776 867 1829 in
893 1776 1168 1846 principio.
1219 1777 1325 1831 Pro
1365 1778 1560 1847 quibus
1587 1778 1750 1832 etiam
1783 1778 2060 1848 particulis

485 1864 703 1935 quidam
738 1863 912 1920 Graeci
962 1865 1141 1920 minus
1175 1867 1468 1935 sapientes,
1515 1866 1755 1931 Latinos,
1797 1868 2058 1938 proximis

485 1965 612 2012 ante
653 1972 752 2012 nos
802 1959 1172 2028 temporibus,
1238 1959 1521 2015 calumniis
1568 1961 1827 2030 impetere
1881 1963 2058 2017 conati

483 2054 626 2101 sunt.
663 2046 1014 2118 Intelligimus
1043 2058 1220 2102 tamen
1244 2065 1341 2102 nos
1364 2049 1417 2102 in
1439 2051 1543 2105 hoc
1569 2066 1674 2105 non
1700 2067 1904 2114 errare,
1934 2067 2057 2106 cre-

483 2139 592 2193 dita
622 2139 1149 2209 consempitcrnitate
1169 2140 1354 2209 gloria:
1386 2140 1580 2205 Patris,
1609 2151 1663 2196 et
1690 2141 1830 2203 Filii,
1859 2151 1912 2195 et
1939 2141 2058 2211 Spi-

486 2229 621 2282 ritus
646 2228 854 2283 sancti:
885 2229 1194 2298 pariterque
1235 2230 1469 2284 scientes
1507 2232 1649 2300 quod
1690 2231 1918 2286 Romani
1963 2234 2055 2287 lir-

484 2320 711 2376 missimi
746 2319 869 2375 ﬁdei
904 2330 1238 2386 servatores,
1289 2324 1512 2379 remotis
1551 2324 1762 2380 caneris
1791 2326 2059 2396 composi-

487 2412 740 2477 tionibus,
765 2413 909 2468 hunc
937 2413 1095 2484 hujus
1135 2415 1318 2485 hymni
1363 2423 1606 2471 tenorem
1637 2432 1744 2471 non
1775 2417 1934 2472 aliter
1969 2433 2060 2472 su-

484 2508 802 2576 scepissent,
835 2508 940 2563 nisi
976 2524 1100 2563 eum
1150 2525 1342 2578 purum
1375 2510 1442 2564 ab
1473 2511 1620 2565 omni
1644 2525 1833 2566 errore
1863 2525 2061 2580 cogno-

485 2602 680 2656 verint.
738 2600 1027 2655 Afﬁrmant
1077 2601 1341 2671 siquidem
1391 2602 1543 2656 multi
1588 2604 1846 2673 hymnum
1899 2602 2060 2657 istum

487 2694 689 2750 Nicaeni
725 2694 940 2750 concilii
985 2693 1354 2748 sacratissima
1382 2695 1661 2750 sanctione
1689 2694 1978 2765 prolatum,
2005 2703 2064 2749 ut

487 2787 738 2842 omnibus
760 2786 957 2842 ofﬁciis
976 2795 1030 2840 et
1054 2787 1392 2842 orationibus
1420 2787 1782 2850 intermixtus,
1807 2795 1862 2842 et
1902 2788 2062 2841 ﬁdem

489 2887 768 2935 coaeternaa
814 2877 1097 2932 Trinitatis
1125 2877 1380 2943 inculcet,
1423 2886 1479 2933 et
1509 2878 1563 2932 in
1596 2879 1822 2949 singulis
1855 2878 2065 2948 petitio-

493 2970 654 3026 nibus
676 2970 790 3040 ipsa
815 2969 1081 3026 confessio
1122 2969 1314 3025 melius
1357 2969 1600 3026 favorem
1629 2971 1820 3026 divina:
1843 2973 2069 3027 exaudi-

492 3061 656 3118 tionis
680 3061 937 3116 obtineat.
967 3060 1119 3116 Hunc
1166 3061 1350 3130 itaque
1397 3061 1657 3132 hymnum
1688 3061 1928 3116 nonnulli
1951 3078 2068 3116 om-

490 3155 650 3211 nibus
685 3171 822 3227 pene
859 3155 1101 3226 psalmis,
1126 3163 1182 3211 et
1232 3156 1502 3211 interdum
1539 3156 1893 3212 incisionibus
1929 3155 2067 3224 psal-

490 3261 700 3302 morum
729 3254 981 3317 coaptant
1003 3287 1019 3312 ,
1052 3247 1411 3318 responsoriis
1449 3263 1579 3303 vero
1610 3247 1973 3318 paucioribus,
2006 3245 2089 3301 ut'

487 3340 565 3395 illi
606 3341 698 3411 qui
733 3349 937 3396 statuta
980 3340 1159 3396 Patris
1185 3341 1462 3396 Benedicti
1499 3341 1550 3395 in
1593 3341 1742 3397 horis
1771 3348 2068 3410 sequuntur

487 3431 785 3487 canonicis.
813 3432 1044 3488 Romani
1068 3447 1190 3488 eum
1219 3432 1271 3486 in
1295 3431 1520 3502 psalmis
1542 3434 1741 3498 rarius,
1765 3432 1818 3487 in
1849 3446 2070 3502 respon-

488 3523 649 3578 soriis
678 3523 922 3579 crebrius
952 3524 1169 3578 iterant.
1230 3523 1374 3577 Sane
1414 3538 1649 3586 versum,
1686 3523 1775 3592 qui
1807 3523 1862 3577 in
1894 3523 2069 3592 capite

487 3614 729 3669 omnium
760 3616 980 3686 (prmter
1021 3612 1267 3686 missam)
1304 3613 1607 3669 ofﬁciorum
1637 3630 1757 3684 qua:
1793 3614 1941 3670 horis
1979 3629 2070 3670 ca-

393 3743 405 3756 κ
488 3707 703 3763 nonicis
745 3708 1093 3775 exhibentur,
1135 3709 1243 3764 dici
1280 3709 1436 3775 solet,
1473 3709 1524 3763 id
1565 3718 1668 3775 est,
1697 3709 1859 3773 Deus,
1890 3710 1946 3763 in
1975 3709 2071 3762 ad-

484 3798 742 3869 iutorium
766 3801 1175 3865 meumintende,
1199 3801 1496 3872 etreliqua,
1521 3801 1712 3856 Patres
1732 3801 1940 3870 antiqui
1961 3802 2072 3857 suis

489 3886 875 3943 Collationibus
929 3889 1280 3946 inveniuntur
1329 3891 1584 3947 statuisse
1635 3892 1921 3956 omnibus,
1963 3908 2070 3947 non

492 3986 704 4034 tantum
741 3978 935 4034 ofﬁciis
959 4019 975 4045 ,
1014 3980 1107 4035 sed
1137 3981 1302 4035 etiam
1330 3983 1584 4052 operibus
1610 3981 2069 4051 praemittendum,

489 4077 552 4124 ut
571 4069 838 4126 invocatio
865 4070 1059 4126 divinae
1089 4071 1460 4142 0pitulationis
1485 4072 1640 4128 initio
1666 4070 1952 4141 cujuslibet
1981 4089 2073 4130 ac-

490 4160 652 4215 tionis
683 4170 963 4231 assumpta
995 4160 1292 4217 faciliorem
1330 4161 1495 4217 faciat
1520 4171 1576 4217 et
1607 4163 1914 4233 postulandi
1942 4179 2072 4219 con-

490 4252 748 4306 stantiam
801 4261 859 4308 et
899 4253 1182 4309 obtinendi
1209 4254 1484 4308 virtutem.
1534 4254 1590 4307 In
1621 4254 1859 4324 Agendis
1888 4263 2071 4310 autem

491 4351 846 4408 mortuorum,
875 4350 930 4399 et
961 4345 1104 4400 circa
1144 4345 1411 4414 passionis
1442 4345 1734 4400 Dominica:
1764 4345 2072 4399 solemnita-

489 4445 624 4500 tem,
664 4435 1032 4493 inchoationes
1065 4443 1121 4491 et
1151 4435 1483 4505 expletiones
1511 4435 1814 4491 ofﬁciorum
1866 4451 1973 4490 non
2015 4445 2075 4491 ut

2151 588 2458 644 cedentium
2507 590 2574 644 ad
2619 590 2780 645 ﬁdem
2821 592 3032 647 animos
3078 593 3359 659 invitaret,
3418 601 3479 648 et
3523 596 3734 650 auctior

2152 677 2327 733 cultus
2357 679 2600 736 veritatis
2644 682 3008 736 constantiam
3059 681 3444 739 catholicorum
3471 685 3736 744 adversus

2154 766 2398 823 inimicos
2421 769 2748 825 ostenderet.
2802 770 2860 824 In
2900 780 3108 826 tantum
3151 772 3389 843 denique
3436 775 3529 830 vel
3558 778 3730 832 canti-

2153 864 2306 931 lenzr,
2339 866 2421 921 vel
2450 866 2757 936 psalmodia:
2779 869 3093 924 memoriter
3119 869 3441 925 exercendae
3463 886 3602 925 usus
3619 879 3734 926 erat

2155 973 2311 1013 rarus
2338 959 2476 1028 apud
2505 959 2730 1027 priores,
2760 967 2821 1012 ut
2845 960 2911 1014 de
2947 960 3255 1015 novissimis
3275 976 3417 1030 pene
3451 962 3730 1016 Romano-

2155 1064 2274 1102 rum
2299 1048 2641 1117 przesulibus,
2688 1057 2742 1103 et
2783 1049 2874 1118 qui
2922 1064 3022 1105 nec
3067 1050 3313 1106 ducentis
3353 1053 3520 1106 annis
3555 1064 3735 1114 nostra

2157 1148 2396 1209 tempora
2425 1150 2850 1209 praecesserunt,
2887 1141 3043 1210 quasi
3088 1141 3443 1197 memorabile
3481 1143 3738 1211 quiddam

2155 1241 2210 1285 et
2231 1231 2503 1302 singulare
2533 1233 2803 1286 scribatur
2839 1234 2885 1288 si
2927 1235 3018 1304 qui
3063 1249 3252 1288 eorum
3298 1235 3354 1289 in
3399 1235 3570 1289 rebus
3611 1251 3740 1304 pm-

2155 1322 2311 1376 dictis
2359 1323 2744 1379 eminentiores
2791 1325 3004 1380 caeteris
3058 1325 3396 1382 viderentur.
3455 1326 3743 1384 Hormisda

2156 1415 2323 1479 enim,
2375 1415 2428 1469 in
2474 1416 2666 1470 ordine
2709 1416 3187 1488 qninquagesimus
3228 1427 3482 1488 quartus,
3544 1419 3741 1474 clerum

2157 1505 2461 1574 composuit
2508 1514 2564 1560 et
2613 1505 2838 1574 psalmis
2889 1507 3141 1562 erudivit.
3194 1507 3324 1572 Leo,
3376 1510 3746 1580 octogesimus

2157 1597 2452 1662 secundus,
2487 1608 2541 1652 et
2572 1597 2892 1653 Benedictus
2927 1606 3047 1669 post
3087 1614 3211 1653 eum
3247 1600 3562 1668 proximus,
3596 1601 3747 1654 item-

2159 1702 2263 1756 que
2291 1685 2536 1757 Sergius,
2581 1688 2945 1758 octogesimus
2985 1697 3194 1755 sextus,
3220 1688 3535 1760 psalmodia
3557 1699 3614 1744 et
3629 1707 3748 1746 can-

2162 1778 2337 1834 tilenae
2387 1779 2612 1833 scicntia
2650 1779 2895 1835 ﬂoruisse
2921 1780 3196 1838 dicuntur.
3238 1781 3318 1839 De
3356 1781 3635 1853 Gregorio
3658 1799 3745 1837 aa-

2085 1846 2132 1906 B
2162 1877 2268 1923 tem
2322 1870 2483 1925 tertio
2529 1870 2677 1926 velut
2717 1870 3021 1925 inauditum
3049 1872 3303 1942 quiddam
3349 1881 3410 1927 et
3439 1846 3644 1928 novum
3668 1891 3746 1930 re-

2159 1960 2352 2026 fertur,
2405 1963 2549 2030 quod
2591 1975 2782 2016 omnes
2822 1961 3058 2031 psalmos
3111 1963 3442 2022 memoriter
3498 1967 3745 2020 tenuerit.

2161 2052 2265 2109 Ubi
2305 2053 2532 2123 intelligi
2568 2055 2728 2120 datur
2756 2069 2962 2122 paucos
3011 2055 3254 2124 priorum
3304 2055 3380 2109 ita
3428 2054 3746 2111 Psalterium

2160 2146 2430 2211 didicisse.
2470 2145 2726 2199 Solebant
2761 2144 2904 2198 enim
2949 2145 3204 2214 psalmos,
3250 2161 3413 2214 (eque
3444 2156 3504 2199 ut
3534 2156 3748 2200 exteras

2161 2239 2492 2312 Scripturas,
2524 2239 2720 2309 partim
2749 2239 2914 2292 etiam
2949 2237 3263 2304 lectitando,
3293 2239 3412 2293 suis
3444 2239 3645 2294 ofﬁciis
3677 2240 3748 2293 in-

2160 2351 2362 2392 serere.
2394 2335 2546 2402 Quod
2580 2334 2625 2389 si
2665 2333 2953 2405 diligenter
2980 2334 3254 2399 advertas,
3283 2334 3482 2388 multis
3512 2334 3748 2402 Scriptu-

2161 2441 2342 2482 rarum
2379 2413 2726 2500 documentis
2756 2432 2998 2494 apparet.
3039 2422 3299 2479 Ordinem
3343 2432 3536 2478 autem
3585 2424 3748 2477 canti-

2161 2516 2314 2580 lenae,
2345 2517 2556 2571 diurnis
2598 2531 2693 2571 seu
2744 2516 3028 2571 nocturnis
3068 2516 3218 2574 horis
3267 2503 3543 2582 dicende,
3575 2516 3748 2570 beatus

2161 2605 2456 2677 Gregorius
2475 2607 2716 2677 plenaria
2739 2606 2979 2661 creditur
3002 2605 3350 2660 ordinatione
3381 2607 3744 2670 distribuisse,

2163 2699 2305 2753 sicut
2341 2707 2396 2753 et
2443 2712 2605 2767 supra
2652 2697 2718 2752 de
2771 2697 3248 2776 Sacramentorum
3305 2697 3559 2751 diximus
3601 2697 3748 2759 libro.

2165 2805 2288 2844 cum
2315 2789 2468 2843 multi
2502 2798 2628 2844 ante
2665 2789 2778 2844 sive
2827 2797 2950 2858 post
2992 2804 3114 2844 eum
3158 2790 3467 2854 orationes,
3508 2791 3744 2859 antipbo-

2165 2895 2264 2936 nas
2283 2881 2376 2954 vel
2403 2880 2747 2950 responsoria
2784 2879 3206 2950 composuerint.
3242 2879 3382 2935 Nam
3427 2889 3488 2934 et
3531 2881 3601 2935 de
3627 2884 3746 2934 anti-

2165 2973 2466 3044 phonarum
2507 2971 2756 3038 inchoate
2803 2971 3052 3040 superius
3095 2971 3335 3032 diximus
3365 2971 3518 3041 (cap.
3553 2971 3664 3042 22).
3693 2971 3746 3024 Et

2167 3061 2510 3132 responsoria
2535 3061 2603 3116 ab
2623 3060 2773 3116 Italis
2805 3062 3038 3131 primum
3066 3061 3281 3131 inventa
3324 3062 3647 3126 traduntur,
3680 3061 3748 3115 vel

2168 3153 2456 3230 Ambrosio
2496 3153 2750 3209 videlicet
2792 3153 2874 3208 vel
2903 3152 2994 3207 alii
3026 3168 3165 3207 nova
3196 3153 3519 3210 divinarum
3548 3154 3748 3208 laudem

2169 3230 2608 3312 augmentatione
2634 3242 2908 3314 gaudenti.
2939 3243 3005 3296 Et
3029 3242 3154 3312 quia
3178 3241 3467 3297 Gallicana
3501 3244 3747 3306 Ecclesia,

2168 3335 2301 3390 viris
2351 3351 2458 3389 non
2515 3337 2696 3391 minus
2734 3333 3098 3410 peritissimis
3129 3335 3430 3401 instructa,
3482 3351 3750 3391 sacrorum

2168 3425 2470 3481 olllciorum
2503 3426 2862 3481 instrumenta
2893 3425 3125 3480 habebat
3157 3440 3266 3480 non
3305 3427 3562 3493 minima,
3599 3432 3752 3482 exeis

2169 3515 2348 3587 aliqua
2396 3515 2765 3571 Romanorum
2806 3514 2996 3572 ofﬁciis
3037 3516 3283 3571 immixta
3330 3517 3616 3582 dicuntur,
3647 3533 3752 3587 qua

2168 3605 2416 3676 plerique
2457 3615 2513 3660 et
2559 3606 2738 3661 verbis
2788 3613 2844 3661 et
2884 3620 3018 3661 sono
3056 3621 3113 3662 se
3154 3623 3184 3660 a
3235 3609 3457 3664 ceteris
3511 3611 3749 3663 cantibus

2170 3700 2484 3755 discernere
2517 3715 2675 3770 posse
2707 3700 2999 3755 fateantur.
3040 3698 3146 3754 Sed
3174 3701 3466 3772 privilegio
3499 3702 3749 3757 Romae

2170 3790 2316 3845 sedis
2360 3790 2664 3856 observato,
2706 3797 2762 3844 et
2793 3791 3143 3860 congruentia
3175 3792 3490 3850 rationabili
3521 3793 3743 3862 disposi-

2170 3882 2376 3938 tionum
2408 3883 2549 3952 apud
2575 3897 2693 3938 eam
2721 3875 2984 3938 factarum
3009 3885 3393 3953 persuadente,
3434 3885 3642 3941 factum
3675 3898 3750 3942 est

2173 3981 2234 4026 ιιι
2264 3972 2318 4026 in
2343 3972 2594 4027 omnibus
2622 3985 2760 4043 pene
2800 3973 3115 4028 Latinorum
3142 3974 3392 4030 ecclesiis
3416 3978 3748 4032 consuetudo

2170 4069 2228 4117 et
2254 4063 2623 4134 magisterium
2652 4063 2892 4134 ejusdem
2921 4064 3065 4119 sedis
3086 4065 3405 4134 praevaleret
3437 4085 3451 4119 :
3484 4067 3612 4138 quia
3647 4082 3744 4122 non

2171 4161 2254 4208 est
2278 4152 2383 4208 alia
2409 4154 2628 4210 traditio
2666 4169 2820 4224 aeque
2869 4155 3166 4224 sequenda,
3199 4154 3284 4210 vel
3317 4155 3374 4210 in
3416 4156 3546 4211 ﬁdei
3578 4159 3750 4229 regula

2171 4244 2255 4300 vel
2285 4245 2340 4299 in
2377 4246 2818 4301 Observationum
2846 4246 3113 4301 doctrina.
3159 4246 3255 4301 Est
3282 4248 3451 4302 etiam
3503 4249 3596 4304 ille
3628 4250 3750 4305 ordo

2171 4332 2470 4391 ofﬁciorum
2507 4335 2792 4390 laudabilis
2817 4347 2977 4405 quem
3019 4338 3210 4393 beatus
3242 4336 3405 4393 Pater
3433 4338 3751 4396 Benedictus

2173 4427 2453 4483 monachis
2495 4428 2777 4482 constituit
2823 4429 3218 4483 observandum
3244 4470 3259 4494 ,
3311 4431 3530 4486 scilicet
3581 4442 3641 4485 ut
3672 4432 3750 4502 qui

493 4525 546 4578 in
563 4525 774 4579 caneris
791 4524 947 4591 ﬁunt,
972 4526 1204 4580 tristitia:
1229 4525 1476 4581 videlicet
1502 4526 1867 4598 signiﬁcanda:
1889 4541 2069 4593 causa,
2098 4551 2151 4613 Β
2174 4519 2453 4589 ["0905ilo
2495 4533 2526 4572 a
2571 4518 2782 4573 εωιθΐίδ
2823 4518 3204 4574 discernuntur
3223 4561 3237 4585 τ
3273 4521 3440 4574 eum“
3489 4524 3750 4576 οοηίίιιιιε

494 4616 598 4671 nisi
628 4616 809 4687 aliquo
841 4617 1078 4688 graviori
1118 4617 1353 4673 decreto.
1394 4617 1528 4685 Quia
1562 4633 1692 4673 vero
1725 4627 1871 4673 tanta
1907 4627 1990 4675 est
2016 4619 2073 4674 in

493 4708 626 4778 ipsis
652 4708 940 4764 diversitas
963 4708 1180 4775 ofﬁciis,
1208 4726 1313 4764 non
1341 4709 1513 4766 solum
1537 4725 1635 4781 pro
1655 4712 1918 4765 varietate
1943 4724 2074 4781 gen-

496 4799 629 4853 tium
654 4815 717 4854 ac
757 4800 1092 4870 linguarum,
1122 4816 1309 4857 verum
1356 4801 1519 4856 etiam
1559 4802 1615 4856 in
1655 4818 1759 4856 una
1800 4811 1958 4872 gente
1987 4801 2073 4856 vel

496 4891 696 4961 lingua,
734 4907 832 4960 pro
865 4901 1166 4963 temporum
1197 4895 1513 4960 mutatione,
1563 4893 1648 4948 vel
1681 4895 2071 4964 magistrorum

497 4983 737 5038 studiosa
785 4985 1162 5041 institutione:
1208 4995 1268 5040 ut
1305 4987 1351 5042 si
1380 4987 1540 5042 velim
1580 4994 1779 5041 cuncta
1809 4985 2071 5055 replicare

498 5088 618 5143 quae
647 5075 710 5131 de
740 5077 842 5132 hac
871 5078 1266 5150 multiplicitate
1295 5078 1408 5149 jam
1454 5079 1703 5150 legimus,
1741 5079 1916 5150 magis
1939 5094 2074 5134 one-

499 5180 656 5222 rosus
675 5183 836 5238 quam
861 5168 1268 5239 profructuosus
1288 5170 1473 5225 videar
1493 5170 1759 5225 audituris
1785 5187 1797 5224 :
1824 5171 2073 5225 omittam

500 5257 665 5329 igitur
687 5273 804 5327 quae
834 5259 1041 5314 inﬁnita
1063 5268 1211 5327 sunt,
1247 5261 1351 5316 hoc
1383 5267 1591 5315 tantum
1629 5258 1902 5314 aﬁirmans
1930 5260 2074 5331 quod

499 5349 772 5420 plenarius
796 5351 1092 5409 olﬁciorum
1123 5357 1273 5423 ordo,
1321 5355 1414 5426 qui
1453 5371 1599 5412 nunc
1639 5371 1740 5426 per
1764 5355 2071 5411 Romanum

497 5443 686 5498 orbem
717 5455 985 5512 servatur,
1024 5455 1145 5516 post
1184 5447 1562 5517 antiquitatem
1590 5445 1778 5501 multis
1815 5445 2071 5517 tempori-

499 5538 600 5595 hus
625 5540 892 5596 evolutam
937 5541 1197 5596 institutis
1237 5549 1295 5595 et
1345 5539 1412 5594 ad
1469 5553 1684 5595 onmem
1721 5539 2068 5595 eminentiam

501 5641 700 5688 sanctae
720 5635 993 5706 religionis
1028 5642 1112 5688 est
1138 5632 1410 5688 dilatatus.
1443 5631 1730 5689 Crescente
1765 5633 1908 5688 enim
1937 5633 2070 5688 ﬁde-

502 5723 629 5776 lium
651 5739 896 5788 numero,
918 5735 972 5780 et
1009 5724 1230 5778 hzeresis
1272 5721 1575 5792 pestilentia
1603 5723 1950 5792 multiplicius
1979 5738 2073 5792 pa-

2175 4609 2452 4666 servitutis
2482 4623 2652 4680 penso
2690 4609 2892 4680 aliquid
2934 4611 3166 4682 amplius
3206 4613 3422 4667 caeteris
3455 4615 3749 4682 persolvere

2173 4700 2444 4756 studeant.
2472 4700 2644 4766 Quam
2667 4701 3074 4771 dispositionem
3123 4703 3243 4757 ideo
3268 4717 3298 4756 a
3333 4705 3656 4772 pastoribus
3679 4720 3749 4759 ec-

2173 4794 2459 4850 clesiarum
2508 4811 2614 4848 non
2658 4795 2905 4849 interdici
2945 4803 3200 4864 putamus
3221 4795 3348 4864 quia
3374 4807 3433 4850 et
3463 4799 3650 4853 vicina
3677 4808 3748 4851 est

2172 4886 2480 4941 auctoritati
2509 4885 2787 4950 Romanae,
2815 4895 2869 4940 et
2892 4886 3018 4956 quia
3041 4887 3228 4940 beatus
3252 4885 3559 4955 Gregorius
3587 4886 3745 4942 Vitam

2173 4977 2390 5048 egregie
2413 4975 2593 5031 Patris
2615 4976 2889 5033 Benedicti
2929 4977 3261 5042 describens,
3299 4977 3574 5048 Regulam
3605 4979 3672 5032 ab
3693 4993 3750 5031 eo

2178 5069 2564 5137 conscriptam,
2597 5068 2652 5122 in
2685 5082 2789 5138 qua
2839 5068 2980 5123 idem
3009 5066 3308 5125 ofﬁciorum
3337 5070 3476 5123 ordo
3507 5070 3745 5129 habetur,

2175 5159 2489 5216 collaudans
2519 5173 2616 5213 sua
2665 5159 2989 5216 auctoritate
3017 5198 3034 5224 ,
3068 5159 3287 5213 statutis
3327 5157 3447 5226 ejus
3474 5157 3662 5214 favete
3682 5159 3748 5211 ﬁ-

2177 5253 2354 5309 detur.
2403 5253 2543 5307 Sunt
2590 5260 2768 5306 tamen
2795 5251 2908 5321 qui,
2953 5253 3138 5308 nescio
3173 5266 3280 5322 qua
3306 5253 3743 5322 praesumptione,

2176 5361 2283 5402 non
2323 5361 2388 5402 ea
2419 5345 2584 5400 velint
2628 5345 3012 5401 constitutione
3055 5344 3168 5408 uti,
3205 5343 3452 5400 volentes
3479 5345 3746 5415 pigritiam

2170 5437 2255 5494 vel
2286 5438 2695 5509 protervitatem
2722 5452 2876 5493 suam
2903 5435 2995 5491 illo
3017 5450 3276 5491 excusare
3298 5437 3592 5506 permissu,
3615 5436 3746 5505 quod

2173 5530 2550 5585 sanctissimus
2579 5529 2664 5582 vir
2698 5543 2794 5598 per
2831 5527 3155 5582 humilitatis
3187 5541 3298 5581 suae
3327 5526 3747 5596 magnitudinem

2171 5622 2386 5676 videtur
2423 5619 2751 5681 concedere,
2778 5628 2837 5672 ut
2863 5619 2906 5673 si
2943 5618 3029 5673 cui
3063 5618 3403 5688 displicuerit
3441 5616 3749 5672 distributio

2171 5715 2288 5786 ejus
2314 5727 2475 5784 quam
2506 5710 2632 5764 fecit
2661 5709 2993 5779 psalmorum
3011 5749 3024 5773 ,
3065 5707 3278 5762 ordinet
3307 5707 3352 5760 si
3385 5706 3542 5761 aliter
3565 5704 3748 5758 melius

501 5830 616 5868 cem
675 5816 976 5871 maculante
1035 5814 1393 5880 catholicam,
1444 5827 1664 5868 necesse
1709 5821 1828 5867 erat.
1881 5814 2066 5882 augeri
2164 5805 2522 5879 jtldieavcril;
2553 5801 2706 5872 quasi
2745 5801 3001 5872 quiddam
3033 5800 3226 5856 melius
3264 5798 3513 5868 pOSSiM.
3551 5809 3749 5860 διιοςυθ
