3948 6328
218 394 319 452 9N

1352 394 1440 450 DE
1477 394 1703 453 BEBUS
1740 392 2288 453 ECCLESIASTICIS

3351 400 3453 458 958

216 508 391 569 ordini
416 509 801 582 congruentius
834 510 1109 575 invenire,
1154 526 1315 581 quam
1355 510 1442 564 ille
1468 509 1557 580 qui
1576 509 1777 580 spiritu
1808 511 1859 572 Α
1884 508 2078 580 legitur
2103 517 2160 565 et
2200 508 2461 565 Joannem
2488 509 2624 582 (Act.
2674 508 2814 580 νιιι).
2857 508 2987 577 Quae
3020 512 3360 570 conﬁrmatio
3398 522 3454 569 et

216 602 457 661 omnium
508 610 816 659 sanctorum
848 601 1046 657 dicitur
1081 600 1272 671 plenus
1309 600 1493 658 fuisse.
1543 599 1783 655 Psalmos

216 700 419 759 autem,
470 707 594 748 cum
646 693 940 748 secundum
992 690 1133 750 LXX
1177 693 1504 765 lnterpretes
1554 691 1783 747 Romani

216 783 393 841 adhuc
417 782 679 848 habeant,
711 782 851 839 Galli
892 790 947 838 et
975 782 1367 840 Germanorum
1395 782 1560 853 aliqui
1589 796 1783 838 secun-

213 871 342 927 dum
395 872 825 943 emendationem
874 887 1037 942 quam
1099 871 1457 943 Hieronymus
1515 871 1677 926 Pater
1715 871 1783 926 de

212 963 358 1018 LXX
382 963 616 1019 editione
647 963 968 1034 composuit,
1001 963 1316 1018 Psalterium
1344 970 1582 1017 cantant.
1609 960 1779 1029 Quam

211 1054 528 1126 Gregorius,
562 1054 891 1111 Turonensis
923 1055 1223 1124 episcOpus,
1253 1069 1281 1106 a
1309 1053 1560 1110 Patribus
1584 1052 1781 1109 Roma-

209 1146 299 1201 nis
322 1154 638 1211 mutuatam,
679 1145 731 1201 in
760 1145 1054 1201 Galliarum
1079 1146 1277 1202 dicitur
1304 1145 1576 1202 Ecclesias
1606 1154 1781 1202 trans-

209 1237 419 1305 tulisse.
458 1236 774 1295 .Cantilente
844 1252 971 1293 vero
1031 1237 1405 1308 perfectiorem
1455 1237 1776 1305 scientiam,

206 1346 371 1400 quam
396 1345 532 1400 pene
550 1330 664 1400 jam
687 1337 796 1385 tota
819 1329 1048 1385 Francia
1071 1329 1262 1397 diligit,
1285 1329 1590 1399 Stephanus
1619 1345 1773 1401 papa,

206 1436 333 1475 cum
378 1420 447 1475 ad
487 1418 768 1489 Pippinum
818 1429 1028 1491 patrem
1069 1418 1244 1475 Caroli
1282 1419 1456 1492 Magni
1485 1421 1559 1492 (in
1591 1422 1778 1491 primis

203 1511 263 1565 in
286 1511 590 1583 Franciam)
621 1525 719 1581 pro
741 1510 951 1580 justitia
982 1512 1155 1569 sancti
1183 1512 1327 1567 Petri
1350 1528 1380 1567 a
1406 1512 1778 1585 Longobardis

198 1603 522 1672 expetenda,
551 1590 789 1660 venisset
814 1645 827 1667 ,
861 1618 958 1673 per
996 1619 1124 1661 suos
1152 1604 1403 1670 clericos,
1440 1613 1656 1676 petente
1677 1621 1775 1661 eo-

201 1694 329 1757 dem
360 1694 587 1765 Pippino
611 1734 629 1763 ,
676 1695 905 1763 invexit,
941 1697 1171 1767 indeque
1205 1712 1335 1754 usus
1375 1697 1493 1769 ejus
1522 1697 1678 1771 longe
1698 1698 1777 1754 la-

203 1791 370 1856 teque
389 1784 680 1861 convaluit.

788 1872 1014 1931 CAPUT
1043 1874 1230 1931 XXVI.

272 1963 350 2020 De
393 1964 637 2036 baptismi
667 1966 982 2022 incremento
1027 1977 1077 2022 et
1118 1967 1392 2035 mersione,
1438 1978 1489 2023 et
1527 1969 1700 2025 causis

754 2055 1202 2125 baptizandorum.

268 2136 350 2200 De
394 2144 662 2215 baptismo
708 2146 870 2201 etiam
924 2146 1148 2202 dicenda
1195 2155 1322 2202 sunt
1374 2147 1572 2219 aliqua,
1620 2149 1767 2219 quod

189 2234 598 2307 prteﬁguratum
620 2236 673 2291 in
701 2236 927 2291 transitu
950 2238 1114 2293 maris
1131 2238 1298 2293 Rubri
1325 2238 1522 2310 (Exod,
1544 2238 1656 2313 xlv)
1688 2239 1769 2295 vel

188 2326 446 2383 Iordanis
475 2326 614 2395 (los.
655 2328 738 2399 ιιι)
770 2328 1054 2384 manifeste
1075 2370 1090 2394 ,
1131 2331 1392 2386 secretius
1437 2341 1618 2387 autem
1650 2332 1770 2389 aliis

190 2422 381 2478 multis
411 2422 599 2493 ﬁguris
642 2422 1044 2494 praeﬁguratum
1072 2424 1440 2495 cognoscitur.
1470 2424 1583 2480 Hoc
1603 2423 1768 2480 Joan-

190 2527 295 2567 nes
312 2512 519 2581 primus
549 2511 704 2566 initio
732 2527 886 2566 novae
911 2511 1098 2582 gratiae
1121 2512 1188 2567 ad
1214 2511 1373 2567 ﬁdem
1406 2511 1611 2568 Christi
1641 2528 1770 2568 cono

190 2604 368 2660 versis
404 2606 658 2667 ostendit,
711 2621 817 2661 non
865 2621 962 2661 sua
1001 2605 1401 2671 adinventione,
1444 2607 1540 2661 sed
1587 2607 1765 2662 divina

192 2694 582 2751 constitutione
606 2696 905 2765 provisum,
935 2696 1101 2752 sicut.
1126 2695 1241 2766 ipse
1285 2704 1515 2751 testatur
1549 2696 1762 2752 dicens:
1794 2759 1798 2762 ι

194 2784 302 2850 Qui
320 2785 467 2849 ,misit
491 2802 572 2841 me
592 2787 855 2858 baptizare
878 2787 934 2842 in
964 2804 1124 2859 aqua,
1147 2796 1204 2842 et
1246 2787 1452 2857 reliqua
1480 2786 1659 2859 (Ioan.
1694 2786 1758 2860 1).

192 2875 499 2946 Baptizavit
533 2885 710 2932 autem
756 2893 862 2935 non
904 2878 957 2933 in
983 2879 1357 2936 remissionem
1382 2886 1758 2949 peccatorum,

191 2968 341 3037 quod
359 2967 565 3024 Christi
600 2970 864 3041 baptismo
903 2972 990 3043 agi
1031 2973 1334 3038 consuevit,
1386 2973 1479 3028 sed
1511 2973 1565 3028 in
1586 2974 1764 3045 poeni-

193 3058 437 3119 tentiam,
465 3058 652 3115 dicens
682 3060 735 3114 in
768 3075 890 3115 eum
913 3061 1005 3131 qui
1040 3069 1300 3117 venturus
1326 3072 1441 3117 erat
1477 3072 1537 3116 ut
1576 3064 1765 3119 crede—

174 3158 338 3215 .rent,
366 3152 470 3207 hoc
490 3162 575 3208 est
612 3153 667 3208 in
710 3152 916 3211 Jesum.
954 3154 1030 3210 De
1063 3168 1169 3223 quo
1195 3155 1359 3209 etiam
1391 3155 1760 3211 testimonium

1883 607 2011 656 tunc
2037 599 2103 654 ad
2125 599 2330 672 primos
2356 600 2610 655 Ecclesiae
2634 610 2878 670 pastores
2904 602 3163 673 pertinuit
3180 644 3194 669 ,
3231 612 3285 659 et
3306 619 3451 661 nunc

1879 692 2153 765 pertinere
2203 705 2311 747 non
2339 691 2653 749 dubitatur:
2699 695 2843 749 unde
2883 694 2939 750 in
2974 696 3272 752 canonibus
3308 712 3451 770 saepe

1880 782 2224 839 interdicitur
2245 784 2575 856 presbyteris
2626 800 2694 841 ne
2734 786 2970 842 chrisma
3004 788 3315 858 conﬁciant,
3350 806 3445 849 ne-

1880 887 1985 943 que
2027 873 2329 945 baptizatos
2358 875 2412 930 in
2443 874 2619 932 fronte
2642 878 2983 950 consignent,
3016 880 3161 951 quod
3195 881 3326 938 solis
3355 882 3446 938 de-

1879 963 2037 1020 betur
2077 965 2365 1037 episcopis.
2402 965 2692 1022 Testantur
2728 969 2830 1024 hoc
2873 967 3093 1026 decreta
3146 969 3444 1029 Innocentii

1876 1067 2030 1124 papa:
2050 1062 2106 1111 et
2146 1064 2345 1110 statuta
2393 1054 2661 1124 Silvestri,
2704 1057 2831 1127 quia
2873 1067 2928 1114 et
2976 1060 3089 1129 ipse
3135 1060 3446 1120 instituitut

1874 1146 2160 1217 presbyter
2184 1145 2510 1217 baptizatum
2540 1145 2833 1202 chrismate
2877 1148 3050 1217 liniat,
3093 1160 3316 1223 propter
3345 1167 3444 1210 oc-

1876 1234 2150 1291 casionem
2192 1236 2448 1291 transitus
2488 1238 2696 1293 mortis.
2735 1237 2887 1307 Quod
2925 1241 2970 1296 si
3010 1256 3042 1297 a
3081 1242 3305 1300 diacono
3356 1243 3445 1302 vel

1876 1329 2112 1400 quolibet
2150 1328 2255 1385 alio
2291 1329 2504 1386 homine
2550 1332 2873 1403 baptizatus,
2917 1351 3045 1391 casu
3079 1345 3206 1393 ante
3239 1338 3439 1395 conﬁr-

1875 1419 2167 1484 mationem
2221 1421 2522 1487 transierit,
2578 1423 2902 1493 credendum
2956 1442 3063 1481 non
3126 1436 3210 1483 est
3262 1429 3442 1498 perire

1872 1516 2096 1580 propter
2129 1509 2232 1565 hoc
2258 1510 2383 1590 quia
2424 1511 2524 1566 sub
2572 1512 2675 1568 ﬁde
2703 1529 2809 1584 qua
2838 1515 3064 1570 credidit
3092 1517 3293 1587 poterit
3315 1533 3442 1576 esse

1873 1596 2074 1664 salvus,
2103 1598 2149 1653 si
2172 1613 2292 1653 eum
2314 1590 2433 1670 post
2453 1603 2737 1657 commissa
2761 1612 2979 1673 peccata
3006 1621 3111 1660 non
3144 1606 3433 1676 perimant.

1872 1688 2015 1761 Lege
2049 1689 2256 1745 concilii
2279 1691 2591 1747 Elibcritaui
2629 1694 2868 1749 decreta.
2901 1694 3005 1750 Alii
3040 1697 3362 1753 addiderunt
3385 1697 3437 1753 in

1873 1781 2214 1852 baptismatis
2266 1792 2603 1838 sacramento
2640 1786 2993 1853 exorcismos,
3028 1787 3115 1841 alii
3157 1803 3441 1843 consecra-

1798 1863 1845 1924 B
1876 1871 2073 1926 tionem
2101 1871 2266 1927 fontis
2287 1914 2301 1937 ,
2343 1873 2431 1927 alii
2463 1875 2591 1929 salis
2622 1875 2701 1928 vel
2746 1875 2927 1931 salivae
2971 1875 3313 1945 infusioncm,
3347 1878 3438 1935 alii

1872 1964 2382 2020 catechumenorum
2438 1965 2789 2021 ordinabilem
2843 1966 3290 2032 instructionem,
3348 1968 3440 2024 alii

1871 2052 2131 2109 scrutinia
2157 2053 2565 2123 diligentissime
2605 2055 2671 2109 ad
2713 2064 2918 2109 tantum
2960 2057 3271 2126 mysterium
3299 2071 3441 2127 ιιι-ω·
3478 2062 3481 2065 ’

1870 2144 2168 2214 parationis
2222 2153 2545 2200 statuerunt.
2589 2147 2693 2201 Sed
2755 2156 2809 2203 et
2854 2148 3021 2202 multa
3070 2147 3172 2203 alia
3224 2165 3343 2219 qua:
3386 2157 3442 2204 et

1869 2235 2130 2308 exetnplis
2167 2237 2466 2291 divinorum
2513 2246 2728 2291 actuum
2783 2237 2865 2292 vel
2913 2238 3178 2292 dictorum
3222 2238 3439 2294 inventa

1868 2336 1994 2409 sunt
2023 2366 2039 2391 ,
2084 2334 2139 2381 et
2183 2327 2681 2399 congruentissimis
2736 2326 3056 2396 spiritalium
3099 2326 3434 2397 profectuum

1868 2415 2350 2486 signiﬁcationibus
2373 2416 2527 2486 plena
2547 2425 2866 2482 noscuntur,
2894 2416 3035 2470 sicut
3054 2416 3267 2486 cepiosa
3297 2417 3439 2486 prio—

1868 2522 1989 2562 rum
2020 2507 2084 2561 de
2104 2506 2305 2562 eisdem
2331 2507 2494 2561 rebus
2514 2505 2832 2561 documenta
2862 2508 3252 2561 demonstrant.
3282 2507 3435 2562 Cele-

1867 2600 2059 2656 bratur
2083 2606 2261 2654 autem
2314 2599 2489 2667 ipsum
2539 2597 2802 2668 baptisma
2842 2613 3064 2662 verum,
3107 2612 3213 2651 non
3247 2597 3350 2652 nisi
3382 2599 3434 2652 in

1867 2691 2086 2747 nomine
2142 2704 2366 2745 summae
2415 2682 2715 2753 Trinitatis,
2744 2687 2885 2758 quod
2925 2698 2981 2742 et
3015 2688 3271 2742 Dominus
3322 2688 3438 2757 ipse

1867 2780 2122 2849 ostendit,
2148 2786 2204 2835 et
2229 2793 2464 2834 canones
2507 2778 2867 2848 apostolorum
2908 2778 3120 2832 docent.
3145 2777 3295 2833 Unde
3317 2777 3440 2847 qui—
3540 2782 3554 2793 '

1867 2884 2082 2939 cunque
2108 2867 2193 2924 vel
2229 2869 2297 2924 ab
2329 2868 2595 2923 haereticis
2634 2867 2686 2921 in
2726 2866 2990 2923 Trinitate
3016 2867 3434 2937 baptizantibus,

1866 2962 1949 3017 vel
1976 2962 2043 3018 ab
2085 2960 2192 3018 alio
2231 2960 2470 3032 quolibet
2504 2961 2721 3015 homine
2767 2961 2867 3015 sub
2912 2960 3267 3030 appellatione
3305 2960 3437 3031 legi-

1866 3053 1997 3108 tima
2028 3048 2270 3120 ejusdem
2294 3061 2495 3107 sanctm
2519 3051 2798 3107 Trinitatis
2821 3051 2981 3107 fuerit
3001 3053 3322 3123 baptizatus,
3350 3067 3437 3108 re;

1864 3144 2128 3215 baptizari
2159 3160 2267 3199 non
2312 3144 2490 3209 debet,
2523 3160 2588 3199 ne
2618 3145 2885 3199 invocatio
2914 3160 3136 3200 summa:
3160 3145 3437 3217 dignitatis

188 3241 488 3314 perhibuit,
521 3243 705 3299 dicens
733 3258 750 3298 κ
791 3243 903 3315 Ego
944 3219 1149 3315 quidem
1181 3260 1268 3299 υοε
1311 3243 1514 3314 ὁαριὶω
1537 3245 1592 3298 in
1624 3260 1761 3315 aqua
1790 3219 1834 3280 C
1864 3234 2130 3290 annullari
2160 3236 2442 3301 videatur;
2477 3237 2571 3291 sed
2613 3237 2905 3292 chrismate
2946 3247 3002 3293 et
3033 3254 3223 3294 manus
3265 3239 3437 3309 impo-

188 3330 248 3384 in
275 3331 647 3400 panitentiam.
694 3331 799 3398 Qui
829 3341 1003 3387 autem
1026 3342 1139 3404 post
1165 3348 1247 3387 me
1268 3341 1510 3388 uenturus
1539 3341 1635 3399 est,
1659 3332 1764 3403 for-

176 3424 296 3487 tior
322 3439 404 3478 me
430 3431 505 3478 est
532 3438 551 3478 :
575 3422 727 3494 cujus
756 3440 858 3478 non
879 3441 995 3479 sum
1027 3423 1219 3495 dignus
1258 3422 1609 3478 calceamenta
1636 3439 1759 3495 por-

186 3525 327 3581 tare,
376 3516 484 3586 ipse
521 3533 608 3571 vos
638 3516 920 3586 baptizabit
972 3517 1027 3571 in
1056 3515 1263 3587 Spiritu
1314 3524 1498 3570 sancto
1541 3523 1589 3570 et
1644 3516 1763 3586 igne

186 3604 407 3675 (Matth.
432 3606 536 3677 ιιι).
565 3606 634 3661 Et
665 3606 822 3676 plane
852 3605 1075 3677 dignum
1121 3606 1229 3661 erit
1258 3612 1319 3661 ut
1344 3606 1396 3660 in
1426 3620 1564 3660 nova
1592 3620 1762 3677 gene-

186 3694 269 3751 ris
294 3694 511 3750 humani
545 3711 643 3767 per
667 3696 957 3752 adventum
996 3695 1120 3751 Filii
1157 3696 1253 3753 Dei
1306 3696 1359 3751 in
1387 3711 1550 3752 carne
1590 3697 1764 3753 salva-

184 3785 356 3850 tione,
386 3798 582 3840 novum
608 3786 935 3856 panderetur
964 3785 1364 3858 puriﬁcationis
1395 3788 1712 3859 mysterium
1741 3804 1755 3841 :

183 3888 456 3951 quatenus
509 3878 649 3933 sicut
679 3879 988 3935 sacerdotes
1037 3879 1263 3936 Levitici
1325 3879 1538 3951 generis
1587 3879 1760 3934 lavari

182 3976 581 4025 consueverant
601 3976 727 4025 ante
758 3962 1082 4024 oblationem
1112 3968 1407 4024 carnalium
1440 3969 1758 4034 hostiarum,

172 4063 266 4121 ita
303 4076 491 4116 omnes
519 4058 806 4116 Christiani
837 4059 1069 4116 nominis
1088 4060 1348 4125 liaaredes,
1382 4060 1473 4129 qui
1503 4059 1758 4116 dicuntur

183 4152 364 4223 regale
413 4152 761 4214 sacerdotium
787 4150 841 4224 (I
872 4150 1015 4207 Petr.
1052 4152 1145 4223 ιι),
1197 4152 1415 4208 lavacro
1455 4152 1681 4223 spiritali
1730 4169 1759 4208 a

168 4240 540 4313 peccatorum
558 4242 679 4298 labe
700 4242 962 4308 mundati,
983 4241 1211 4298 offerant
1240 4244 1348 4299 Deo
1374 4243 1579 4299 hostias
1606 4242 1760 4312 spiri-

183 4331 327 4389 tales
345 4333 400 4388 in
434 4332 654 4390 odorem
682 4333 987 4391 suavitatis.
1035 4332 1327 4390 Sciendum
1366 4343 1566 4398 autem,
1589 4334 1761 4404 primo

181 4421 508 4492 simpliciter
529 4423 581 4476 in
604 4421 779 4477 fluviis
803 4423 886 4478 vel
929 4422 1167 4479 fontibus
1210 4424 1511 4493 baptizatos
1533 4423 1758 4478 creden-

183 4522 295 4567 tes.
324 4511 441 4580 lpse
474 4512 618 4567 enim
648 4512 907 4568 Dominus
930 4525 1112 4568 noster
1132 4512 1291 4569 Jesus
1317 4515 1595 4578 “Christus,
1618 4525 1676 4568 ut
1706 4515 1757 4568 in

184 4601 347 4657 nobis
368 4600 507 4655 idem
527 4611 871 4657 consecraret
899 4602 1198 4667 lavacrum,
1240 4603 1293 4657 in
1330 4603 1563 4658 Jordane
1590 4604 1763 4674 bapti-

185 4700 348 4749 zatus
370 4700 452 4746 est
472 4707 503 4744 a
527 4690 765 4756 Joanne;
806 4699 860 4746 et
888 4693 1025 4747 sicut
1049 4691 1174 4747 alibi
1199 4691 1426 4761 legitur:
1454 4693 1583 4747 Erat
1608 4692 1769 4748 Joan-

188 4795 294 4838 nes
321 4780 600 4852 baptizans
626 4780 680 4835 in
709 4780 885 4837 :Enon
904 4781 1054 4851 juxta
1081 4781 1269 4848 Salim,
1302 4781 1429 4851 quia
1453 4796 1604 4850 aqua:
1625 4781 1765 4836 mul-

189 4884 262 4929 tae
307 4881 463 4928 erant
505 4872 578 4928 ibi
623 4870 805 4944 (Joan.
853 4873 954 4945 ιιι).
1013 4873 1081 4929 Et
1125 4871 1405 4944 Philippus
1438 4874 1768 4945 evangelista

188 4964 503 5017 eunuchum
562 4961 854 5032 baptizavit
918 4962 974 5017 in
1022 4961 1172 5018 fonte
1228 4977 1389 5036 quem
1451 4962 1651 5032 reperit
1713 4961 1768 5016 in

190 5057 279 5111 via
310 5055 448 5126 (Act.
483 5053 624 5127 vui).
658 5053 811 5110 Sicut
851 5062 1031 5111 autem
1074 5070 1238 5125 supra
1267 5055 1619 5125 ostendimus,
1647 5069 1768 5110 cre-

193 5158 379 5205 scente
396 5163 648 5219 processu
677 5157 998 5217 temporum,
1021 5148 1295 5220 religionis
1323 5149 1527 5203 honore
1544 5148 1765 5202 institu-

195 5242 402 5295 tionum
432 5240 917 5296 ecclesiasticarum
946 5255 1118 5310 usque
1148 5240 1215 5294 ad
1256 5239 1643 5310 plenitudinem
1671 5241 1767 5295 de-

193 5347 292 5387 cus
320 5332 559 5387 crevisse
584 5349 599 5385 :
629 5331 702 5385 ita
726 5340 779 5387 et
810 5330 971 5400 hujus
1015 5330 1229 5402 mystici
1255 5324 1477 5396 lavacri,
1501 5332 1765 5401 gradatim

192 5438 292 5497 per
317 5431 620 5492 temporum
663 5432 988 5493 augmenta,
1033 5423 1087 5479 in
1125 5422 1300 5490 majus
1326 5422 1616 5477 celebratio
1646 5437 1769 5479 crc-

176 5498 290 5569 ’vit.
315 5515 651 5570 Addiderunt
678 5513 767 5569 alii
800 5514 1111 5569 chrismatis
1148 5513 1482 5578 unctionem,
1509 5527 1671 5583 quam
1700 5529 1767 5567 ex

193 5605 365 5661 veteri
393 5614 661 5674 sumptam
683 5606 1070 5661 consuetudine
1093 5619 1257 5661 nemo
1274 5604 1365 5674 qui
1389 5603 1614 5667 dubitet,
1646 5619 1766 5660 cum

175 5697 385 5765 primis
415 5696 744 5767 temporibus
781 5697 1121 5767 impositione
1158 5713 1412 5752 manuum
1444 5696 1768 5768 baptismum

174 5785 507 5842 conﬁrmari
539 5784 757 5853 soleret,
788 5786 930 5859 quod
967 5787 1020 5841 in
1048 5785 1288 5843 Samaria
1325 5787 1767 5866 fccisscﬁPclrum

1791 4565 1839 4624 D

1867 3327 2062 3384 sitione
2088 3328 2229 3397 quod
2255 3327 2630 3398 imperfectum
2659 3337 2775 3384 erat
2814 3329 3000 3400 perﬁci
3038 3330 3214 3386 debet.
3242 3328 3353 3385 Hoc
3378 3329 3434 3385 in

1866 3419 2160 3476 canonibus
2178 3426 2235 3474 et
2256 3419 2487 3476 decretis
2516 3419 2736 3476 Patrum
2762 3420 3016 3491 frequens
3049 3421 3296 3477 habetur.
3327 3420 3430 3477 Le-

1864 3511 2012 3581 gitur
2037 3526 2250 3581 quoque
2286 3510 2340 3566 in
2370 3512 2557 3567 ultimo
2588 3512 2972 3573 ecclesiasticae
3001 3512 3246 3569 Historia:
3294 3512 3432 3571 libro

1864 3600 2008 3670 quod
2034 3598 2359 3656 Athanasius
2383 3600 2559 3655 adhuc
2587 3615 2719 3672 puer
2745 3600 2887 3656 inter
2904 3615 3113 3657 coaevos
3140 3601 3435 3671 baptisma-

1865 3690 1934 3745 tis
1958 3688 2371 3746 similitndinem.
2390 3705 2488 3760 per
2509 3690 2692 3747 ludum
2720 3693 3041 3749 exercuerit.
3067 3691 3432 3749 Alexandrum

1862 3782 2027 3837 etiam
2063 3780 2404 3837 Alexandria:
2433 3783 2739 3853 praesulem,
2770 3784 2986 3855 cognita
3014 3783 3435 3857 interrogatione

1862 3872 2109 3943 baptistze
2153 3880 2209 3929 et
2256 3873 2607 3943 responsione
2655 3874 3088 3945 baptizatorum,
3130 3881 3186 3928 et
3225 3873 3436 3930 caeteris

1856 3979 1983 4034 qua:
2007 3964 2251 4033 quamvis
2292 3975 2390 4033 per
2429 3965 2611 4019 ludum
2639 4005 2655 4030 ,
2689 3973 2868 4021 tamen
2888 3965 3044 4035 juxta
3074 3973 3318 4021 nostram
3347 3981 3433 4021 re-

1861 4053 2115 4124 ligionem
2144 4063 2292 4125 gesta
2338 4063 2498 4120 sunt,
2553 4071 2660 4110 non
2693 4056 3107 4125 rebaptizandos
3139 4054 3436 4125 iudicasse,

1862 4145 1957 4199 sed
1985 4144 2199 4199 usitatis
2232 4144 2483 4200 Ecclesiae
2525 4145 2919 4201 conﬁrmandos
2960 4146 3252 4217 mysteriis.
3285 4145 3431 4202 Con-

1863 4234 1990 4290 cilio
2030 4248 2244 4304 quoque
2277 4233 2602 4291 Eliberitano
2640 4235 2886 4291 ﬁdelibus
2914 4235 3130 4307 plenum
3163 4237 3430 4305 baptisma

1862 4326 2185 4381 habentibus
2247 4327 2300 4381 in
2352 4326 2677 4383 necessitate
2744 4328 3021 4398 baptizare
3078 4328 3432 4398 permittitur.

1865 4418 2047 4475 Victor
2081 4419 2267 4481 etiam,
2320 4418 2540 4487 quintus
2585 4419 2824 4481 decimus
2864 4419 3227 4474 Romanorum
3257 4418 3437 4489 ponti-

1864 4508 1975 4574 fex,
2019 4508 2295 4563 constituit
2338 4516 2431 4574 ut,
2487 4510 2808 4565 necessitate
2858 4508 3108 4575 faciente,
3141 4508 3304 4564 liceat
3340 4508 3432 4563 ubi

1864 4602 2141 4659 inventum
2168 4599 2378 4664 fuisset,
2407 4601 2518 4655 sive
2559 4600 2609 4655 in
2640 4599 2877 4666 flumine,
2913 4600 3026 4654 sive
3047 4600 3099 4653 in
3126 4598 3286 4663 mari,
3322 4597 3438 4653 sive

1867 4694 1921 4749 in
1945 4691 2202 4755 fontibus,
2241 4693 2549 4748 christiana:
2593 4692 2926 4748 credulitatis
2966 4691 3301 4747 confessione
3328 4691 3435 4746 cla-

1858 4785 2077 4861 rilicata
2097 4824 2113 4849 ,
2162 4785 2467 4854 quicunque
2497 4799 2565 4839 ex
2603 4783 2899 4855 gentilitate
2925 4782 3168 4846 veniens,
3198 4781 3442 4850 baptiza-

1873 4887 2041 4933 retur.
2067 4876 2122 4931 ln
2162 4877 2264 4932 hoc
2292 4886 2468 4930 tamen
2499 4885 2551 4929 et
2603 4875 2871 4929 similibus
2908 4889 3012 4928 non
3040 4873 3292 4928 tribuitur
3316 4872 3439 4943 qui-

1873 4964 2188 5039 buscunque
2227 4966 2533 5037 baptizandi
2583 4965 2872 5020 indiscreta
2900 4965 3136 5031 licentia,
3164 4979 3288 5020 cum
3308 4980 3438 5019 con-

1868 5059 1994 5116 cilio
2013 5056 2424 5128 Carthaginensi
2448 5056 2700 5112 mulieres
2724 5056 3107 5126 prohibeantur
3126 5055 3405 5125 baptizare
3424 5071 3437 5107 :

1869 5151 1964 5206 sed
1987 5151 2384 5205 demonstratur
2416 5163 2513 5218 per
2540 5146 2656 5203 haec
2676 5148 2765 5202 ubi
2793 5146 3111 5203 inevitabilis
3146 5146 3445 5202 necessitas

1848 5298 1855 5303 _
1866 5239 2061 5309 poscit,
2106 5238 2296 5293 melius
2330 5237 2590 5307 baptizari
2618 5236 2922 5306 ubicunque
2957 5244 3013 5292 et
3051 5252 3084 5291 a
3108 5250 3431 5307 quocunque

1866 5331 1923 5388 in
1949 5331 2163 5388 nomine
2186 5331 2465 5386 Trinitatis
2506 5345 2666 5399 quam
2697 5329 3091 5400 periclitantem
3119 5330 3235 5385 sine
3265 5342 3442 5384 reme-

1852 5424 1959 5493 _dio
1995 5422 2259 5492 deperire.
2296 5422 2448 5479 Unde
2478 5422 2643 5477 etiam
2687 5431 2927 5491 tempora
2965 5419 3276 5491 baptizandi
3304 5418 3438 5489 legi-

1869 5513 2002 5568 tima
2028 5513 2082 5567 in
2112 5512 2306 5567 talibus
2332 5511 2741 5568 necessitatibus
2766 5509 3102 5568 observanda
3143 5524 3249 5563 non
3289 5515 3440 5573 sunt,

1871 5607 1964 5663 sed
1992 5605 2147 5676 juxta
2190 5606 2404 5661 decreta
2445 5604 2639 5661 Leonis
2674 5604 3013 5677 :egritudine,
3045 5598 3446 5671 persecutione,

1871 5698 2151 5753 obsidione
2194 5704 2248 5750 et
2288 5695 2570 5767 naufragio
2610 5694 3059 5767 periclitantibus,
3110 5705 3330 5760 semper
3366 5698 3453 5745 est

1850 5786 2297 5859 succurrendum
2330 5805 2344 5843 :
2392 5795 2446 5842 et
2495 5787 2724 5843 concilio
2768 5782 3105 5842 Gerundensi
3145 5781 3304 5863 unius
3343 5779 3451 5838 diei
