3948 6328
483 387 587 490 939

998 421 1386 481 WALAFRIDI
1425 417 1666 476 STRABI
1705 414 1906 471 FULD.
1950 409 2116 467 MON.
2159 407 2307 464 OPP.
2351 405 2528 460 PARS
2565 404 2603 458 Ι.
2644 434 2711 443 —-
2751 399 3205 458 TllEOLOGlCA.

3647 399 3750 454 950

483 552 685 614 infans,
717 548 762 603 si
809 547 863 601 in
903 543 1216 600 discrimine
1256 541 1348 606 sit,
1393 535 1652 608 baptizari
1683 532 1918 603 iubetur.
1956 529 2062 584 Eos
2090 530 2138 589 A
2166 541 2286 579 mus
2314 524 2665 594 baptizatum.
2706 520 2818 576 Hoc
2851 521 3014 575 etiam
3059 519 3191 575 solet
3230 516 3452 572 evenire
3487 532 3614 571 cum
3637 532 3754 588 per-

485 651 663 698 antem
703 638 770 692 de
812 635 1007 706 quibus
1060 634 1326 689 incertum
1375 638 1478 694 est,
1540 626 1594 682 id
1642 634 1746 690 est,
1785 622 1875 693 qui
1915 619 2062 676 nullo

486 731 797 792 testimonio
833 727 1065 800 probare
1113 732 1341 795 possunt
1376 735 1434 776 se
1478 734 1600 775 esse
1637 716 1956 786 baptizatos,
1993 728 2062 767 ex

487 823 715 882 concilio
748 816 1162 890 Carthaginensi
1203 822 1258 870 et
1299 812 1531 870 decretis
1566 809 1765 864 Leonis
1805 806 2064 862 discimus

485 915 748 988 baptizari
774 913 986 967 debere.
1019 910 1146 964 illos
1179 922 1328 972 vero,
1369 905 1462 975 qui
1516 901 1819 973 baptizatos
1857 915 1914 954 se
1952 899 2065 968 qui-

487 1009 610 1064 dem
640 1012 938 1065 noverunt,
988 1000 1083 1056 sed
1141 999 1193 1053 in
1235 1012 1342 1066 qua
1390 992 1724 1066 professione
1773 989 2062 1060 ignorant,

487 1097 729 1168 ejusdem
757 1093 951 1148 Leonis
969 1106 1119 1160 papa.-
1148 1090 1363 1144 decreta
1395 1084 1496 1139 sub
1515 1099 1706 1138 manus
1727 1079 2066 1168 impositione

487 1167 860 1254 suscipiendos
875 1182 1231 1237 constituunt.
1260 1177 1526 1244 Tempora
1558 1181 1736 1226 autem
1755 1167 2065 1241 baptizandi

487 1275 729 1347 legitima
765 1273 973 1327 Pascha
1020 1279 1074 1324 et
1116 1269 1433 1322 Pentecoste
1472 1262 1840 1334 przefignntnr,
1877 1273 2068 1314 secun-

489 1365 614 1419 dum
638 1366 852 1419 decreta
882 1361 1080 1424 Siricii,
1114 1359 1308 1413 Leonis
1332 1357 1413 1411 vel
1441 1353 1641 1410 Gelasii
1673 1353 2066 1420 episcoporum,

493 1457 738 1524 quamvis
790 1453 1021 1509 concilio
1076 1451 1412 1507 Gerundensi
1465 1447 1670 1502 Natalis
1729 1444 1939 1498 Domini
2014 1451 2069 1496 et

490 1546 698 1600 Pascha
728 1554 1012 1616 ponantur.
1052 1543 1154 1598 Alii
1191 1558 1405 1613 quoque
1436 1541 1488 1594 in
1519 1537 1818 1608 Epiphania
1852 1534 2068 1590 Domini

494 1637 768 1706 baptizare
805 1635 1108 1698 voluerunt,
1138 1635 1260 1702 quia
1303 1647 1367 1686 co
1396 1641 1636 1698 tempore
1667 1627 1948 1682 Dominum
1977 1639 2070 1678 no-

493 1739 664 1783 stt-um
708 1728 934 1782 traditur
972 1726 1322 1795 baptizatum,
1373 1724 1513 1794 quod
1545 1729 1600 1775 et
1647 1720 1818 1788 ipsum
1851 1719 1918 1772 ab
1954 1715 2071 1770 aliis

490 1821 824 1890 prohibt-tur.
854 1818 991 1886 Quia
1013 1833 1143 1871 vero
1163 1817 1456 1872 secundum
1480 1811 1792 1883 Apostolum
1824 1810 1875 1863 in
1899 1817 2070 1863 morte

493 1909 790 1964 Salvatoris
822 1906 1160 1976 baptizamur
1213 1904 1384 1975 (Rom.
1415 1903 1510 1972 Vl),
1556 1912 1611 1955 et
1656 1901 1768 1970 ipse
1813 1898 2070 1976 Dominus

491 1999 789 2053 intraturos
829 2011 1052 2067 regnum
1082 1994 1343 2050 caelorum
1387 2009 1450 2048 ex
1491 2007 1628 2061 aqua
1660 1999 1712 2045 et
1755 1989 1957 2059 Spiritu
1982 2003 2070 2042 re-

495 2089 643 2144 nasci
689 2088 885 2142 debere
942 2092 1320 2157 praamonstrat
1375 2082 1565 2154 (Joan.
1595 2080 1724 2151 ιιι),
1761 2093 1997 2152 congrue
2041 2092 2071 2132 a

502 2177 824 2247 praesulibus
869 2177 1231 2231 Romanorum
1274 2175 1387 2228 lucc
1423 2173 1530 2227 duo
1572 2179 1814 2240 tempora
1861 2169 1973 2223 sola
2004 2169 2072 2248 ad

503 2268 922 2323 celebrationem
971 2264 1187 2334 prmfixa
1254 2273 1378 2319 sunt
1427 2261 1795 2332 baptismatis,
1852 2260 1904 2314 id
1948 2268 2072 2326 est,

499 2358 704 2413 Pascha
739 2366 792 2411 et
845 2356 1198 2411 Pentecoste:
1233 2370 1458 2425 quorum
1485 2370 1611 2416 uno,
1642 2353 1824 2421 passio
1861 2351 2073 2404 Domini

497 2456 555 2502 et
596 2446 949 2510 resurrectio;
981 2445 1174 2508 altero,
1205 2445 1467 2510 adventus
1505 2443 1810 2496 celebratur
1837 2440 2074 2509 Spiritus

499 2539 694 2594 sancti.
737 2537 838 2592 Alii
877 2537 1067 2591 trinam
1103 2535 1500 2598 immersionem
1539 2535 1749 2597 volunt,
1802 2533 1856 2587 in
1885 2531 2076 2604 simili-3

501 2630 739 2683 tudinem
788 2628 1050 2684 triduanae
1079 2626 1366 2694 sepultura:
1393 2665 1408 2689 ,
1439 2634 1504 2692 ut
1529 2624 1580 2678 in
1611 2624 1906 2678 canonibus
1949 2638 2076 2694 apo—

502 2719 764 2774 stolorum
797 2726 1054 2772 statutum
1100 2716 1326 2771 habetur
1362 2724 1417 2769 et
1459 2701 1823 2768 Romanorum
1854 2702 2078 2766 consue-

501 2811 630 2866 tudo
656 2810 926 2866 observat.
959 2808 1062 2862 Alii
1106 2823 1266 2868 unam
1301 2816 1522 2876 propter
1552 2806 1851 2862 divinitatis
1890 2806 2073 2880 unita-

501 2907 609 2953 tem
636 2899 960 2953 cootendunt
987 2937 1001 2962 ,
1040 2906 1099 2952 ut
1128 2897 1180 2950 in
1212 2897 1441 2951 concilio
1479 2895 1738 2950 Toletano
1764 2881 2078 2973 plenissime

504 2991 779 3045 habetur:
834 2987 924 3042 ubi
985 2989 1142 3043 etiam
1195 2994 1648 3042 commemoratur
1694 2985 1838 3054 quod
1890 2985 2080 3061 beatus

509 3081 804 3152 Gregorius
857 3080 1212 3150 interroganti
1261 3093 1423 3148 Super
1483 3078 1583 3132 hoc
1635 3075 1881 3130 Leandre
1940 3076 2081 3130 inter

505 3184 700 3229 cartera
744 3173 815 3226 ita
861 3171 1235 3242 responderit,
1277 3169 1401 3238 quia
1448 3169 1499 3223 in
1531 3183 1634 3221 una
1666 3152 1770 3222 fide
1820 3167 1953 3222 nihil
1994 3166 2077 3222 of-

2163 616 2444 672 fectiorum
2493 615 2770 686 granditas
2817 628 3105 684 corporum
3151 612 3204 666 in
3253 611 3562 666 minoribus
3614 612 3754 667 vasis

2163 708 2439 764 hominem
2473 707 2605 778 tingi
2644 723 2749 761 non
2774 706 3000 776 patitur.

2234 797 2540 852 Notandum
2578 810 2603 838 ι
2654 798 2796 866 quod
2835 797 3022 866 primis
3049 795 3384 865 temporibus
3409 795 3522 850 illis
3551 795 3758 849 solum-

2167 889 2327 943 modo
2356 886 2611 957 baptismi
2640 887 2866 956 gratiam
2902 887 3018 941 dari
3054 886 3267 940 solitam
3298 886 3391 954 qui
3421 896 3478 940 et
3508 885 3759 954 corporis

2164 991 2222 1034 et
2266 977 2466 1030 mentis
2517 976 2826 1046 integritate
2866 975 2979 1045 jam
3023 974 3090 1028 ad
3136 975 3238 1028 hoc
3283 983 3761 1044 pervcnerant,u:

2165 1068 2308 1123 scire
2357 1076 2413 1121 et
2466 1066 2769 1136 intelligere
2821 1074 3038 1136 possent
3096 1066 3224 1135 quid
3283 1065 3646 1119 emolumenti
3708 1065 3759 1119 in

2165 1158 2435 1228 baptismo
2483 1157 2944 1226 consequendum,
2991 1157 3118 1226 quid
3172 1156 3545 1211 confitendum
3601 1166 3762 1227 atque

2167 1248 2512 1310 credendum,
2547 1248 2673 1317 quid
2718 1257 2992 1319 postremo
3032 1251 3236 1302 renatis
3277 1249 3328 1301 in
3371 1246 3765 1304 Christoessct

2169 1339 2518 1395 servandum.
2552 1337 2740 1392 Refert
2769 1339 3032 1408 siquidem
3064 1338 3391 1392 venerabilis
3443 1337 3617 1392 Pater
3659 1340 3766 1392 Au-

2168 1429 2414 1500 gustinus
2445 1428 2510 1482 de
2558 1428 2738 1497 seipso
2784 1413 3033 1500 in‘libris
3076 1427 3497 1482 Confessionum
3544 1443 3762 1483 suarum

2169 1519 2310 1589 quod
2352 1534 2490 1588 pene
2519 1534 2690 1588 usque
2717 1520 2782 1573 ad
2824 1519 3011 1588 viginti
3054 1519 3290 1588 quinque
3328 1534 3609 1573 annorum
3634 1528 3762 1574 aeta-

2171 1617 2279 1663 tem
2309 1609 2732 1663 catechumenus
2759 1607 3069 1678 perdurarit
3090 1624 3104 1671 ;
3129 1616 3185 1662 et
3204 1622 3267 1662 ea
3303 1607 3569 1662 videlicet
3599 1608 3768 1662 inten-

2172 1702 2318 1756 tione
2345 1710 2403 1755 ut
2434 1717 2532 1770 per
2565 1702 2705 1755 hanc
2731 1701 2994 1770 temporis
3025 1711 3251 1763 moram,
3285 1699 3354 1753 de
3382 1699 3625 1768 singulis
3645 1700 3766 1754 edo-

2171 1801 2312 1855 ctus,
2344 1793 2412 1846 ad
2438 1791 2740 1867 eligendum
2781 1791 3054 1860 quodlibet
3089 1790 3258 1845 libero
3286 1790 3594 1844 duceretur
3626 1791 3764 1846 arbi-

2103 1883 2146 1941 B
2178 1884 2302 1948 trio,
2334 1892 2391 1938 et
2437 1882 2930 1938 defervescentihus
2979 1881 3198 1936 lubricae
3247 1881 3431 1935 aetatis
3481 1882 3763 1946 incendiis,

2176 1973 2372 2028 melius
2401 1973 2542 2043 quod
2572 1973 2903 2042 sequendum
2935 1981 3054 2026 erat
3082 1987 3299 2027 servare
3330 1973 3634 2040 potuisset.
3668 1970 3763 2025 Sed

2173 2074 2498 2136 augescente
2544 2065 2739 2118 divina!
2780 2064 3055 2138 religionis
3099 2063 3412 2133 diligentia,
3454 2064 3756 2135 intelligen-

2174 2164 2256 2212 tes
2280 2155 2575 2211 Christiani
2605 2155 2871 2230 dogmatis
2896 2162 3162 2207 amatores
3189 2163 3481 2222 peccatum
3505 2155 3638 2208 Ante
3662 2156 3760 2208 ori—

2175 2244 2351 2315 ginale
2377 2259 2484 2298 non
2512 2243 2654 2299 solos
2679 2258 2772 2298 eos
2808 2253 2998 2319 tenere.
3022 2237 3284 2296 obnoxios
3319 2243 3414 2312 qui
3449 2244 3568 2296 suis
3596 2244 3763 2313 cperi-

2174 2336 2276 2391 bus
2324 2335 2821 2406 praevaricationem
2875 2341 3164 2396 auxerunt,
3196 2333 3288 2386 sed
3321 2332 3497 2386 etiam
3548 2329 3765 2401 eos'qui

2177 2429 2294 2483 sine
2336 2429 2450 2482 suis
2497 2410 2846 2482 commissis:
2881 2426 3028 2496 quia,
3056 2423 3352 2498 secundum
3401 2409 3763 2501 Psalmistani,

2179 2522 2233 2576 in
2294 2519 2672 2590 iniquitatibus
2716 2520 2961 2588 concepti
3010 2529 3066 2572 et
3118 2519 3230 2572 nati
3285 2527 3420 2571 sunt
3474 2501 3764 2588 (PQLL),

2178 2612 2446 2666 immunes
2481 2628 2510 2666 a
2542 2619 2766 2681 peccato
2805 2625 2926 2665 esse
2968 2625 3073 2664 non
3121 2619 3368 2679 possunt,
3393 2609 3533 2663 dum
3574 2611 3642 2664 de
3671 2609 3766 2678 ροΞ-

2179 2701 2292 2754 luta
2316 2701 2496 2756 radice
2523 2701 2847 2771 procedunt;
2871 2709 2929 2754 ut
2959 2701 3154 2755 merito
3181 2701 3248 2756 de
3273 2703 3542 2756 omnibus
3573 2703 3766 2756 dicatur

2180 2780 2275 2864 per
2309 2792 2620 2862 Apostolum
2652 2810 2665 2845 :
2700 2790 2892 2845 Omnes
2937 2803 3299 2861 peccaverunt,
3330 2803 3378 2847 et
3410 2805 3570 2864 egent
3616 2794 3764 2864 gloria

2186 2883 2303 2949 Dei,
2322 2882 2602 2953 Justiﬁcati
2644 2884 2806 2953 gratis
2843 2899 2935 2953 per
2972 2885 3206 2960 gratiam.
3233 2885 3400 2952 ipsius
3443 2884 3630 2953 (Rom.
3673 2889 3764 2956 In).

2185 2975 2252 3030 Et
2293 2976 2360 3030 de
2408 2973 2577 3028 Adam
2614 2993 2628 3028 :
2659 2973 2725 3026 In
2752 2991 2854 3044 quo
2892 2990 3068 3052 omnes
3105 2975 3672 3052 peccaverunttkom.
3700 2978 3764 3046 v).

2183 3067 2298 3122 Hoc
2341 3081 2470 3138 ergo
2518 3057 2814 3121 sentientes
2841 3081 2986 3121 sanae
3025 3067 3150 3120 lide'i
3183 3077 3516 3132 sectatores,
3549 3085 3619 3123 ne
3643 3069 3768 3136 peni

2186 3168 2309 3215 rent
2349 3158 2557 3228 parvuli
2605 3158 2650 3212 si
2695 3158 2812 3212 sine
2857 3142 3096 3212 remedio
3126 3160 3567 3228 regenerationis
3595 3160 3768 3226 grati:

505 3261 616 3316 ficit
658 3259 913 3315 Ecclesia:
956 3257 1286 3315 consuetudo
1318 3257 1551 3312 diversa.
1585 3254 1694 3310 Nos
1737 3264 1917 3310 autem
1939 3255 2079 3324 quod
2109 3269 2154 3330 ρ
2187 3248 2740 3328 defungerentur,eos
2758 3248 3109 3318 baptizandos
3133 3249 3184 3302 in
3204 3251 3591 3330 remissionem
3605 3266 3769 3320 pecca-

505 3351 664 3405 tertio
689 3348 999 3418 mergimus,
1033 3347 1296 3401 triduana:
1334 3345 1618 3416 sepulturae
1650 3336 1985 3399 sacramenta
2015 3344 2083 3398 si-

507 3454 752 3512 gnamus,
784 3447 844 3492 ut
873 3438 999 3491 dum
1027 3437 1183 3491 tertio
1213 3435 1279 3489 ab
1311 3418 1464 3503 aquis
1503 3432 1676 3510 infans
1705 3433 1968 3496 educitur,
1995 3447 2080 3486 re-

508 3529 774 3586 surrectio
793 3527 1024 3583 triduani
1053 3526 1311 3596 temporis
1337 3526 1691 3594 exprimatur.
1717 3525 1866 3590 Quoi
1895 3523 1938 3579 si
1964 3525 2084 3592 quis

512 3620 650 3675 forte
684 3619 848 3674 etiam
879 3633 975 3686 pro
1007 3632 1230 3671 summa:
1244 3611 1522 3669 Trinitatis
1539 3616 1883 3670 veneratione
1900 3611 2087 3668 existi-

514 3717 622 3763 met
649 3709 787 3773 fleri,
816 3722 989 3776 neque
1010 3709 1078 3761 ob
1107 3708 1210 3762 hoc
1238 3705 1438 3781 aliquid
1464 3705 1677 3760 obsistit
1707 3705 2086 3775 baptizandum

516 3799 683 3854 semel
713 3800 767 3852 in
815 3798 970 3868 aquis
1012 3812 1276 3872 mergere,
1317 3799 1441 3866 quia
1484 3797 1609 3851 dum
1639 3797 1690 3850 in
1724 3797 1895 3850 tribus
1915 3796 2089 3872 subsi-

518 3888 730 3945 stentiis
756 3903 860 3942 una
891 3875 1190 3943 substantia
1212 3895 1312 3952 est,
1337 3885 1756 3959 reprehensibile
1775 3900 1894 3939 esse
1919 3885 2090 3939 nulla-

521 3990 672 4035 tenus
698 3979 889 4049 poterit
914 3977 1184 4053 infantem,
1202 3977 1524 4046 baptismate
1552 3985 1637 4031 ter
1659 3975 1738 4030 vel
1770 3973 1937 4030 semel
1955 3990 2091 4054 mer-

515 4084 659 4141 gere,
693 4069 906 4137 quando
933 4075 988 4122 et
1031 4067 1084 4121 in
1133 4067 1304 4121 tribus
1343 4066 1698 4120 mersionibus
1737 4081 2090 4135 personarum

518 4159 774 4226 Trinitas,
802 4167 856 4214 et
883 4159 935 4213 in
959 4175 1062 4212 una
1093 4168 1269 4228 potest
1301 4158 1596 4213 divinitatis
1624 4157 1968 4227 singularitas
1995 4159 2090 4212 de-

520 4250 740 4322 signari.
785 4249 913 4316 Quae
955 4248 1245 4320 singularis
1275 4233 1502 4313 .mersio,
1545 4249 1792 4325 quamvis
1851 4259 1976 4303 tunc
2017 4248 2090 4302 ita

519 4341 765 4412 Hispanis
784 4341 1129 4411 complacuit,
1157 4342 1486 4407 dicentibus,
1513 4341 1730 4396 Trinam
1769 4341 2092 4420 mersionem

523 4434 644 4487 ideo
683 4433 953 4487 vitandam
987 4433 1111 4502 quia
1162 4434 1397 4488 bmretici
1447 4433 1663 4503 quidam
1705 4432 1992 4487 dissimiles
2039 4433 2094 4488 in

525 4525 791 4579 Trinitate
821 4525 1149 4580 substantias
1171 4527 1534 4596 dogmatizare
1567 4526 1681 4580 ausi
1709 4526 1836 4598 sint,
1871 4527 1938 4580 ad
1961 4542 2095 4581 con-

2185 3325 2360 3394 torum
2386 3336 2782 3409 [censuerunt].
2809 3337 2923 3390 Non
2949 3325 3346 3414 sicuthaaretici
3379 3341 3632 3408 quidam,
3663 3357 3768 3411 gra-

2186 3431 2274 3484 tiae
2305 3430 2398 3484 Dei
2428 3439 2805 3500 repugnantes,
2841 3432 3236 3486 contendebant
3265 3432 3413 3487 nulla
3454 3425 3769 3490 necessitate

2186 3505 2438 3590 parvulos
2462 3504 2747 3591 baptizari,
2769 3521 2893 3589 quia
2917 3505 3149 3575 nondum
3167 3503 3508 3591 peccassent
3527 3543 3541 3578 :
3563 3529 3703 3598 quod
3726 3528 3766 3580 si

2187 3613 2373 3666 verum
2399 3609 2566 3674 esset,
2579 3611 2664 3664 vel
2683 3627 2788 3664 non
2807 3611 3111 3690 baptizandi
3133 3615 3414 3677 erant,vel
3432 3616 3480 3668 si
3509 3615 3666 3670 extra
3691 3633 3771 3671 nev

2188 3703 2493 3758 cessitatem
2517 3703 2941 3781 baptizarentur,
2966 3702 3336 3773 imperfectum
3369 3714 3426 3759 et
3453 3721 3570 3760 non
3595 3722 3768 3761 verum

2190 3794 2243 3848 in
2273 3795 2354 3848 eis
2382 3802 2501 3861 erat
2525 3778 2777 3864 baptismi
2802 3778 3224 3862 sacramentum,
3252 3797 3400 3866 quod
3428 3798 3485 3852 in
3527 3798 3771 3869 Symbolo

2191 3885 2516 3941 confitemur
2547 3886 2659 3939 dari
2712 3885 2761 3938 in
2809 3886 3181 3940 remissionem
3230 3896 3613 3957 peccatorum.
3648 3887 3773 3957 Ergo

2191 3977 2313 4045 quia
2347 3961 2536 4030 Omnes
2562 3989 2699 4044 quos
2723 3976 2894 4046 gratia
2938 3976 3031 4031 Dei
3079 3992 3183 4030 non
3214 3976 3434 4042 liberat,
3461 3987 3696 4047 pereunt
3726 3979 3773 4032 in

2191 4065 2437 4137 originali
2471 4065 2685 4130 delicto,
2709 4067 2871 4120 etiam
2913 4067 3003 4136 qui
3048 4067 3129 4121 sui
3173 4067 3398 4123 sceleris
3429 4084 3543 4123 non
3571 4068 3769 4136 adjece-

2194 4165 2319 4212 runt
2339 4167 2645 4228 augmenta,
2671 4158 2981 4214 necessario
3004 4160 3208 4227 parvuli
3232 4159 3609 4230 baptizantur.
3629 4160 3770 4227 Quod

2192 4264 2248 4308 et
2276 4262 2494 4307 sanctus
2524 4253 2852 4324 Augustinus
2878 4254 2930 4307 in
2959 4253 3095 4308 libro
3116 4253 3182 4327 de
3206 4254 3487 4324 Baptismo
3527 4251 3769 4325 parvulo-

2195 4362 2312 4400 rum
2340 4346 2598 4410 ostendit,
2627 4355 2680 4400 et
2707 4345 2954 4400 Africana
2991 4355 3254 4400 testantur
3275 4346 3538 4412 concilia,
3571 4359 3626 4402 et
3652 4347 3772 4400 alio—

2197 4453 2314 4491 rum
2360 4437 2579 4491 Patrum
2617 4437 2934 4492 documenta
2982 4437 3402 4508 quamplurima.
3439 4439 3523 4493 Ex
3561 4440 3661 4494 hac
3689 4439 3774 4510 igi-

2197 4542 2286 4586 tur
2311 4532 2597 4606 occasione
2640 4531 2913 4585 invcntnm
2958 4542 3041 4585 est
3087 4538 3143 4583 ut
3176 4531 3376 4600 patrini
3413 4532 3498 4585 vel
3540 4513 3775 4586 matrimi

521 4614 1023 4670 substantialitatem
1046 4624 1245 4670 sancta:
1268 4616 1549 4671 Trinitatis
1569 4618 1888 4692 negantiam,
1915 4626 2093 4672 tamen
2120 4615 2171 4674 D
2196 4622 2578 4687 adhibeantur,
2605 4621 2904 4691 suscepturi
2940 4621 3191 4692 parvulos
3222 4622 3287 4677 de
3327 4621 3577 4686 lavacro,
3606 4632 3659 4677 et
3688 4635 3773 4692 pro

519 4709 792 4778 antiquior
816 4724 947 4764 usus
969 4710 1248 4779 prmvaluit
1275 4721 1330 4764 et
1353 4712 1490 4766 ratio
1513 4711 1837 4780 supradicta.
1862 4710 1917 4766 Si
1946 4712 2092 4767 enim

520 4800 699 4882 omnia
716 4801 1015 4856 deserimus
1035 4817 1153 4871 qua:
1167 4803 1405 4857 haeretici
1431 4803 1480 4857 in
1509 4818 1658 4859 suam
1679 4804 2089 4877 perversitatem

524 4897 827 4955 traxerunt,
872 4890 1004 4945 nihil
1051 4891 1204 4948 nobis
1230 4893 1473 4960 restabit,
1515 4909 1636 4948 cum
1663 4894 1736 4948 illi
1767 4893 1821 4948 in
1843 4894 1956 4963 ipso
1982 4893 2094 4950 Deo

523 4985 786 5042 errantes,
818 4980 997 5034 omnia
1033 4996 1152 5053 quae
1193 4983 1258 5038 ad
1285 4981 1401 5051 ejus
1442 4984 1644 5039 cultum
1683 4983 1952 5054 pertinere
1977 4983 2093 5039 visa

523 5074 671 5130 sunt,
709 5068 822 5122 suis
867 5071 1143 5127 erroribus
1187 5073 1341 5144 quasi
1378 5074 1594 5143 propria
1630 5072 1968 5144 applicarint.
1992 5070 2096 5128 No-

525 5159 743 5215 tandum
773 5169 950 5217 autem
989 5180 1094 5219 non
1137 5165 1308 5221 solum
1362 5168 1672 5235 mergendo,
1712 5180 1900 5219 verum
1931 5165 2096 5220 etiam

529 5249 758 5321 desuper
780 5249 1069 5318 fundendo,
1109 5254 1304 5310 multos
1340 5254 1643 5324 baptizatos
1688 5253 1874 5319 fuisse,
1921 5263 1976 5309 et
2010 5253 2100 5308 ad-

528 5343 635 5401 huc
661 5360 817 5416 posse
839 5347 911 5401 ita
934 5348 1196 5418 baptizari
1231 5351 1275 5404 si
1297 5349 1592 5406 necessitas
1617 5349 1706 5414 sit,
1731 5349 1872 5404 sicut
1899 5349 1951 5404 in
1979 5364 2103 5419 pas-

531 5437 682 5493 sione
732 5440 871 5494 beati
916 5439 1187 5495 Laurentii
1237 5442 1523 5510 quemdam
1567 5456 1729 5498 urceo
1763 5441 1924 5496 allato
1969 5441 2096 5512 legi-

528 5603 548 5671 '_
603 5608 627 5635 ι
659 5594 774 5671 Non
805 5607 893 5671 est
927 5599 1146 5671 dubium
1173 5600 1301 5669 quin
1329 5601 1514 5671 primis
1549 5599 1801 5655 Ecclesim
1846 5596 2100 5671 tempori-

532 5664 635 5720 bus
663 5667 816 5739 multi
836 5667 949 5734 jam
977 5669 1140 5723 adulti
1167 5664 1220 5724 εἰ
1255 5664 1524 5739 εῑὰιιύιρνί
1564 5671 1832 5725 interdum
1866 5664 2102 5738 baptiza-

533 5743 757 5810 re_ntur;
790 5738 896 5810 imo
924 5739 1160 5810 nonnulli
1189 5738 1353 5810 pravo
1401 5755 1549 5795 more
1581 5741 1903 5810 baptismum
1933 5753 2101 5810 usque

535 5805 603 5858 ad
630 5805 788 5861 finem
813 5808 934 5861 vitze
963 5805 1290 5866 differebant.
1313 5811 1380 5864 At
1403 5825 1521 5865 esse
1546 5805 1906 5874 apostolorum
1937 5805 2102 5862 tradi-

2197 4713 2278 4769 eis
2307 4712 2665 4781 respondeant
2693 4711 2872 4764 omnia
2898 4726 3015 4780 quae
3049 4711 3147 4782 ipsi
3192 4727 3290 4782 per
3329 4713 3514 4772 aetatis
3561 4711 3773 4765 inﬁrmi-

2199 4810 2366 4857 tatem
2401 4800 2641 4856 conllteri
2674 4816 2778 4854 non
2810 4810 3054 4872 possunt.
3083 4799 3399 4871 Pariterque
3431 4801 3602 4856 debet
3629 4802 3774 4870 Spiri-

2197 4891 2322 4946 talis
2345 4898 2498 4961 pater
2522 4889 2604 4944 vel
2627 4898 2798 4944 mater
2819 4891 2868 4944 ei
2896 4906 3055 4960 quem
3081 4891 3145 4945 de
3172 4890 3318 4945 fonte
3349 4892 3777 4961 regenerationis

2199 4982 2453 5053 suscepit,
2479 4996 2600 5036 cum
2643 4982 2711 5035 ad
2757 4981 3143 5053 intelligibilem
3186 4984 3499 5052 pervenerit
3542 4992 3776 5040 atatem.

2200 5075 2479 5130 insinuare
2512 5069 2907 5128 confessionem
2957 5088 3117 5141 quam
3165 5088 3260 5143 pro
3306 5088 3371 5127 eo
3403 5058 3571 5139 fecit,
3607 5082 3662 5126 ut
3689 5071 3775 5141 qui

2199 5169 2374 5224 aliena
2415 5166 2774 5231 confessione,
2804 5167 2942 5221 sicut
2965 5167 3290 5239 paralyticus
3314 5167 3418 5221 fide
3446 5167 3778 5239 portantium

2200 5258 2348 5331 (Luc.
2385 5257 2463 5327 v),
2493 5259 2690 5312 meruit
2737 5274 2766 5311 a
2813 5267 3155 5327 peccatorum
3188 5259 3321 5313 solvi
3363 5259 3644 5330 languore,
3670 5269 3780 5313 stn-

2201 5351 2326 5406 deat
2360 5349 2518 5405 saluti
2548 5351 2798 5418 przestitze
2825 5349 3004 5404 vivere
3049 5365 3153 5405 non
3199 5351 3440 5421 indigne,
3467 5360 3521 5405 et
3554 5368 3652 5406 sua
3681 5353 3782 5403 im-

2203 5441 2346 5513 pleat
2383 5440 2729 5495 exsecutione
2768 5440 2908 5511 quod
2936 5441 3146 5494 illorum
3177 5441 3459 5496 confessus
3482 5450 3567 5495 est
3590 5456 3708 5505 ore,
3737 5438 3785 5492 si

2205 5597 2404 5651 tionem
2433 5597 2502 5651 ab
2525 5597 2656 5667 ipsis
2685 5597 2936 5667 Ecclesiae
2965 5595 3277 5665 primordiis
3309 5609 3524 5666 semper
3561 5609 3782 5664 neum-

2208 5677 2317 5721 tam
2362 5667 2429 5720 de
2469 5666 2810 5736 baptizandis
2850 5666 3142 5722 infantibus
3183 5677 3306 5736 ante
3344 5667 3781 5736 nsunt-auersis.

2208 5737 2509 5809 communis
2529 5733 2611 5792 est
2632 5738 3050 5809 orthodoxorum
3076 5733 3317 5809 assertio.
3343 5733 3478 5809 Vide
3503 5744 3624 5809 post
3647 5734 3785 5806 alios

2208 5806 2256 5859 Π
2288 5806 2615 5865 ΙΙειιηνῑιιιιηι,
2649 5808 2738 5861 lib.
2766 5823 2858 5870 vn,
2883 5808 2944 5861 de
2969 5805 3256 5873 Baptismo,
3286 5819 3402 5874 cap.
3437 5805 3521 5859 8f
3553 5813 3556 5816 ’
3713 5809 3722 5816 “
