3948 6328
512 352 623 412 963

1070 464 1298 523 CAPUT
1339 466 1459 522 XXI

995 579 1071 635 De
1124 597 1260 652 aqua
1315 580 1617 651 sparsionis.

592 694 802 767 Aquam
829 693 1125 765 sparsionis
1152 709 1273 751 cum
1305 694 1418 749 sale
1455 694 1727 759 benedici,
1759 702 1816 749 et
1850 694 1904 749 in
1934 692 2090 748 habi-

520 785 715 845 taculis
755 784 991 840 ﬁdelium
1034 785 1239 856 spargi,
1268 785 1574 841 Alexander
1613 800 1750 856 papa
1793 784 2085 841 constituit.

520 871 673 932 Sicut
698 875 844 932 enim
867 874 1109 946 'populus
1131 875 1296 945 prior,
1326 875 1586 946 legalibus
1619 875 1879 931 institutis
1907 874 2090 930 deser-

518 967 693 1034 viens,
717 966 978 1037 sanguine
1019 965 1349 1022 lustrabatur
1388 965 1586 1035 (Exod.
1611 964 1782 1047 xxiv),
1808 965 1886 1020 ita
1919 980 2091 1020 novus

521 1056 949 1113 Christianorum
994 1057 1243 1128 populus,
1270 1057 1522 1127 baptismi
1554 1065 1894 1117 sacramento
1933 1072 2092 1112 rena-

523 1159 632 1212 tus,
664 1147 824 1218 digne
860 1162 998 1214 aqua
1032 1147 1313 1201 benedicta
1340 1146 1662 1217 aspergitur,
1688 1156 1748 1200 nt
1784 1147 1926 1202 sicut
1966 1162 2091 1201 san-

517 1254 639 1309 guis
687 1240 811 1309 agni
858 1240 912 1294 in
951 1240 1196 1309 postibus
1231 1239 1297 1294 ad
1327 1238 1687 1309 repellendum
1719 1253 2087 1296 percussorem

518 1330 819 1398 ponebatur
845 1328 1042 1398 (Exod.
1076 1328 1198 1398 ιιι).
1228 1329 1301 1383 ita
1335 1329 1650 1400 mysterium
1676 1343 1830 1399 aquae
1862 1343 2089 1401 corpora

516 1430 571 1477 et
598 1421 713 1476 loca
746 1421 953 1477 muniat
986 1430 1316 1476 renatorum.

1082 1551 1306 1609 CAPUT
1345 1547 1512 1609 XXX.

987 1660 1066 1717 De
1092 1662 1441 1717 benedictione
1469 1665 1625 1719 cerei.

589 1774 816 1830 Cereum
851 1781 1026 1829 autem
1071 1773 1316 1829 benedici
1348 1788 1452 1829 non
1485 1774 1657 1828 solum
1698 1774 1750 1829 in
1780 1772 2088 1845 principali-

1012 355 1398 411 WALAFRlDl
1436 356 1679 455 STRAlll
1719 354 1919 410 FULD.
1961 350 2123 411 MON.
2163 350 2313 410 ΟΡΡ.
2356 354 2533 413 PARS
2569 354 2719 411 1.’-
2757 356 3208 418 THEOLOGICA.

3668 368 3773 427 964

2111 474 2163 532 Α
2191 468 2353 524 trium
2394 469 2634 526 locorum
2682 473 2971 528 eminentia
3017 476 3085 531 ad
3121 492 3279 532 unam
3326 480 3652 552 dignitatem
3692 501 3775 541 re—

2193 558 2343 627 ferri,
2369 561 2495 631 quia
2531 562 2584 617 in
2623 561 3044 620 duobushorum
3074 568 3187 637 ipse
3215 569 3411 626 Petrus
3447 571 3631 642 sedit;
3668 588 3771 633 ter-

2191 650 2327 706 tium
2374 653 2742 719 nihilominus,
2771 655 2823 710 id
2846 666 2933 711 est
2958 656 3359 727 Alexandriam,
3402 677 3502 732 per
3526 664 3769 723 Marcum

2191 740 2360 797 fllium
2396 759 2553 799 suum
2599 755 2655 800 ct
2696 746 3064 818 Evangelium,
3089 752 3233 821 quod
3277 769 3347 809 ex
3383 770 3481 812 ore
3507 757 3629 829 ejus
3657 760 3774 831 ipse

2190 831 2405 890 Marcus
2432 834 2811 906 descripserat,
2846 854 2995 893 suam
3037 839 3287 897 effecerat
3325 846 3533 901 sedem.
3573 847 3775 903 Simili-

2190 932 2277 980 ter
2328 926 2729 998 intelligendum
2780 929 2847 985 de
2894 933 3283 1004 principatibus
3347 940 3530 994 saeculi
3558 982 3576 1006 ,
3625 945 3771 1011 quod

2189 1012 2436 1085 quamvis
2466 1018 2518 1071 in
2548 1019 2776 1074 diversis
2800 1022 2948 1077 orbis
2990 1024 3232 1093 partibus
3257 1043 3359 1098 per
3394 1037 3641 1102 tempora
3674 1050 3782 1089 sua»

2189 1105 2454 1171 fulserint,
2487 1116 2665 1164 tamen
2694 1111 2761 1165 ad
2786 1108 2871 1179 ius
2897 1111 3221 1182 Romanum,
3244 1118 3399 1187 quasi
3440 1137 3615 1177 unum
3659 1126 3775 1194 api-

2190 1211 2330 1261 cem,
2354 1206 2629 1266 postremo
2661 1214 2849 1257 omnes
2884 1218 3020 1271 pene
3058 1207 3211 1261 relati
3238 1218 3382 1263 sunt.
3408 1209 3781 1282 Comparetur

2189 1304 2319 1360 ergo
2346 1304 2482 1360 papa
2510 1289 2785 1348 Romanus
2812 1286 3069 1365 Augustis
3092 1306 3148 1353 et
3173 1298 3499 1367 Caesaribus,
3536 1307 3767 1373 patriar-

2189 1380 2305 1434 chae
2352 1394 2482 1435 vero
2536 1382 2800 1452 patriciis,
2825 1384 2915 1453 qui
2942 1386 3101 1456 primi
3136 1398 3261 1458 post
3297 1389 3552 1447 Caesares
3583 1394 3637 1447 in
3668 1394 3769 1448 im.

2188 1470 2355 1540 periis
2398 1470 2563 1527 fuisse
2603 1472 2894 1529 videntur:
2924 1473 2997 1531 ita
3041 1484 3096 1531 et
3147 1479 3255 1545 isti,
3295 1480 3389 1550 qui
3436 1482 3578 1537 satis
3614 1486 3766 1553 pauci

2188 1570 2335 1625 sunt,
2363 1561 2526 1632 primi
2573 1572 2696 1634 post
2742 1565 2903 1621 trium
2934 1568 3141 1624 sedium
3177 1570 3439 1641 praesuies
3471 1574 3763 1630 habentur.

2188 1642 2391 1707 De'inde
2434 1653 2877 1725 archiepiscopus
2906 1692 2923 1721 ,
2981 1658 3073 1727 qui
3143 1659 3272 1729 ipsis
3329 1665 3765 1734 metropolitani:

2188 1743 2579 1813 praeeminent,
2632 1745 2848 1815 regibtts
2902 1741 3261 1807 conferamus.
3318 1750 3763 1826 Metropolitanus

516 1865 620 1919 bus
648 1863 910 1931 ecclesiis,
939 1864 1031 1920 sed
1055 1865 1218 1919 etiam
1261 1864 1313 1919 in
1359 1864 1652 1933 parochiis,
1675 1823 1928 1919 Zozimus
1949 1823 2086 1935 papa
2117 1823 2161 1883 Β
2189 1844 2368 1935 {Mem
2393 1837 2618 1893 dum)“
2645 1850 3041 1935 cf’mPamm‘F'
3068 1838 3369 1909 Ουίθείευί
3394 1845 3569 1903 duces
3590 1846 3771 1918 εἰυειισ

515 1956 815 2011 constituit.
841 1954 991 2023 Quod
1022 1955 1194 2026 ipsum
1224 1955 1453 2009 concilio
1484 1955 1742 2011 Toletano
1764 1954 2085 2021 ostenditur,

515 2047 776 2116 quosdam
838 2046 1195 2117 Hispanorum
1256 2046 1610 2112 observasse,
1680 2047 1939 2117 quosdam
1997 2060 2089 2100 ne-

516 2134 766 2206 glex-isse.

1071 2222 1294 2280 CAPUT
1338 2222 1528 2279 XXXI.

482 2349 491 2356 ”
515 2359 848 2431 Comparatio
884 2358 1351 2415 ecclesiasticarum
1379 2336 1638 2413 ordinum
1653 2367 1699 2412 et
1728 2354 2083 2412 swcularittrm

583 2488 740 2545 Circa
769 2490 962 2546 barum
989 2487 1190 2545 calcem
1226 2502 1403 2542 rerum
1433 2487 1605 2558 placet
1636 2488 1873 2543 inserere
1897 2502 2087 2558 quam-

512 2577 638 2635 dam
685 2579 1024 2636 szecularium
1069 2588 1228 2649 atque
1264 2578 1757 2635 ecclesiasticarum
1801 2593 2083 2649 compara-

514 2670 713 2727 tionem
740 2672 1084 2743 dignitatum,
1113 2670 1358 2740 quamvis
1387 2686 1493 2726 non
1522 2670 1758 2726 nesciam
1789 2669 2086 2725 ordinatio-

511 2776 610 2816 nes
653 2770 977 2831 potestatum
1024 2769 1077 2816 et
1117 2759 1410 2815 ollicioruni
1454 2768 1601 2815 tanta
1641 2760 1953 2815 diversitate
1987 2773 2086 2829 pro

512 2853 772 2906 varietate
813 2852 1074 2923 gentium.
1099 2851 1337 2906 locorum
1366 2859 1420 2906 et
1450 2860 1747 2922 temporum
1780 2850 2082 2921 perplexas,

512 2951 571 2997 ut
613 2944 678 2998 de
717 2944 806 3012 eis
853 2944 941 2996 vix
987 2942 1187 3012 aliquid
1237 2943 1369 2997 certi
1417 2942 1587 3012 possit
1624 2941 1839 3011 exponi.
1880 2940 2085 3008 Quotus

510 3031 654 3085 enim
687 3032 913 3103 quisque
940 3040 1020 3086 est
1049 3031 1141 3102 qui
1181 3046 1240 3086 se
1281 3031 1420 3086 scire
1462 3030 1715 3097 fateatur,
1740 3031 1952 3100 quibus,
1976 3046 2083 3085 non

510 3120 631 3177 dico
675 3122 1037 3195 Assyriorum,
1068 3122 1341 3177 Medorum
1379 3131 1433 3178 et
1461 3121 1831 3186 Macedonum,
1875 3119 1969 3176 sed
1997 3119 2080 3176 vel

510 3212 1064 3286 Rontanorum,quod
1110 3215 1290 3269 notius
1332 3222 1386 3269 et
1430 3214 1730 3284 proximius
1776 3212 1930 3269 nobis
1976 3219 2075 3274 est,
2108 3186 2154 3250 Ο

510 3304 793 3377 imperium
810 3307 1156 3363 distributum
1175 3306 1335 3361 fuerit
1349 3307 1724 3362 ctordinatum
1740 3305 2083 3360 administra-

509 3401 744 3457 tionibus
768 3409 821 3456 et
846 3399 1034 3457 olliciis
1060 3419 1073 3454 :
1099 3416 1220 3456 cum
1245 3415 1341 3471 per
1370 3399 1757 3470 longitudinem
1780 3405 2080 3469 temporum

507 3491 624 3547 aliae
652 3500 945 3562 potestates
985 3490 1107 3545 aliis
1136 3499 1353 3545 mutatae
1378 3491 1510 3557 sint,
1532 3489 1650 3546 alim
1690 3491 1936 3556 subditae,
1962 3491 2082 3546 aliae

506 3582 719 3649 abditae,
758 3591 816 3637 ut
837 3583 951 3652 ipsa
976 3580 1325 3637 instabilitate
1355 3597 1538 3637 rerum
1561 3583 1856 3637 humanum
1880 3595 2001 3638 esse
2027 3591 2082 3638 et

508 3676 890 3745 temporarium
946 3676 1368 3745 comprobetur,
1413 3676 1840 3747 quodquadam
1894 3678 2079 3732 incon-

507 3767 703 3821 stantia
732 3774 786 3820 et
826 3767 879 3820 in
909 3767 1083 3837 majus
1119 3768 1428 3822 extenditur
1456 3777 1510 3822 et
1548 3769 1601 3824 in
1644 3769 1824 3823 minus
1867 3780 2081 3826 contra-

508 3855 696 3909 bitur?
725 3848 951 3910 Omissis
979 3869 1106 3926 ergo
1137 3857 1379 3922 incertis,
1411 3871 1530 3926 quae
1556 3858 1768 3913 notiora
1798 3866 1923 3914 sunt
1946 3858 2082 3914 invi-

505 3959 621 4001 cem
645 3960 1055 4023 comparemus,
1073 3952 1129 3999 ut
1154 3945 1503 4001 ostendamus
1529 3947 1897 4003 ordinationes
1927 3965 2080 4003 mun-

504 4036 656 4091 danae
702 4037 978 4107 sapientiae
1025 4037 1077 4092 in
1125 4037 1418 4106 Spiritalem
1462 4037 1715 4096 Ecclesiae
1759 4041 2080 4097 universalis

506 4127 890 4198 rempublicam
938 4127 1110 4183 sacris
1146 4128 1580 4184 distinctionibus
1617 4139 1993 4197 commutatae,
2025 4133 2076 4186 in

502 4204 909 4273 similitudinem
962 4218 1195 4287 antiquae
1245 4218 1485 4273 historiae
1537 4233 1643 4288 qua
1695 4219 1780 4276 vel
1838 4221 2078 4291 pecuniae

502 4310 875 4381 Egyptiorum
906 4311 958 4364 in
983 4326 1139 4365 usum
1170 4309 1501 4366 tabernaculi
1533 4310 1728 4382 (Exod.
1754 4312 1856 4384 xl),
1879 4313 1964 4367 vel
1983 4329 2076 4369 ce-

501 4402 583 4455 dri
617 4402 679 4456 de
708 4401 913 4456 Libano
953 4402 1080 4457 caesi
1129 4402 1181 4456 in
1228 4402 1411 4473 templi
1442 4402 1851 4458 aediﬁcationem
1894 4404 2078 4474 profess

499 4491 640 4546 cisse
670 4490 786 4561 (111
818 4489 949 4561 Reg.
978 4492 1058 4564 v),
1084 4489 1235 4545 Raab
1258 4506 1492 4561 quoque,
1518 4501 1572 4546 ct
1596 4491 1762 4558 Ruth,
1784 4503 1835 4549 et
1854 4494 2074 4561 Acbior,

502 4579 553 4633 in
582 4596 864 4636 numerum
891 4580 1073 4651 populi
1096 4580 1191 4636 Dei
1217 4581 1465 4636 translati
1489 4591 1782 4638 narrantur
1800 4572 1985 4657 (Iosue
2006 4602 2067 4652 ll;

501 4667 635 4723 Ruth
670 4687 753 4737 tv;
786 4671 971 4726 ludit/2
1005 4670 1102 4742 vi).
1138 4670 1290 4726 Sicut
1317 4681 1496 4727 autem
1523 4688 1655 4745 gens
1704 4674 2070 4731 Romanorum

503 4758 662 4811 totius
688 4759 835 4815 orbis
861 4760 1230 4815 monarcliiam
1254 4760 1491 4817 tenuisse
1515 4762 1708 4829 fertur,
1732 4764 1806 4818 ita
1828 4779 2071 4821 summus

499 4850 763 4919 pontifex,
786 4851 839 4906 in
879 4853 1005 4908 sede
1044 4851 1285 4908 Romana
1315 4854 1488 4910 vicem
1514 4855 1657 4911 beati
1682 4855 1826 4911 Petri
1854 4871 2067 4928 gerens,

502 4942 663 4995 totius
686 4941 937 4998 Ecclesiae
960 4946 1111 5014 apice
1134 4946 1477 5002 sublimatur.
1504 4944 1724 5019 De'quo
1760 4947 2068 5006 Sardicensi

432 5036 435 5043 ’
498 5031 726 5087 concilio
751 5034 1006 5089 statuitur
1033 5045 1347 5093 cunctorum
1384 5045 1583 5117 statuta
1627 5040 1695 5095 ad
1723 5054 1845 5094 eum
1879 5039 2069 5095 referri

399 5123 405 5136 '
499 5123 715 5190 debere,
746 5125 908 5197 idque
934 5129 1329 5185 observandum
1361 5131 1505 5200 quod
1537 5132 1652 5201 ipse
1679 5132 1929 5188 statuerit
1957 5150 1969 5186 :
1999 5132 2073 5186 si-

498 5222 591 5269 cut
632 5231 760 5272 vero
812 5231 1056 5275 summus
1106 5221 1286 5275 saeculi
1330 5222 1665 5292 principatus
1709 5237 1815 5277 non
1861 5230 2067 5277 tantum

501 5305 642 5375 apud
670 5305 960 5374 Romanos,
986 5323 1174 5364 verum
1213 5309 1377 5363 etiam
1404 5310 1544 5379 apud
1583 5310 1806 5364 aliarum
1834 5311 2066 5380 partium

497 5404 685 5465 gentes
725 5397 993 5453 interdum
1027 5396 1146 5462 fuit,
1179 5398 1253 5454 ita
1290 5406 1345 5455 et
1389 5398 1509 5454 aliae
1541 5399 1794 5454 Ecclesiae
1820 5399 2065 5471 dignitati

496 5486 641 5542 sedis
681 5489 937 5543 Romanae
982 5490 1390 5554 consociantur,
1438 5489 1492 5545 id
1552 5497 1637 5546 est
1684 5486 2065 5548 Antiochensis

497 5574 553 5629 in
599 5575 753 5641 Asia,
798 5577 1158 5633 Alexandrina
1200 5579 1252 5633 in
1297 5578 1498 5635 Africa.
1546 5581 1602 5635 In
1656 5580 1883 5637 concilio
1919 5582 2063 5637 enim

496 5665 714 5722 Nicaeno
739 5668 929 5723 barum
966 5670 1125 5735 trium
1158 5672 1492 5743 privilegium
1518 5673 1875 5729 Ecclesiarum
1907 5683 2064 5729 cxte-

497 5759 574 5814 ris
616 5759 862 5815 omnibus
920 5750 1323 5820 anteferendum
1370 5766 1691 5821 ostenditur.
1742 5767 1847 5823 Sed
1888 5777 2064 5836 potest

2106 4544 2154 4604 Ι)

2188 1927 2360 1984 larum
2383 1939 2512 1985 sunt
2534 1930 2951 2001 provinciarum,
2983 1933 3056 1989 ita
3087 1942 3142 1991 et
3171 1934 3246 1991 illi
3288 1935 3344 1992 in
3386 1936 3630 2010 singulis
3648 1956 3765 2011 pm-

2188 2022 2380 2077 vinciis
2419 2022 2615 2094 singuli
2678 2029 2970 2094 ponuntur.
3014 2024 3167 2083 Unde
3218 2028 3272 2083 in
3332 2028 3760 2088 Chalcedoncnsi

2187 2111 2416 2169 concilio
2440 2111 2659 2183 iubetur
2686 2129 2752 2169 ne
2773 2130 2877 2170 una
2907 2117 3182 2186 provincia
3225 2119 3280 2174 in
3316 2120 3461 2176 duas
3495 2130 3760 2194 metropo-

2189 2203 2384 2260 litanos
2415 2204 2704 2262 dividatur.
2733 2208 2886 2275 Quod
2912 2211 3139 2267 comites
3164 2211 3250 2268 vel
3289 2214 3543 2284 preteeti
3586 2216 3644 2271 in
3667 2232 3758 2272 sa-

2187 2295 2330 2362 culo,
2355 2296 2455 2351 hoc
2477 2298 2711 2369 episcopi
2739 2300 2919 2355 caeteri
2950 2300 3003 2356 in
3040 2301 3282 2358 Ecclesia
3306 2303 3556 2375 explent.
3580 2306 3762 2363 Fertur

2185 2386 2331 2441 enim
2364 2387 2419 2442 in
2448 2386 2684 2445 Orientis
2712 2391 2956 2460 partibus
2977 2406 3077 2463 per
3096 2392 3336 2464 singulas
3362 2396 3540 2454 urbes
3564 2407 3624 2454 et
3643 2415 3761 2470 pr:-

2186 2475 2421 2534 fecturas
2462 2479 2700 2551 singulas
2738 2495 2862 2537 esse
2899 2483 3270 2555 episcoporum
3318 2488 3757 2559 gubernatioues.

2186 2570 2339 2627 Sicut
2375 2574 2572 2628 tribuni
2615 2575 2872 2632 militibus
2898 2587 3184 2646 praeerant,
3210 2579 3282 2634 ita
3310 2580 3547 2638 abbates
3589 2599 3761 2639 mona-

2186 2662 2321 2728 chis,
2348 2664 2564 2720 athletis
2586 2665 2937 2735 spiritalibus,
2960 2680 3190 2737 praeesse
3223 2684 3557 2730 noscuntur.
3580 2677 3757 2744 Quem-

2186 2753 2472 2809 admodum
2519 2764 2646 2811 sunt
2694 2756 2747 2811 in
2792 2758 3006 2828 palatiis
3033 2769 3396 2832 praeceptores
3422 2767 3517 2822 vel
3543 2770 3757 2824 comites

2185 2836 2509 2914 palatii,'qui
2558 2846 2895 2901 saecularium
2927 2864 3118 2905 causas
3145 2853 3432 2920 ventilant,
3462 2855 3540 2910 ita
3566 2868 3753 2913 suntet

2186 2933 2262 2987 illi
2291 2948 2427 3003 quos
2461 2949 2701 2992 summos
2731 2938 3038 3008 capellanos
3064 2940 3257 2998 Franci
3285 2944 3590 3015 appellant,
3612 2948 3754 3003 cleri-
3782 2967 3793 2979 ·

2186 3041 2371 3081 eorum
2400 3027 2581 3082 causis
2604 3028 2831 3099 praelati.
2855 3029 3128 3101 Capellani
3161 3033 3404 3091 minores
3431 3039 3513 3092 ita
3540 3050 3665 3093 sunt
3688 3043 3751 3095 si-

2187 3125 2278 3171 out
2312 3117 2369 3172 hi
2406 3133 2542 3189 quos
2571 3122 2758 3175 vassos
2797 3120 3096 3179 dominicas
3133 3122 3341 3181 Gallica
3369 3130 3757 3185 consuetudine

2184 3210 2544 3266 nominamus.
2572 3211 2707 3267 Dicti
2757 3222 2883 3269 sunt
2920 3225 3099 3271 autem
3146 3220 3402 3288 primitus
3435 3224 3702 3294 capellani
3724 3241 3751 3279 a

2183 3314 2349 3371 eappa
2402 3302 2543 3358 beati
2594 3303 2830 3371 Martini,
2880 3321 3042 3377 quam
3097 3324 3248 3380 reges
3304 3312 3651 3371 Francorum
3691 3317 3757 3371 ob

2184 3390 2506 3460 adjutorium
2531 3394 2772 3450 victoriae
2815 3396 2869 3451 in
2914 3398 3113 3466 prmliis
3154 3400 3405 3458 solebant
3437 3419 3630 3460 secum
3668 3409 3755 3461 ha-

2182 3482 2311 3539 bere
2339 3501 2352 3537 :
2381 3499 2542 3555 quam
2586 3484 2824 3542 ferentes
2858 3497 2916 3543 et
2957 3491 3321 3548 custodientes
3375 3508 3506 3551 eum
3556 3500 3753 3553 caeteris

2181 3583 2492 3630 sanctorum
2531 3576 2774 3647 reliquiis
2819 3579 3025 3647 clerici,
3049 3583 3309 3654 capellani
3358 3600 3752 3659 cteperunuo-

2181 3666 2315 3721 cari.
2338 3665 2509 3724 Porro
2534 3669 2676 3725 sicut
2693 3670 2923 3728 comites
2940 3674 3157 3743 quidam
3183 3675 3385 3733 missos
3404 3694 3543 3736 suos
3558 3698 3753 3752 prapo-

2182 3767 2316 3811 nunt
2343 3759 2707 3828 popularibus,
2732 3760 2825 3831 qui
2865 3763 3105 3821 minores
3140 3780 3333 3822 causas
3365 3768 3751 3833 determineut,

2180 3845 2312 3915 ipsis
2341 3846 2542 3915 majora
2572 3859 2852 3905 reservent
2884 3868 2898 3905 :
2926 3850 3002 3907 ita
3038 3855 3253 3925 quidam
3288 3857 3538 3929 episcOpi
3583 3865 3752 3930 coepi-

2180 3950 2371 4006 seopos
2398 3936 2615 4003 habent,
2639 3940 2730 4008 qui
2772 3941 2826 3996 in
2866 3942 3028 3997 rebus
3058 3945 3160 4000 sibi
3184 3950 3617 4023 coagguentibus
3640 3966 3749 4020 qua:

2180 4027 2553 4099 injnnguntur,
2580 4029 2832 4088 efﬁciunt.
2856 4032 3183 4103 Centenarii,
3207 4039 3298 4107 qui
3325 4048 3387 4094 et
3412 4044 3749 4097 centenario-

2178 4133 2295 4184 nes,
2321 4119 2403 4174 vel
2428 4119 2638 4187 vicarii,
2659 4122 2751 4192 qui
2780 4139 2876 4194 per
2913 4140 3079 4197 pagos
3119 4130 3309 4184 statuti
3348 4141 3506 4197 sunt,
3527 4133 3748 4204 presby-

2179 4209 2312 4264 teris
2358 4209 2614 4278 plebium,
2647 4212 2740 4281 qui
2781 4213 3128 4284 baptismales
3168 4219 3429 4276 ecclesias
3461 4232 3675 4291 tenam,
3697 4233 3751 4281 α

2178 4292 2477 4354 minoribus
2523 4300 2852 4372 presbyteris
2904 4314 3186 4375 prauum,
3236 4308 3477 4366 conferri
3527 4325 3743 4382 queunt.

2176 4388 2506 4446 Dewriones
2524 4391 2610 4446 vel
2627 4391 2838 4459 decani,
2863 4394 2955 4463 qui
2979 4396 3079 4451 sub
3107 4396 3235 4466 ipsis
3255 4399 3479 4456 vicariis
3506 4404 3744 4473 quada-

2178 4481 2388 4536 minora
2430 4491 2708 4548 exercent,
2753 4484 3052 4541 minoribus
3092 4487 3429 4560 presbyteris
3472 4492 3745 4548 titulorum

2178 4584 2403 4644 possunt
2446 4577 2771 4646 comparari.
2813 4575 2927 4634 Sub
2959 4579 3090 4649 ipsis
3118 4580 3385 4638 ministris
3407 4589 3745 4641 centenario-

2173 4681 2293 4721 rum
2337 4676 2465 4722 sunt
2509 4667 2683 4723 adhuc
2726 4669 2982 4732 minores,
3039 4671 3133 4739 qui
3175 4671 3496 4742 collectarii,
3537 4688 3745 4749 quater-

2172 4757 2381 4823 niones,
2403 4757 2488 4813 vel
2536 4758 2809 4815 duumviri
2851 4769 3076 4829 possunt
3119 4762 3397 4832 appellari,
3428 4767 3564 4834 quia
3605 4767 3741 4823 colli-

2170 4859 2305 4922 gunt
2337 4852 2613 4922 populum,
2640 4860 2696 4908 et
2720 4853 2839 4923 ipso
2865 4867 3090 4909 numero
3115 4856 3405 4912 ostendunt
3432 4874 3497 4915 se
3531 4861 3743 4917 decauis

2169 4942 2428 4998 minores.
2457 4942 2597 4999 Sunt
2634 4951 2818 4999 autem
2848 4944 2963 5013 ipsa
2987 4945 3248 5002 vocabula
3274 4948 3343 5002 ab
3378 4951 3608 5021 antiqua
3626 4967 3743 5009 eau-

2173 5034 2455 5090 suetudine
2494 5043 2759 5102 mutuata,
2784 5036 2838 5091 in
2873 5052 2982 5107 qua
3024 5037 3197 5093 ollicia
3228 5038 3582 5110 praelatorum
3607 5045 3745 5100 diee-

2171 5125 2370 5180 bantur
2399 5140 2467 5186 ex
2497 5141 2721 5182 numero
2750 5127 3117 5198 subiectorum
3150 5146 3167 5185 :
3199 5141 3259 5186 ut
3292 5141 3422 5189 sunt
3459 5135 3740 5193 clniliarchi

2171 5213 2380 5281 Graece,
2412 5215 2602 5272 Latine
2640 5216 2925 5272 millenarii
2951 5257 2967 5284 ,
3010 5222 3307 5276 centenarii
3351 5223 3438 5279 vel
3474 5227 3743 5282 centurio-

2170 5317 2305 5370 nes;
2344 5306 2821 5375 ‘pentacontarchi,
2861 5307 2946 5361 vel
2993 5309 3475 5381 quinquagenarii;
3535 5316 3741 5391 demi.

2170 5396 2255 5452 vel
2280 5396 2638 5464 deeuriones;
2676 5399 3083 5468 quaterniones,
3110 5401 3401 5458 duumviri.
3428 5404 3513 5460 Ad
3552 5407 3761 5462 horun-

2170 5488 2580 5544 similitu'dinem
2608 5499 2734 5545 sunt
2759 5488 2973 5546 diaconi
3006 5499 3059 5546 et
3099 5493 3440 5561 subdiaeoni,
3465 5498 3745 5569 presbyte-

2170 5596 2354 5637 rorum
2405 5579 2676 5651 adjutores
2728 5581 2782 5636 in
2816 5579 3001 5647 verbo,
3028 5583 3297 5653 baptismo
3336 5594 3394 5640 et
3432 5588 3743 5656 quotidiauo

2114 5679 2119 5685 ’
2169 5673 2365 5729 ollicio.
2399 5674 2536 5729 Sunt
2569 5675 2733 5729 etiam
2763 5673 3242 5744 archipresbyteri,
3269 5677 3325 5730 in
3358 5677 3627 5748 episcopis
3654 5693 3745 5732 ca—

2168 5767 2487 5827 nonieorum
2531 5772 3027 5834 curam‘gerentes.
3086 5764 3295 5822 [labent
3342 5776 3397 5823 et
3447 5778 3742 5839 potestates
