3948 6328
252 290 360 353 965

1354 307 1441 361 DE
1480 306 1955 367 SUBVERSIONE
1987 310 2410 370 JERUSALEM.

3398 328 3502 388 966

250 408 431 465 saeculi
458 406 796 469 consiliarios
824 413 878 469 in
901 413 1211 472 domesticis
1236 426 1291 473 et
1314 418 1606 475 liberorum
1646 422 1824 491 paeda-
1850 430 1899 489 Α
1930 423 2341 493 toleratoribus,
2364 438 2558 484 cuncta
2604 431 2656 486 in
2705 435 2918 490 caeteris
2946 454 2958 490 :
3001 446 3060 493 ut
3108 454 3215 497 non
3247 441 3322 499 sit
3355 446 3500 500 schi-

248 515 414 573 gogos
437 517 679 568 suorum,
709 504 908 561 habent
941 506 1043 577 ipsi
1075 516 1455 577 procuratores
1484 510 1561 565 rei
1600 510 1825 568 familia-

248 592 325 645 ris
352 606 370 647 :
398 590 645 648 similiter
673 593 725 648 in
752 595 1073 663 quibusdam
1099 597 1355 654 Ecclesiis
1385 600 1820 668 archidiaconos,

245 696 382 752 quos
416 681 632 738 fainilias
673 686 893 754 respicit
932 688 1265 757 gubernatio.
1294 689 1431 745 Sunt
1457 691 1511 746 in
1550 693 1822 748 szeculari-

1924 528 2041 570 sma
2096 515 2153 569 in
2189 529 2436 587 corpore,
2463 520 2557 575 sed
2587 523 2631 577 si
2659 523 2920 593 gloriatur
2968 543 3133 585 unum
3172 534 3492 605 membrum,

1923 604 2295 672 oongaudcant
2325 608 2506 663 omnia
2535 614 2812 679 membra;
2840 615 2887 669 si
2913 618 3268 676 contristatur
3303 604 3492 693 unum,

1920 702 2113 748 cuncta
2144 697 2484 754 condoleant.
2529 700 2636 756 Ista
2686 708 3067 764 convenientia
3117 725 3183 767 eo
3211 728 3382 785 usque
3413 726 3490 773 tc-

244 770 346 878 Irius
373 774 764 873 quastionarii,
787 776 839 830 id
861 786 945 832 est
969 779 1061 848 qui
1094 795 1216 836 reos
1238 782 1580 850 examinant;
1611 794 1738 840 sunt
1764 786 1819 840 in
1919 788 2096 842 nenda
2138 797 2239 854 est,
2267 791 2438 847 donec
2462 808 2814 853 occurramus
2837 813 3026 855 omnes
3071 802 3128 857 in
3161 770 3334 861 virum
3365 770 3487 878 per-

240 857 484 967 Ecclesia
529 864 836 967 exorcismo,
881 866 1186 967 daemonum
1232 871 1558 928 exclusores.
1608 874 1818 931 Habent
1915 875 2135 945 fectum,
2164 888 2223 935 ut
2243 880 2311 936 sit
2341 882 2483 938 Deus
2507 886 2689 940 omnia
2720 886 2775 942 in
2801 890 3053 948 omnibus
3084 891 3138 957 (Ι

240 949 376 1005 auke
402 954 700 1020 potentium
723 953 1012 1024 ianitores,
1036 959 1197 1015 habet
1226 969 1281 1016 et
1315 963 1504 1019 domus
1526 963 1619 1019 Dei
1646 965 1815 1022 ostia.

237 1038 369 1111 rios.
393 1039 565 1096 Habet
584 1045 817 1100 mundus
836 1048 1164 1115 veredarios,
1181 1053 1713 1119 commentarienses,
1733 1055 1814 1110 lu-

236 1130 430 1189 dorum
455 1135 806 1204 exhibitores,
831 1141 1126 1197 carminum
1155 1144 1491 1214 pompaticos
1517 1147 1806 1217 relatores;

232 1225 398 1282 habet
444 1229 684 1288 Ecclesia
725 1234 1031 1306 acolythos,
1062 1238 1314 1305 lectores,
1346 1249 1598 1296 cantores
1647 1250 1809 1313 atque

162 1338 165 1339 ν
234 1318 567 1388 psalmistas.
612 1323 877 1383 Caeterum
916 1345 982 1384 ex
1009 1330 1287 1403 utriusque
1330 1332 1535 1388 ordinis
1579 1333 1804 1403 conjun-

229 1408 414 1465 ctione
472 1421 527 1467 et
574 1413 859 1474 dilectione
900 1436 1006 1475 una
1055 1421 1246 1477 domus
1309 1422 1405 1478 Dei
1447 1425 1800 1492 construitur,

228 1512 399 1552 unum
430 1515 626 1570 corpus
659 1503 860 1561 Christi
890 1509 1137 1576 eﬂicitur,
1173 1512 1381 1567 cunctis
1403 1513 1664 1568 membris
1686 1514 1805 1569 olli-

2337 1018 2721 1079 CONCLUSIO
2758 1022 3045 1082 LIBELLI.

1980 1154 2144 1211 Gravi
2189 1156 2426 1226 pondere
2474 1158 2687 1214 tandem
2730 1159 2978 1228 solutus,
3013 1172 3070 1220 et
3112 1166 3317 1221 utinam
3370 1173 3482 1223 tam

1906 1244 2248 1313 profectuoso
2290 1260 2457 1315 quam
2517 1262 2732 1318 magno,
2761 1249 2816 1303 in
2866 1249 2971 1305 ﬁne
2999 1253 3360 1310 conclusionis
3411 1255 3482 1311 le-

1906 1333 2085 1388 ctores
2130 1334 2371 1389 obtestor
2418 1348 2488 1390 ne
2536 1336 2680 1406 quod
2723 1336 3026 1394 obedientia
3071 1343 3236 1408 subii,
3270 1343 3358 1399 isti
3385 1345 3479 1399 tri-

1904 1424 2069 1491 buant
2099 1424 2398 1479 temerariae
2425 1427 2845 1496 praesumptioni.
2871 1427 3067 1486 Fateor
3089 1432 3234 1488 enim
3266 1449 3353 1489 me
3377 1448 3478 1491 nec

1903 1517 2170 1586 reperisse
2206 1523 2423 1582 cuncta,
2456 1531 2575 1586 quae
2602 1518 2900 1574 dilucidare
2926 1520 3124 1591 cupivi,
3153 1537 3251 1577 nec
3277 1530 3475 1579 cuncta

223 1589 431 1681 ciorum
450 1610 667 1653 suorum
685 1599 891 1657 fructus
908 1612 1103 1659 mutuae
1121 1605 1337 1661 utilitati
1360 1605 1795 1673 conferentibus;
1878 1606 2145 1676 posuisse
2200 1620 2321 1676 qua:
2372 1607 2548 1676 reperi
2590 1623 2604 1661 :
2655 1622 2776 1662 cum
2829 1616 2884 1664 et
2926 1589 3108 1664 rerum
3161 1612 3476 1681 magnitudo

221 1679 354 1735 dum
405 1685 594 1743 oculus
642 1699 724 1746 est
774 1692 826 1747 in
874 1694 1223 1765 sapientibus,
1254 1698 1344 1767 qui
1391 1712 1577 1752 veram
1621 1695 1796 1752 lucem
1899 1698 2101 1754 sciendi
2153 1696 2499 1768 cupiditatem
2548 1699 2940 1765 succenderet,
2990 1708 3047 1756 et
3087 1679 3465 1758 diversitatum

215 1774 529 1845 percipiunt
557 1789 612 1834 et
660 1782 968 1853 insinuant;
1014 1802 1076 1844 os
1099 1788 1151 1843 in
1182 1788 1519 1855 doctoribus,
1547 1790 1692 1845 auris
1735 1789 1790 1845 in
1820 1797 1867 1857 Β
1894 1786 2143 1845 confusio
2161 1785 2362 1842 fastidii
2384 1787 2714 1844 nimietatem
2730 1791 3011 1860 praeberet.
3040 1790 3469 1850 Habebittamen

209 1860 494 1960 benevolis
532 1871 893 1940 auditoribus,
924 1891 1092 1935 nasus
1119 1877 1173 1932 in
1212 1878 1552 1934 discretionis
1578 1887 1833 1960 amato-y
1897 1880 1952 1935 in
1986 1880 2073 1936 his
2118 1879 2338 1935 lectoris
2368 1881 2476 1935 mei
2502 1880 2717 1936 curiosa
2759 1881 3046 1953 vestigatio
3083 1884 3188 1939 etsi
3229 1898 3338 1939 non
3372 1899 3475 1941 co-

213 1951 393 2044 ribus,
421 1972 615 2017 manus
656 1962 706 2017 in
748 1968 1155 2034 operatoribus,
1189 1970 1351 2040 pedes
1399 1970 1455 2023 in
1502 1951 1833 2040 proflcieu-r
1894 1971 2037 2040 piam
2085 1969 2354 2025 satietatis
2402 1984 2508 2039 qua
2552 1951 3344 2044 delectetur,qualemcunque
3389 1982 3470 2028 ta-

212 2041 385 2110 tibus,
413 2057 604 2106 venter
644 2052 696 2108 in
725 2058 1196 2128 compatientibus,
1223 2060 1434 2115 humeri
1457 2060 1513 2115 in
1544 2060 1787 2115 laborum
1894 2075 2018 2115 men
2042 2073 2260 2115 causam
2308 2059 2690 2130 inquisitionis,
2721 2076 2830 2131 qua
2871 2041 3065 2118 melius
3117 2041 3464 2122 exerceatur.

885 2282 1795 2398 πιιιιιειιιι

1878 2281 2017 2395 ιι
2088 2279 2773 2459 smus:

1477 2471 1861 2532 FULDENSIS
1898 2468 2208 2529 MONACHl

797 2610 977 2724 DE
1062 2601 2921 2793 SUBYEESIOIEEMJEFUSALEM

1354 2785 1674 2861 SERMO,
1705 2802 1811 2846 seu
1849 2783 1905 2844 T
1901 2780 2231 2844 RACTAT
2230 2779 2343 2841 US.

1064 2910 1081 2972 (
1092 2909 1229 2971 Apud
1261 2908 1521 2970 Canisium,
1549 2906 1810 2958 Lectiones
1831 2904 2063 2967 antiquae,
2086 2907 2205 2951 tom.
2228 2898 2293 2961 ll,
2325 2911 2436 2962 pag.
2459 2898 2595 2959 277.)

98 2170 127 2207 ι

238 2193 3445 2241 m

1692 3010 1972 3034 *ιιι-

272 3080 542 3147 Quantum
570 3078 830 3136 Dominus
855 3081 1192 3153 omnipotens
1219 3083 1285 3140 de
1311 3082 1558 3154 profectu
1598 3082 1773 3137 homi-
1799 3086 1843 3146 C
1873 3078 2030 3133 docet
2057 3077 2291 3163 peritia,
2312 3092 2410 3147 per
2437 3091 2600 3147 quem
2634 3077 2914 3148 Scriptura
2948 3080 3268 3152 plerumque
3309 3085 3455 3158 loqui

192 3186 328 3225 num
355 3170 600 3242 gaudeat,
657 3180 983 3242 quantumve
1013 3175 1078 3229 de
1125 3175 1337 3229 illorum
1372 3175 1527 3229 ruina
1568 3173 1772 3229 condo-

191 3263 326 3328 leat,
384 3278 451 3318 ex
502 3263 683 3319 multis
738 3264 871 3320 locis
906 3265 1198 3336 Scripturae
1247 3281 1440 3332 sacras,
1501 3266 1771 3336 praecipue

191 3363 380 3407 tamen
427 3368 495 3409 ex
527 3356 776 3425 praesenti
829 3352 1058 3413 lectione
1084 3372 1424 3428 cognoscere
1462 3372 1767 3427 possumus.

187 3439 436 3512 Denique
476 3459 598 3498 cum
630 3442 798 3500 Judmi
852 3445 1052 3502 vellent
1099 3447 1191 3503 Dei
1220 3438 1413 3502 Filium
1442 3447 1765 3514 interficere,

183 3541 245 3585 et
288 3532 353 3587 de
389 3531 508 3602 ejus
549 3533 768 3589 interitu
819 3544 1132 3603 tractarent,
1186 3539 1300 3609 ipse
1347 3546 1408 3592 ut
1449 3539 1571 3610 pius
1614 3547 1771 3609 pater

182 3641 377 3681 eorum
404 3628 756 3697 perditionem
785 3629 1034 3685 deﬂebat.
1068 3631 1202 3686 Nam
1244 3649 1367 3689 cum
1397 3633 1655 3688 Dominus
1676 3633 1769 3689 Ju-

183 3719 337 3772 dmos
365 3733 423 3772 sc
448 3728 752 3788 quaerentes
778 3720 1080 3777 interﬁcere
1106 3720 1281 3788 deﬂet,
1312 3722 1497 3793 patulo
1531 3724 1769 3779 ostendit

180 3819 451 3880 quantum
483 3812 549 3865 de
576 3811 816 3880 profectu
862 3814 1078 3868 humani
1120 3816 1335 3886 generis
1383 3816 1633 3884 gaudeat,
1673 3817 1763 3886 qui

181 3910 321 3955 tunc
345 3899 414 3955 de
436 3898 614 3977 futura
659 3900 815 3972 longe
852 3914 973 3970 post
1020 3920 1151 3959 nece
1188 3903 1492 3959 Judaeorum
1526 3905 1758 3961 dolebat.

177 3986 389 4044 Narrat
434 3989 681 4059 superius
731 3990 1003 4061 Evangelii
1051 3999 1228 4046 textus
1255 3993 1524 4061 quomodo
1550 3992 1643 4047 Dei
1672 3993 1764 4047 Fi-

179 4079 295 4135 lius
317 4079 527 4135 miserit
550 4079 841 4151 discipulos
872 4096 969 4152 pro
992 4081 1135 4151 pullo
1162 4083 1348 4146 asinae,
1392 4083 1478 4137 cui
1523 4083 1764 4139 insidens

178 4169 527 4226 Hierusalem
550 4172 779 4237 venerit,
807 4174 1021 4242 quando
1066 4184 1349 4241 cmperuut
1376 4187 1564 4229 omnes
1596 4175 1762 4230 turba:

175 4260 625 4315 descendentium
673 4260 968 4331 gaudentes
1014 4262 1235 4317 laudare
1293 4263 1577 4317 Dominum
1626 4277 1761 4318 voce

177 4367 404 4425 magna,
431 4367 591 4423 super
628 4354 881 4409 omnibus
933 4368 1069 4424 quas
1088 4354 1337 4409 viderant
1366 4355 1657 4411 virtutibus
1675 4355 1758 4410 di-
1814 4418 1817 4425 ι

1877 3168 2091 3223 videtur
2113 3184 2127 3234 ;
2161 3166 2370 3221 scilicet
2405 3180 2502 3237 per
2526 3166 2916 3223 inhabitantem
2941 3168 3362 3248 [inhabitatum]
3389 3179 3456 3233 ad

1878 3257 2227 3319 habitantem,
2261 3272 2358 3326 per
2383 3257 2747 3312 irrationalem
2777 3259 2844 3312 ad
2868 3260 3204 3329 rationalem,
3229 3280 3326 3333 per
3346 3268 3454 3322 ina.

1877 3350 2129 3406 nimalem
2166 3352 2232 3405 ad
2259 3349 2565 3404 animalem.
2615 3349 2940 3406 Omittamus
2967 3361 3182 3421 etetera,
3225 3357 3453 3417 dicendo

1878 3444 1943 3499 de
1993 3442 2348 3514 prmseutibus
2394 3460 2406 3496 :
2440 3455 2539 3512 per
2583 3442 2972 3498 inhabitantem
3024 3444 3449 3525 [inhabitatum]

1875 3535 1942 3589 ad
1970 3532 2321 3599 habitantem,
2383 3534 2524 3590 sicut
2568 3534 2671 3590 hoc
2712 3534 2958 3603 inloco;
3017 3546 3075 3593 et
3125 3539 3268 3595 sicut
3320 3542 3452 3599 alibi
3533 3569 3551 3583 -

1878 3624 2135 3679 Dominus
2158 3624 2326 3680 dicit:
2362 3643 2381 3676 ι
2409 3624 2765 3693 llierusalem,
2805 3642 2925 3697 qua:
2967 3629 3171 3685 occidis
3212 3632 3451 3703 prophe-

1875 3722 1977 3779 tas,
2003 3714 2276 3785 etlapidas
2290 3730 2385 3771 eos
2398 3716 2490 3784 qui
2506 3715 2571 3769 ad
2589 3722 2642 3771 te
2661 3715 2811 3771 missi
2831 3725 2959 3772 sunt
2979 3717 3192 3788 (Matth.
3210 3721 3392 3794 xxiii).
3423 3741 3444 3775 ι

1873 3804 2026 3860 Sicut
2047 3806 2189 3859 enim
2209 3806 2301 3870 ibi,
2334 3805 2408 3859 ita
2422 3813 2477 3860 et
2497 3805 2608 3871 hic,
2627 3821 2732 3861 non
2747 3821 2909 3877 super
2928 3804 3263 3866 Hierusalem
3277 3810 3446 3879 ﬂevit,

1870 3899 1963 3952 sed
1977 3913 2139 3967 super
2152 3897 2483 3952 habitatores
2504 3898 2740 3968 ejusdem
2760 3899 3018 3965 civitatis,
3033 3898 3228 3971 quibus
3241 3908 3271 3957 a
3289 3902 3449 3960 flente

1871 3990 2098 4044 Domino
2121 3988 2317 4043 dicitur
2346 4006 2359 4041 :
2388 4005 2408 4037 ι
2438 3987 2571 4054 Quia
2591 3988 2634 4042 si
2667 3990 3010 4059 cognovisses
3032 3998 3086 4045 et
3107 3999 3182 4057 tu,
3214 4011 3231 4043 ι
3250 3992 3447 4048 subau-

1869 4080 2035 4145 ditur,
2091 4079 2264 4133 llercs.
2310 4097 2329 4129 ι
2364 4079 2429 4133 Ει
2455 4079 2670 4148 quidem
2714 4080 2765 4132 in
2804 4080 2905 4133 hac
2948 4082 3034 4134 die
3064 4089 3173 4144 tua,
3214 4098 3335 4152 quae
3375 4084 3446 4138 ad

1866 4186 2052 4242 pacem
2083 4170 2198 4233 tibi,
2250 4184 2390 4223 nunc
2425 4178 2605 4223 autem
2646 4170 2960 4224 abscondita
3005 4180 3133 4225 sunt
3163 4173 3229 4226 ab
3271 4173 3444 4228 oculis

1867 4261 1970 4316 tuis
1998 4259 2151 4332 (Luc.
2182 4259 2318 4329 XIX).
2351 4279 2368 4310 ι
2400 4259 2455 4314 ln
2505 4259 2591 4314 die
2620 4260 2761 4314 enim
2801 4275 2897 4314 sua
2926 4275 3180 4330 perversa
3224 4263 3442 4331 civitas,

1862 4367 1947 4419 ea,
1977 4368 2097 4424 qua:
2119 4351 2183 4406 ad
2203 4365 2389 4423 pacem
2417 4351 2516 4405 sibi
2544 4359 2721 4416 erant,
2754 4351 3022 4416 habebat;
3053 4353 3177 4421 quia
3219 4354 3445 4412 extolle-

173 4452 408 4500 centes:
442 4458 466 4495 ‹
494 4442 816 4500 Benedictus
838 4444 931 4514 qui
962 4446 1108 4500 venit
1156 4444 1269 4501 ilex
1309 4445 1361 4499 in
1403 4448 1621 4501 nomine
1646 4442 1756 4503 Do-
1786 4436 1839 4498 D
1860 4444 2018 4499 batur
2050 4444 2103 4499 in
2154 4443 2467 4509 honoribus,
2500 4442 2830 4515 gloriabatur
2861 4443 2916 4498 in
2953 4442 3322 4512 facultatibus,
3350 4447 3443 4504 ιω-

176 4536 339 4603 mini,
380 4550 485 4606 pax
516 4536 570 4591 in
602 4535 740 4591 coelo
761 4544 815 4591 et
840 4538 1006 4609 gloria
1044 4538 1098 4592 in
1121 4536 1351 4592 excelsis
1377 4535 1529 4606 (Luc.
1552 4538 1688 4611 xix).
1733 4556 1752 4591 ι

176 4627 253 4683 Et
299 4627 518 4697 quidam
561 4625 953 4682 Pharisaeorum
1001 4627 1256 4681 dixerunt
1286 4627 1353 4680 ad
1376 4625 1523 4681 illum
1551 4644 1565 4681 :
1595 4647 1613 4678 ι
1648 4627 1758 4682 Ma-

174 4719 371 4789 gister,
422 4716 643 4787 increpa
700 4716 994 4786 discipulos
1036 4724 1157 4783 tuos
1218 4715 1428 4788 (lbid.).
1487 4736 1506 4769 ι
1553 4716 1758 4783 Quibus

176 4809 297 4877 ipse
324 4808 400 4860 ait
428 4823 442 4861 :
482 4825 500 4858 ι
538 4806 667 4862 Dico
692 4807 864 4871 vobis,
896 4806 1021 4875 quia
1062 4807 1104 4860 si
1136 4806 1192 4860 hi
1224 4805 1512 4872 tacuerint,
1553 4805 1757 4875 lapides

175 4898 492 4953 clamabunt
520 4897 732 4969 (lbid.).
769 4917 788 4950 ι
818 4894 976 4951 Juxta
1004 4898 1117 4952 lucc
1148 4897 1307 4952 verba
1347 4894 1619 4968 subiungit
1645 4895 1754 4949 Lu-

176 5006 275 5046 cas
298 4989 629 5062 evangelista
665 5007 678 5043 :
728 5007 745 5039 ι
784 4988 851 5043 Ει
880 4997 939 5043 ιιι
965 4988 1416 5058 appropinquavit
1438 4985 1597 5042 Jesus
1626 4987 1751 5041 l-lie-

179 5080 437 5147 rusalem,
462 5080 649 5135 videns
675 5078 968 5144 civitatem,
994 5078 1138 5133 llevit
1162 5092 1323 5147 super
1339 5077 1503 5140 illam,
1530 5076 1748 5131 dicens:

178 5166 315 5239 Quia
343 5171 391 5226 si
422 5170 766 5242 cognovisses
789 5178 844 5225 et
884 5178 963 5237 tu,
1000 5177 1106 5225 etc.
1146 5168 1333 5241 (Ibid.)
1371 5186 1390 5220 ι
1421 5167 1753 5224 Condolebat

178 5260 435 5317 Dominus
458 5262 731 5317 interitum
758 5260 977 5332 perﬁda:
999 5260 1254 5326 civitatis,
1290 5274 1451 5329 quem
1477 5257 1753 5314 nesciebat

180 5354 293 5424 ipsa
347 5354 450 5409 sibi
492 5367 612 5409 esse
666 5362 974 5407 venturum.
1025 5350 1142 5406 Non
1190 5350 1613 5406 existimandum
1664 5355 1750 5404 est

176 5443 319 5514 quod
357 5440 564 5499 fleverit
600 5443 854 5499 Dominus
886 5442 1107 5514 pulchra
1146 5441 1343 5497 mmnia
1374 5440 1629 5505 civitatis,
1655 5447 1751 5497 aut

177 5536 401 5592 aedilicia
446 5550 747 5601 murorum,
775 5545 868 5591 aut
895 5535 1209 5591 altitudines
1231 5535 1479 5597 turrium,
1526 5534 1618 5587 sed
1648 5549 1747 5605 per

1863 4533 2078 4591 tabatur
2115 4532 2168 4589 in
2197 4534 2420 4599 divitiis,
2446 4534 2500 4589 in
2527 4534 2853 4589 abundantia
2915 4549 3117 4600 rerum,
3170 4537 3224 4592 in
3253 4537 3441 4593 fecun-

1859 4627 2029 4683 ditate
2060 4626 2246 4697 prolis,
2278 4635 2332 4681 et
2364 4627 2416 4681 in
2439 4626 2671 4681 sanitate
2714 4639 3018 4695 corporum.
3059 4626 3126 4680 Et
3145 4627 3295 4697 quia,
3319 4643 3440 4698 quae

1858 4720 1925 4775 ad
1953 4733 2138 4790 pacem
2165 4726 2482 4787 praesentem
2522 4717 2886 4786 pertinebant,
2918 4716 3168 4781 habebat,
3202 4714 3435 4773 futuram

1857 4811 2030 4865 rixam
2083 4825 2187 4865 non
2242 4808 2590 4880 praevidebat.
2640 4805 2793 4861 Unde
2835 4818 2890 4861 et
2938 4816 3085 4861 recte
3139 4806 3431 4861 subditur:

1861 4920 1880 4953 ι
1906 4900 2057 4955 Nunc
2076 4909 2253 4954 autem
2275 4899 2588 4955 abscondita
2607 4904 2726 4952 sunt
2755 4896 2823 4950 ab
2845 4895 3014 4951 oculis
3039 4900 3145 4950 tuis
3172 4894 3383 4968 (Ibid.).
3409 4914 3429 4947 ο

1852 4991 2099 5048 Ρι-ωεριιε
2145 4992 2344 5061 quippe
2386 4989 2636 5059 gaudium
2689 4985 3090 5041 tribulationem
3147 4984 3428 5040 all‘erebat.

1854 5085 1931 5141 De
1958 5100 2064 5154 qua
2102 5082 2445 5137 tribulatione
2489 5086 2635 5133 recte
2688 5075 3060 5130 subinl'ertur:
3110 5095 3128 5126 ι
3165 5072 3302 5142 Quia
3340 5089 3433 5130 ve.

1853 5175 2004 5229 nient
2023 5174 2139 5229 dies
2168 5173 2221 5226 in
2253 5183 2320 5236 te,
2353 5177 2407 5225 et
2432 5165 2841 5224 circumdabunt
2863 5172 2915 5219 te
2936 5164 3135 5219 inimici
3166 5165 3243 5219 tui
3266 5163 3430 5229 vallo,

1852 5272 1906 5320 et
1942 5262 2353 5320 circumdabunt
2376 5267 2449 5326 te,
2475 5266 2532 5312 et
2567 5256 2706 5311 ﬁlios
2733 5265 2871 5319 tuos,
2895 5253 2987 5324 qui
3021 5253 3073 5306 in
3106 5263 3157 5308 te
3185 5260 3330 5317 sunt,
3372 5261 3429 5310 et

1850 5370 1959 5411 non
2007 5352 2317 5423 relinquent
2362 5348 2416 5403 in
2464 5356 2518 5402 te
2571 5345 2801 5416 lapidem
2858 5357 3018 5412 super
3061 5340 3316 5412 lapidem,
3359 5353 3429 5395 eo

1850 5443 1991 5517 quod
2014 5458 2120 5498 non
2137 5438 2454 5513 cognoveris
2471 5445 2680 5507 tempus
2703 5433 3024 5492 visitationis
3044 5428 3375 5502 tuas(lbid.).
3398 5446 3422 5481 ι

1920 5536 2163 5604 Qualiter
2191 5542 2370 5587 autem
2418 5530 2533 5585 haec
2559 5528 2719 5583 verba
2762 5526 2916 5596 juxta
2942 5524 3177 5579 litteram
3203 5520 3427 5590 impleta

177 5629 541 5701 metaphoram
573 5627 903 5684 habitatores
951 5628 1109 5685 deﬂet
1149 5626 1401 5683 civitatis.
1436 5625 1528 5680 Est
1565 5631 1742 5680 autem
1846 5628 1974 5693 sint,
2005 5627 2057 5680 in
2086 5624 2436 5679 subversionc
2481 5619 2721 5691 ejusdem
2770 5615 3003 5673 civitatis
3033 5620 3090 5667 ct
3116 5610 3296 5681 populi
3327 5608 3424 5701 Juf

180 5724 487 5796 metaphora
556 5730 763 5795 tropus,
813 5734 871 5779 ut
914 5723 1221 5780 Graecorum
1296 5737 1359 5778 ac
1424 5719 1741 5775 Latinorum

1846 5715 2008 5781 dairi,
2032 5713 2298 5783 Joseplms
2343 5708 2808 5782 historiograpbus
2830 5703 3063 5777 pleniter
3098 5707 3305 5767 narrat,
3330 5700 3425 5773 qui
