3948 6328
202 323 303 379 969
1287 324 1375 380 DE
1411 322 1885 381 SUBYERSlONE
1922 323 2345 380 JERUSALEM.
3338 333 3443 390 970

270 439 396 495 llaec
422 455 485 494 ex
517 438 749 510 Josepho
775 441 1350 505 commemoravimus,
1377 449 1436 494 ut
1472 440 1763 494 veridicam
1797 445 1840 500 Α
1875 459 1894 490 ‹
1930 441 2067 495 coelo
2093 443 2344 511 cognovit
2384 451 2595 513 tempus
2645 459 2802 499 suum
2823 485 2837 509 ,
2871 452 3069 512 turtur,
3093 455 3149 502 et
3188 448 3440 520 hirundo,

207 527 413 588 Domini
440 531 762 586 sententiam
791 529 960 585 fuisse
987 532 1346 601 approbemus
1367 570 1381 595 ,
1413 530 1536 598 quia
1580 530 1715 584 dixit
1747 548 1760 584 :
1875 547 1894 580 ι
1930 539 1983 582 et
2005 530 2209 584 ciconia
2232 532 2603 586 custodierunt
2623 544 2831 604 tempus
2855 535 3114 592 adventus
3135 540 3216 593 sui
3241 558 3256 594 :
3278 539 3442 599 Israel

208 640 224 672 ι
259 621 393 689 Quia
427 631 644 676 venient
674 623 816 684 dies,
843 632 899 677 et
923 623 1334 677 circumdabunt
1375 631 1425 676 te
1455 621 1656 676 inimici
1688 622 1763 676 tui
1875 636 1894 669 ι
1928 629 2105 672 autem
2130 635 2214 674 me
2239 635 2342 673 non
2374 624 2655 689 cognmit,
2699 633 2754 679 et
2779 626 3007 696 populus
3036 643 3188 684 meus
3219 646 3308 687 me
3332 648 3439 691 non

209 712 431 777 tvallo,
475 719 530 768 et
574 713 985 767 circumdabant
1030 723 1113 776 te,
1165 722 1220 768 et
1261 713 1686 784 coangustabunt
1715 722 1766 767 te
1874 726 1894 759 ι
1937 708 2201 763 intellexit
2229 709 2360 781 (λεν.
2392 714 2530 781 viti).
2579 733 2596 764 ι

205 822 225 858 t
258 805 524 874 undique,
567 813 624 860 et
667 805 735 859 ad
782 815 981 860 terram
1017 815 1360 875 prosternent
1408 813 1488 870 te,
1533 815 1588 859 et
1629 805 1766 860 ﬁlios
1937 799 2048 855 Nec
2089 801 2258 855 solum
2285 817 2381 872 per
2412 805 2760 875 semetipsum
2805 822 2901 864 eos
2931 807 3189 866 Dominus
3215 813 3438 872 visitare

203 919 223 952 ι
262 909 411 964 tuos,
441 898 531 969 qui
562 899 614 952 in
656 909 706 953 te
731 908 886 963 sunt,
935 908 988 954 et
1033 915 1136 954 non
1187 899 1488 967 relinquent
1517 899 1568 952 in
1602 908 1652 950 te
1690 897 1766 950 la—
1867 891 2118 962 dignatus
2141 902 2254 959 est,
2283 895 2375 948 sed
2399 896 2559 949 etiam
2596 907 2715 966 post
2743 914 2894 953 suam
2924 903 3295 959 ascensionem
3341 921 3439 976 per

203 1012 219 1042 ι
256 992 431 1061 pidem
478 1007 640 1061 super
683 991 947 1061 lapidem,
995 1007 1061 1046 eo
1107 991 1249 1060 quod
1295 1006 1400 1044 non
1448 990 1766 1059 cognoveris
1867 985 2218 1055 Quadraginta
2260 994 2313 1039 et
2346 986 2480 1040 duos
2513 1003 2681 1042 annos
2707 990 2871 1043 variis
2899 991 3066 1060 signis
3095 1002 3148 1047 et
3181 996 3439 1067 prodigiis

203 1099 221 1133 ο
263 1091 471 1151 tempus
501 1082 826 1136 visitationis
871 1090 975 1136 tua:
1025 1081 1174 1150 (Luc.
1234 1083 1311 1145 χ).
1353 1101 1371 1132 ι
1424 1082 1547 1136 Inde
1601 1082 1765 1134 etiam
1865 1089 1930 1129 ac
1958 1077 2221 1144 portentis
2252 1093 2354 1131 non
2381 1077 2553 1132 solum
2580 1093 2672 1134 eos
2702 1080 2966 1147 visitavit,
2999 1085 3092 1138 sed
3133 1085 3296 1141 etiam
3328 1097 3436 1142 ter-

198 1172 300 1228 alio
341 1172 396 1226 in
432 1170 550 1226 loco
590 1172 721 1226 dicit
770 1173 1027 1226 Dominus
1063 1173 1130 1225 ad
1173 1171 1502 1242 discipulos:
1535 1189 1554 1221 ι
1593 1172 1762 1226 Amen
1868 1166 1993 1219 ruit.
2025 1167 2263 1232 Etenim,
2293 1168 2433 1221 sicut
2479 1169 2615 1222 idem
2660 1167 2924 1239 Josephus
2964 1184 3176 1240 narrat,
3202 1178 3435 1246 quadam

195 1282 217 1315 ο
255 1263 374 1318 dico
412 1264 596 1327 vobis,
631 1279 734 1317 non
761 1265 1095 1334 ι-ρηηειηριιη-
1120 1264 1172 1319 in
1203 1280 1265 1318 ρει
1299 1265 1432 1334 lapis
1481 1279 1644 1333 super
1683 1265 1762 1318 ta-
1865 1255 1952 1309 die
1978 1255 2191 1310 admota
2217 1257 2266 1310 in
2291 1259 2556 1314 sacriﬁcio
2581 1260 2743 1314 vitula
2773 1262 2929 1316 enixa
2951 1271 3032 1319 est
3059 1281 3271 1336 agnam.
3298 1266 3434 1324 Sera

195 1373 216 1405 α
256 1355 464 1423 pidem,
511 1355 602 1424 qui
655 1370 759 1408 non
810 1355 1118 1409 destruatur
1168 1355 1383 1425 (Matth.
1435 1356 1604 1427 xxrv).
1645 1375 1663 1408 ι
1700 1356 1768 1410 Et
1865 1350 2027 1404 ollam
2073 1351 2288 1422 templi,
2339 1367 2457 1421 quae
2492 1355 2622 1408 lauti
2652 1356 2904 1424 ponderis
2933 1367 3049 1412 erat
3093 1369 3150 1412 ut
3177 1361 3264 1414 vix
3295 1377 3325 1414 a
3353 1361 3436 1416 vi-

189 1440 318 1496 alibi
347 1457 363 1494 :
401 1461 420 1492 ι
455 1441 587 1500 Cum
616 1443 861 1496 videritis
895 1443 1228 1497 ilierusalem
1265 1445 1332 1497 ab
1364 1444 1608 1498 hostibus
1651 1444 1762 1498 cir-
1864 1441 1999 1508 ginti
2026 1441 2156 1496 viris
2185 1445 2388 1497 moveri
2420 1454 2632 1514 posset.
2675 1462 2771 1515 per
2809 1462 2957 1501 seme
2984 1449 3150 1517 ipsam
3177 1459 3260 1504 est
3286 1466 3434 1508 rese.

191 1553 215 1586 ‹
252 1533 490 1588 cumdari
520 1573 535 1597 ,
581 1533 773 1588 scitote
818 1534 942 1603 quia
990 1549 1157 1604 prope
1208 1544 1290 1588 est
1346 1535 1605 1589 desolatio
1647 1535 1762 1603 ejus
1862 1539 2004 1584 rata.
2036 1531 2207 1586 Media
2231 1541 2408 1587 autem
2459 1543 2615 1589 nocte
2642 1537 2713 1590 ita
2747 1536 2834 1592 lux
2869 1537 2919 1590 in
2951 1538 3144 1607 templo
3172 1539 3315 1594 clara
3342 1555 3432 1596 re-

190 1647 211 1675 σ
247 1624 397 1696 (Luc.
423 1625 557 1693 xxi).
591 1645 608 1676 ι
638 1625 966 1680 Monstratur
995 1626 1144 1681 locus
1165 1641 1336 1697 usque
1361 1627 1413 1680 in
1441 1627 1760 1681 hodiernum
1862 1621 2044 1686 fulsit.
2097 1633 2155 1678 ut
2197 1640 2227 1678 a
2271 1626 2540 1682 nonnullis
2588 1629 2760 1682 inedia
2805 1629 2921 1684 dies
2966 1637 3248 1698 putaretur
3293 1647 3432 1688 esse.

182 1719 329 1773 diem
352 1758 367 1777 ,
397 1718 522 1786 quia
554 1717 606 1770 in
637 1717 824 1772 eodem
865 1717 1011 1783 loco,
1043 1719 1133 1772 ubi
1163 1727 1287 1774 tunc
1314 1719 1416 1772 sita
1447 1727 1592 1780 erat,
1624 1718 1758 1787 lapis
1862 1713 2014 1781 Quod
2040 1715 2208 1785 ignari
2235 1720 2893 1785 cernentes,a'stitnabant
2913 1738 3169 1793 prospera
3191 1723 3290 1778 sibi
3313 1738 3437 1780 esse

180 1823 351 1878 super
384 1809 614 1879 lapidem
647 1825 753 1862 non
789 1810 1068 1864 remansit.
1116 1808 1220 1865 Sed
1253 1819 1435 1880 postea
1469 1809 1602 1864 foris
1627 1825 1754 1878 por-
1788 1806 1833 1864 Β
1863 1812 2085 1860 ven‘tura
2107 1847 2122 1872 ,
2153 1809 2244 1861 scd
2273 1809 2545 1878 sapientes
2574 1813 2794 1866 minime
2823 1812 2979 1867 latuit
3006 1814 3281 1870 interitum
3310 1815 3437 1870 civi-

180 1910 294 1954 tam
331 1901 594 1965 civitatis,
626 1900 714 1954 ubi
746 1900 1004 1955 Dominus
1035 1901 1329 1956 cruciﬁxus
1355 1900 1484 1965 fuit,
1516 1901 1582 1954 ab
1610 1899 1756 1954 zElio
1857 1897 1984 1950 tatis
2012 1897 2326 1968 signiﬁcari.
2375 1901 2644 1970 Strepitus
2683 1919 2896 1974 quoque
2937 1915 2993 1960 et
3030 1922 3190 1962 voces
3233 1909 3432 1965 audita

175 1995 424 2050 Adriano
471 1995 792 2050 remdilicata
850 2003 964 2059 est,
1027 2005 1082 2051 et
1133 2012 1277 2051 nunc
1321 1995 1465 2050 Ailia
1510 2005 1733 2050 vocatur

1873 1995 1980 2040 iunt
2006 1987 2058 2041 in
2092 1990 2289 2059 templo
2317 1991 2608 2046 dicentium
2642 2013 2652 2047 :
2684 1994 3044 2051 Transeamus
3072 1999 3140 2052 ab
3179 2000 3264 2055 his
3289 2001 3432 2055 sedi-

179 2083 357 2139 Tanta
389 2093 568 2140 autem
596 2086 773 2139 vilitas
814 2085 914 2139 fuit
955 2088 1008 2141 in
1047 2087 1318 2157 emptione
1361 2087 1754 2157 mancipiorum
1854 2075 1974 2130 bus.
2003 2077 2206 2133 Currus
2230 2095 2443 2150 quoque
2468 2091 2521 2136 Cl
2543 2082 2753 2151 equites
2781 2084 2918 2152 ignei
2947 2086 3046 2141 νὶδί
3075 2096 3199 2142 sunt
3221 2089 3273 2142 in
3305 2105 3435 2145 acre

173 2175 564 2240 Judaicorum,
612 2186 672 2230 ut
709 2178 898 2232 dantes
942 2193 1108 2232 unum
1157 2187 1502 2248 argenteum,
1536 2179 1753 2248 triginta
1855 2167 2086 2234 deferri,
2128 2169 2402 2226 interitum
2447 2174 2659 2228 miserae
2702 2175 2938 2231 civitatis
2969 2178 3258 2234 minantes.
3293 2179 3434 2236 Ante

172 2269 283 2321 sibi
309 2276 552 2322 emerent
581 2264 811 2322 Iudaeus.
843 2268 910 2322 Et
937 2268 1157 2338 dignum
1199 2269 1278 2322 sic
1321 2267 1421 2321 fuit
1449 2269 1625 2337 utqui
1663 2268 1754 2322 vili
1854 2261 1989 2316 duos
2031 2263 2194 2316 etiam
2224 2280 2395 2319 annos
2444 2265 2772 2322 obsessionis
2811 2284 3030 2333 eorum,
3067 2271 3219 2325 stella
3257 2270 3436 2341 gladio

171 2358 354 2430 pretio
399 2358 682 2413 Dominum
726 2367 1004 2423 emerant,
1034 2358 1126 2413 vili
1174 2357 1525 2413 mercimonio
1553 2357 1755 2413 vende-
1853 2369 1950 2424 per
1970 2355 2148 2408 omnia
2177 2356 2369 2412 similis
2399 2357 2450 2411 in
2479 2359 2616 2414 caelo
2641 2375 2737 2428 per
2760 2368 2927 2415 totum
2951 2358 3150 2416 anme
3183 2363 3436 2431 apparuit

173 2461 390 2504 remur.
1853 2457 2016 2512 super
2043 2445 2341 2500 civitatem.
2370 2446 2478 2502 SeJ
2520 2457 2573 2502 ct
2612 2459 2738 2504 ante
2768 2466 2933 2504 unum
2975 2465 3175 2506 annum
3205 2454 3433 2509 subver~

250 2539 402 2596 Tunc
423 2541 590 2597 etiam
617 2542 966 2612 adimpletum
1001 2550 1085 2598 est
1114 2541 1427 2597 vaticinium
1453 2541 1756 2599 Ezechielis
1852 2531 2019 2586 sionis
2046 2548 2272 2600 eorum.
2304 2537 2522 2606 quidam
2568 2539 2652 2592 vir
2699 2539 2914 2594 nomine
2959 2539 3147 2606 196m.
3191 2542 3434 2614 plebeius

169 2633 453 2702 propheta}
481 2635 623 2702 quod
651 2634 700 2687 ci
730 2651 758 2688 τι
789 2634 1017 2687 Domino
1045 2634 1246 2688 dictum
1274 2634 1449 2688 fuerat,
1477 2652 1490 2686 ε
1524 2653 1542 2684 ς
1577 2635 1644 2688 Et
1674 2645 1752 2699 tu,
1853 2633 1907 2677 Cl.
1936 2624 2200 2688 l‘llSllCllS,
2230 2625 2283 2679 ill
2428 2627 2657 2684 solemni
2683 2628 2905 2684 pilSCll‘J!
2929 2631 3072 2686 inter
3104 2633 3311 2690 medios
3337 2650 3436 2706 ρο·

174 2741 194 2771 ο
241 2723 312 2776 ﬁli
345 2723 605 2787 hominis,
637 2739 790 2778 sume
817 2725 911 2778 tibi
941 2725 1177 2796 gladium
1214 2735 1430 2778 acutum
1474 2725 1753 2780 radentem
1851 2714 2007 2784 PUlOS
2032 2715 2196 2786 οωυίι
2220 2717 2456 2773 Clamare
2481 2727 2536 2773 οι
2566 2720 2744 2776 dicere
2777 2741 2790 2774 ε
2825 2723 2939 2778 ΥΟΧ
2971 2723 3040 2777 δι)
3065 2725 3292 2790 οτίοηῑθ»
3324 2741 3430 2782 νοι

174 2835 196 2867 ι
241 2813 411 2884 pilos,
443 2825 498 2869 et
524 2816 687 2870 ducas
711 2831 832 2870 cum
865 2832 961 2887 per
997 2826 1157 2888 caput
1187 2827 1366 2880 tuum,
1400 2825 1455 2871 et
1492 2819 1714 2873 barbam

1874 2811 1921 2865 Ib
1948 2811 2259 2876 occidente,
2291 2829 2391 2868 vox
2419 2830 2448 2868 a
2475 2824 2705 2885 quatuor
2735 2817 2906 2886 plagis
2952 2819 3072 2873 coeli
3093 2861 3107 2884 ,
3139 2835 3239 2876 vox
3271 2836 3433 2890 super

174 2928 196 2958 ι
239 2916 295 2962 et
336 2908 502 2961 facias
534 2909 656 2962 inde
688 2919 918 2976 quatuor
947 2920 1132 2978 partes
1164 2929 1176 2963 :
1211 2926 1370 2963 unam
1397 2921 1606 2979 partem
1638 2911 1752 2965 dis-
1853 2920 2077 2973 sponsos
2103 2916 2157 2962 et
2189 2923 2451 2976 sponsas,
2483 2924 2587 2964 “0!
2620 2925 2783 2980 ειιρεν
2829 2911 3162 2967 Hierusalem
3193 2921 3246 2967 Cl
3288 2921 3426 2968 ῑεηιο

175 3017 196 3048 ι
239 3011 400 3067 perge
431 2999 482 3051 iu
526 3007 744 3051 ventum
772 3039 786 3062 ,
816 2999 1038 3054 alterum
1084 3001 1285 3070 projice
1315 3002 1365 3054 in
1401 3002 1608 3070 ignem,
1644 3011 1752 3056 ter-
1848 2997 2015 3066 plum.
2043 2998 2284 3069 Cumque
2315 3015 2346 3054 a
2390 3001 2603 3071 populis
2649 3001 2871 3056 nimium
2905 3002 3222 3068 cmderetur,
3257 3004 3430 3061 nulla-

175 3107 198 3138 α
243 3091 370 3142 tiam
402 3088 578 3142 incide
623 3087 802 3154 ferro,
828 3098 884 3146 et
912 3090 1167 3159 reliquias
1205 3090 1309 3162 liga
1341 3091 1398 3145 in
1441 3094 1750 3146 summitate
1851 3096 2010 3142 tenus
2041 3090 2278 3151 tacebat.
2309 3097 2362 3143 et
2392 3105 2513 3145 cum
2552 3091 2693 3146 inter
2737 3091 2944 3162 agello
2991 3094 3236 3161 spiritum
3272 3095 3430 3148 cmit-

173 3200 195 3231 ι
239 3179 384 3250 pallii
432 3180 507 3233 tui
543 3180 759 3248 (Ezech.
792 3181 866 3252 v).
905 3201 922 3234 ι
951 3180 1102 3247 Quod
1133 3191 1299 3236 totum
1331 3190 1457 3238 tunc
1496 3183 1752 3253 adimple-
1777 3163 1821 3224 (ἶ
1855 3185 2022 3242 teret,
2059 3179 2276 3233 alebat:
2316 3177 2408 3230 Vm
2430 3220 2444 3244 ,
2489 3195 2568 3234 va:
2628 3179 3049 3251 Hierosolymis!
3080 3182 3322 3252 Cumque
3357 3189 3438 3240 tot

166 3282 289 3325 tum
319 3279 402 3326 est
431 3271 646 3340 quando
704 3271 805 3325 alia
837 3288 964 3342 pars
1005 3272 1181 3344 populi
1221 3272 1396 3342 gladio
1426 3273 1750 3344 interempta
1850 3283 1915 3324 ac
1941 3269 2106 3323 tantis
2140 3269 2415 3325 miraculis
2442 3278 2496 3324 et
2521 3271 2690 3342 signis
2721 3287 2827 3326 non
2854 3272 3024 3325 solam
3067 3273 3264 3328 visitati
3287 3315 3302 3338 ,
3331 3274 3430 3330 sed

162 3369 294 3426 cst,
321 3362 426 3415 alia
455 3361 577 3430 igne
599 3363 914 3424 combusta,
944 3372 1108 3432 atque
1136 3361 1240 3416 alia
1287 3362 1338 3416 in
1384 3362 1748 3431 captivitatem
1850 3360 2012 3415 etiam
2056 3362 2228 3416 territi
2277 3361 2538 3426 fuissent,
2569 3378 2674 3416 non
2705 3373 2788 3416 cst
2823 3363 3083 3416 mollitum
3116 3380 3212 3418 cor
3241 3379 3429 3420 eorum

162 3457 482 3520 destinata,
533 3472 654 3527 qua:
698 3459 980 3527 captivitas
1009 3473 1179 3527 usque
1213 3458 1373 3512 hodie
1423 3459 1476 3512 in
1523 3458 1750 3511 miseros
1850 3448 1916 3503 ad
1959 3451 2368 3518 pmnitentiam,
2421 3452 2515 3508 sed
2563 3453 2617 3507 in
2666 3453 2777 3510 suis
2825 3453 3045 3509 malitiis
3086 3464 3144 3511 et
3190 3456 3426 3528 peccatis

159 3545 386 3602 Iudaeos
428 3562 527 3616 per
573 3556 742 3601 totum
790 3549 1046 3603 mundum
1095 3548 1374 3618 perdurat.
1423 3547 1526 3603 Per
1578 3548 1748 3617 ipsam
1847 3551 2351 3610 perseveraverint!-

159 3651 410 3706 namquc
437 3645 647 3707 partem
676 3653 836 3704 quam
869 3638 1130 3707 propheta
1175 3639 1229 3692 in
1279 3638 1455 3708 ignem
1487 3637 1746 3707 proiecit,
1917 3629 2102 3699 Neque
2147 3631 2368 3702 dignum
2415 3642 2534 3688 erat
2579 3642 2638 3692 ut
2666 3633 2782 3690 sine
2811 3634 3016 3691 ultione
3046 3645 3422 3700 remanerent,

159 3729 480 3798 intelligere
509 3729 767 3785 debemus
814 3745 908 3784 eos
956 3731 1045 3799 qui
1091 3731 1156 3784 de
1203 3729 1400 3800 populo
1441 3727 1746 3785 Judmomm
1848 3721 1938 3790 qui
1970 3722 2132 3776 lautis
2156 3725 2448 3779 sceleribus
2474 3726 2685 3780 fuerant
2709 3735 2990 3792 auctores,
3029 3745 3257 3800 quorum
3291 3730 3424 3784 ultio

156 3821 297 3893 igne
325 3822 636 3889 perierunt,
669 3821 781 3874 sive
813 3823 1145 3876 combustam
1177 3823 1340 3874 etiam
1388 3821 1455 3874 ab
1501 3821 1624 3876 imis
1672 3821 1750 3877 ci-
1847 3813 1902 3868 in
1932 3815 2142 3871 actibus
2171 3817 2330 3872 Elisei
2380 3821 2656 3888 propheta:
2695 3820 3038 3892 prteﬁgurata
3067 3832 3182 3887 est,
3209 3823 3428 3892 quando

151 3914 414 3967 vitalem.
447 3911 550 3966 Per
580 3926 697 3965 eam
724 3922 931 3981 partem
962 3927 1122 3980 quam
1148 3912 1334 3966 incidit
1360 3910 1504 3967 ferro
1523 3953 1538 3976 ,
1566 3922 1747 3967 osten-
1846 3903 2181 3986 descendens
2200 3906 2265 3960 de
2289 3906 2525 3978 Galgalis
2547 3911 2698 3979 pueri
2725 3912 3054 3967 insultahant
3073 3915 3120 3968 ei
3145 3913 3386 3970 dicentes
3409 3929 3427 3967 :

152 4002 251 4058 dit
277 4018 372 4056 eos
399 4001 489 4072 qui
527 3999 796 4056 interfecti
831 4010 954 4056 sunt
981 4003 1179 4073 gladio.
1217 4001 1320 4056 Per
1344 4012 1553 4072 partem
1584 4019 1744 4071 quain
1851 4013 1870 4044 ι
1903 3996 2178 4060 Ascendit,
2205 3997 2382 4060 (δίκε,
2419 4001 2650 4054 ascende
2673 4040 2687 4063 _.
2719 4002 2870 4055 calve
2897 4001 3000 4072 (IV
3032 4001 3160 4072 Reg.
3187 4003 3270 4074 tt).
3308 4022 3326 4053 ι
3356 4002 3430 4060 At

151 4092 432 4163 dispersit,
484 4091 536 4145 in
586 4100 801 4146 ventum
823 4131 837 4154 ,
867 4092 1201 4146 demonstrat,
1237 4106 1331 4146 cos
1379 4092 1470 4161 qui
1519 4093 1746 4162 dispersi
1847 4083 1936 4137 ille
1968 4086 2245 4140 maledixit
2275 4089 2354 4142 eis
2388 4089 2438 4141 in
2483 4090 2698 4144 nomine
2727 4085 2968 4157 Domini,
2995 4100 3050 4145 ct
3086 4094 3290 4162 egressi
3316 4093 3426 4151 duo

149 4191 301 4240 sunt
330 4185 382 4237 in
416 4182 778 4251 captivitatem
828 4196 924 4252 per
968 4182 1181 4236 diversa
1227 4181 1398 4251 spatia
1443 4181 1610 4235 orbis.
1643 4181 1748 4235 Per
1845 4176 1958 4229 ursi
2007 4177 2074 4230 de
2121 4175 2261 4230 saltu
2310 4178 2705 4233 devoraverunt
2749 4197 2813 4234 ex
2862 4181 2941 4236 eis
2971 4182 3329 4254 quadraginta
3370 4192 3432 4241 et

148 4274 406 4348 gladium
427 4315 440 4338 ,
470 4289 628 4342 quem
659 4275 947 4344 cvaginare
971 4273 1131 4343 jussit
1160 4283 1281 4342 post
1312 4273 1412 4328 ista
1435 4314 1450 4338 ,
1478 4274 1747 4343 generalis
1846 4269 1980 4323 duos
2027 4284 2240 4338 pueros.
2287 4269 2390 4325 Per
2433 4271 2666 4327 Eliseum
2734 4273 3081 4346 intelligimus
3136 4274 3426 4345 Dominum

143 4365 448 4439 percussio
474 4365 685 4419 Domini
729 4365 1040 4434 intelligitur
1072 4365 1126 4418 in
1157 4365 1344 4418 eodem
1385 4364 1600 4434 pepulo.
1643 4363 1748 4417 Per
1846 4359 2118 4415 Christum
2141 4402 2154 4425 ,
2182 4362 2271 4429 qui
2297 4362 2490 4416 ductus
2521 4380 2551 4417 a
2597 4362 2797 4418 Judaris
2826 4365 2876 4418 in
2910 4365 3084 4419 locum
3108 4367 3201 4434 qui
3229 4365 3430 4421 dicitur

144 4456 428 4525 reliquias
457 4470 590 4525 quas
620 4455 674 4508 in
709 4457 1019 4510 summitate
1065 4454 1208 4525 pallii
1256 4455 1422 4525 ligare
1442 4455 1634 4524 jussit,
1668 4455 1742 4510 si-
1774 4507 1820 4525 ἢ
1847 4450 2108 4506 Calvarite
2138 4452 2313 4517 locus,
2346 4455 2411 4507 ad
2443 4455 2899 4524 cruciﬁgcndum;
2934 4457 3073 4511 sicut
3103 4457 3314 4512 Eliseus
3340 4465 3430 4513 est:

145 4545 391 4617 gniﬁcat
419 4558 514 4599 eos
538 4545 628 4614 qui
656 4544 722 4598 de
751 4544 937 4598 eadem
974 4553 1130 4614 gente
1175 4544 1226 4597 in
1273 4545 1378 4598 ﬁne
1415 4543 1591 4598 surculi
1621 4559 1742 4598 cre-
1774 4507 1822 4566 Ι)
1849 4558 1879 4595 a
1932 4543 2113 4613 puet-is
2143 4543 2364 4608 irrisus,
2399 4545 2470 4598 ita
2500 4556 2554 4599 ct
2582 4545 2673 4600 Dei
2706 4545 2872 4601 Filius
2896 4562 2924 4601 a
2951 4546 3148 4602 Iudaeis
3173 4555 3256 4602 est
3282 4547 3430 4604 delu-

145 4636 333 4694 dituri
362 4644 507 4691 sunt.
531 4636 708 4703 Quare
733 4650 864 4690 vero
889 4644 995 4688 tam
1019 4635 1147 4689 dura
1175 4634 1253 4688 eis
1273 4635 1587 4699 acciderint,
1616 4635 1744 4690 sub-
1847 4648 1970 4695 sus,
2005 4634 2220 4700 quando
2258 4633 2536 4690 flectentes
2567 4651 2740 4703 genua
2770 4637 3018 4691 dicebant
3048 4655 3062 4690 :
3100 4656 3119 4689 t
3153 4638 3298 4703 Ave,
3329 4656 3427 4696 rex

145 4722 423 4788 infertur,
465 4740 484 4774 ι
529 4739 594 4778 eo
630 4723 773 4793 quod
827 4738 933 4776 non
982 4723 1296 4793 cognoveris
1326 4732 1536 4793 tempus
1561 4724 1746 4778 visita-
1853 4741 1871 4772 t
1906 4721 2212 4776 Judteorum
2259 4722 2474 4794 (Matth.
2508 4726 2701 4796 xxvii).
2740 4745 2759 4776 )
2793 4727 2859 4780 Et
2909 4728 3057 4781 item.
3094 4745 3112 4776 ι
3153 4727 3208 4782 Si
3257 4729 3425 4785 Filius

153 4837 177 4865 α
222 4813 392 4869 tionis
423 4822 528 4868 tua:
557 4812 710 4884 (Luc.
745 4813 881 4881 xix).
917 4833 936 4865 ι
972 4813 1123 4867 Tunc
1152 4813 1349 4883 quippe
1379 4828 1472 4867 eos
1507 4814 1747 4867 visitavit
1852 4831 1870 4862 ι
1913 4812 2004 4866 Dei
2023 4814 2513 4871 est.descendatde
2533 4830 2714 4878 cruce,
2734 4823 2788 4869 et
2807 4816 3090 4871 credemus
3105 4817 3154 4871 ei
3174 4816 3418 4886 (lbid.).t

144 4907 386 4980 quando
424 4908 565 4960 inter
597 4920 692 4959 eos
725 4905 992 4959 incarnari
1035 4904 1234 4969 voluit,
1267 4921 1428 4975 quam
1471 4905 1742 4960 visitatio-
1846 4903 1911 4958 Et
1937 4904 2300 4972 percutientes
2343 4921 2465 4960 eum
2503 4905 2798 4960 dicebant:
2836 4925 2854 4957 ι
2889 4906 3211 4977 Pr0phetiza
3240 4909 3424 4974 nobis,

145 5013 293 5055 nem
325 4996 544 5068 optabat
589 4995 875 5050 Psalmista
921 4995 1106 5051 dicens
1150 5013 1164 5049 :
1203 5015 1222 5048 ι
1262 4997 1428 5051 Visita
1480 5011 1606 5061 nos,
1640 4997 1743 5050 Do-
1850 5016 1868 5047 ι
1895 4997 2131 5060 Christe,
2149 4997 2240 5067 qui
2257 5006 2338 5051 est
2355 4997 2448 5067 qui
2474 5005 2524 5051 te
2549 5000 2816 5070 percussit
2846 4999 3059 5068 (Matth.
3086 5002 3256 5074 sua).
3279 5000 3426 5056 tPer

152 5111 176 5143 ο
224 5091 409 5154 mine,
440 5089 493 5144 in
521 5089 742 5144 salutari
787 5099 880 5144 tuo
908 5087 1080 5159 (Psal.
1120 5090 1228 5158 cv).
1265 5109 1284 5141 ›
1333 5091 1406 5144 De
1433 5107 1538 5160 qua
1574 5091 1740 5146 etiam
1845 5090 2993 5164 quadragintaetduospuerosquadraginta
3017 5097 3190 5152 etduo
3212 5098 3421 5154 anniti-

144 5196 210 5234 ct
250 5171 543 5232 Zacharias
588 5196 604 5233 :
653 5197 671 5230 ι
711 5177 990 5241 Visitavit,
1042 5187 1098 5232 et
1142 5177 1267 5234 fecit
1321 5181 1741 5250 redemptionem
1844 5191 2109 5252 gerantur
2148 5182 2345 5251 quibus
2384 5197 2478 5237 eos
2502 5185 2758 5240 Dominus
2806 5189 2874 5240 ad
2915 5189 3286 5256 pmnitentiam
3326 5204 3423 5245 ex-

151 5288 178 5322 c
220 5267 397 5339 plebis
425 5283 532 5323 sum
563 5265 712 5338 (Luc.
739 5267 800 5340 ι).
837 5288 856 5320 ι
895 5268 962 5323 Ει
993 5287 1010 5318 ι
1049 5266 1299 5322 Visitavit
1335 5284 1432 5324 nos
1457 5268 1649 5325 Oriens
1673 5285 1737 5327 es
1845 5273 2136 5343 speetavit,
2167 5275 2262 5328 sed
2293 5274 2398 5329 illis
2423 5276 2690 5344 paenitere.
2729 5277 3036 5334 nolentibus
3063 5282 3266 5352 egressi
3310 5283 3420 5338 duo

151 5379 176 5412 ο
221 5359 337 5414 alto
363 5360 572 5431 (Ibid.).
612 5379 630 5412 ι
669 5361 775 5415 Sed
803 5361 903 5416 hoc
935 5371 1145 5432 tempus
1172 5360 1496 5418 visitationis
1537 5364 1739 5434 perﬁda
1844 5362 1956 5418 ursi
1985 5363 2051 5417 de
2075 5364 2212 5418 saltu
2232 5402 2248 5427 ,
2291 5363 2345 5418 id
2374 5373 2458 5419 est
2485 5365 2592 5421 duo
2620 5368 2798 5438 magni
2829 5369 3102 5440 principes
3140 5371 3418 5426 Romano-

142 5452 363 5510 civitas
407 5468 513 5507 non
563 5454 843 5523 cognovit,
872 5455 998 5524 quia
1047 5454 1266 5510 Christo
1294 5454 1346 5510 in
1378 5471 1541 5510 carne
1575 5471 1742 5527 appa-
1844 5469 1997 5518 rum,
2026 5452 2092 5509 de
2122 5453 2273 5510 silvis
2317 5455 2599 5525 gentilium
2641 5458 3027 5525 adventantes,
3059 5459 3425 5532 Vespasianus

141 5548 360 5605 rente,
382 5542 608 5613 populus
632 5541 937 5597 Iudaeorum
970 5544 1023 5598 in
1054 5559 1178 5600 eum
1217 5545 1438 5600 credere
1467 5555 1743 5617 contemp-
1844 5543 2049 5600 scilicet
2079 5555 2135 5600 et
2161 5545 2348 5610 Titus,
2387 5556 2440 5600 et
2469 5546 2861 5604 interfecerunt
2881 5566 2995 5606 eos.

141 5632 262 5687 sit.
304 5628 454 5687 Unde
478 5639 535 5686 et
557 5632 623 5686 ad
652 5630 907 5686 duritiam
941 5634 1122 5690 cordis
1148 5649 1334 5690 eorum
1367 5651 1495 5691 aves
1537 5636 1657 5692 ρωιί
1688 5639 1740 5692 in
1920 5655 1938 5686 ι
1976 5636 2042 5690 Ει
2064 5637 2340 5708 ingressus
2363 5638 2414 5693 in
2443 5641 2701 5710 templum
2723 5643 2889 5713 erepit
2911 5641 3108 5712 ejicere
3127 5643 3428 5703 vendente;

141 5719 481 5781 testimonio
525 5720 882 5785 deducuntur,
929 5737 1054 5778 cum
1098 5724 1297 5780 dicitur
1329 5743 1341 5779 :
1397 5745 1414 5777 t
1451 5725 1638 5782 Milvus
1686 5729 1738 5784 in
1850 5747 1869 5781 ι
1905 5729 1958 5787 in
1990 5729 2080 5786 illo
2105 5736 2159 5785 et
2180 5739 2452 5797 ementes,
2482 5729 2668 5787 dicens
2693 5731 2799 5788 illis
2831 5732 3148 5804 :_Scriptum
3177 5731 3426 5800 εεινῡον

488 5815 761 5878 Parant.
809 5813 1029 5879 CXIV.
1719 5813 1722 5815 λ
2393 5812 2398 5815 Δ
3026 5824 3102 5891 31
3273 5821 3276 5824 ’
