  <div class='ocr_page' id='page_1' title='image "/cluster/home/n/w/nwhite01/storage/ocr_20150623/114/hvd.32044018909580/493.png"; bbox 0 0 3948 6328; ppageno 0'>
   <div class='ocr_carea' id='block_1_1' title="bbox 512 366 616 422">
    <p class='ocr_par' dir='ltr' id='par_1_1' title="bbox 512 366 616 422">
     <span class='ocr_line' id='line_1_1' title="bbox 512 366 616 422; baseline -0.01 0"><span class='ocrx_word' id='word_1_1' title='bbox 512 366 616 422; x_wconf 75' lang='grc' dir='ltr'><strong>θτι</strong></span> 
     </span>
    </p>
   </div>
   <div class='ocr_carea' id='block_1_2' title="bbox 1012 345 2090 418">
    <p class='ocr_par' dir='ltr' id='par_1_2' title="bbox 1012 345 2090 415">
     <span class='ocr_line' id='line_1_2' title="bbox 1012 345 2090 415; baseline -0.003 -1"><span class='ocrx_word' id='word_1_2' title='bbox 1012 345 1401 415; x_wconf 52' lang='lat' dir='ltr'><strong>“assereret</strong></span> <span class='ocrx_word' id='word_1_3' title='bbox 1443 356 1688 414; x_wconf 72' lang='lat' dir='ltr'><strong>STRABI</strong></span> <span class='ocrx_word' id='word_1_4' title='bbox 1724 356 1927 413; x_wconf 80' lang='lat' dir='ltr'><strong>FULD.</strong></span> <span class='ocrx_word' id='word_1_5' title='bbox 1971 356 2090 413; x_wconf 73' lang='lat' dir='ltr'><strong>tto:</strong></span> 
     </span>
    </p>
   </div>
   <div class='ocr_carea' id='block_1_3' title="bbox 2194 345 3257 418">
    <p class='ocr_par' dir='ltr' id='par_1_3' title="bbox 2194 352 3257 418">
     <span class='ocr_line' id='line_1_3' title="bbox 2194 352 3257 418; baseline 0.006 -7"><span class='ocrx_word' id='word_1_6' title='bbox 2194 355 2330 412; x_wconf 78' lang='lat' dir='ltr'><strong>DPP.</strong></span> <span class='ocrx_word' id='word_1_7' title='bbox 2373 356 2556 413; x_wconf 78' lang='lat' dir='ltr'><strong>PARS</strong></span> <span class='ocrx_word' id='word_1_8' title='bbox 2591 357 2632 413; x_wconf 83' lang='grc'><strong>1.</strong></span> <span class='ocrx_word' id='word_1_9' title='bbox 2672 386 2745 399; x_wconf 89' lang='grc'><strong><em>-</em></strong></span> <span class='ocrx_word' id='word_1_10' title='bbox 2782 352 3257 418; x_wconf 58' lang='grc' dir='ltr'><strong>ΤΗΕΟιΟΟῙΕΑί</strong></span> 
     </span>
    </p>
   </div>
   <div class='ocr_carea' id='block_1_4' title="bbox 3676 367 3787 420">
    <p class='ocr_par' dir='ltr' id='par_1_4' title="bbox 3676 367 3787 420">
     <span class='ocr_line' id='line_1_4' title="bbox 3676 367 3787 420; baseline 0 0"><span class='ocrx_word' id='word_1_11' title='bbox 3676 367 3787 420; x_wconf 61' lang='grc'><strong>93</strong></span> 
     </span>
    </p>
   </div>
   <div class='ocr_carea' id='block_1_5' title="bbox 521 469 3787 539">
    <p class='ocr_par' dir='ltr' id='par_1_5' title="bbox 521 469 3787 539">
     <span class='ocr_line' id='line_1_5' title="bbox 521 469 3787 539; baseline -0.007 -7"><span class='ocrx_word' id='word_1_12' title='bbox 521 501 538 532; x_wconf 80' lang='grc' dir='ltr'><strong>ι</strong></span> <span class='ocrx_word' id='word_1_13' title='bbox 577 494 700 537; x_wconf 86' lang='lat' dir='ltr'><strong>mus</strong></span> <span class='ocrx_word' id='word_1_14' title='bbox 728 492 848 534; x_wconf 86' lang='lat' dir='ltr'><strong>mea</strong></span> <span class='ocrx_word' id='word_1_15' title='bbox 875 475 1066 532; x_wconf 86' lang='lat' dir='ltr'><strong>domus</strong></span> <span class='ocrx_word' id='word_1_16' title='bbox 1103 474 1367 529; x_wconf 81' lang='lat' dir='ltr'><strong>orationis</strong></span> <span class='ocrx_word' id='word_1_17' title='bbox 1402 482 1514 539; x_wconf 83' lang='lat' dir='ltr'><strong>est,</strong></span> <span class='ocrx_word' id='word_1_18' title='bbox 1554 487 1652 528; x_wconf 86' lang='lat' dir='ltr'><strong>vos</strong></span> <span class='ocrx_word' id='word_1_19' title='bbox 1680 479 1861 528; x_wconf 89' lang='lat' dir='ltr'><strong>autem</strong></span> <span class='ocrx_word' id='word_1_20' title='bbox 1889 470 2096 527; x_wconf 77' lang='lat' dir='ltr'><strong>fecistis</strong></span> <span class='ocrx_word' id='word_1_21' title='bbox 2121 472 2173 531; x_wconf 80' lang='grc' dir='ltr'><strong>Α</strong></span> <span class='ocrx_word' id='word_1_22' title='bbox 2199 469 2448 525; x_wconf 82' lang='lat' dir='ltr'><strong>subditur</strong></span> <span class='ocrx_word' id='word_1_23' title='bbox 2486 488 2499 524; x_wconf 92' lang='lat'><strong>:</strong></span> <span class='ocrx_word' id='word_1_24' title='bbox 2537 490 2557 521; x_wconf 73' lang='grc' dir='ltr'><strong>ε</strong></span> <span class='ocrx_word' id='word_1_25' title='bbox 2594 470 2747 527; x_wconf 78' lang='lat' dir='ltr'><strong>Nunc</strong></span> <span class='ocrx_word' id='word_1_26' title='bbox 2786 481 2965 528; x_wconf 59' lang='lat' dir='ltr'><strong>autem</strong></span> <span class='ocrx_word' id='word_1_27' title='bbox 2994 475 3310 531; x_wconf 53' lang='lat' dir='ltr'><strong>abscondi“</strong></span> <span class='ocrx_word' id='word_1_28' title='bbox 3344 486 3475 533; x_wconf 68' lang='lat' dir='ltr'><strong>sum</strong></span> <span class='ocrx_word' id='word_1_29' title='bbox 3506 481 3578 534; x_wconf 60' lang='lat' dir='ltr'><strong>ab</strong></span> <span class='ocrx_word' id='word_1_30' title='bbox 3610 480 3787 537; x_wconf 57' lang='lat' dir='ltr'><strong>om“,</strong></span> 
     </span>
    </p>
   </div>
   <div class='ocr_carea' id='block_1_6' title="bbox 514 560 2099 639">
    <p class='ocr_par' dir='ltr' id='par_1_6' title="bbox 514 560 2099 639">
     <span class='ocr_line' id='line_1_6' title="bbox 514 560 2099 639; baseline -0.006 -13"><span class='ocrx_word' id='word_1_31' title='bbox 514 590 541 627; x_wconf 73' lang='grc' dir='ltr'><strong>ι</strong></span> <span class='ocrx_word' id='word_1_32' title='bbox 579 571 725 625; x_wconf 81' lang='lat' dir='ltr'><strong>illam</strong></span> <span class='ocrx_word' id='word_1_33' title='bbox 771 566 1080 639; x_wconf 78' lang='lat' dir='ltr'><strong>speluncam</strong></span> <span class='ocrx_word' id='word_1_34' title='bbox 1129 565 1397 619; x_wconf 91' lang='lat' dir='ltr'><strong>latronum</strong></span> <span class='ocrx_word' id='word_1_35' title='bbox 1445 562 1596 635; x_wconf 82' lang='lat' dir='ltr'><strong>(Luc.</strong></span> <span class='ocrx_word' id='word_1_36' title='bbox 1622 562 1700 630; x_wconf 90' lang='lat' dir='ltr'><strong>x).</strong></span> <span class='ocrx_word' id='word_1_37' title='bbox 1735 582 1755 615; x_wconf 71' lang='grc' dir='ltr'><strong>ι</strong></span> <span class='ocrx_word' id='word_1_38' title='bbox 1787 560 2099 618; x_wconf 69' lang='grc' dir='ltr'><strong>ΑΞάἱῧετινίι</strong></span> 
     </span>
    </p>
   </div>
   <div class='ocr_carea' id='block_1_7' title="bbox 516 653 2099 727">
    <p class='ocr_par' dir='ltr' id='par_1_7' title="bbox 516 653 2099 727">
     <span class='ocr_line' id='line_1_7' title="bbox 516 653 2099 727; baseline -0.008 -7"><span class='ocrx_word' id='word_1_39' title='bbox 516 679 613 720; x_wconf 81' lang='lat' dir='ltr'><strong>rex</strong></span> <span class='ocrx_word' id='word_1_40' title='bbox 637 660 890 718; x_wconf 78' lang='lat' dir='ltr'><strong>Salomon</strong></span> <span class='ocrx_word' id='word_1_41' title='bbox 919 657 1137 712; x_wconf 88' lang='lat' dir='ltr'><strong>domum</strong></span> <span class='ocrx_word' id='word_1_42' title='bbox 1168 655 1379 711; x_wconf 88' lang='lat' dir='ltr'><strong>Domini</strong></span> <span class='ocrx_word' id='word_1_43' title='bbox 1408 654 1525 727; x_wconf 84' lang='grc' dir='ltr'><strong>(ΙΙΙ</strong></span> <span class='ocrx_word' id='word_1_44' title='bbox 1558 654 1685 726; x_wconf 75' lang='lat' dir='ltr'><strong>Reg.</strong></span> <span class='ocrx_word' id='word_1_45' title='bbox 1717 653 1838 727; x_wconf 81' lang='lat' dir='ltr'><strong>vm)</strong></span> <span class='ocrx_word' id='word_1_46' title='bbox 1865 662 1923 708; x_wconf 91' lang='lat' dir='ltr'><strong>ut</strong></span> <span class='ocrx_word' id='word_1_47' title='bbox 1952 660 2099 708; x_wconf 85' lang='lat' dir='ltr'><strong>esset</strong></span> 
     </span>
    </p>
   </div>
   <div class='ocr_carea' id='block_1_8' title="bbox 516 743 2099 814">
    <p class='ocr_par' dir='ltr' id='par_1_8' title="bbox 516 743 2099 814">
     <span class='ocr_line' id='line_1_8' title="bbox 516 743 2099 814; baseline -0.006 -7"><span class='ocrx_word' id='word_1_48' title='bbox 516 752 710 807; x_wconf 86' lang='lat' dir='ltr'><strong>domus</strong></span> <span class='ocrx_word' id='word_1_49' title='bbox 736 748 1003 805; x_wconf 88' lang='lat' dir='ltr'><strong>orationis</strong></span> <span class='ocrx_word' id='word_1_50' title='bbox 1023 787 1037 811; x_wconf 89' lang='lat'><strong>,</strong></span> <span class='ocrx_word' id='word_1_51' title='bbox 1068 746 1162 801; x_wconf 89' lang='lat' dir='ltr'><strong>sed</strong></span> <span class='ocrx_word' id='word_1_52' title='bbox 1194 760 1224 799; x_wconf 90' lang='lat' dir='ltr'><strong>a</strong></span> <span class='ocrx_word' id='word_1_53' title='bbox 1250 744 1648 809; x_wconf 69' lang='lat' dir='ltr'><strong>sacerdotibus,</strong></span> <span class='ocrx_word' id='word_1_54' title='bbox 1680 743 1774 814; x_wconf 86' lang='lat' dir='ltr'><strong>qui</strong></span> <span class='ocrx_word' id='word_1_55' title='bbox 1802 743 2099 798; x_wconf 72' lang='lat' dir='ltr'><strong>debueram</strong></span> 
     </span>
    </p>
   </div>
   <div class='ocr_carea' id='block_1_9' title="bbox 514 833 2096 907">
    <p class='ocr_par' dir='ltr' id='par_1_9' title="bbox 514 833 2096 907">
     <span class='ocr_line' id='line_1_9' title="bbox 514 833 2096 907; baseline -0.008 -8"><span class='ocrx_word' id='word_1_56' title='bbox 514 856 643 899; x_wconf 72' lang='lat' dir='ltr'><strong>esse</strong></span> <span class='ocrx_word' id='word_1_57' title='bbox 665 843 1045 898; x_wconf 77' lang='lat' dir='ltr'><strong>observatores</strong></span> <span class='ocrx_word' id='word_1_58' title='bbox 1071 837 1205 907; x_wconf 78' lang='lat' dir='ltr'><strong>legis</strong></span> <span class='ocrx_word' id='word_1_59' title='bbox 1230 846 1285 892; x_wconf 86' lang='lat' dir='ltr'><strong>ct</strong></span> <span class='ocrx_word' id='word_1_60' title='bbox 1313 836 1666 893; x_wconf 79' lang='lat' dir='ltr'><strong>fabricatores</strong></span> <span class='ocrx_word' id='word_1_61' title='bbox 1685 876 1701 901; x_wconf 93' lang='lat'><strong>,</strong></span> <span class='ocrx_word' id='word_1_62' title='bbox 1727 833 1980 905; x_wconf 87' lang='lat' dir='ltr'><strong>spelunca</strong></span> <span class='ocrx_word' id='word_1_63' title='bbox 2013 833 2096 888; x_wconf 81' lang='lat' dir='ltr'><strong>la-</strong></span> 
     </span>
    </p>
   </div>
   <div class='ocr_carea' id='block_1_10' title="bbox 514 925 2098 999">
    <p class='ocr_par' dir='ltr' id='par_1_10' title="bbox 514 925 2098 999">
     <span class='ocr_line' id='line_1_10' title="bbox 514 925 2098 999; baseline -0.007 -7"><span class='ocrx_word' id='word_1_64' title='bbox 514 947 738 992; x_wconf 71' lang='lat' dir='ltr'><strong>tronum</strong></span> <span class='ocrx_word' id='word_1_65' title='bbox 768 932 910 989; x_wconf 88' lang='lat' dir='ltr'><strong>facta</strong></span> <span class='ocrx_word' id='word_1_66' title='bbox 951 928 1162 996; x_wconf 83' lang='lat' dir='ltr'><strong>fuerat,</strong></span> <span class='ocrx_word' id='word_1_67' title='bbox 1209 944 1275 984; x_wconf 92' lang='lat' dir='ltr'><strong>eo</strong></span> <span class='ocrx_word' id='word_1_68' title='bbox 1315 928 1455 999; x_wconf 76' lang='lat' dir='ltr'><strong>quod</strong></span> <span class='ocrx_word' id='word_1_69' title='bbox 1486 928 1559 983; x_wconf 90' lang='lat' dir='ltr'><strong>ibi</strong></span> <span class='ocrx_word' id='word_1_70' title='bbox 1591 925 1938 982; x_wconf 87' lang='lat' dir='ltr'><strong>mercimonia</strong></span> <span class='ocrx_word' id='word_1_71' title='bbox 1965 940 2098 995; x_wconf 78' lang='lat' dir='ltr'><strong>prae-</strong></span> 
     </span>
    </p>
   </div>
   <div class='ocr_carea' id='block_1_11' title="bbox 518 1018 2098 1102">
    <p class='ocr_par' dir='ltr' id='par_1_11' title="bbox 518 1018 2098 1102">
     <span class='ocr_line' id='line_1_11' title="bbox 518 1018 2098 1102; baseline -0.008 -18"><span class='ocrx_word' id='word_1_72' title='bbox 518 1036 866 1102; x_wconf 85' lang='lat' dir='ltr'><strong>pararentur.</strong></span> <span class='ocrx_word' id='word_1_73' title='bbox 889 1025 1102 1080; x_wconf 91' lang='lat' dir='ltr'><strong>Dictum</strong></span> <span class='ocrx_word' id='word_1_74' title='bbox 1130 1021 1309 1077; x_wconf 78' lang='lat' dir='ltr'><strong>fuerat</strong></span> <span class='ocrx_word' id='word_1_75' title='bbox 1333 1021 1457 1076; x_wconf 84' lang='lat' dir='ltr'><strong>filiis</strong></span> <span class='ocrx_word' id='word_1_76' title='bbox 1484 1020 1645 1076; x_wconf 89' lang='lat' dir='ltr'><strong>lsrael</strong></span> <span class='ocrx_word' id='word_1_77' title='bbox 1677 1028 1734 1073; x_wconf 93' lang='lat' dir='ltr'><strong>ut</strong></span> <span class='ocrx_word' id='word_1_78' title='bbox 1760 1028 1841 1074; x_wconf 89' lang='lat' dir='ltr'><strong>ter</strong></span> <span class='ocrx_word' id='word_1_79' title='bbox 1866 1018 1921 1073; x_wconf 92' lang='lat' dir='ltr'><strong>in</strong></span> <span class='ocrx_word' id='word_1_80' title='bbox 1952 1032 2098 1073; x_wconf 86' lang='lat' dir='ltr'><strong>anno</strong></span> 
     </span>
    </p>
   </div>
   <div class='ocr_carea' id='block_1_12' title="bbox 510 1109 2095 1188">
    <p class='ocr_par' dir='ltr' id='par_1_12' title="bbox 510 1109 2095 1188">
     <span class='ocr_line' id='line_1_12' title="bbox 510 1109 2095 1188; baseline -0.008 -12"><span class='ocrx_word' id='word_1_81' title='bbox 510 1136 572 1175; x_wconf 84' lang='lat' dir='ltr'><strong>se</strong></span> <span class='ocrx_word' id='word_1_82' title='bbox 597 1123 1004 1188; x_wconf 85' lang='lat' dir='ltr'><strong>congregarent</strong></span> <span class='ocrx_word' id='word_1_83' title='bbox 1028 1114 1094 1169; x_wconf 89' lang='lat' dir='ltr'><strong>ad</strong></span> <span class='ocrx_word' id='word_1_84' title='bbox 1120 1113 1254 1168; x_wconf 86' lang='lat' dir='ltr'><strong>festa</strong></span> <span class='ocrx_word' id='word_1_85' title='bbox 1293 1112 1611 1168; x_wconf 85' lang='lat' dir='ltr'><strong>celebranda</strong></span> <span class='ocrx_word' id='word_1_86' title='bbox 1657 1110 1710 1165; x_wconf 91' lang='lat' dir='ltr'><strong>in</strong></span> <span class='ocrx_word' id='word_1_87' title='bbox 1758 1109 2095 1165; x_wconf 81' lang='lat' dir='ltr'><strong>Hierusalem</strong></span> 
     </span>
    </p>
   </div>
   <div class='ocr_carea' id='block_1_13' title="bbox 515 1198 2098 1279">
    <p class='ocr_par' dir='ltr' id='par_1_13' title="bbox 515 1198 2098 1279">
     <span class='ocr_line' id='line_1_13' title="bbox 515 1198 2098 1279; baseline -0.005 -18"><span class='ocrx_word' id='word_1_88' title='bbox 515 1206 714 1279; x_wconf 69' lang='lat' dir='ltr'><strong>(Exod.</strong></span> <span class='ocrx_word' id='word_1_89' title='bbox 745 1204 927 1274; x_wconf 65' lang='grc' dir='ltr'><strong>χχιιι).</strong></span> <span class='ocrx_word' id='word_1_90' title='bbox 959 1204 1199 1274; x_wconf 80' lang='lat' dir='ltr'><strong>Itemque</strong></span> <span class='ocrx_word' id='word_1_91' title='bbox 1229 1202 1312 1257; x_wconf 78' lang='lat' dir='ltr'><strong>lex</strong></span> <span class='ocrx_word' id='word_1_92' title='bbox 1343 1200 1689 1273; x_wconf 73' lang='lat' dir='ltr'><strong>prmcipiebat</strong></span> <span class='ocrx_word' id='word_1_93' title='bbox 1732 1217 1745 1254; x_wconf 90' lang='lat'><strong>:</strong></span> <span class='ocrx_word' id='word_1_94' title='bbox 1787 1198 1904 1253; x_wconf 87' lang='lat' dir='ltr'><strong>Non</strong></span> <span class='ocrx_word' id='word_1_95' title='bbox 1934 1214 2098 1270; x_wconf 87' lang='lat' dir='ltr'><strong>appa-</strong></span> 
     </span>
    </p>
   </div>
   <div class='ocr_carea' id='block_1_14' title="bbox 513 1289 2095 1369">
    <p class='ocr_par' dir='ltr' id='par_1_14' title="bbox 513 1289 2095 1369">
     <span class='ocr_line' id='line_1_14' title="bbox 513 1289 2095 1369; baseline -0.007 -12"><span class='ocrx_word' id='word_1_96' title='bbox 513 1300 654 1357; x_wconf 80' lang='lat' dir='ltr'><strong>rebit</strong></span> <span class='ocrx_word' id='word_1_97' title='bbox 698 1300 751 1354; x_wconf 90' lang='lat' dir='ltr'><strong>in</strong></span> <span class='ocrx_word' id='word_1_98' title='bbox 796 1304 1085 1369; x_wconf 73' lang='lat' dir='ltr'><strong>conspectu</strong></span> <span class='ocrx_word' id='word_1_99' title='bbox 1130 1310 1253 1350; x_wconf 91' lang='lat' dir='ltr'><strong>meo</strong></span> <span class='ocrx_word' id='word_1_100' title='bbox 1301 1307 1505 1349; x_wconf 74' lang='lat' dir='ltr'><strong>vacuus</strong></span> <span class='ocrx_word' id='word_1_101' title='bbox 1555 1291 1768 1362; x_wconf 62' lang='lat' dir='ltr'><strong>(Ibidd.</strong></span> <span class='ocrx_word' id='word_1_102' title='bbox 1806 1289 2095 1347; x_wconf 81' lang='lat' dir='ltr'><strong>Venientes</strong></span> 
     </span>
    </p>
   </div>
   <div class='ocr_carea' id='block_1_15' title="bbox 509 1382 2095 1461">
    <p class='ocr_par' dir='ltr' id='par_1_15' title="bbox 509 1382 2095 1461">
     <span class='ocr_line' id='line_1_15' title="bbox 509 1382 2095 1461; baseline -0.006 -14"><span class='ocrx_word' id='word_1_103' title='bbox 509 1406 650 1461; x_wconf 77' lang='lat' dir='ltr'><strong>ergo</strong></span> <span class='ocrx_word' id='word_1_104' title='bbox 680 1391 745 1446; x_wconf 87' lang='lat' dir='ltr'><strong>de</strong></span> <span class='ocrx_word' id='word_1_105' title='bbox 773 1387 1081 1460; x_wconf 87' lang='lat' dir='ltr'><strong>longinquis</strong></span> <span class='ocrx_word' id='word_1_106' title='bbox 1126 1385 1466 1456; x_wconf 78' lang='lat' dir='ltr'><strong>regionibus,</strong></span> <span class='ocrx_word' id='word_1_107' title='bbox 1499 1399 1607 1438; x_wconf 91' lang='lat' dir='ltr'><strong>non</strong></span> <span class='ocrx_word' id='word_1_108' title='bbox 1639 1382 1879 1438; x_wconf 73' lang='lat' dir='ltr'><strong>valentes</strong></span> <span class='ocrx_word' id='word_1_109' title='bbox 1910 1397 2095 1438; x_wconf 90' lang='lat' dir='ltr'><strong>secum</strong></span> 
     </span>
    </p>
   </div>
   <div class='ocr_carea' id='block_1_16' title="bbox 514 1473 2094 1548">
    <p class='ocr_par' dir='ltr' id='par_1_16' title="bbox 514 1473 2094 1548">
     <span class='ocr_line' id='line_1_16' title="bbox 514 1473 2094 1548; baseline -0.004 -12"><span class='ocrx_word' id='word_1_110' title='bbox 514 1481 726 1538; x_wconf 78' lang='lat' dir='ltr'><strong>deferre</strong></span> <span class='ocrx_word' id='word_1_111' title='bbox 769 1480 909 1535; x_wconf 82' lang='lat' dir='ltr'><strong>dona</strong></span> <span class='ocrx_word' id='word_1_112' title='bbox 941 1493 1060 1548; x_wconf 70' lang='lat' dir='ltr'><strong>quae</strong></span> <span class='ocrx_word' id='word_1_113' title='bbox 1083 1475 1371 1540; x_wconf 84' lang='lat' dir='ltr'><strong>oﬂ&#39;erreut,</strong></span> <span class='ocrx_word' id='word_1_114' title='bbox 1418 1475 1680 1545; x_wconf 75' lang='lat' dir='ltr'><strong>cogebant</strong></span> <span class='ocrx_word' id='word_1_115' title='bbox 1725 1488 1818 1529; x_wconf 90' lang='lat' dir='ltr'><strong>eos</strong></span> <span class='ocrx_word' id='word_1_116' title='bbox 1859 1473 2094 1530; x_wconf 87' lang='lat' dir='ltr'><strong>ministri</strong></span> 
     </span>
    </p>
   </div>
   <div class='ocr_carea' id='block_1_17' title="bbox 506 1562 2096 1641">
    <p class='ocr_par' dir='ltr' id='par_1_17' title="bbox 506 1562 2096 1641">
     <span class='ocr_line' id='line_1_17' title="bbox 506 1562 2096 1641; baseline -0.004 -18"><span class='ocrx_word' id='word_1_117' title='bbox 506 1570 700 1641; x_wconf 72' lang='lat' dir='ltr'><strong>templi</strong></span> <span class='ocrx_word' id='word_1_118' title='bbox 730 1578 788 1624; x_wconf 90' lang='lat' dir='ltr'><strong>ut</strong></span> <span class='ocrx_word' id='word_1_119' title='bbox 814 1574 1061 1623; x_wconf 84' lang='lat' dir='ltr'><strong>emerent</strong></span> <span class='ocrx_word' id='word_1_120' title='bbox 1086 1566 1153 1622; x_wconf 86' lang='lat' dir='ltr'><strong>ab</strong></span> <span class='ocrx_word' id='word_1_121' title='bbox 1191 1565 1289 1621; x_wconf 90' lang='lat' dir='ltr'><strong>eis.</strong></span> <span class='ocrx_word' id='word_1_122' title='bbox 1318 1565 1492 1620; x_wconf 84' lang='lat' dir='ltr'><strong>Dante</strong></span> <span class='ocrx_word' id='word_1_123' title='bbox 1531 1563 1728 1634; x_wconf 87' lang='lat' dir='ltr'><strong>populo</strong></span> <span class='ocrx_word' id='word_1_124' title='bbox 1770 1562 1913 1617; x_wconf 88' lang='lat' dir='ltr'><strong>dona</strong></span> <span class='ocrx_word' id='word_1_125' title='bbox 1943 1562 2096 1617; x_wconf 62' lang='lat' dir='ltr'><strong>frau.</strong></span> 
     </span>
    </p>
   </div>
   <div class='ocr_carea' id='block_1_18' title="bbox 519 1656 2093 1727">
    <p class='ocr_par' dir='ltr' id='par_1_18' title="bbox 519 1656 2093 1727">
     <span class='ocr_line' id='line_1_18' title="bbox 519 1656 2093 1727; baseline -0.006 -10"><span class='ocrx_word' id='word_1_126' title='bbox 519 1663 723 1717; x_wconf 85' lang='lat' dir='ltr'><strong>dabant</strong></span> <span class='ocrx_word' id='word_1_127' title='bbox 750 1661 1093 1727; x_wconf 81' lang='lat' dir='ltr'><strong>sacerdotes,</strong></span> <span class='ocrx_word' id='word_1_128' title='bbox 1139 1666 1194 1713; x_wconf 85' lang='lat' dir='ltr'><strong>et</strong></span> <span class='ocrx_word' id='word_1_129' title='bbox 1235 1671 1339 1711; x_wconf 89' lang='lat' dir='ltr'><strong>non</strong></span> <span class='ocrx_word' id='word_1_130' title='bbox 1385 1656 1526 1710; x_wconf 85' lang='lat' dir='ltr'><strong>sicut</strong></span> <span class='ocrx_word' id='word_1_131' title='bbox 1568 1659 1894 1725; x_wconf 82' lang='lat' dir='ltr'><strong>praeceptum</strong></span> <span class='ocrx_word' id='word_1_132' title='bbox 1937 1662 2093 1722; x_wconf 90' lang='lat' dir='ltr'><strong>erat,</strong></span> 
     </span>
    </p>
   </div>
   <div class='ocr_carea' id='block_1_19' title="bbox 499 1744 2095 1814">
    <p class='ocr_par' dir='ltr' id='par_1_19' title="bbox 499 1744 2095 1814">
     <span class='ocr_line' id='line_1_19' title="bbox 499 1744 2095 1814; baseline -0.007 -5"><span class='ocrx_word' id='word_1_133' title='bbox 499 1752 748 1809; x_wconf 63' lang='lat' dir='ltr'><strong>‘Dornino</strong></span> <span class='ocrx_word' id='word_1_134' title='bbox 774 1750 1155 1814; x_wconf 79' lang='lat' dir='ltr'><strong>immolabant,</strong></span> <span class='ocrx_word' id='word_1_135' title='bbox 1180 1748 1274 1803; x_wconf 90' lang='lat' dir='ltr'><strong>sed</strong></span> <span class='ocrx_word' id='word_1_136' title='bbox 1303 1747 1369 1802; x_wconf 89' lang='lat' dir='ltr'><strong>ad</strong></span> <span class='ocrx_word' id='word_1_137' title='bbox 1398 1748 1501 1803; x_wconf 88' lang='lat' dir='ltr'><strong>hoc</strong></span> <span class='ocrx_word' id='word_1_138' title='bbox 1525 1745 1628 1801; x_wconf 87' lang='lat' dir='ltr'><strong>sibi</strong></span> <span class='ocrx_word' id='word_1_139' title='bbox 1660 1744 2010 1800; x_wconf 79' lang='lat' dir='ltr'><strong>reservabant</strong></span> <span class='ocrx_word' id='word_1_140' title='bbox 2036 1750 2095 1798; x_wconf 92' lang='lat' dir='ltr'><strong>ut</strong></span> 
     </span>
    </p>
   </div>
   <div class='ocr_carea' id='block_1_20' title="bbox 2207 559 3789 641">
    <p class='ocr_par' dir='ltr' id='par_1_20' title="bbox 2207 559 3789 641">
     <span class='ocr_line' id='line_1_20' title="bbox 2207 559 3789 641; baseline 0.011 -29"><span class='ocrx_word' id='word_1_141' title='bbox 2207 579 2226 612; x_wconf 78' lang='grc' dir='ltr'><strong>ι</strong></span> <span class='ocrx_word' id='word_1_142' title='bbox 2265 561 2371 616; x_wconf 89' lang='lat' dir='ltr'><strong>tuis</strong></span> <span class='ocrx_word' id='word_1_143' title='bbox 2402 559 2608 633; x_wconf 54' lang='lat' dir='ltr'><strong>(Ibid).</strong></span> <span class='ocrx_word' id='word_1_144' title='bbox 2650 581 2670 617; x_wconf 77' lang='grc' dir='ltr'><strong>ι</strong></span> <span class='ocrx_word' id='word_1_145' title='bbox 2703 562 2954 619; x_wconf 63' lang='grc' dir='ltr'><strong>Ειαιξοδι</strong></span> <span class='ocrx_word' id='word_1_146' title='bbox 2986 567 3184 637; x_wconf 86' lang='lat' dir='ltr'><strong>quippe</strong></span> <span class='ocrx_word' id='word_1_147' title='bbox 3217 568 3405 625; x_wconf 86' lang='lat' dir='ltr'><strong>oculos</strong></span> <span class='ocrx_word' id='word_1_148' title='bbox 3428 570 3645 635; x_wconf 78' lang='lat' dir='ltr'><strong>cordis,</strong></span> <span class='ocrx_word' id='word_1_149' title='bbox 3674 572 3789 641; x_wconf 78' lang='lat' dir='ltr'><strong>pti-</strong></span> 
     </span>
    </p>
   </div>
   <div class='ocr_carea' id='block_1_21' title="bbox 2200 654 3785 731">
    <p class='ocr_par' dir='ltr' id='par_1_21' title="bbox 2200 654 3785 731">
     <span class='ocr_line' id='line_1_21' title="bbox 2200 654 3785 731; baseline 0.009 -26"><span class='ocrx_word' id='word_1_150' title='bbox 2200 659 2357 706; x_wconf 81' lang='lat' dir='ltr'><strong>vatus</strong></span> <span class='ocrx_word' id='word_1_151' title='bbox 2386 665 2570 720; x_wconf 88' lang='lat' dir='ltr'><strong>amor;</strong></span> <span class='ocrx_word' id='word_1_152' title='bbox 2594 660 2652 708; x_wconf 89' lang='lat' dir='ltr'><strong>et</strong></span> <span class='ocrx_word' id='word_1_153' title='bbox 2674 654 2818 710; x_wconf 86' lang='lat' dir='ltr'><strong>sicut</strong></span> <span class='ocrx_word' id='word_1_154' title='bbox 2846 654 3025 726; x_wconf 86' lang='lat' dir='ltr'><strong>pulvis</strong></span> <span class='ocrx_word' id='word_1_155' title='bbox 3053 657 3239 725; x_wconf 76' lang='lat' dir='ltr'><strong>oculos</strong></span> <span class='ocrx_word' id='word_1_156' title='bbox 3276 673 3582 731; x_wconf 75' lang='lat' dir='ltr'><strong>corporeus</strong></span> <span class='ocrx_word' id='word_1_157' title='bbox 3600 677 3785 719; x_wconf 67' lang='lat' dir='ltr'><strong>exe:-</strong></span> 
     </span>
    </p>
   </div>
   <div class='ocr_carea' id='block_1_22' title="bbox 2192 741 3788 820">
    <p class='ocr_par' dir='ltr' id='par_1_22' title="bbox 2192 741 3788 820">
     <span class='ocr_line' id='line_1_22' title="bbox 2192 741 3788 820; baseline 0.009 -24"><span class='ocrx_word' id='word_1_158' title='bbox 2192 748 2316 807; x_wconf 83' lang='lat' dir='ltr'><strong>cat,</strong></span> <span class='ocrx_word' id='word_1_159' title='bbox 2354 756 2424 796; x_wconf 87' lang='lat' dir='ltr'><strong>ne</strong></span> <span class='ocrx_word' id='word_1_160' title='bbox 2449 741 2595 798; x_wconf 86' lang='lat' dir='ltr'><strong>clare</strong></span> <span class='ocrx_word' id='word_1_161' title='bbox 2620 744 2809 801; x_wconf 75' lang='lat' dir='ltr'><strong>videre</strong></span> <span class='ocrx_word' id='word_1_162' title='bbox 2836 746 3077 816; x_wconf 84' lang='lat' dir='ltr'><strong>possint;</strong></span> <span class='ocrx_word' id='word_1_163' title='bbox 3105 748 3175 803; x_wconf 88' lang='lat' dir='ltr'><strong>ita</strong></span> <span class='ocrx_word' id='word_1_164' title='bbox 3203 764 3361 805; x_wconf 88' lang='lat' dir='ltr'><strong>amor</strong></span> <span class='ocrx_word' id='word_1_165' title='bbox 3404 750 3574 820; x_wconf 75' lang='lat' dir='ltr'><strong>huius</strong></span> <span class='ocrx_word' id='word_1_166' title='bbox 3601 754 3788 809; x_wconf 65' lang='lat' dir='ltr'><strong>seculi</strong></span> 
     </span>
    </p>
   </div>
   <div class='ocr_carea' id='block_1_23' title="bbox 2194 833 3790 909">
    <p class='ocr_par' dir='ltr' id='par_1_23' title="bbox 2194 833 3790 909">
     <span class='ocr_line' id='line_1_23' title="bbox 2194 833 3790 909; baseline 0.008 -23"><span class='ocrx_word' id='word_1_167' title='bbox 2194 839 2251 886; x_wconf 86' lang='lat' dir='ltr'><strong>ct</strong></span> <span class='ocrx_word' id='word_1_168' title='bbox 2299 840 2594 902; x_wconf 68' lang='lat' dir='ltr'><strong>praesentes</strong></span> <span class='ocrx_word' id='word_1_169' title='bbox 2625 833 2830 889; x_wconf 61' lang='lat' dir='ltr'><strong>divitiae</strong></span> <span class='ocrx_word' id='word_1_170' title='bbox 2869 836 3085 891; x_wconf 88' lang='lat' dir='ltr'><strong>oculum</strong></span> <span class='ocrx_word' id='word_1_171' title='bbox 3125 840 3327 895; x_wconf 85' lang='lat' dir='ltr'><strong>mentis</strong></span> <span class='ocrx_word' id='word_1_172' title='bbox 3365 850 3689 909; x_wconf 65' lang='lat' dir='ltr'><strong>exerceant,</strong></span> <span class='ocrx_word' id='word_1_173' title='bbox 3722 861 3790 900; x_wconf 83' lang='lat' dir='ltr'><strong>ne</strong></span> 
     </span>
    </p>
   </div>
   <div class='ocr_carea' id='block_1_24' title="bbox 2203 920 3791 1005">
    <p class='ocr_par' dir='ltr' id='par_1_24' title="bbox 2203 920 3791 1005">
     <span class='ocr_line' id='line_1_24' title="bbox 2203 920 3791 1005; baseline 0.01 -30"><span class='ocrx_word' id='word_1_174' title='bbox 2203 920 2443 977; x_wconf 82' lang='lat' dir='ltr'><strong>futurum</strong></span> <span class='ocrx_word' id='word_1_175' title='bbox 2471 922 2736 994; x_wconf 76' lang='lat' dir='ltr'><strong>judicium</strong></span> <span class='ocrx_word' id='word_1_176' title='bbox 2776 928 3062 997; x_wconf 81' lang='lat' dir='ltr'><strong>providere</strong></span> <span class='ocrx_word' id='word_1_177' title='bbox 3098 931 3328 1000; x_wconf 84' lang='lat' dir='ltr'><strong>possint.</strong></span> <span class='ocrx_word' id='word_1_178' title='bbox 3376 932 3458 988; x_wconf 85' lang='lat' dir='ltr'><strong>De</strong></span> <span class='ocrx_word' id='word_1_179' title='bbox 3504 935 3667 1005; x_wconf 81' lang='lat' dir='ltr'><strong>cujus</strong></span> <span class='ocrx_word' id='word_1_180' title='bbox 3692 936 3791 990; x_wconf 84' lang='lat' dir='ltr'><strong>tri—</strong></span> 
     </span>
    </p>
   </div>
   <div class='ocr_carea' id='block_1_25' title="bbox 2199 1012 3787 1089">
    <p class='ocr_par' dir='ltr' id='par_1_25' title="bbox 2199 1012 3787 1089">
     <span class='ocr_line' id='line_1_25' title="bbox 2199 1012 3787 1089; baseline 0.009 -20"><span class='ocrx_word' id='word_1_181' title='bbox 2199 1012 2473 1070; x_wconf 89' lang='lat' dir='ltr'><strong>bulatione</strong></span> <span class='ocrx_word' id='word_1_182' title='bbox 2496 1022 2642 1071; x_wconf 88' lang='lat' dir='ltr'><strong>recte</strong></span> <span class='ocrx_word' id='word_1_183' title='bbox 2671 1017 3016 1089; x_wconf 74' lang='lat' dir='ltr'><strong>subiungitur</strong></span> <span class='ocrx_word' id='word_1_184' title='bbox 3047 1037 3063 1074; x_wconf 93' lang='lat'><strong>:</strong></span> <span class='ocrx_word' id='word_1_185' title='bbox 3099 1038 3117 1071; x_wconf 79' lang='grc' dir='ltr'><strong>ι</strong></span> <span class='ocrx_word' id='word_1_186' title='bbox 3158 1020 3299 1089; x_wconf 82' lang='lat' dir='ltr'><strong>Quia</strong></span> <span class='ocrx_word' id='word_1_187' title='bbox 3328 1024 3557 1079; x_wconf 79' lang='lat' dir='ltr'><strong>venient</strong></span> <span class='ocrx_word' id='word_1_188' title='bbox 3581 1025 3705 1082; x_wconf 78' lang='lat' dir='ltr'><strong>dies</strong></span> <span class='ocrx_word' id='word_1_189' title='bbox 3733 1027 3787 1083; x_wconf 80' lang='lat' dir='ltr'><strong>in</strong></span> 
     </span>
    </p>
   </div>
   <div class='ocr_carea' id='block_1_26' title="bbox 2204 1106 3787 1189">
    <p class='ocr_par' dir='ltr' id='par_1_26' title="bbox 2204 1106 3787 1189">
     <span class='ocr_line' id='line_1_26' title="bbox 2204 1106 3787 1189; baseline 0.008 -31"><span class='ocrx_word' id='word_1_190' title='bbox 2204 1124 2223 1158; x_wconf 79' lang='grc' dir='ltr'><strong>ι</strong></span> <span class='ocrx_word' id='word_1_191' title='bbox 2259 1111 2347 1171; x_wconf 90' lang='lat' dir='ltr'><strong>te,</strong></span> <span class='ocrx_word' id='word_1_192' title='bbox 2372 1113 2429 1160; x_wconf 86' lang='lat' dir='ltr'><strong>et</strong></span> <span class='ocrx_word' id='word_1_193' title='bbox 2458 1106 2871 1165; x_wconf 82' lang='lat' dir='ltr'><strong>circumdabant</strong></span> <span class='ocrx_word' id='word_1_194' title='bbox 2895 1118 2946 1165; x_wconf 92' lang='lat' dir='ltr'><strong>te</strong></span> <span class='ocrx_word' id='word_1_195' title='bbox 2971 1110 3174 1168; x_wconf 87' lang='lat' dir='ltr'><strong>inimici</strong></span> <span class='ocrx_word' id='word_1_196' title='bbox 3218 1113 3297 1168; x_wconf 84' lang='lat' dir='ltr'><strong>tui</strong></span> <span class='ocrx_word' id='word_1_197' title='bbox 3333 1113 3477 1171; x_wconf 70' lang='lat' dir='ltr'><strong>vallo</strong></span> <span class='ocrx_word' id='word_1_198' title='bbox 3506 1116 3729 1189; x_wconf 50' lang='lat' dir='ltr'><strong>(Ibid).</strong></span> <span class='ocrx_word' id='word_1_199' title='bbox 3764 1140 3787 1171; x_wconf 70' lang='grc' dir='ltr'><strong>ι</strong></span> 
     </span>
    </p>
   </div>
   <div class='ocr_carea' id='block_1_27' title="bbox 2198 1192 3790 1274">
    <p class='ocr_par' dir='ltr' id='par_1_27' title="bbox 2198 1192 3790 1274">
     <span class='ocr_line' id='line_1_27' title="bbox 2198 1192 3790 1274; baseline 0.012 -28"><span class='ocrx_word' id='word_1_200' title='bbox 2198 1192 2335 1263; x_wconf 86' lang='lat' dir='ltr'><strong>Quia</strong></span> <span class='ocrx_word' id='word_1_201' title='bbox 2364 1196 2583 1252; x_wconf 80' lang='lat' dir='ltr'><strong>venient</strong></span> <span class='ocrx_word' id='word_1_202' title='bbox 2605 1197 2720 1253; x_wconf 90' lang='lat' dir='ltr'><strong>dies</strong></span> <span class='ocrx_word' id='word_1_203' title='bbox 2737 1197 2801 1254; x_wconf 80' lang='lat' dir='ltr'><strong>in</strong></span> <span class='ocrx_word' id='word_1_204' title='bbox 2829 1206 2912 1267; x_wconf 90' lang='lat' dir='ltr'><strong>te,</strong></span> <span class='ocrx_word' id='word_1_205' title='bbox 2948 1199 3001 1256; x_wconf 76' lang='lat' dir='ltr'><strong>id</strong></span> <span class='ocrx_word' id='word_1_206' title='bbox 3023 1210 3108 1258; x_wconf 85' lang='lat' dir='ltr'><strong>est</strong></span> <span class='ocrx_word' id='word_1_207' title='bbox 3138 1210 3379 1274; x_wconf 85' lang='lat' dir='ltr'><strong>tempora</strong></span> <span class='ocrx_word' id='word_1_208' title='bbox 3407 1198 3644 1273; x_wconf 78' lang='lat' dir='ltr'><strong>mortis,</strong></span> <span class='ocrx_word' id='word_1_209' title='bbox 3670 1210 3790 1265; x_wconf 85' lang='lat' dir='ltr'><strong>dies</strong></span> 
     </span>
    </p>
   </div>
   <div class='ocr_carea' id='block_1_28' title="bbox 2199 1282 3786 1360">
    <p class='ocr_par' dir='ltr' id='par_1_28' title="bbox 2199 1282 3786 1360">
     <span class='ocr_line' id='line_1_28' title="bbox 2199 1282 3786 1360; baseline 0.009 -22"><span class='ocrx_word' id='word_1_210' title='bbox 2199 1282 2591 1350; x_wconf 77' lang='lat' dir='ltr'><strong>tribulationis,</strong></span> <span class='ocrx_word' id='word_1_211' title='bbox 2623 1286 2739 1341; x_wconf 89' lang='lat' dir='ltr'><strong>dies</strong></span> <span class='ocrx_word' id='word_1_212' title='bbox 2775 1289 3066 1360; x_wconf 67' lang='lat' dir='ltr'><strong>angustiae,</strong></span> <span class='ocrx_word' id='word_1_213' title='bbox 3095 1289 3212 1347; x_wconf 87' lang='lat' dir='ltr'><strong>dies</strong></span> <span class='ocrx_word' id='word_1_214' title='bbox 3225 1292 3574 1350; x_wconf 72' lang='lat' dir='ltr'><strong>calamitatis</strong></span> <span class='ocrx_word' id='word_1_215' title='bbox 3598 1306 3656 1352; x_wconf 85' lang='lat' dir='ltr'><strong>et</strong></span> <span class='ocrx_word' id='word_1_216' title='bbox 3682 1300 3786 1353; x_wconf 82' lang='lat' dir='ltr'><strong>mi-</strong></span> 
     </span>
    </p>
   </div>
   <div class='ocr_carea' id='block_1_29' title="bbox 2197 1374 3787 1460">
    <p class='ocr_par' dir='ltr' id='par_1_29' title="bbox 2197 1374 3787 1460">
     <span class='ocr_line' id='line_1_29' title="bbox 2197 1374 3787 1460; baseline 0.011 -33"><span class='ocrx_word' id='word_1_217' title='bbox 2197 1374 2384 1442; x_wconf 76' lang='lat' dir='ltr'><strong>seriae,</strong></span> <span class='ocrx_word' id='word_1_218' title='bbox 2413 1375 2628 1444; x_wconf 84' lang='lat' dir='ltr'><strong>quando</strong></span> <span class='ocrx_word' id='word_1_219' title='bbox 2646 1377 2874 1449; x_wconf 79' lang='lat' dir='ltr'><strong>incipiet</strong></span> <span class='ocrx_word' id='word_1_220' title='bbox 2901 1380 3087 1436; x_wconf 77' lang='lat' dir='ltr'><strong>infelix</strong></span> <span class='ocrx_word' id='word_1_221' title='bbox 3112 1383 3295 1440; x_wconf 79' lang='lat' dir='ltr'><strong>anima</strong></span> <span class='ocrx_word' id='word_1_222' title='bbox 3325 1400 3452 1440; x_wconf 86' lang='lat' dir='ltr'><strong>cum</strong></span> <span class='ocrx_word' id='word_1_223' title='bbox 3489 1390 3787 1460; x_wconf 75' lang='lat' dir='ltr'><strong>semetipsa</strong></span> 
     </span>
    </p>
   </div>
   <div class='ocr_carea' id='block_1_30' title="bbox 2195 1464 3791 1548">
    <p class='ocr_par' dir='ltr' id='par_1_30' title="bbox 2195 1464 3791 1548">
     <span class='ocr_line' id='line_1_30' title="bbox 2195 1464 3791 1548; baseline 0.011 -28"><span class='ocrx_word' id='word_1_224' title='bbox 2195 1464 2397 1532; x_wconf 87' lang='lat' dir='ltr'><strong>rixari,</strong></span> <span class='ocrx_word' id='word_1_225' title='bbox 2433 1475 2493 1521; x_wconf 86' lang='lat' dir='ltr'><strong>et</strong></span> <span class='ocrx_word' id='word_1_226' title='bbox 2529 1467 2684 1535; x_wconf 87' lang='lat' dir='ltr'><strong>quasi</strong></span> <span class='ocrx_word' id='word_1_227' title='bbox 2729 1468 2909 1525; x_wconf 81' lang='lat' dir='ltr'><strong>dicere</strong></span> <span class='ocrx_word' id='word_1_228' title='bbox 2943 1489 2956 1526; x_wconf 92' lang='lat'><strong>:</strong></span> <span class='ocrx_word' id='word_1_229' title='bbox 2988 1470 3176 1539; x_wconf 82' lang='lat' dir='ltr'><strong>Quare</strong></span> <span class='ocrx_word' id='word_1_230' title='bbox 3217 1474 3273 1529; x_wconf 87' lang='lat' dir='ltr'><strong>in</strong></span> <span class='ocrx_word' id='word_1_231' title='bbox 3318 1475 3481 1533; x_wconf 82' lang='lat' dir='ltr'><strong>maiis</strong></span> <span class='ocrx_word' id='word_1_232' title='bbox 3520 1482 3791 1548; x_wconf 66' lang='lat' dir='ltr'><strong>operibus</strong></span> 
     </span>
    </p>
   </div>
   <div class='ocr_carea' id='block_1_31' title="bbox 2195 1555 3788 1638">
    <p class='ocr_par' dir='ltr' id='par_1_31' title="bbox 2195 1555 3788 1638">
     <span class='ocr_line' id='line_1_31' title="bbox 2195 1555 3788 1638; baseline 0.009 -27"><span class='ocrx_word' id='word_1_233' title='bbox 2195 1555 2570 1627; x_wconf 83' lang='lat' dir='ltr'><strong>memetipsam</strong></span> <span class='ocrx_word' id='word_1_234' title='bbox 2602 1557 2857 1615; x_wconf 67' lang='lat' dir='ltr'><strong>dilatari?</strong></span> <span class='ocrx_word' id='word_1_235' title='bbox 2901 1576 3075 1631; x_wconf 83' lang='lat' dir='ltr'><strong>quare</strong></span> <span class='ocrx_word' id='word_1_236' title='bbox 3122 1567 3512 1634; x_wconf 28' lang='lat' dir='ltr'><strong>ex&#39;pmteritis</strong></span> <span class='ocrx_word' id='word_1_237' title='bbox 3546 1572 3788 1638; x_wconf 79' lang='lat' dir='ltr'><strong>peccatis</strong></span> 
     </span>
    </p>
   </div>
   <div class='ocr_carea' id='block_1_32' title="bbox 2194 1648 3783 1728">
    <p class='ocr_par' dir='ltr' id='par_1_32' title="bbox 2194 1648 3783 1728">
     <span class='ocr_line' id='line_1_32' title="bbox 2194 1648 3783 1728; baseline 0.011 -27"><span class='ocrx_word' id='word_1_238' title='bbox 2194 1648 2573 1718; x_wconf 83' lang='lat' dir='ltr'><strong>paenitentiam</strong></span> <span class='ocrx_word' id='word_1_239' title='bbox 2622 1665 2730 1706; x_wconf 90' lang='lat' dir='ltr'><strong>non</strong></span> <span class='ocrx_word' id='word_1_240' title='bbox 2775 1652 2901 1723; x_wconf 74' lang='lat' dir='ltr'><strong>egi?</strong></span> <span class='ocrx_word' id='word_1_241' title='bbox 2928 1668 3028 1710; x_wconf 86' lang='lat' dir='ltr'><strong>cur</strong></span> <span class='ocrx_word' id='word_1_242' title='bbox 3067 1653 3123 1710; x_wconf 90' lang='lat' dir='ltr'><strong>in</strong></span> <span class='ocrx_word' id='word_1_243' title='bbox 3168 1656 3328 1712; x_wconf 84' lang='lat' dir='ltr'><strong>bonis</strong></span> <span class='ocrx_word' id='word_1_244' title='bbox 3368 1658 3639 1728; x_wconf 80' lang='lat' dir='ltr'><strong>operibus</strong></span> <span class='ocrx_word' id='word_1_245' title='bbox 3670 1677 3783 1717; x_wconf 85' lang='lat' dir='ltr'><strong>me-</strong></span> 
     </span>
    </p>
   </div>
   <div class='ocr_carea' id='block_1_33' title="bbox 2196 1738 3783 1821">
    <p class='ocr_par' dir='ltr' id='par_1_33' title="bbox 2196 1738 3783 1821">
     <span class='ocr_line' id='line_1_33' title="bbox 2196 1738 3783 1821; baseline 0.009 -26"><span class='ocrx_word' id='word_1_246' title='bbox 2196 1738 2369 1810; x_wconf 89' lang='lat' dir='ltr'><strong>ipsam</strong></span> <span class='ocrx_word' id='word_1_247' title='bbox 2396 1754 2504 1796; x_wconf 90' lang='lat' dir='ltr'><strong>non</strong></span> <span class='ocrx_word' id='word_1_248' title='bbox 2525 1743 2785 1799; x_wconf 60' lang='lat' dir='ltr'><strong>exercui?</strong></span> <span class='ocrx_word' id='word_1_249' title='bbox 2810 1744 2878 1799; x_wconf 87' lang='lat' dir='ltr'><strong>Et</strong></span> <span class='ocrx_word' id='word_1_250' title='bbox 2906 1755 3035 1802; x_wconf 85' lang='lat' dir='ltr'><strong>tunc</strong></span> <span class='ocrx_word' id='word_1_251' title='bbox 3066 1747 3287 1819; x_wconf 87' lang='lat' dir='ltr'><strong>incipiet</strong></span> <span class='ocrx_word' id='word_1_252' title='bbox 3324 1752 3637 1821; x_wconf 74' lang='lat' dir='ltr'><strong>pmnitere,</strong></span> <span class='ocrx_word' id='word_1_253' title='bbox 3665 1770 3783 1809; x_wconf 80' lang='lat' dir='ltr'><strong>cum</strong></span> 
     </span>
    </p>
   </div>
   <div class='ocr_carea' id='block_1_34' title="bbox 514 1831 3784 1909">
    <p class='ocr_par' dir='ltr' id='par_1_34' title="bbox 514 1831 3784 1909">
     <span class='ocr_line' id='line_1_34' title="bbox 514 1831 3784 1909; baseline 0.001 -9"><span class='ocrx_word' id='word_1_254' title='bbox 514 1846 637 1901; x_wconf 84' lang='lat' dir='ltr'><strong>aliis</strong></span> <span class='ocrx_word' id='word_1_255' title='bbox 665 1846 857 1900; x_wconf 86' lang='lat' dir='ltr'><strong>iterum</strong></span> <span class='ocrx_word' id='word_1_256' title='bbox 883 1844 1211 1905; x_wconf 81' lang='lat' dir='ltr'><strong>venderent,</strong></span> <span class='ocrx_word' id='word_1_257' title='bbox 1243 1849 1299 1896; x_wconf 93' lang='lat' dir='ltr'><strong>et</strong></span> <span class='ocrx_word' id='word_1_258' title='bbox 1342 1855 1408 1895; x_wconf 87' lang='lat' dir='ltr'><strong>ex</strong></span> <span class='ocrx_word' id='word_1_259' title='bbox 1437 1840 1542 1895; x_wconf 86' lang='lat' dir='ltr'><strong>hoc</strong></span> <span class='ocrx_word' id='word_1_260' title='bbox 1567 1838 1802 1908; x_wconf 88' lang='lat' dir='ltr'><strong>pretium</strong></span> <span class='ocrx_word' id='word_1_261' title='bbox 1848 1835 2089 1892; x_wconf 86' lang='lat' dir='ltr'><strong>muneris</strong></span> <span class='ocrx_word' id='word_1_262' title='bbox 2117 1831 2165 1892; x_wconf 85' lang='grc' dir='ltr'>Β</span> <span class='ocrx_word' id='word_1_263' title='bbox 2196 1832 2374 1890; x_wconf 91' lang='lat' dir='ltr'><strong>nullus</strong></span> <span class='ocrx_word' id='word_1_264' title='bbox 2417 1833 2628 1890; x_wconf 88' lang='lat' dir='ltr'><strong>fructus</strong></span> <span class='ocrx_word' id='word_1_265' title='bbox 2650 1836 2989 1907; x_wconf 65' lang='lat' dir='ltr'><strong>penitentiae</strong></span> <span class='ocrx_word' id='word_1_266' title='bbox 3027 1841 3357 1909; x_wconf 78' lang='lat' dir='ltr'><strong>remanebit,</strong></span> <span class='ocrx_word' id='word_1_267' title='bbox 3401 1844 3500 1899; x_wconf 87' lang='lat' dir='ltr'><strong>sed</strong></span> <span class='ocrx_word' id='word_1_268' title='bbox 3543 1845 3665 1901; x_wconf 74' lang='lat' dir='ltr'><strong>sola</strong></span> <span class='ocrx_word' id='word_1_269' title='bbox 3708 1848 3784 1902; x_wconf 81' lang='lat' dir='ltr'><strong>di-</strong></span> 
     </span>
    </p>
   </div>
   <div class='ocr_carea' id='block_1_35' title="bbox 512 1926 2093 2003">
    <p class='ocr_par' dir='ltr' id='par_1_35' title="bbox 512 1926 2093 2003">
     <span class='ocr_line' id='line_1_35' title="bbox 512 1926 2093 2003; baseline -0.004 -13"><span class='ocrx_word' id='word_1_270' title='bbox 512 1932 615 1991; x_wconf 79' lang='lat' dir='ltr'><strong>sibi</strong></span> <span class='ocrx_word' id='word_1_271' title='bbox 662 1932 1100 2003; x_wconf 82' lang='lat' dir='ltr'><strong>multiplicarent.</strong></span> <span class='ocrx_word' id='word_1_272' title='bbox 1146 1930 1300 1987; x_wconf 87' lang='lat' dir='ltr'><strong>Unde</strong></span> <span class='ocrx_word' id='word_1_273' title='bbox 1344 1928 1503 2000; x_wconf 77' lang='lat' dir='ltr'><strong>juxta</strong></span> <span class='ocrx_word' id='word_1_274' title='bbox 1551 1928 1687 1983; x_wconf 89' lang='lat' dir='ltr'><strong>alios</strong></span> <span class='ocrx_word' id='word_1_275' title='bbox 1730 1926 2093 1998; x_wconf 83' lang='lat' dir='ltr'><strong>evangelistas</strong></span> 
     </span>
    </p>
   </div>
   <div class='ocr_carea' id='block_1_36' title="bbox 505 2019 2092 2090">
    <p class='ocr_par' dir='ltr' id='par_1_36' title="bbox 505 2019 2092 2090">
     <span class='ocr_line' id='line_1_36' title="bbox 505 2019 2092 2090; baseline -0.005 -9"><span class='ocrx_word' id='word_1_276' title='bbox 505 2042 641 2082; x_wconf 80' lang='lat' dir='ltr'><strong>oves</strong></span> <span class='ocrx_word' id='word_1_277' title='bbox 676 2034 732 2081; x_wconf 93' lang='lat' dir='ltr'><strong>et</strong></span> <span class='ocrx_word' id='word_1_278' title='bbox 759 2024 957 2088; x_wconf 77' lang='lat' dir='ltr'><strong>boves,</strong></span> <span class='ocrx_word' id='word_1_279' title='bbox 991 2032 1231 2078; x_wconf 85' lang='lat' dir='ltr'><strong>turtures</strong></span> <span class='ocrx_word' id='word_1_280' title='bbox 1259 2030 1312 2077; x_wconf 88' lang='lat' dir='ltr'><strong>et</strong></span> <span class='ocrx_word' id='word_1_281' title='bbox 1349 2020 1697 2078; x_wconf 64' lang='lat' dir='ltr'><strong>columbaria</strong></span> <span class='ocrx_word' id='word_1_282' title='bbox 1730 2019 1929 2090; x_wconf 90' lang='lat' dir='ltr'><strong>templo</strong></span> <span class='ocrx_word' id='word_1_283' title='bbox 1956 2034 2092 2073; x_wconf 82' lang='lat' dir='ltr'><strong>ven-</strong></span> 
     </span>
    </p>
   </div>
   <div class='ocr_carea' id='block_1_37' title="bbox 513 2109 2091 2183">
    <p class='ocr_par' dir='ltr' id='par_1_37' title="bbox 513 2109 2091 2183">
     <span class='ocr_line' id='line_1_37' title="bbox 513 2109 2091 2183; baseline -0.006 -10"><span class='ocrx_word' id='word_1_284' title='bbox 513 2117 813 2181; x_wconf 76' lang='lat' dir='ltr'><strong>debantur;</strong></span> <span class='ocrx_word' id='word_1_285' title='bbox 845 2124 899 2170; x_wconf 89' lang='lat' dir='ltr'><strong>et</strong></span> <span class='ocrx_word' id='word_1_286' title='bbox 939 2130 1005 2170; x_wconf 91' lang='lat' dir='ltr'><strong>ne</strong></span> <span class='ocrx_word' id='word_1_287' title='bbox 1051 2113 1282 2183; x_wconf 83' lang='lat' dir='ltr'><strong>aliquam</strong></span> <span class='ocrx_word' id='word_1_288' title='bbox 1315 2111 1720 2167; x_wconf 78' lang='lat' dir='ltr'><strong>excusationem</strong></span> <span class='ocrx_word' id='word_1_289' title='bbox 1750 2109 1962 2165; x_wconf 88' lang='lat' dir='ltr'><strong>emendi</strong></span> <span class='ocrx_word' id='word_1_290' title='bbox 1992 2111 2091 2164; x_wconf 89' lang='lat' dir='ltr'><strong>ha-</strong></span> 
     </span>
    </p>
   </div>
   <div class='ocr_carea' id='block_1_38' title="bbox 509 2200 2090 2273">
    <p class='ocr_par' dir='ltr' id='par_1_38' title="bbox 509 2200 2090 2273">
     <span class='ocr_line' id='line_1_38' title="bbox 509 2200 2090 2273; baseline -0.004 -10"><span class='ocrx_word' id='word_1_291' title='bbox 509 2207 737 2271; x_wconf 80' lang='lat' dir='ltr'><strong>berent,</strong></span> <span class='ocrx_word' id='word_1_292' title='bbox 782 2202 1132 2263; x_wconf 86' lang='lat' dir='ltr'><strong>nummularii</strong></span> <span class='ocrx_word' id='word_1_293' title='bbox 1182 2204 1235 2258; x_wconf 92' lang='lat' dir='ltr'><strong>in</strong></span> <span class='ocrx_word' id='word_1_294' title='bbox 1287 2202 1485 2273; x_wconf 88' lang='lat' dir='ltr'><strong>templo</strong></span> <span class='ocrx_word' id='word_1_295' title='bbox 1512 2201 1831 2258; x_wconf 82' lang='lat' dir='ltr'><strong>residebant</strong></span> <span class='ocrx_word' id='word_1_296' title='bbox 1875 2200 2090 2273; x_wconf 80' lang='lat' dir='ltr'><strong>(Matth.</strong></span> 
     </span>
    </p>
   </div>
   <div class='ocr_carea' id='block_1_39' title="bbox 514 2290 2094 2367">
    <p class='ocr_par' dir='ltr' id='par_1_39' title="bbox 514 2290 2094 2367">
     <span class='ocr_line' id='line_1_39' title="bbox 514 2290 2094 2367; baseline -0.004 -13"><span class='ocrx_word' id='word_1_297' title='bbox 514 2312 641 2363; x_wconf 69' lang='lat' dir='ltr'><strong>nt;</strong></span> <span class='ocrx_word' id='word_1_298' title='bbox 680 2295 850 2353; x_wconf 76' lang='lat' dir='ltr'><strong>Marc.</strong></span> <span class='ocrx_word' id='word_1_299' title='bbox 887 2293 984 2367; x_wconf 81' lang='lat' dir='ltr'><strong>xl).</strong></span> <span class='ocrx_word' id='word_1_300' title='bbox 1029 2295 1256 2350; x_wconf 90' lang='lat' dir='ltr'><strong>Domum</strong></span> <span class='ocrx_word' id='word_1_301' title='bbox 1297 2308 1428 2353; x_wconf 73' lang='lat' dir='ltr'><strong>vero</strong></span> <span class='ocrx_word' id='word_1_302' title='bbox 1472 2291 1738 2349; x_wconf 85' lang='lat' dir='ltr'><strong>orationis</strong></span> <span class='ocrx_word' id='word_1_303' title='bbox 1783 2290 2094 2363; x_wconf 83' lang='lat' dir='ltr'><strong>speluncam</strong></span> 
     </span>
    </p>
   </div>
   <div class='ocr_carea' id='block_1_40' title="bbox 514 2385 2091 2457">
    <p class='ocr_par' dir='ltr' id='par_1_40' title="bbox 514 2385 2091 2457">
     <span class='ocr_line' id='line_1_40' title="bbox 514 2385 2091 2457; baseline -0.003 -12"><span class='ocrx_word' id='word_1_304' title='bbox 514 2389 785 2445; x_wconf 87' lang='lat' dir='ltr'><strong>latronum</strong></span> <span class='ocrx_word' id='word_1_305' title='bbox 834 2386 1111 2453; x_wconf 75' lang='lat' dir='ltr'><strong>fecerant,</strong></span> <span class='ocrx_word' id='word_1_306' title='bbox 1136 2386 1262 2457; x_wconf 88' lang='lat' dir='ltr'><strong>quia</strong></span> <span class='ocrx_word' id='word_1_307' title='bbox 1292 2387 1436 2455; x_wconf 87' lang='lat' dir='ltr'><strong>quod</strong></span> <span class='ocrx_word' id='word_1_308' title='bbox 1478 2385 1621 2442; x_wconf 87' lang='lat' dir='ltr'><strong>male</strong></span> <span class='ocrx_word' id='word_1_309' title='bbox 1654 2392 1894 2456; x_wconf 89' lang='lat' dir='ltr'><strong>emptum</strong></span> <span class='ocrx_word' id='word_1_310' title='bbox 1938 2392 2091 2452; x_wconf 85' lang='lat' dir='ltr'><strong>erat,</strong></span> 
     </span>
    </p>
   </div>
   <div class='ocr_carea' id='block_1_41' title="bbox 513 2474 2094 2545">
    <p class='ocr_par' dir='ltr' id='par_1_41' title="bbox 513 2474 2094 2545">
     <span class='ocr_line' id='line_1_41' title="bbox 513 2474 2094 2545; baseline -0.004 -11"><span class='ocrx_word' id='word_1_311' title='bbox 513 2482 711 2537; x_wconf 84' lang='lat' dir='ltr'><strong>iterum</strong></span> <span class='ocrx_word' id='word_1_312' title='bbox 738 2477 878 2537; x_wconf 74' lang='lat' dir='ltr'><strong>male</strong></span> <span class='ocrx_word' id='word_1_313' title='bbox 904 2476 1231 2543; x_wconf 7' lang='lat' dir='ltr'><strong>(vendebant.</strong></span> <span class='ocrx_word' id='word_1_314' title='bbox 1277 2476 1342 2532; x_wconf 85' lang='lat' dir='ltr'><strong>Et</strong></span> <span class='ocrx_word' id='word_1_315' title='bbox 1374 2475 1442 2531; x_wconf 90' lang='lat' dir='ltr'><strong>ad</strong></span> <span class='ocrx_word' id='word_1_316' title='bbox 1474 2476 1578 2532; x_wconf 88' lang='lat' dir='ltr'><strong>hoc</strong></span> <span class='ocrx_word' id='word_1_317' title='bbox 1610 2476 1664 2531; x_wconf 91' lang='lat' dir='ltr'><strong>in</strong></span> <span class='ocrx_word' id='word_1_318' title='bbox 1712 2474 1911 2545; x_wconf 88' lang='lat' dir='ltr'><strong>templo</strong></span> <span class='ocrx_word' id='word_1_319' title='bbox 1952 2475 2094 2531; x_wconf 85' lang='lat' dir='ltr'><strong>resi-</strong></span> 
     </span>
    </p>
   </div>
   <div class='ocr_carea' id='block_1_42' title="bbox 512 2563 2093 2638">
    <p class='ocr_par' dir='ltr' id='par_1_42' title="bbox 512 2563 2093 2638">
     <span class='ocr_line' id='line_1_42' title="bbox 512 2563 2093 2638; baseline -0.005 -12"><span class='ocrx_word' id='word_1_320' title='bbox 512 2571 713 2626; x_wconf 87' lang='lat' dir='ltr'><strong>debant</strong></span> <span class='ocrx_word' id='word_1_321' title='bbox 737 2576 796 2624; x_wconf 87' lang='lat' dir='ltr'><strong>ut</strong></span> <span class='ocrx_word' id='word_1_322' title='bbox 824 2568 869 2624; x_wconf 89' lang='lat' dir='ltr'><strong>si</strong></span> <span class='ocrx_word' id='word_1_323' title='bbox 902 2568 994 2638; x_wconf 89' lang='lat' dir='ltr'><strong>qui</strong></span> <span class='ocrx_word' id='word_1_324' title='bbox 1016 2581 1248 2623; x_wconf 79' lang='lat' dir='ltr'><strong>munera</strong></span> <span class='ocrx_word' id='word_1_325' title='bbox 1288 2564 1709 2632; x_wconf 83' lang='lat' dir='ltr'><strong>oﬂ&#39;errcnt,-eos</strong></span> <span class='ocrx_word' id='word_1_326' title='bbox 1736 2564 1947 2633; x_wconf 88' lang='lat' dir='ltr'><strong>magnis</strong></span> <span class='ocrx_word' id='word_1_327' title='bbox 1970 2563 2093 2619; x_wconf 82' lang='lat' dir='ltr'><strong>lau-</strong></span> 
     </span>
    </p>
   </div>
   <div class='ocr_carea' id='block_1_43' title="bbox 507 2654 2088 2726">
    <p class='ocr_par' dir='ltr' id='par_1_43' title="bbox 507 2654 2088 2726">
     <span class='ocr_line' id='line_1_43' title="bbox 507 2654 2088 2726; baseline -0.003 -12"><span class='ocrx_word' id='word_1_328' title='bbox 507 2660 667 2718; x_wconf 81' lang='lat' dir='ltr'><strong>dibus</strong></span> <span class='ocrx_word' id='word_1_329' title='bbox 689 2661 998 2716; x_wconf 82' lang='lat' dir='ltr'><strong>sacerdotes</strong></span> <span class='ocrx_word' id='word_1_330' title='bbox 1023 2658 1371 2724; x_wconf 86' lang='lat' dir='ltr'><strong>extollerent;</strong></span> <span class='ocrx_word' id='word_1_331' title='bbox 1404 2657 1451 2712; x_wconf 90' lang='lat' dir='ltr'><strong>si</strong></span> <span class='ocrx_word' id='word_1_332' title='bbox 1475 2672 1605 2712; x_wconf 87' lang='lat' dir='ltr'><strong>vero</strong></span> <span class='ocrx_word' id='word_1_333' title='bbox 1634 2671 1741 2712; x_wconf 90' lang='lat' dir='ltr'><strong>non</strong></span> <span class='ocrx_word' id='word_1_334' title='bbox 1778 2663 1963 2711; x_wconf 85' lang='lat' dir='ltr'><strong>essent</strong></span> <span class='ocrx_word' id='word_1_335' title='bbox 1991 2654 2088 2726; x_wconf 80' lang='lat' dir='ltr'><strong>qui</strong></span> 
     </span>
    </p>
   </div>
   <div class='ocr_carea' id='block_1_44' title="bbox 516 2746 1697 2820">
    <p class='ocr_par' dir='ltr' id='par_1_44' title="bbox 516 2746 1697 2820">
     <span class='ocr_line' id='line_1_44' title="bbox 516 2746 1697 2820; baseline -0.004 -14"><span class='ocrx_word' id='word_1_336' title='bbox 516 2764 744 2806; x_wconf 82' lang='lat' dir='ltr'><strong>munera</strong></span> <span class='ocrx_word' id='word_1_337' title='bbox 773 2747 1051 2813; x_wconf 81' lang='lat' dir='ltr'><strong>oﬂerrent,</strong></span> <span class='ocrx_word' id='word_1_338' title='bbox 1080 2746 1305 2820; x_wconf 88' lang='lat' dir='ltr'><strong>ﬂagellis</strong></span> <span class='ocrx_word' id='word_1_339' title='bbox 1332 2753 1697 2819; x_wconf 85' lang='lat' dir='ltr'><strong>percuterent.</strong></span> 
     </span>
    </p>
   </div>
   <div class='ocr_carea' id='block_1_45' title="bbox 580 2836 2093 2913">
    <p class='ocr_par' dir='ltr' id='par_1_45' title="bbox 580 2836 2093 2913">
     <span class='ocr_line' id='line_1_45' title="bbox 580 2836 2093 2913; baseline -0.003 -16"><span class='ocrx_word' id='word_1_340' title='bbox 580 2841 767 2913; x_wconf 84' lang='lat' dir='ltr'><strong>itaque</strong></span> <span class='ocrx_word' id='word_1_341' title='bbox 793 2849 851 2896; x_wconf 89' lang='lat' dir='ltr'><strong>ut</strong></span> <span class='ocrx_word' id='word_1_342' title='bbox 876 2841 964 2911; x_wconf 84' lang='lat' dir='ltr'><strong>qui</strong></span> <span class='ocrx_word' id='word_1_343' title='bbox 990 2842 1109 2897; x_wconf 71' lang='lat' dir='ltr'><strong>haec</strong></span> <span class='ocrx_word' id='word_1_344' title='bbox 1148 2841 1328 2895; x_wconf 87' lang='lat' dir='ltr'><strong>minus</strong></span> <span class='ocrx_word' id='word_1_345' title='bbox 1365 2839 1729 2907; x_wconf 79' lang='lat' dir='ltr'><strong>intelligerent</strong></span> <span class='ocrx_word' id='word_1_346' title='bbox 1752 2836 2093 2894; x_wconf 80' lang='lat' dir='ltr'><strong>.muleeamus</strong></span> 
     </span>
    </p>
   </div>
   <div class='ocr_carea' id='block_1_46' title="bbox 502 2929 2089 3007">
    <p class='ocr_par' dir='ltr' id='par_1_46' title="bbox 502 2929 2089 3007">
     <span class='ocr_line' id='line_1_46' title="bbox 502 2929 2089 3007; baseline -0.002 -19"><span class='ocrx_word' id='word_1_347' title='bbox 502 2934 675 3007; x_wconf 59' lang='lat' dir='ltr'><strong>(fort.</strong></span> <span class='ocrx_word' id='word_1_348' title='bbox 699 2973 716 2999; x_wconf 92' lang='lat'><strong>,</strong></span> <span class='ocrx_word' id='word_1_349' title='bbox 742 2931 1100 3003; x_wconf 72' lang='lat' dir='ltr'><strong>doceamus],</strong></span> <span class='ocrx_word' id='word_1_350' title='bbox 1132 2931 1246 2986; x_wconf 64' lang='lat' dir='ltr'><strong>haec</strong></span> <span class='ocrx_word' id='word_1_351' title='bbox 1267 2930 1619 2986; x_wconf 87' lang='lat' dir='ltr'><strong>bistorialiter</strong></span> <span class='ocrx_word' id='word_1_352' title='bbox 1643 2929 2089 3001; x_wconf 78' lang='lat' dir='ltr'><strong>perstrinximus,</strong></span> 
     </span>
    </p>
   </div>
   <div class='ocr_carea' id='block_1_47' title="bbox 511 3023 2088 3095">
    <p class='ocr_par' dir='ltr' id='par_1_47' title="bbox 511 3023 2088 3095">
     <span class='ocr_line' id='line_1_47' title="bbox 511 3023 2088 3095; baseline -0.002 -15"><span class='ocrx_word' id='word_1_353' title='bbox 511 3039 665 3082; x_wconf 78' lang='lat' dir='ltr'><strong>nunc</strong></span> <span class='ocrx_word' id='word_1_354' title='bbox 691 3038 821 3081; x_wconf 89' lang='lat' dir='ltr'><strong>vero</strong></span> <span class='ocrx_word' id='word_1_355' title='bbox 856 3023 1002 3079; x_wconf 57' lang='lat' dir='ltr'><strong>brevi</strong></span> <span class='ocrx_word' id='word_1_356' title='bbox 1032 3038 1279 3079; x_wconf 89' lang='lat' dir='ltr'><strong>sermone</strong></span> <span class='ocrx_word' id='word_1_357' title='bbox 1316 3023 1662 3095; x_wconf 82' lang='lat' dir='ltr'><strong>repetendum</strong></span> <span class='ocrx_word' id='word_1_358' title='bbox 1691 3023 2088 3079; x_wconf 83' lang='lat' dir='ltr'><strong>immorabitur.</strong></span> 
     </span>
    </p>
   </div>
   <div class='ocr_carea' id='block_1_48' title="bbox 503 3111 2091 3184">
    <p class='ocr_par' dir='ltr' id='par_1_48' title="bbox 503 3111 2091 3184">
     <span class='ocr_line' id='line_1_48' title="bbox 503 3111 2091 3184; baseline 0 -16"><span class='ocrx_word' id='word_1_359' title='bbox 503 3113 669 3182; x_wconf 76' lang='lat' dir='ltr'><strong>Quod</strong></span> <span class='ocrx_word' id='word_1_360' title='bbox 716 3113 953 3169; x_wconf 83' lang='lat' dir='ltr'><strong>diximus</strong></span> <span class='ocrx_word' id='word_1_361' title='bbox 998 3113 1272 3184; x_wconf 85' lang='lat' dir='ltr'><strong>pertinere</strong></span> <span class='ocrx_word' id='word_1_362' title='bbox 1314 3111 1384 3167; x_wconf 89' lang='lat' dir='ltr'><strong>ad</strong></span> <span class='ocrx_word' id='word_1_363' title='bbox 1428 3111 1724 3170; x_wconf 87' lang='lat' dir='ltr'><strong>materialis</strong></span> <span class='ocrx_word' id='word_1_364' title='bbox 1766 3112 1949 3182; x_wconf 88' lang='lat' dir='ltr'><strong>templi</strong></span> <span class='ocrx_word' id='word_1_365' title='bbox 1996 3111 2091 3168; x_wconf 84' lang='lat' dir='ltr'><strong>de-</strong></span> 
     </span>
    </p>
   </div>
   <div class='ocr_carea' id='block_1_49' title="bbox 499 3183 2163 3273">
    <p class='ocr_par' dir='ltr' id='par_1_49' title="bbox 499 3183 2163 3273">
     <span class='ocr_line' id='line_1_49' title="bbox 499 3183 2163 3273; baseline -0.004 -10"><span class='ocrx_word' id='word_1_366' title='bbox 499 3202 902 3269; x_wconf 65' lang='lat' dir='ltr'><strong>structionem,</strong></span> <span class='ocrx_word' id='word_1_367' title='bbox 946 3183 1125 3273; x_wconf 89' lang='lat' dir='ltr'><strong>potest</strong></span> <span class='ocrx_word' id='word_1_368' title='bbox 1173 3217 1389 3273; x_wconf 89' lang='lat' dir='ltr'><strong>quoque</strong></span> <span class='ocrx_word' id='word_1_369' title='bbox 1437 3208 1490 3256; x_wconf 89' lang='lat' dir='ltr'><strong>et</strong></span> <span class='ocrx_word' id='word_1_370' title='bbox 1536 3201 1605 3257; x_wconf 90' lang='lat' dir='ltr'><strong>ad</strong></span> <span class='ocrx_word' id='word_1_371' title='bbox 1652 3215 2089 3271; x_wconf 82' lang='lat' dir='ltr'><strong>unamquamque</strong></span> <span class='ocrx_word' id='word_1_372' title='bbox 2116 3183 2163 3248; x_wconf 75' lang='lat' dir='ltr'><strong>C</strong></span> 
     </span>
    </p>
   </div>
   <div class='ocr_carea' id='block_1_50' title="bbox 2193 1924 3782 2011">
    <p class='ocr_par' dir='ltr' id='par_1_50' title="bbox 2193 1924 3782 2011">
     <span class='ocr_line' id='line_1_50' title="bbox 2193 1924 3782 2011; baseline 0.006 -28"><span class='ocrx_word' id='word_1_373' title='bbox 2193 1924 2404 1983; x_wconf 85' lang='lat' dir='ltr'><strong>strictio</strong></span> <span class='ocrx_word' id='word_1_374' title='bbox 2433 1925 2702 2011; x_wconf 66' lang='lat' dir='ltr'><strong>yiudictie.</strong></span> <span class='ocrx_word' id='word_1_375' title='bbox 2737 1946 2758 1980; x_wconf 75' lang='grc' dir='ltr'><strong>ι</strong></span> <span class='ocrx_word' id='word_1_376' title='bbox 2794 1928 2863 1984; x_wconf 86' lang='lat' dir='ltr'><strong>Et</strong></span> <span class='ocrx_word' id='word_1_377' title='bbox 2881 1929 3306 1987; x_wconf 77' lang='lat' dir='ltr'><strong>circumdabant</strong></span> <span class='ocrx_word' id='word_1_378' title='bbox 3330 1941 3423 1999; x_wconf 70' lang='lat' dir='ltr'><strong>te,</strong></span> <span class='ocrx_word' id='word_1_379' title='bbox 3458 1942 3518 1991; x_wconf 87' lang='lat' dir='ltr'><strong>et</strong></span> <span class='ocrx_word' id='word_1_380' title='bbox 3540 1951 3782 2006; x_wconf 59' lang='lat' dir='ltr'><strong>«angue</strong></span> 
     </span>
    </p>
   </div>
   <div class='ocr_carea' id='block_1_51' title="bbox 2198 2018 3781 2095">
    <p class='ocr_par' dir='ltr' id='par_1_51' title="bbox 2198 2018 3781 2095">
     <span class='ocr_line' id='line_1_51' title="bbox 2198 2018 3781 2095; baseline 0.007 -22"><span class='ocrx_word' id='word_1_381' title='bbox 2198 2036 2219 2073; x_wconf 74' lang='grc' dir='ltr'><strong>ι</strong></span> <span class='ocrx_word' id='word_1_382' title='bbox 2256 2018 2475 2075; x_wconf 76' lang='lat' dir='ltr'><strong>stabunt</strong></span> <span class='ocrx_word' id='word_1_383' title='bbox 2505 2026 2556 2074; x_wconf 91' lang='lat' dir='ltr'><strong>te</strong></span> <span class='ocrx_word' id='word_1_384' title='bbox 2597 2019 2836 2090; x_wconf 80' lang='lat' dir='ltr'><strong>undique</strong></span> <span class='ocrx_word' id='word_1_385' title='bbox 2876 2020 3092 2095; x_wconf 59' lang='lat' dir='ltr'><strong>(Ibid).</strong></span> <span class='ocrx_word' id='word_1_386' title='bbox 3128 2041 3148 2076; x_wconf 73' lang='grc' dir='ltr'><strong>ι</strong></span> <span class='ocrx_word' id='word_1_387' title='bbox 3190 2021 3395 2079; x_wconf 76' lang='lat' dir='ltr'><strong>infelici</strong></span> <span class='ocrx_word' id='word_1_388' title='bbox 3432 2026 3645 2081; x_wconf 73' lang='lat' dir='ltr'><strong>anima:</strong></span> <span class='ocrx_word' id='word_1_389' title='bbox 3682 2043 3781 2084; x_wconf 68' lang='lat' dir='ltr'><strong>uua</strong></span> 
     </span>
    </p>
   </div>
   <div class='ocr_carea' id='block_1_52' title="bbox 2191 2108 3781 2188">
    <p class='ocr_par' dir='ltr' id='par_1_52' title="bbox 2191 2108 3781 2188">
     <span class='ocr_line' id='line_1_52' title="bbox 2191 2108 3781 2188; baseline 0.006 -22"><span class='ocrx_word' id='word_1_390' title='bbox 2191 2117 2322 2166; x_wconf 79' lang='lat' dir='ltr'><strong>Sunt</strong></span> <span class='ocrx_word' id='word_1_391' title='bbox 2363 2108 2578 2180; x_wconf 87' lang='lat' dir='ltr'><strong>pejores</strong></span> <span class='ocrx_word' id='word_1_392' title='bbox 2627 2111 2832 2167; x_wconf 89' lang='lat' dir='ltr'><strong>inimici</strong></span> <span class='ocrx_word' id='word_1_393' title='bbox 2878 2128 3040 2182; x_wconf 88' lang='lat' dir='ltr'><strong>quam</strong></span> <span class='ocrx_word' id='word_1_394' title='bbox 3095 2113 3359 2171; x_wconf 87' lang='lat' dir='ltr'><strong>immundi</strong></span> <span class='ocrx_word' id='word_1_395' title='bbox 3405 2117 3668 2188; x_wconf 72' lang='lat' dir='ltr'><strong>spiritus.</strong></span> <span class='ocrx_word' id='word_1_396' title='bbox 3714 2120 3781 2175; x_wconf 73' lang='lat' dir='ltr'><strong>[te</strong></span> 
     </span>
    </p>
   </div>
   <div class='ocr_carea' id='block_1_53' title="bbox 2192 2199 3779 2274">
    <p class='ocr_par' dir='ltr' id='par_1_53' title="bbox 2192 2199 3779 2274">
     <span class='ocr_line' id='line_1_53' title="bbox 2192 2199 3779 2274; baseline 0.008 -21"><span class='ocrx_word' id='word_1_397' title='bbox 2192 2199 2390 2270; x_wconf 89' lang='lat' dir='ltr'><strong>quibus</strong></span> <span class='ocrx_word' id='word_1_398' title='bbox 2436 2215 2495 2256; x_wconf 90' lang='lat' dir='ltr'><strong>se</strong></span> <span class='ocrx_word' id='word_1_399' title='bbox 2542 2202 2793 2272; x_wconf 88' lang='lat' dir='ltr'><strong>cupiebat</strong></span> <span class='ocrx_word' id='word_1_400' title='bbox 2838 2203 2975 2274; x_wconf 82' lang='lat' dir='ltr'><strong>eripi</strong></span> <span class='ocrx_word' id='word_1_401' title='bbox 3003 2203 3301 2260; x_wconf 78' lang='lat' dir='ltr'><strong>Psalmista</strong></span> <span class='ocrx_word' id='word_1_402' title='bbox 3338 2221 3486 2262; x_wconf 81' lang='lat' dir='ltr'><strong>cum</strong></span> <span class='ocrx_word' id='word_1_403' title='bbox 3532 2209 3779 2266; x_wconf 77' lang='lat' dir='ltr'><strong>diceret:</strong></span> 
     </span>
    </p>
   </div>
   <div class='ocr_carea' id='block_1_54' title="bbox 2198 2289 3774 2369">
    <p class='ocr_par' dir='ltr' id='par_1_54' title="bbox 2198 2289 3774 2369">
     <span class='ocr_line' id='line_1_54' title="bbox 2198 2289 3774 2369; baseline 0.006 -26"><span class='ocrx_word' id='word_1_404' title='bbox 2198 2306 2217 2343; x_wconf 81' lang='grc' dir='ltr'><strong>ι</strong></span> <span class='ocrx_word' id='word_1_405' title='bbox 2251 2289 2412 2359; x_wconf 89' lang='lat' dir='ltr'><strong>Eripe</strong></span> <span class='ocrx_word' id='word_1_406' title='bbox 2427 2305 2514 2346; x_wconf 84' lang='lat' dir='ltr'><strong>me</strong></span> <span class='ocrx_word' id='word_1_407' title='bbox 2529 2292 2593 2347; x_wconf 89' lang='lat' dir='ltr'><strong>de</strong></span> <span class='ocrx_word' id='word_1_408' title='bbox 2610 2290 2845 2349; x_wconf 90' lang='lat' dir='ltr'><strong>inimicis</strong></span> <span class='ocrx_word' id='word_1_409' title='bbox 2860 2292 3019 2360; x_wconf 87' lang='lat' dir='ltr'><strong>meis,</strong></span> <span class='ocrx_word' id='word_1_410' title='bbox 3034 2293 3176 2350; x_wconf 84' lang='lat' dir='ltr'><strong>Deus</strong></span> <span class='ocrx_word' id='word_1_411' title='bbox 3191 2310 3345 2351; x_wconf 86' lang='lat' dir='ltr'><strong>meus</strong></span> <span class='ocrx_word' id='word_1_412' title='bbox 3360 2293 3548 2367; x_wconf 73' lang='lat' dir='ltr'><strong>(Paul.</strong></span> <span class='ocrx_word' id='word_1_413' title='bbox 3563 2315 3629 2352; x_wconf 70' lang='grc' dir='ltr'><strong>ιι</strong></span> <span class='ocrx_word' id='word_1_414' title='bbox 3641 2300 3736 2369; x_wconf 70' lang='grc' dir='ltr'><strong>ιιι).</strong></span> <span class='ocrx_word' id='word_1_415' title='bbox 3756 2320 3774 2353; x_wconf 75' lang='grc' dir='ltr'><strong>ι</strong></span> 
     </span>
    </p>
   </div>
   <div class='ocr_carea' id='block_1_55' title="bbox 2180 2377 3775 2457">
    <p class='ocr_par' dir='ltr' id='par_1_55' title="bbox 2180 2377 3775 2457">
     <span class='ocr_line' id='line_1_55' title="bbox 2180 2377 3775 2457; baseline 0.008 -24"><span class='ocrx_word' id='word_1_416' title='bbox 2180 2377 2260 2434; x_wconf 73' lang='lat' dir='ltr'><strong>Et</strong></span> <span class='ocrx_word' id='word_1_417' title='bbox 2308 2378 2476 2443; x_wconf 87' lang='lat' dir='ltr'><strong>item:</strong></span> <span class='ocrx_word' id='word_1_418' title='bbox 2530 2397 2549 2430; x_wconf 78' lang='grc' dir='ltr'><strong>ι</strong></span> <span class='ocrx_word' id='word_1_419' title='bbox 2581 2379 2742 2450; x_wconf 88' lang='lat' dir='ltr'><strong>Eripe</strong></span> <span class='ocrx_word' id='word_1_420' title='bbox 2786 2395 2874 2439; x_wconf 89' lang='lat' dir='ltr'><strong>me</strong></span> <span class='ocrx_word' id='word_1_421' title='bbox 2915 2382 2984 2438; x_wconf 87' lang='lat' dir='ltr'><strong>de</strong></span> <span class='ocrx_word' id='word_1_422' title='bbox 3029 2384 3383 2454; x_wconf 87' lang='lat' dir='ltr'><strong>operantibus</strong></span> <span class='ocrx_word' id='word_1_423' title='bbox 3434 2387 3775 2457; x_wconf 77' lang='lat' dir='ltr'><strong>iniquitatem</strong></span> 
     </span>
    </p>
   </div>
   <div class='ocr_carea' id='block_1_56' title="bbox 2197 2468 3775 2541">
    <p class='ocr_par' dir='ltr' id='par_1_56' title="bbox 2197 2468 3775 2541">
     <span class='ocr_line' id='line_1_56' title="bbox 2197 2468 3775 2541; baseline 0.01 -20"><span class='ocrx_word' id='word_1_424' title='bbox 2197 2487 2216 2521; x_wconf 76' lang='grc' dir='ltr'><strong>ι</strong></span> <span class='ocrx_word' id='word_1_425' title='bbox 2250 2468 2459 2541; x_wconf 83' lang='lat' dir='ltr'><strong>(Ibid.).</strong></span> <span class='ocrx_word' id='word_1_426' title='bbox 2499 2488 2518 2521; x_wconf 74' lang='grc' dir='ltr'><strong>ι</strong></span> <span class='ocrx_word' id='word_1_427' title='bbox 2557 2470 2698 2540; x_wconf 83' lang='lat' dir='ltr'><strong>Ergo</strong></span> <span class='ocrx_word' id='word_1_428' title='bbox 2735 2472 2941 2529; x_wconf 89' lang='lat' dir='ltr'><strong>initnici</strong></span> <span class='ocrx_word' id='word_1_429' title='bbox 2972 2474 3184 2530; x_wconf 68' lang='lat' dir='ltr'><strong>misera:</strong></span> <span class='ocrx_word' id='word_1_430' title='bbox 3230 2477 3432 2534; x_wconf 65' lang='lat' dir='ltr'><strong>animm</strong></span> <span class='ocrx_word' id='word_1_431' title='bbox 3474 2481 3631 2536; x_wconf 72' lang='lat' dir='ltr'><strong>vallo</strong></span> <span class='ocrx_word' id='word_1_432' title='bbox 3669 2498 3775 2536; x_wconf 80' lang='lat' dir='ltr'><strong>ea</strong></span> 
     </span>
    </p>
   </div>
   <div class='ocr_carea' id='block_1_57' title="bbox 2191 2559 3775 2637">
    <p class='ocr_par' dir='ltr' id='par_1_57' title="bbox 2191 2559 3775 2637">
     <span class='ocr_line' id='line_1_57' title="bbox 2191 2559 3775 2637; baseline 0.007 -21"><span class='ocrx_word' id='word_1_433' title='bbox 2191 2559 2558 2626; x_wconf 75' lang='lat' dir='ltr'><strong>circumdant,</strong></span> <span class='ocrx_word' id='word_1_434' title='bbox 2597 2563 2814 2631; x_wconf 84' lang='lat' dir='ltr'><strong>quando</strong></span> <span class='ocrx_word' id='word_1_435' title='bbox 2860 2563 3122 2620; x_wconf 86' lang='lat' dir='ltr'><strong>immundi</strong></span> <span class='ocrx_word' id='word_1_436' title='bbox 3169 2568 3396 2637; x_wconf 84' lang='lat' dir='ltr'><strong>spiritus</strong></span> <span class='ocrx_word' id='word_1_437' title='bbox 3444 2570 3604 2626; x_wconf 80' lang='lat' dir='ltr'><strong>circa</strong></span> <span class='ocrx_word' id='word_1_438' title='bbox 3647 2573 3775 2626; x_wconf 82' lang='lat' dir='ltr'><strong>diem</strong></span> 
     </span>
    </p>
   </div>
   <div class='ocr_carea' id='block_1_58' title="bbox 2193 2649 3776 2730">
    <p class='ocr_par' dir='ltr' id='par_1_58' title="bbox 2193 2649 3776 2730">
     <span class='ocr_line' id='line_1_58' title="bbox 2193 2649 3776 2730; baseline 0.008 -27"><span class='ocrx_word' id='word_1_439' title='bbox 2193 2650 2385 2705; x_wconf 88' lang='lat' dir='ltr'><strong>mortis</strong></span> <span class='ocrx_word' id='word_1_440' title='bbox 2428 2649 2612 2705; x_wconf 88' lang='lat' dir='ltr'><strong>omnia</strong></span> <span class='ocrx_word' id='word_1_441' title='bbox 2638 2660 2862 2721; x_wconf 88' lang='lat' dir='ltr'><strong>peccata</strong></span> <span class='ocrx_word' id='word_1_442' title='bbox 2912 2654 2962 2708; x_wconf 89' lang='lat' dir='ltr'><strong>ei</strong></span> <span class='ocrx_word' id='word_1_443' title='bbox 3006 2654 3307 2726; x_wconf 77' lang='lat' dir='ltr'><strong>repiicant,</strong></span> <span class='ocrx_word' id='word_1_444' title='bbox 3353 2658 3638 2730; x_wconf 70' lang='lat' dir='ltr'><strong>valdeque</strong></span> <span class='ocrx_word' id='word_1_445' title='bbox 3668 2676 3776 2716; x_wconf 74' lang='lat' dir='ltr'><strong>eam</strong></span> 
     </span>
    </p>
   </div>
   <div class='ocr_carea' id='block_1_59' title="bbox 2191 2742 3776 2822">
    <p class='ocr_par' dir='ltr' id='par_1_59' title="bbox 2191 2742 3776 2822">
     <span class='ocr_line' id='line_1_59' title="bbox 2191 2742 3776 2822; baseline 0.008 -29"><span class='ocrx_word' id='word_1_446' title='bbox 2191 2749 2577 2811; x_wconf 80' lang='lat' dir='ltr'><strong>coangustant,</strong></span> <span class='ocrx_word' id='word_1_447' title='bbox 2621 2743 2836 2811; x_wconf 87' lang='lat' dir='ltr'><strong>quando</strong></span> <span class='ocrx_word' id='word_1_448' title='bbox 2876 2742 2977 2814; x_wconf 84' lang='lat' dir='ltr'><strong>ipsi</strong></span> <span class='ocrx_word' id='word_1_449' title='bbox 3004 2745 3093 2814; x_wconf 88' lang='lat' dir='ltr'><strong>qui</strong></span> <span class='ocrx_word' id='word_1_450' title='bbox 3124 2746 3282 2815; x_wconf 84' lang='lat' dir='ltr'><strong>primi</strong></span> <span class='ocrx_word' id='word_1_451' title='bbox 3314 2750 3365 2802; x_wconf 92' lang='lat' dir='ltr'><strong>ei</strong></span> <span class='ocrx_word' id='word_1_452' title='bbox 3404 2746 3635 2805; x_wconf 80' lang='lat' dir='ltr'><strong>fuerant</strong></span> <span class='ocrx_word' id='word_1_453' title='bbox 3667 2768 3776 2822; x_wconf 77' lang='lat' dir='ltr'><strong>per-</strong></span> 
     </span>
    </p>
   </div>
   <div class='ocr_carea' id='block_1_60' title="bbox 2193 2833 3740 2900">
    <p class='ocr_par' dir='ltr' id='par_1_60' title="bbox 2193 2833 3740 2900">
     <span class='ocr_line' id='line_1_60' title="bbox 2193 2833 3740 2900; baseline 0.006 -12"><span class='ocrx_word' id='word_1_454' title='bbox 2193 2848 2445 2889; x_wconf 87' lang='lat' dir='ltr'><strong>suasores</strong></span> <span class='ocrx_word' id='word_1_455' title='bbox 2472 2833 2542 2888; x_wconf 91' lang='lat' dir='ltr'><strong>ad</strong></span> <span class='ocrx_word' id='word_1_456' title='bbox 2568 2833 2795 2888; x_wconf 87' lang='lat' dir='ltr'><strong>crimina</strong></span> <span class='ocrx_word' id='word_1_457' title='bbox 2815 2875 2830 2900; x_wconf 91' lang='lat'><strong>,</strong></span> <span class='ocrx_word' id='word_1_458' title='bbox 2859 2834 2990 2890; x_wconf 85' lang='lat' dir='ltr'><strong>ﬂent</strong></span> <span class='ocrx_word' id='word_1_459' title='bbox 3030 2844 3317 2895; x_wconf 81' lang='lat' dir='ltr'><strong>exactores</strong></span> <span class='ocrx_word' id='word_1_460' title='bbox 3344 2839 3413 2894; x_wconf 88' lang='lat' dir='ltr'><strong>ad</strong></span> <span class='ocrx_word' id='word_1_461' title='bbox 3440 2849 3740 2897; x_wconf 69' lang='lat' dir='ltr'><strong>tormenta.</strong></span> 
     </span>
    </p>
   </div>
   <div class='ocr_carea' id='block_1_61' title="bbox 2252 2922 3773 3004">
    <p class='ocr_par' dir='ltr' id='par_1_61' title="bbox 2252 2922 3773 3004">
     <span class='ocr_line' id='line_1_61' title="bbox 2252 2922 3773 3004; baseline 0.009 -29"><span class='ocrx_word' id='word_1_462' title='bbox 2252 2942 2286 2974; x_wconf 11' lang='lat' dir='ltr'><strong>ac</strong></span> <span class='ocrx_word' id='word_1_463' title='bbox 2316 2922 2380 2977; x_wconf 84' lang='lat' dir='ltr'><strong>Et</strong></span> <span class='ocrx_word' id='word_1_464' title='bbox 2406 2922 2690 2978; x_wconf 88' lang='lat' dir='ltr'><strong>adterram</strong></span> <span class='ocrx_word' id='word_1_465' title='bbox 2708 2932 3048 2994; x_wconf 89' lang='lat' dir='ltr'><strong>prosternent</strong></span> <span class='ocrx_word' id='word_1_466' title='bbox 3080 2934 3150 2982; x_wconf 92' lang='lat' dir='ltr'><strong>te.</strong></span> <span class='ocrx_word' id='word_1_467' title='bbox 3179 2947 3198 2979; x_wconf 80' lang='grc' dir='ltr'><strong>ι</strong></span> <span class='ocrx_word' id='word_1_468' title='bbox 3226 2927 3308 2983; x_wconf 78' lang='lat' dir='ltr'><strong>Ad</strong></span> <span class='ocrx_word' id='word_1_469' title='bbox 3332 2937 3559 2987; x_wconf 73' lang='lat' dir='ltr'><strong>terram</strong></span> <span class='ocrx_word' id='word_1_470' title='bbox 3582 2936 3773 3004; x_wconf 69' lang='lat' dir='ltr'><strong>quippe</strong></span> 
     </span>
    </p>
   </div>
   <div class='ocr_carea' id='block_1_62' title="bbox 2186 3015 3774 3092">
    <p class='ocr_par' dir='ltr' id='par_1_62' title="bbox 2186 3015 3774 3092">
     <span class='ocr_line' id='line_1_62' title="bbox 2186 3015 3774 3092; baseline 0.003 -19"><span class='ocrx_word' id='word_1_471' title='bbox 2186 3015 2376 3073; x_wconf 75' lang='lat' dir='ltr'><strong>infelix</strong></span> <span class='ocrx_word' id='word_1_472' title='bbox 2407 3016 2587 3072; x_wconf 84' lang='lat' dir='ltr'><strong>anima</strong></span> <span class='ocrx_word' id='word_1_473' title='bbox 2621 3018 3001 3088; x_wconf 82' lang='lat' dir='ltr'><strong>prosternitur,</strong></span> <span class='ocrx_word' id='word_1_474' title='bbox 3038 3020 3252 3089; x_wconf 88' lang='lat' dir='ltr'><strong>quando</strong></span> <span class='ocrx_word' id='word_1_475' title='bbox 3274 3022 3521 3078; x_wconf 67' lang='lat' dir='ltr'><strong>virtutes</strong></span> <span class='ocrx_word' id='word_1_476' title='bbox 3558 3038 3701 3092; x_wconf 64' lang='lat' dir='ltr'><strong>quas</strong></span> <span class='ocrx_word' id='word_1_477' title='bbox 3722 3039 3774 3078; x_wconf 74' lang='lat' dir='ltr'><strong>se</strong></span> 
     </span>
    </p>
   </div>
   <div class='ocr_carea' id='block_1_63' title="bbox 2187 3107 3773 3184">
    <p class='ocr_par' dir='ltr' id='par_1_63' title="bbox 2187 3107 3773 3184">
     <span class='ocr_line' id='line_1_63' title="bbox 2187 3107 3773 3184; baseline 0.004 -21"><span class='ocrx_word' id='word_1_478' title='bbox 2187 3107 2390 3164; x_wconf 81' lang='lat' dir='ltr'><strong>habere</strong></span> <span class='ocrx_word' id='word_1_479' title='bbox 2422 3109 2667 3180; x_wconf 81' lang='lat' dir='ltr'><strong>putabat,</strong></span> <span class='ocrx_word' id='word_1_480' title='bbox 2710 3108 2929 3176; x_wconf 86' lang='lat' dir='ltr'><strong>amittit,</strong></span> <span class='ocrx_word' id='word_1_481' title='bbox 2979 3110 3093 3166; x_wconf 78' lang='lat' dir='ltr'><strong>sive</strong></span> <span class='ocrx_word' id='word_1_482' title='bbox 3135 3110 3297 3166; x_wconf 88' lang='lat' dir='ltr'><strong>etiam</strong></span> <span class='ocrx_word' id='word_1_483' title='bbox 3342 3128 3512 3181; x_wconf 83' lang='lat' dir='ltr'><strong>caro,</strong></span> <span class='ocrx_word' id='word_1_484' title='bbox 3555 3129 3677 3184; x_wconf 63' lang='lat' dir='ltr'><strong>qua</strong></span> <span class='ocrx_word' id='word_1_485' title='bbox 3715 3117 3773 3169; x_wconf 76' lang='lat' dir='ltr'><strong>de</strong></span> 
     </span>
    </p>
   </div>
   <div class='ocr_carea' id='block_1_64' title="bbox 2194 3201 3771 3271">
    <p class='ocr_par' dir='ltr' id='par_1_64' title="bbox 2194 3201 3771 3271">
     <span class='ocr_line' id='line_1_64' title="bbox 2194 3201 3771 3271; baseline 0.005 -16"><span class='ocrx_word' id='word_1_486' title='bbox 2194 3209 2332 3255; x_wconf 87' lang='lat' dir='ltr'><strong>terra</strong></span> <span class='ocrx_word' id='word_1_487' title='bbox 2352 3211 2576 3271; x_wconf 81' lang='lat' dir='ltr'><strong>sumpta</strong></span> <span class='ocrx_word' id='word_1_488' title='bbox 2607 3207 2713 3267; x_wconf 89' lang='lat' dir='ltr'><strong>est,</strong></span> <span class='ocrx_word' id='word_1_489' title='bbox 2735 3201 2805 3257; x_wconf 90' lang='lat' dir='ltr'><strong>ad</strong></span> <span class='ocrx_word' id='word_1_490' title='bbox 2837 3208 3041 3263; x_wconf 85' lang='lat' dir='ltr'><strong>terram</strong></span> <span class='ocrx_word' id='word_1_491' title='bbox 3081 3205 3393 3260; x_wconf 81' lang='lat' dir='ltr'><strong>revertitur.</strong></span> <span class='ocrx_word' id='word_1_492' title='bbox 3442 3206 3606 3263; x_wconf 77' lang='lat' dir='ltr'><strong>Sicut</strong></span> <span class='ocrx_word' id='word_1_493' title='bbox 3649 3209 3771 3262; x_wconf 80' lang='lat' dir='ltr'><strong>seri-</strong></span> 
     </span>
    </p>
   </div>
   <div class='ocr_carea' id='block_1_65' title="bbox 516 3288 3765 3369">
    <p class='ocr_par' dir='ltr' id='par_1_65' title="bbox 516 3288 3765 3369">
     <span class='ocr_line' id='line_1_65' title="bbox 516 3288 3765 3369; baseline 0.001 -19"><span class='ocrx_word' id='word_1_494' title='bbox 516 3295 872 3365; x_wconf 84' lang='lat' dir='ltr'><strong>peccatriccm</strong></span> <span class='ocrx_word' id='word_1_495' title='bbox 917 3295 1157 3350; x_wconf 87' lang='lat' dir='ltr'><strong>animam</strong></span> <span class='ocrx_word' id='word_1_496' title='bbox 1199 3294 1411 3350; x_wconf 87' lang='lat' dir='ltr'><strong>referri.</strong></span> <span class='ocrx_word' id='word_1_497' title='bbox 1439 3293 1614 3350; x_wconf 88' lang='lat' dir='ltr'><strong>Flevit</strong></span> <span class='ocrx_word' id='word_1_498' title='bbox 1640 3302 1768 3349; x_wconf 91' lang='lat' dir='ltr'><strong>tunc</strong></span> <span class='ocrx_word' id='word_1_499' title='bbox 1811 3293 2090 3365; x_wconf 87' lang='lat' dir='ltr'><strong>piissimus</strong></span> <span class='ocrx_word' id='word_1_500' title='bbox 2182 3299 2341 3360; x_wconf 82' lang='lat' dir='ltr'><strong>ptum</strong></span> <span class='ocrx_word' id='word_1_501' title='bbox 2367 3297 2453 3346; x_wconf 88' lang='lat' dir='ltr'><strong>est</strong></span> <span class='ocrx_word' id='word_1_502' title='bbox 2484 3309 2497 3346; x_wconf 88' lang='lat'><strong>:</strong></span> <span class='ocrx_word' id='word_1_503' title='bbox 2532 3309 2551 3344; x_wconf 79' lang='grc' dir='ltr'><strong>ι</strong></span> <span class='ocrx_word' id='word_1_504' title='bbox 2583 3291 2752 3348; x_wconf 83' lang='lat' dir='ltr'><strong>Terra</strong></span> <span class='ocrx_word' id='word_1_505' title='bbox 2778 3307 2858 3358; x_wconf 92' lang='lat' dir='ltr'><strong>es,</strong></span> <span class='ocrx_word' id='word_1_506' title='bbox 2884 3300 2936 3349; x_wconf 90' lang='lat' dir='ltr'><strong>et</strong></span> <span class='ocrx_word' id='word_1_507' title='bbox 2968 3293 3022 3348; x_wconf 90' lang='lat' dir='ltr'><strong>in</strong></span> <span class='ocrx_word' id='word_1_508' title='bbox 3049 3302 3248 3349; x_wconf 82' lang='lat' dir='ltr'><strong>terram</strong></span> <span class='ocrx_word' id='word_1_509' title='bbox 3281 3296 3387 3352; x_wconf 85' lang='lat' dir='ltr'><strong>ibis</strong></span> <span class='ocrx_word' id='word_1_510' title='bbox 3422 3288 3597 3369; x_wconf 73' lang='lat' dir='ltr'><strong>(Gen.</strong></span> <span class='ocrx_word' id='word_1_511' title='bbox 3620 3302 3722 3368; x_wconf 86' lang='grc' dir='ltr'><strong>ιιι).</strong></span> <span class='ocrx_word' id='word_1_512' title='bbox 3748 3319 3765 3351; x_wconf 74' lang='grc' dir='ltr'><strong>ι</strong></span> 
     </span>
    </p>
   </div>
   <div class='ocr_carea' id='block_1_66' title="bbox 521 3384 2093 3457">
    <p class='ocr_par' dir='ltr' id='par_1_66' title="bbox 521 3384 2093 3457">
     <span class='ocr_line' id='line_1_66' title="bbox 521 3384 2093 3457; baseline 0.002 -18"><span class='ocrx_word' id='word_1_513' title='bbox 521 3386 779 3447; x_wconf 86' lang='lat' dir='ltr'><strong>Dominus</strong></span> <span class='ocrx_word' id='word_1_514' title='bbox 826 3401 923 3457; x_wconf 85' lang='lat' dir='ltr'><strong>per</strong></span> <span class='ocrx_word' id='word_1_515' title='bbox 963 3386 1310 3457; x_wconf 84' lang='lat' dir='ltr'><strong>semetipsum</strong></span> <span class='ocrx_word' id='word_1_516' title='bbox 1350 3386 1621 3457; x_wconf 86' lang='lat' dir='ltr'><strong>perditam</strong></span> <span class='ocrx_word' id='word_1_517' title='bbox 1661 3384 2093 3457; x_wconf 38' lang='lat' dir='ltr'><strong>civitatem;.ﬂet</strong></span> 
     </span>
    </p>
   </div>
   <div class='ocr_carea' id='block_1_67' title="bbox 519 3476 2093 3553">
    <p class='ocr_par' dir='ltr' id='par_1_67' title="bbox 519 3476 2093 3553">
     <span class='ocr_line' id='line_1_67' title="bbox 519 3476 2093 3553; baseline 0.001 -21"><span class='ocrx_word' id='word_1_518' title='bbox 519 3477 878 3547; x_wconf 86' lang='lat' dir='ltr'><strong>quotidieper</strong></span> <span class='ocrx_word' id='word_1_519' title='bbox 900 3477 1153 3534; x_wconf 87' lang='lat' dir='ltr'><strong>doctores</strong></span> <span class='ocrx_word' id='word_1_520' title='bbox 1175 3486 1398 3553; x_wconf 87' lang='lat' dir='ltr'><strong>sanctos</strong></span> <span class='ocrx_word' id='word_1_521' title='bbox 1420 3478 1473 3534; x_wconf 93' lang='lat' dir='ltr'><strong>in</strong></span> <span class='ocrx_word' id='word_1_522' title='bbox 1494 3476 1736 3535; x_wconf 88' lang='lat' dir='ltr'><strong>Ecclesia</strong></span> <span class='ocrx_word' id='word_1_523' title='bbox 1759 3477 1969 3533; x_wconf 89' lang='lat' dir='ltr'><strong>animas</strong></span> <span class='ocrx_word' id='word_1_524' title='bbox 1998 3490 2093 3548; x_wconf 82' lang='lat' dir='ltr'><strong>pe-</strong></span> 
     </span>
    </p>
   </div>
   <div class='ocr_carea' id='block_1_68' title="bbox 507 3567 2091 3637">
    <p class='ocr_par' dir='ltr' id='par_1_68' title="bbox 507 3567 2091 3637">
     <span class='ocr_line' id='line_1_68' title="bbox 507 3567 2091 3637; baseline 0 -14"><span class='ocrx_word' id='word_1_525' title='bbox 507 3568 803 3623; x_wconf 80' lang='lat' dir='ltr'><strong>reuntium.</strong></span> <span class='ocrx_word' id='word_1_526' title='bbox 832 3567 906 3621; x_wconf 87' lang='lat' dir='ltr'><strong>illi</strong></span> <span class='ocrx_word' id='word_1_527' title='bbox 940 3583 1131 3637; x_wconf 89' lang='lat' dir='ltr'><strong>nempe</strong></span> <span class='ocrx_word' id='word_1_528' title='bbox 1154 3584 1190 3621; x_wconf 82' lang='lat' dir='ltr'><strong>.a</strong></span> <span class='ocrx_word' id='word_1_529' title='bbox 1216 3568 1523 3623; x_wconf 88' lang='lat' dir='ltr'><strong>doctoribus</strong></span> <span class='ocrx_word' id='word_1_530' title='bbox 1562 3567 1725 3623; x_wconf 82' lang='lat' dir='ltr'><strong>ﬂendi</strong></span> <span class='ocrx_word' id='word_1_531' title='bbox 1750 3577 1875 3623; x_wconf 88' lang='lat' dir='ltr'><strong>sunt</strong></span> <span class='ocrx_word' id='word_1_532' title='bbox 1902 3568 1958 3622; x_wconf 92' lang='lat' dir='ltr'><strong>in</strong></span> <span class='ocrx_word' id='word_1_533' title='bbox 1989 3569 2091 3623; x_wconf 87' lang='lat' dir='ltr'><strong>Ec-</strong></span> 
     </span>
    </p>
   </div>
   <div class='ocr_carea' id='block_1_69' title="bbox 506 3656 2089 3728">
    <p class='ocr_par' dir='ltr' id='par_1_69' title="bbox 506 3656 2089 3728">
     <span class='ocr_line' id='line_1_69' title="bbox 506 3656 2089 3728; baseline 0.001 -18"><span class='ocrx_word' id='word_1_534' title='bbox 506 3657 710 3723; x_wconf 69' lang='lat' dir='ltr'><strong>clesia,</strong></span> <span class='ocrx_word' id='word_1_535' title='bbox 739 3659 832 3726; x_wconf 87' lang='lat' dir='ltr'><strong>qui</strong></span> <span class='ocrx_word' id='word_1_536' title='bbox 868 3657 1189 3728; x_wconf 89' lang='lat' dir='ltr'><strong>semetipsos</strong></span> <span class='ocrx_word' id='word_1_537' title='bbox 1233 3656 1360 3713; x_wconf 83' lang='lat' dir='ltr'><strong>ﬂere</strong></span> <span class='ocrx_word' id='word_1_538' title='bbox 1402 3659 1682 3723; x_wconf 88' lang='lat' dir='ltr'><strong>nesciunt,</strong></span> <span class='ocrx_word' id='word_1_539' title='bbox 1714 3657 1805 3726; x_wconf 92' lang='lat' dir='ltr'><strong>qui</strong></span> <span class='ocrx_word' id='word_1_540' title='bbox 1838 3658 2089 3728; x_wconf 87' lang='lat' dir='ltr'><strong>ignorant</strong></span> 
     </span>
    </p>
   </div>
   <div class='ocr_carea' id='block_1_70' title="bbox 510 3747 2091 3819">
    <p class='ocr_par' dir='ltr' id='par_1_70' title="bbox 510 3747 2091 3819">
     <span class='ocr_line' id='line_1_70' title="bbox 510 3747 2091 3819; baseline 0.001 -16"><span class='ocrx_word' id='word_1_541' title='bbox 510 3764 619 3803; x_wconf 68' lang='lat' dir='ltr'><strong>cur</strong></span> <span class='ocrx_word' id='word_1_542' title='bbox 646 3748 990 3819; x_wconf 85' lang='lat' dir='ltr'><strong>plangantur,</strong></span> <span class='ocrx_word' id='word_1_543' title='bbox 1021 3748 1122 3818; x_wconf 69' lang='lat' dir='ltr'><strong>qui:</strong></span> <span class='ocrx_word' id='word_1_544' title='bbox 1143 3747 1394 3804; x_wconf 63' lang='lat' dir='ltr'><strong>laetantur</strong></span> <span class='ocrx_word' id='word_1_545' title='bbox 1419 3764 1543 3804; x_wconf 93' lang='lat' dir='ltr'><strong>cum</strong></span> <span class='ocrx_word' id='word_1_546' title='bbox 1588 3747 1987 3814; x_wconf 86' lang='lat' dir='ltr'><strong>malefecerint,</strong></span> <span class='ocrx_word' id='word_1_547' title='bbox 2034 3754 2091 3804; x_wconf 89' lang='lat' dir='ltr'><strong>et</strong></span> 
     </span>
    </p>
   </div>
   <div class='ocr_carea' id='block_1_71' title="bbox 507 3837 2091 3910">
    <p class='ocr_par' dir='ltr' id='par_1_71' title="bbox 507 3837 2091 3910">
     <span class='ocr_line' id='line_1_71' title="bbox 507 3837 2091 3910; baseline 0.001 -15"><span class='ocrx_word' id='word_1_548' title='bbox 507 3839 794 3895; x_wconf 71' lang='lat' dir='ltr'><strong>exsultant</strong></span> <span class='ocrx_word' id='word_1_549' title='bbox 814 3837 866 3893; x_wconf 90' lang='lat' dir='ltr'><strong>in</strong></span> <span class='ocrx_word' id='word_1_550' title='bbox 892 3838 1050 3894; x_wconf 86' lang='lat' dir='ltr'><strong>rebus</strong></span> <span class='ocrx_word' id='word_1_551' title='bbox 1071 3838 1341 3910; x_wconf 90' lang='lat' dir='ltr'><strong>pessimis.</strong></span> <span class='ocrx_word' id='word_1_552' title='bbox 1360 3838 1570 3895; x_wconf 87' lang='lat' dir='ltr'><strong>Taliter</strong></span> <span class='ocrx_word' id='word_1_553' title='bbox 1587 3839 1865 3910; x_wconf 91' lang='lat' dir='ltr'><strong>apostolus</strong></span> <span class='ocrx_word' id='word_1_554' title='bbox 1887 3838 2091 3897; x_wconf 89' lang='lat' dir='ltr'><strong>Paulus</strong></span> 
     </span>
    </p>
   </div>
   <div class='ocr_carea' id='block_1_72' title="bbox 500 3929 2087 4002">
    <p class='ocr_par' dir='ltr' id='par_1_72' title="bbox 500 3929 2087 4002">
     <span class='ocr_line' id='line_1_72' title="bbox 500 3929 2087 4002; baseline -0.002 -13"><span class='ocrx_word' id='word_1_555' title='bbox 500 3931 636 3989; x_wconf 56' lang='lat' dir='ltr'><strong>&#39;vicc</strong></span> <span class='ocrx_word' id='word_1_556' title='bbox 668 3929 883 3986; x_wconf 75' lang='lat' dir='ltr'><strong>Christi</strong></span> <span class='ocrx_word' id='word_1_557' title='bbox 907 3929 1140 4001; x_wconf 69' lang='lat' dir='ltr'><strong>lapsum</strong></span> <span class='ocrx_word' id='word_1_558' title='bbox 1187 3930 1571 4002; x_wconf 88' lang='lat' dir='ltr'><strong>discipulorum</strong></span> <span class='ocrx_word' id='word_1_559' title='bbox 1624 3930 1818 3996; x_wconf 87' lang='lat' dir='ltr'><strong>ﬂebat,</strong></span> <span class='ocrx_word' id='word_1_560' title='bbox 1855 3930 2087 3987; x_wconf 86' lang='lat' dir='ltr'><strong>dicens:</strong></span> 
     </span>
    </p>
   </div>
   <div class='ocr_carea' id='block_1_73' title="bbox 514 4018 2089 4093">
    <p class='ocr_par' dir='ltr' id='par_1_73' title="bbox 514 4018 2089 4093">
     <span class='ocr_line' id='line_1_73' title="bbox 514 4018 2089 4093; baseline -0.002 -18"><span class='ocrx_word' id='word_1_561' title='bbox 514 4042 539 4075; x_wconf 60' lang='grc' dir='ltr'><em>ρ</em></span> <span class='ocrx_word' id='word_1_562' title='bbox 564 4022 808 4093; x_wconf 73' lang='lat' dir='ltr'><strong>Lageam</strong></span> <span class='ocrx_word' id='word_1_563' title='bbox 857 4021 1053 4077; x_wconf 84' lang='lat' dir='ltr'><strong>multos</strong></span> <span class='ocrx_word' id='word_1_564' title='bbox 1081 4036 1146 4076; x_wconf 82' lang='lat' dir='ltr'><strong>ex</strong></span> <span class='ocrx_word' id='word_1_565' title='bbox 1181 4021 1263 4077; x_wconf 80' lang='lat' dir='ltr'><strong>his</strong></span> <span class='ocrx_word' id='word_1_566' title='bbox 1305 4021 1396 4091; x_wconf 91' lang='lat' dir='ltr'><strong>qui</strong></span> <span class='ocrx_word' id='word_1_567' title='bbox 1440 4029 1566 4076; x_wconf 89' lang='lat' dir='ltr'><strong>ante</strong></span> <span class='ocrx_word' id='word_1_568' title='bbox 1610 4028 1968 4091; x_wconf 88' lang='lat' dir='ltr'><strong>peccaverunt</strong></span> <span class='ocrx_word' id='word_1_569' title='bbox 2003 4018 2089 4091; x_wconf 86' lang='grc' dir='ltr'><strong>(ΙΙ</strong></span> 
     </span>
    </p>
   </div>
   <div class='ocr_carea' id='block_1_74' title="bbox 513 4112 2088 4187">
    <p class='ocr_par' dir='ltr' id='par_1_74' title="bbox 513 4112 2088 4187">
     <span class='ocr_line' id='line_1_74' title="bbox 513 4112 2088 4187; baseline -0.002 -18"><span class='ocrx_word' id='word_1_570' title='bbox 513 4134 540 4169; x_wconf 62' lang='grc' dir='ltr'><strong>ί</strong></span> <span class='ocrx_word' id='word_1_571' title='bbox 578 4113 700 4171; x_wconf 87' lang='lat' dir='ltr'><strong>Cor.</strong></span> <span class='ocrx_word' id='word_1_572' title='bbox 731 4113 849 4187; x_wconf 68' lang='grc' dir='ltr'><strong>χιι).</strong></span> <span class='ocrx_word' id='word_1_573' title='bbox 890 4133 909 4167; x_wconf 72' lang='grc' dir='ltr'><strong>ι</strong></span> <span class='ocrx_word' id='word_1_574' title='bbox 940 4114 1006 4168; x_wconf 84' lang='grc' dir='ltr'><strong>Ει</strong></span> <span class='ocrx_word' id='word_1_575' title='bbox 1037 4113 1211 4167; x_wconf 87' lang='lat' dir='ltr'><strong>item:</strong></span> <span class='ocrx_word' id='word_1_576' title='bbox 1246 4132 1263 4165; x_wconf 79' lang='grc' dir='ltr'><strong>ι</strong></span> <span class='ocrx_word' id='word_1_577' title='bbox 1301 4112 1478 4168; x_wconf 89' lang='lat' dir='ltr'><strong>Filioli</strong></span> <span class='ocrx_word' id='word_1_578' title='bbox 1522 4112 1658 4177; x_wconf 91' lang='lat' dir='ltr'><strong>mei,</strong></span> <span class='ocrx_word' id='word_1_579' title='bbox 1708 4126 1843 4182; x_wconf 90' lang='lat' dir='ltr'><strong>quos</strong></span> <span class='ocrx_word' id='word_1_580' title='bbox 1891 4112 2088 4167; x_wconf 88' lang='lat' dir='ltr'><strong>iterum</strong></span> 
     </span>
    </p>
   </div>
   <div class='ocr_carea' id='block_1_75' title="bbox 521 4202 2088 4277">
    <p class='ocr_par' dir='ltr' id='par_1_75' title="bbox 521 4202 2088 4277">
     <span class='ocr_line' id='line_1_75' title="bbox 521 4202 2088 4277; baseline -0.001 -17"><span class='ocrx_word' id='word_1_581' title='bbox 521 4206 860 4277; x_wconf 68' lang='lat' dir='ltr'><strong>iparturio,</strong></span> <span class='ocrx_word' id='word_1_582' title='bbox 923 4205 1096 4260; x_wconf 84' lang='lat' dir='ltr'><strong>donec</strong></span> <span class='ocrx_word' id='word_1_583' title='bbox 1157 4204 1406 4259; x_wconf 85' lang='lat' dir='ltr'><strong>Christus</strong></span> <span class='ocrx_word' id='word_1_584' title='bbox 1472 4202 1738 4259; x_wconf 80' lang='lat' dir='ltr'><strong>formetur</strong></span> <span class='ocrx_word' id='word_1_585' title='bbox 1805 4202 1860 4259; x_wconf 90' lang='lat' dir='ltr'><strong>in</strong></span> <span class='ocrx_word' id='word_1_586' title='bbox 1937 4203 2088 4260; x_wconf 86' lang='lat' dir='ltr'><strong>vobis</strong></span> 
     </span>
    </p>
   </div>
   <div class='ocr_carea' id='block_1_76' title="bbox 522 4296 904 4368">
    <p class='ocr_par' dir='ltr' id='par_1_76' title="bbox 522 4296 904 4368">
     <span class='ocr_line' id='line_1_76' title="bbox 522 4296 904 4368; baseline 0.003 -17"><span class='ocrx_word' id='word_1_587' title='bbox 522 4317 538 4351; x_wconf 81' lang='grc' dir='ltr'><strong>ι</strong></span> <span class='ocrx_word' id='word_1_588' title='bbox 579 4296 722 4366; x_wconf 81' lang='lat' dir='ltr'><strong>(Gal.</strong></span> <span class='ocrx_word' id='word_1_589' title='bbox 756 4298 848 4368; x_wconf 86' lang='lat' dir='ltr'><strong>tv).</strong></span> <span class='ocrx_word' id='word_1_590' title='bbox 885 4316 904 4352; x_wconf 77' lang='grc' dir='ltr'><strong>ι</strong></span> 
     </span>
    </p>
   </div>
   <div class='ocr_carea' id='block_1_77' title="bbox 530 4383 2087 4460">
    <p class='ocr_par' dir='ltr' id='par_1_77' title="bbox 530 4383 2087 4460">
     <span class='ocr_line' id='line_1_77' title="bbox 530 4383 2087 4460; baseline -0.004 -16"><span class='ocrx_word' id='word_1_591' title='bbox 530 4424 535 4431; x_wconf 59' lang='grc' dir='ltr'><strong>η</strong></span> <span class='ocrx_word' id='word_1_592' title='bbox 583 4387 738 4455; x_wconf 84' lang='lat' dir='ltr'><strong>Quod</strong></span> <span class='ocrx_word' id='word_1_593' title='bbox 757 4403 884 4460; x_wconf 88' lang='lat' dir='ltr'><strong>ergo</strong></span> <span class='ocrx_word' id='word_1_594' title='bbox 905 4404 935 4444; x_wconf 82' lang='grc' dir='ltr'><strong>ιι</strong></span> <span class='ocrx_word' id='word_1_595' title='bbox 959 4387 1188 4451; x_wconf 88' lang='lat' dir='ltr'><strong>Domino</strong></span> <span class='ocrx_word' id='word_1_596' title='bbox 1210 4386 1356 4443; x_wconf 85' lang='lat' dir='ltr'><strong>ﬂenti</strong></span> <span class='ocrx_word' id='word_1_597' title='bbox 1376 4385 1630 4457; x_wconf 67' lang='lat' dir='ltr'><strong>periturae</strong></span> <span class='ocrx_word' id='word_1_598' title='bbox 1652 4383 1858 4439; x_wconf 78' lang='lat' dir='ltr'><strong>civitati</strong></span> <span class='ocrx_word' id='word_1_599' title='bbox 1884 4383 2087 4439; x_wconf 84' lang='lat' dir='ltr'><strong>dictum</strong></span> 
     </span>
    </p>
   </div>
   <div class='ocr_carea' id='block_1_78' title="bbox 506 4473 2084 4551">
    <p class='ocr_par' dir='ltr' id='par_1_78' title="bbox 506 4473 2084 4551">
     <span class='ocr_line' id='line_1_78' title="bbox 506 4473 2084 4551; baseline -0.008 -12"><span class='ocrx_word' id='word_1_600' title='bbox 506 4488 627 4545; x_wconf 82' lang='lat' dir='ltr'><strong>est,</strong></span> <span class='ocrx_word' id='word_1_601' title='bbox 680 4479 926 4551; x_wconf 84' lang='lat' dir='ltr'><strong>pcreuuti</strong></span> <span class='ocrx_word' id='word_1_602' title='bbox 980 4479 1146 4535; x_wconf 90' lang='lat' dir='ltr'><strong>etiam</strong></span> <span class='ocrx_word' id='word_1_603' title='bbox 1197 4477 1395 4533; x_wconf 74' lang='lat' dir='ltr'><strong>anima:</strong></span> <span class='ocrx_word' id='word_1_604' title='bbox 1458 4475 1732 4531; x_wconf 90' lang='lat' dir='ltr'><strong>convenit.</strong></span> <span class='ocrx_word' id='word_1_605' title='bbox 1800 4473 1892 4528; x_wconf 77' lang='lat' dir='ltr'><strong>Ait</strong></span> <span class='ocrx_word' id='word_1_606' title='bbox 1939 4473 2084 4528; x_wconf 88' lang='lat' dir='ltr'><strong>enim</strong></span> 
     </span>
    </p>
   </div>
   <div class='ocr_carea' id='block_1_79' title="bbox 510 4564 2083 4642">
    <p class='ocr_par' dir='ltr' id='par_1_79' title="bbox 510 4564 2083 4642">
     <span class='ocr_line' id='line_1_79' title="bbox 510 4564 2083 4642; baseline -0.008 -13"><span class='ocrx_word' id='word_1_607' title='bbox 510 4571 772 4629; x_wconf 74' lang='lat' dir='ltr'><strong>Dominus</strong></span> <span class='ocrx_word' id='word_1_608' title='bbox 834 4571 1089 4642; x_wconf 74' lang='lat' dir='ltr'><strong>periturae</strong></span> <span class='ocrx_word' id='word_1_609' title='bbox 1132 4568 1339 4627; x_wconf 80' lang='lat' dir='ltr'><strong>civitati</strong></span> <span class='ocrx_word' id='word_1_610' title='bbox 1380 4585 1392 4622; x_wconf 91' lang='lat'><strong>:</strong></span> <span class='ocrx_word' id='word_1_611' title='bbox 1433 4566 1569 4635; x_wconf 84' lang='lat' dir='ltr'><strong>Quia</strong></span> <span class='ocrx_word' id='word_1_612' title='bbox 1615 4565 1662 4621; x_wconf 90' lang='lat' dir='ltr'><strong>si</strong></span> <span class='ocrx_word' id='word_1_613' title='bbox 1707 4564 2083 4635; x_wconf 83' lang='lat' dir='ltr'><strong>cognovisses,</strong></span> 
     </span>
    </p>
   </div>
   <div class='ocr_carea' id='block_1_80' title="bbox 506 4656 2089 4735">
    <p class='ocr_par' dir='ltr' id='par_1_80' title="bbox 506 4656 2089 4735">
     <span class='ocr_line' id='line_1_80' title="bbox 506 4656 2089 4735; baseline -0.006 -13"><span class='ocrx_word' id='word_1_614' title='bbox 506 4674 569 4723; x_wconf 80' lang='lat' dir='ltr'><strong>et</strong></span> <span class='ocrx_word' id='word_1_615' title='bbox 618 4672 675 4718; x_wconf 91' lang='lat' dir='ltr'><strong>tu</strong></span> <span class='ocrx_word' id='word_1_616' title='bbox 726 4663 876 4735; x_wconf 78' lang='lat' dir='ltr'><strong>(Luc.</strong></span> <span class='ocrx_word' id='word_1_617' title='bbox 935 4662 1084 4734; x_wconf 77' lang='lat' dir='ltr'><strong>xix),</strong></span> <span class='ocrx_word' id='word_1_618' title='bbox 1140 4662 1405 4727; x_wconf 87' lang='lat' dir='ltr'><strong>subaudi,</strong></span> <span class='ocrx_word' id='word_1_619' title='bbox 1456 4657 1646 4724; x_wconf 86' lang='lat' dir='ltr'><strong>ﬂeres,</strong></span> <span class='ocrx_word' id='word_1_620' title='bbox 1712 4658 1759 4713; x_wconf 93' lang='lat' dir='ltr'><strong>si</strong></span> <span class='ocrx_word' id='word_1_621' title='bbox 1812 4656 2089 4728; x_wconf 85' lang='lat' dir='ltr'><strong>peccatrix</strong></span> 
     </span>
    </p>
   </div>
   <div class='ocr_carea' id='block_1_81' title="bbox 512 4748 2087 4823">
    <p class='ocr_par' dir='ltr' id='par_1_81' title="bbox 512 4748 2087 4823">
     <span class='ocr_line' id='line_1_81' title="bbox 512 4748 2087 4823; baseline -0.002 -15"><span class='ocrx_word' id='word_1_622' title='bbox 512 4755 725 4821; x_wconf 83' lang='lat' dir='ltr'><strong>anima,</strong></span> <span class='ocrx_word' id='word_1_623' title='bbox 794 4754 1192 4811; x_wconf 79' lang='lat' dir='ltr'><strong>tribulationem</strong></span> <span class='ocrx_word' id='word_1_624' title='bbox 1258 4763 1316 4809; x_wconf 92' lang='lat' dir='ltr'><strong>et</strong></span> <span class='ocrx_word' id='word_1_625' title='bbox 1374 4752 1681 4823; x_wconf 80' lang='lat' dir='ltr'><strong>angustiam</strong></span> <span class='ocrx_word' id='word_1_626' title='bbox 1738 4765 1858 4819; x_wconf 68' lang='lat' dir='ltr'><strong>qua:</strong></span> <span class='ocrx_word' id='word_1_627' title='bbox 1908 4748 1957 4805; x_wconf 87' lang='lat' dir='ltr'><strong>ei</strong></span> <span class='ocrx_word' id='word_1_628' title='bbox 2030 4748 2087 4805; x_wconf 92' lang='lat' dir='ltr'><strong>in</strong></span> 
     </span>
    </p>
   </div>
   <div class='ocr_carea' id='block_1_82' title="bbox 508 4841 2088 4917">
    <p class='ocr_par' dir='ltr' id='par_1_82' title="bbox 508 4841 2088 4917">
     <span class='ocr_line' id='line_1_82' title="bbox 508 4841 2088 4917; baseline -0.004 -18"><span class='ocrx_word' id='word_1_629' title='bbox 508 4845 698 4900; x_wconf 76' lang='lat' dir='ltr'><strong>futuro</strong></span> <span class='ocrx_word' id='word_1_630' title='bbox 760 4853 1042 4911; x_wconf 82' lang='lat' dir='ltr'><strong>crescunt,</strong></span> <span class='ocrx_word' id='word_1_631' title='bbox 1112 4851 1458 4917; x_wconf 81' lang='lat' dir='ltr'><strong>agnosceret,</strong></span> <span class='ocrx_word' id='word_1_632' title='bbox 1533 4841 1623 4896; x_wconf 89' lang='lat' dir='ltr'><strong>ubi</strong></span> <span class='ocrx_word' id='word_1_633' title='bbox 1682 4855 1894 4896; x_wconf 89' lang='lat' dir='ltr'><strong>vermes</strong></span> <span class='ocrx_word' id='word_1_634' title='bbox 1964 4847 2088 4895; x_wconf 89' lang='lat' dir='ltr'><strong>sunt</strong></span> 
     </span>
    </p>
   </div>
   <div class='ocr_carea' id='block_1_83' title="bbox 511 4930 2088 5005">
    <p class='ocr_par' dir='ltr' id='par_1_83' title="bbox 511 4930 2088 5005">
     <span class='ocr_line' id='line_1_83' title="bbox 511 4930 2088 5005; baseline -0.003 -18"><span class='ocrx_word' id='word_1_635' title='bbox 511 4934 604 5005; x_wconf 86' lang='lat' dir='ltr'><strong>qui</strong></span> <span class='ocrx_word' id='word_1_636' title='bbox 656 4950 761 4989; x_wconf 89' lang='lat' dir='ltr'><strong>non</strong></span> <span class='ocrx_word' id='word_1_637' title='bbox 807 4936 1128 5001; x_wconf 88' lang='lat' dir='ltr'><strong>moriuntur,</strong></span> <span class='ocrx_word' id='word_1_638' title='bbox 1158 4944 1213 4989; x_wconf 91' lang='lat' dir='ltr'><strong>et</strong></span> <span class='ocrx_word' id='word_1_639' title='bbox 1246 4933 1388 5005; x_wconf 82' lang='lat' dir='ltr'><strong>ignis</strong></span> <span class='ocrx_word' id='word_1_640' title='bbox 1433 4931 1526 5003; x_wconf 84' lang='lat' dir='ltr'><strong>qui</strong></span> <span class='ocrx_word' id='word_1_641' title='bbox 1576 4947 1682 4987; x_wconf 90' lang='lat' dir='ltr'><strong>non</strong></span> <span class='ocrx_word' id='word_1_642' title='bbox 1711 4930 2088 5000; x_wconf 81' lang='lat' dir='ltr'><strong>exstinguetur</strong></span> 
     </span>
    </p>
   </div>
   <div class='ocr_carea' id='block_1_84' title="bbox 512 5021 2089 5097">
    <p class='ocr_par' dir='ltr' id='par_1_84' title="bbox 512 5021 2089 5097">
     <span class='ocr_line' id='line_1_84' title="bbox 512 5021 2089 5097; baseline -0.003 -17"><span class='ocrx_word' id='word_1_643' title='bbox 512 5024 652 5095; x_wconf 73' lang='lat' dir='ltr'><strong>(Lm.</strong></span> <span class='ocrx_word' id='word_1_644' title='bbox 689 5024 864 5094; x_wconf 75' lang='lat' dir='ltr'><strong>uri),</strong></span> <span class='ocrx_word' id='word_1_645' title='bbox 911 5027 1080 5097; x_wconf 85' lang='lat' dir='ltr'><strong>magis</strong></span> <span class='ocrx_word' id='word_1_646' title='bbox 1109 5026 1371 5095; x_wconf 72' lang='lat' dir='ltr'><strong>eligerent</strong></span> <span class='ocrx_word' id='word_1_647' title='bbox 1410 5038 1531 5078; x_wconf 91' lang='lat' dir='ltr'><strong>cum</strong></span> <span class='ocrx_word' id='word_1_648' title='bbox 1566 5021 1753 5077; x_wconf 86' lang='lat' dir='ltr'><strong>electis</strong></span> <span class='ocrx_word' id='word_1_649' title='bbox 1776 5021 1833 5075; x_wconf 87' lang='lat' dir='ltr'><strong>in</strong></span> <span class='ocrx_word' id='word_1_650' title='bbox 1862 5022 1963 5075; x_wconf 87' lang='lat' dir='ltr'><strong>hoc</strong></span> <span class='ocrx_word' id='word_1_651' title='bbox 1989 5035 2089 5076; x_wconf 66' lang='lat' dir='ltr'><strong>ste-</strong></span> 
     </span>
    </p>
   </div>
   <div class='ocr_carea' id='block_1_85' title="bbox 507 5112 2081 5189">
    <p class='ocr_par' dir='ltr' id='par_1_85' title="bbox 507 5112 2081 5189">
     <span class='ocr_line' id='line_1_85' title="bbox 507 5112 2081 5189; baseline -0.004 -18"><span class='ocrx_word' id='word_1_652' title='bbox 507 5115 634 5172; x_wconf 88' lang='lat' dir='ltr'><strong>culo</strong></span> <span class='ocrx_word' id='word_1_653' title='bbox 657 5115 725 5170; x_wconf 89' lang='lat' dir='ltr'><strong>ad</strong></span> <span class='ocrx_word' id='word_1_654' title='bbox 746 5123 966 5187; x_wconf 87' lang='lat' dir='ltr'><strong>tempus</strong></span> <span class='ocrx_word' id='word_1_655' title='bbox 991 5117 1173 5189; x_wconf 84' lang='lat' dir='ltr'><strong>lugere</strong></span> <span class='ocrx_word' id='word_1_656' title='bbox 1201 5129 1509 5186; x_wconf 87' lang='lat' dir='ltr'><strong>quamcum</strong></span> <span class='ocrx_word' id='word_1_657' title='bbox 1546 5112 1791 5182; x_wconf 81' lang='lat' dir='ltr'><strong>reprabis</strong></span> <span class='ocrx_word' id='word_1_658' title='bbox 1825 5112 2081 5183; x_wconf 87' lang='lat' dir='ltr'><strong>gaudere.</strong></span> 
     </span>
    </p>
   </div>
   <div class='ocr_carea' id='block_1_86' title="bbox 514 5201 2086 5276">
    <p class='ocr_par' dir='ltr' id='par_1_86' title="bbox 514 5201 2086 5276">
     <span class='ocr_line' id='line_1_86' title="bbox 514 5201 2086 5276; baseline -0.002 -17"><span class='ocrx_word' id='word_1_659' title='bbox 514 5225 536 5259; x_wconf 80' lang='grc'>‹</span> <span class='ocrx_word' id='word_1_660' title='bbox 568 5205 642 5261; x_wconf 76' lang='lat' dir='ltr'><strong>Et</strong></span> <span class='ocrx_word' id='word_1_661' title='bbox 680 5206 897 5276; x_wconf 84' lang='lat' dir='ltr'><strong>quidem</strong></span> <span class='ocrx_word' id='word_1_662' title='bbox 936 5208 989 5262; x_wconf 85' lang='lat' dir='ltr'><strong>in</strong></span> <span class='ocrx_word' id='word_1_663' title='bbox 1033 5208 1136 5264; x_wconf 85' lang='lat' dir='ltr'><strong>hac</strong></span> <span class='ocrx_word' id='word_1_664' title='bbox 1175 5208 1261 5263; x_wconf 83' lang='lat' dir='ltr'><strong>die</strong></span> <span class='ocrx_word' id='word_1_665' title='bbox 1302 5215 1429 5272; x_wconf 90' lang='lat' dir='ltr'><strong>tua,</strong></span> <span class='ocrx_word' id='word_1_666' title='bbox 1476 5220 1595 5275; x_wconf 76' lang='lat' dir='ltr'><strong>quae</strong></span> <span class='ocrx_word' id='word_1_667' title='bbox 1646 5203 1713 5258; x_wconf 91' lang='lat' dir='ltr'><strong>ad</strong></span> <span class='ocrx_word' id='word_1_668' title='bbox 1755 5218 1944 5272; x_wconf 88' lang='lat' dir='ltr'><strong>pacem</strong></span> <span class='ocrx_word' id='word_1_669' title='bbox 1988 5201 2086 5257; x_wconf 82' lang='lat' dir='ltr'><strong>tibi</strong></span> 
     </span>
    </p>
   </div>
   <div class='ocr_carea' id='block_1_87' title="bbox 522 5292 2083 5369">
    <p class='ocr_par' dir='ltr' id='par_1_87' title="bbox 522 5292 2083 5369">
     <span class='ocr_line' id='line_1_87' title="bbox 522 5292 2083 5369; baseline -0.004 -14"><span class='ocrx_word' id='word_1_670' title='bbox 522 5313 541 5355; x_wconf 77' lang='grc' dir='ltr'><strong>ι</strong></span> <span class='ocrx_word' id='word_1_671' title='bbox 580 5294 729 5366; x_wconf 73' lang='lat' dir='ltr'><strong>(Luc.</strong></span> <span class='ocrx_word' id='word_1_672' title='bbox 780 5297 911 5369; x_wconf 65' lang='lat' dir='ltr'><strong>xta).</strong></span> <span class='ocrx_word' id='word_1_673' title='bbox 944 5316 962 5348; x_wconf 81' lang='grc' dir='ltr'><strong>ι</strong></span> <span class='ocrx_word' id='word_1_674' title='bbox 991 5295 1158 5352; x_wconf 86' lang='lat' dir='ltr'><strong>Suam</strong></span> <span class='ocrx_word' id='word_1_675' title='bbox 1201 5297 1343 5351; x_wconf 84' lang='lat' dir='ltr'><strong>diem</strong></span> <span class='ocrx_word' id='word_1_676' title='bbox 1374 5295 1650 5365; x_wconf 86' lang='lat' dir='ltr'><strong>peccatrix</strong></span> <span class='ocrx_word' id='word_1_677' title='bbox 1679 5293 1859 5349; x_wconf 81' lang='lat' dir='ltr'><strong>anima</strong></span> <span class='ocrx_word' id='word_1_678' title='bbox 1885 5292 2083 5359; x_wconf 87' lang='lat' dir='ltr'><strong>habet,</strong></span> 
     </span>
    </p>
   </div>
   <div class='ocr_carea' id='block_1_88' title="bbox 511 5383 2083 5457">
    <p class='ocr_par' dir='ltr' id='par_1_88' title="bbox 511 5383 2083 5457">
     <span class='ocr_line' id='line_1_88' title="bbox 511 5383 2083 5457; baseline -0.002 -15"><span class='ocrx_word' id='word_1_679' title='bbox 511 5402 638 5442; x_wconf 83' lang='lat' dir='ltr'><strong>cum</strong></span> <span class='ocrx_word' id='word_1_680' title='bbox 676 5388 990 5444; x_wconf 83' lang='lat' dir='ltr'><strong>transitorio</strong></span> <span class='ocrx_word' id='word_1_681' title='bbox 1034 5399 1090 5443; x_wconf 87' lang='lat' dir='ltr'><strong>et</strong></span> <span class='ocrx_word' id='word_1_682' title='bbox 1134 5389 1241 5443; x_wconf 84' lang='lat' dir='ltr'><strong>cito</strong></span> <span class='ocrx_word' id='word_1_683' title='bbox 1272 5387 1504 5442; x_wconf 88' lang='lat' dir='ltr'><strong>ﬂnieudo</strong></span> <span class='ocrx_word' id='word_1_684' title='bbox 1539 5384 1739 5457; x_wconf 87' lang='lat' dir='ltr'><strong>gaudet</strong></span> <span class='ocrx_word' id='word_1_685' title='bbox 1755 5383 1815 5438; x_wconf 86' lang='lat' dir='ltr'><strong>in</strong></span> <span class='ocrx_word' id='word_1_686' title='bbox 1846 5383 2083 5448; x_wconf 64' lang='lat' dir='ltr'><strong>saeculo,</strong></span> 
     </span>
    </p>
   </div>
   <div class='ocr_carea' id='block_1_89' title="bbox 511 5476 2083 5545">
    <p class='ocr_par' dir='ltr' id='par_1_89' title="bbox 511 5476 2083 5545">
     <span class='ocr_line' id='line_1_89' title="bbox 511 5476 2083 5545; baseline -0.005 -6"><span class='ocrx_word' id='word_1_687' title='bbox 511 5493 633 5539; x_wconf 69' lang='lat' dir='ltr'><strong>Cum</strong></span> <span class='ocrx_word' id='word_1_688' title='bbox 664 5477 880 5535; x_wconf 76' lang='lat' dir='ltr'><strong>inﬂatur</strong></span> <span class='ocrx_word' id='word_1_689' title='bbox 907 5479 1237 5544; x_wconf 78' lang='lat' dir='ltr'><strong>honoribus,</strong></span> <span class='ocrx_word' id='word_1_690' title='bbox 1266 5478 1547 5535; x_wconf 80' lang='lat' dir='ltr'><strong>extollitur</strong></span> <span class='ocrx_word' id='word_1_691' title='bbox 1598 5477 1652 5532; x_wconf 89' lang='lat' dir='ltr'><strong>in</strong></span> <span class='ocrx_word' id='word_1_692' title='bbox 1702 5477 1934 5541; x_wconf 79' lang='lat' dir='ltr'><strong>divitiis,</strong></span> <span class='ocrx_word' id='word_1_693' title='bbox 1969 5476 2083 5545; x_wconf 83' lang='lat' dir='ltr'><strong>glo-</strong></span> 
     </span>
    </p>
   </div>
   <div class='ocr_carea' id='block_1_90' title="bbox 511 5566 2079 5640">
    <p class='ocr_par' dir='ltr' id='par_1_90' title="bbox 511 5566 2079 5640">
     <span class='ocr_line' id='line_1_90' title="bbox 511 5566 2079 5640; baseline -0.002 -18"><span class='ocrx_word' id='word_1_694' title='bbox 511 5568 684 5623; x_wconf 80' lang='lat' dir='ltr'><strong>riatur</strong></span> <span class='ocrx_word' id='word_1_695' title='bbox 730 5571 783 5625; x_wconf 90' lang='lat' dir='ltr'><strong>in</strong></span> <span class='ocrx_word' id='word_1_696' title='bbox 833 5570 1205 5635; x_wconf 82' lang='lat' dir='ltr'><strong>facultatibus,</strong></span> <span class='ocrx_word' id='word_1_697' title='bbox 1233 5570 1327 5625; x_wconf 89' lang='lat' dir='ltr'><strong>sed</strong></span> <span class='ocrx_word' id='word_1_698' title='bbox 1371 5584 1491 5640; x_wconf 73' lang='lat' dir='ltr'><strong>qure</strong></span> <span class='ocrx_word' id='word_1_699' title='bbox 1530 5570 1589 5623; x_wconf 87' lang='lat' dir='ltr'><strong>in</strong></span> <span class='ocrx_word' id='word_1_700' title='bbox 1636 5568 1722 5623; x_wconf 80' lang='lat' dir='ltr'><strong>die</strong></span> <span class='ocrx_word' id='word_1_701' title='bbox 1757 5582 1853 5625; x_wconf 89' lang='lat' dir='ltr'><strong>sua</strong></span> <span class='ocrx_word' id='word_1_702' title='bbox 1884 5566 2079 5632; x_wconf 78' lang='lat' dir='ltr'><strong>habet,</strong></span> 
     </span>
    </p>
   </div>
   <div class='ocr_carea' id='block_1_91' title="bbox 509 5656 2078 5729">
    <p class='ocr_par' dir='ltr' id='par_1_91' title="bbox 509 5656 2078 5729">
     <span class='ocr_line' id='line_1_91' title="bbox 509 5656 2078 5729; baseline -0.001 -16"><span class='ocrx_word' id='word_1_703' title='bbox 509 5659 650 5726; x_wconf 85' lang='lat' dir='ltr'><strong>quod</strong></span> <span class='ocrx_word' id='word_1_704' title='bbox 674 5660 984 5716; x_wconf 74' lang='lat' dir='ltr'><strong>scandalum</strong></span> <span class='ocrx_word' id='word_1_705' title='bbox 1009 5660 1060 5713; x_wconf 84' lang='lat' dir='ltr'><strong>in</strong></span> <span class='ocrx_word' id='word_1_706' title='bbox 1086 5660 1171 5715; x_wconf 88' lang='lat' dir='ltr'><strong>die</strong></span> <span class='ocrx_word' id='word_1_707' title='bbox 1190 5660 1365 5715; x_wconf 84' lang='lat' dir='ltr'><strong>aliena</strong></span> <span class='ocrx_word' id='word_1_708' title='bbox 1387 5661 1643 5729; x_wconf 84' lang='lat' dir='ltr'><strong>patiatur,</strong></span> <span class='ocrx_word' id='word_1_709' title='bbox 1670 5674 1774 5713; x_wconf 85' lang='lat' dir='ltr'><strong>non</strong></span> <span class='ocrx_word' id='word_1_710' title='bbox 1796 5656 2078 5728; x_wconf 61' lang='lat' dir='ltr'><strong>prtevidct,</strong></span> 
     </span>
    </p>
   </div>
   <div class='ocr_carea' id='block_1_92' title="bbox 506 5747 2081 5824">
    <p class='ocr_par' dir='ltr' id='par_1_92' title="bbox 506 5747 2081 5824">
     <span class='ocr_line' id='line_1_92' title="bbox 506 5747 2081 5824; baseline 0.003 -26"><span class='ocrx_word' id='word_1_711' title='bbox 506 5758 681 5824; x_wconf 78' lang='lat' dir='ltr'><strong>neque</strong></span> <span class='ocrx_word' id='word_1_712' title='bbox 692 5748 943 5807; x_wconf 58' lang='lat' dir='ltr'><strong>laturam</strong></span> <span class='ocrx_word' id='word_1_713' title='bbox 976 5748 1372 5805; x_wconf 78' lang='lat' dir='ltr'><strong>tribulationem</strong></span> <span class='ocrx_word' id='word_1_714' title='bbox 1413 5748 1700 5820; x_wconf 72' lang='lat' dir='ltr'><strong>prospicit.</strong></span> <span class='ocrx_word' id='word_1_715' title='bbox 1718 5747 1903 5807; x_wconf 49' lang='lat' dir='ltr'><strong>&#39;Undc,</strong></span> <span class='ocrx_word' id='word_1_716' title='bbox 1922 5757 2081 5805; x_wconf 63' lang='lat' dir='ltr'><strong>recte</strong></span> 
     </span>
    </p>
   </div>
   <div class='ocr_carea' id='block_1_93' title="bbox 2114 4526 2164 4586">
    <p class='ocr_par' dir='ltr' id='par_1_93' title="bbox 2114 4526 2164 4586">
     <span class='ocr_line' id='line_1_93' title="bbox 2114 4526 2164 4586; baseline 0 0"><span class='ocrx_word' id='word_1_717' title='bbox 2114 4526 2164 4586; x_wconf 92' lang='lat' dir='ltr'><strong>D</strong></span> 
     </span>
    </p>
   </div>
   <div class='ocr_carea' id='block_1_94' title="bbox 2196 3380 3771 3458">
    <p class='ocr_par' dir='ltr' id='par_1_94' title="bbox 2196 3380 3771 3458">
     <span class='ocr_line' id='line_1_94' title="bbox 2196 3380 3771 3458; baseline 0.006 -24"><span class='ocrx_word' id='word_1_718' title='bbox 2196 3399 2216 3434; x_wconf 81' lang='grc' dir='ltr'><strong>ι</strong></span> <span class='ocrx_word' id='word_1_719' title='bbox 2248 3380 2315 3435; x_wconf 86' lang='lat' dir='ltr'><strong>Et</strong></span> <span class='ocrx_word' id='word_1_720' title='bbox 2340 3380 2479 3436; x_wconf 87' lang='lat' dir='ltr'><strong>filios</strong></span> <span class='ocrx_word' id='word_1_721' title='bbox 2507 3388 2627 3436; x_wconf 92' lang='lat' dir='ltr'><strong>tuos</strong></span> <span class='ocrx_word' id='word_1_722' title='bbox 2650 3382 2743 3452; x_wconf 92' lang='lat' dir='ltr'><strong>qui</strong></span> <span class='ocrx_word' id='word_1_723' title='bbox 2772 3382 2823 3437; x_wconf 90' lang='lat' dir='ltr'><strong>in</strong></span> <span class='ocrx_word' id='word_1_724' title='bbox 2855 3391 2907 3439; x_wconf 88' lang='lat' dir='ltr'><strong>te</strong></span> <span class='ocrx_word' id='word_1_725' title='bbox 2925 3392 3053 3439; x_wconf 83' lang='lat' dir='ltr'><strong>sunt</strong></span> <span class='ocrx_word' id='word_1_726' title='bbox 3089 3383 3239 3455; x_wconf 84' lang='lat' dir='ltr'><strong>(Luc.</strong></span> <span class='ocrx_word' id='word_1_727' title='bbox 3283 3388 3363 3458; x_wconf 85' lang='lat' dir='ltr'><strong>x).</strong></span> <span class='ocrx_word' id='word_1_728' title='bbox 3393 3405 3419 3443; x_wconf 68' lang='grc' dir='ltr'><strong><em>τ</em></strong></span> <span class='ocrx_word' id='word_1_729' title='bbox 3475 3386 3609 3443; x_wconf 76' lang='lat' dir='ltr'><strong>Filii</strong></span> <span class='ocrx_word' id='word_1_730' title='bbox 3646 3405 3771 3458; x_wconf 82' lang='lat' dir='ltr'><strong>quo-</strong></span> 
     </span>
    </p>
   </div>
   <div class='ocr_carea' id='block_1_95' title="bbox 2191 3471 3769 3550">
    <p class='ocr_par' dir='ltr' id='par_1_95' title="bbox 2191 3471 3769 3550">
     <span class='ocr_line' id='line_1_95' title="bbox 2191 3471 3769 3550; baseline 0.004 -24"><span class='ocrx_word' id='word_1_731' title='bbox 2191 3486 2296 3542; x_wconf 90' lang='lat' dir='ltr'><strong>que</strong></span> <span class='ocrx_word' id='word_1_732' title='bbox 2326 3471 2380 3527; x_wconf 89' lang='lat' dir='ltr'><strong>in</strong></span> <span class='ocrx_word' id='word_1_733' title='bbox 2401 3471 2697 3543; x_wconf 86' lang='lat' dir='ltr'><strong>Scripturis</strong></span> <span class='ocrx_word' id='word_1_734' title='bbox 2723 3474 2945 3542; x_wconf 88' lang='lat' dir='ltr'><strong>sanctis,</strong></span> <span class='ocrx_word' id='word_1_735' title='bbox 2970 3474 3055 3530; x_wconf 85' lang='lat' dir='ltr'><strong>vel</strong></span> <span class='ocrx_word' id='word_1_736' title='bbox 3084 3474 3223 3540; x_wconf 71' lang='lat' dir='ltr'><strong>filim,</strong></span> <span class='ocrx_word' id='word_1_737' title='bbox 3247 3490 3417 3546; x_wconf 88' lang='lat' dir='ltr'><strong>opera</strong></span> <span class='ocrx_word' id='word_1_738' title='bbox 3444 3478 3769 3550; x_wconf 72' lang='lat' dir='ltr'><strong>signiﬁcant.</strong></span> 
     </span>
    </p>
   </div>
   <div class='ocr_carea' id='block_1_96' title="bbox 2191 3563 3771 3636">
    <p class='ocr_par' dir='ltr' id='par_1_96' title="bbox 2191 3563 3771 3636">
     <span class='ocr_line' id='line_1_96' title="bbox 2191 3563 3771 3636; baseline 0.004 -17"><span class='ocrx_word' id='word_1_739' title='bbox 2191 3563 2484 3634; x_wconf 84' lang='lat' dir='ltr'><strong>aliquando</strong></span> <span class='ocrx_word' id='word_1_740' title='bbox 2535 3563 2696 3631; x_wconf 84' lang='lat' dir='ltr'><strong>bona,</strong></span> <span class='ocrx_word' id='word_1_741' title='bbox 2750 3564 3039 3636; x_wconf 86' lang='lat' dir='ltr'><strong>aliquando</strong></span> <span class='ocrx_word' id='word_1_742' title='bbox 3081 3565 3242 3621; x_wconf 90' lang='lat' dir='ltr'><strong>mala.</strong></span> <span class='ocrx_word' id='word_1_743' title='bbox 3283 3566 3462 3636; x_wconf 73' lang='lat' dir='ltr'><strong>Bona,</strong></span> <span class='ocrx_word' id='word_1_744' title='bbox 3514 3570 3659 3627; x_wconf 83' lang='lat' dir='ltr'><strong>sicut</strong></span> <span class='ocrx_word' id='word_1_745' title='bbox 3702 3572 3771 3625; x_wconf 89' lang='lat' dir='ltr'><strong>ait</strong></span> 
     </span>
    </p>
   </div>
   <div class='ocr_carea' id='block_1_97' title="bbox 2186 3655 3769 3735">
    <p class='ocr_par' dir='ltr' id='par_1_97' title="bbox 2186 3655 3769 3735">
     <span class='ocr_line' id='line_1_97' title="bbox 2186 3655 3769 3735; baseline 0.005 -25"><span class='ocrx_word' id='word_1_746' title='bbox 2186 3655 2472 3713; x_wconf 86' lang='lat' dir='ltr'><strong>Psalmista</strong></span> <span class='ocrx_word' id='word_1_747' title='bbox 2503 3696 2516 3711; x_wconf 92' lang='lat'><strong>.</strong></span> <span class='ocrx_word' id='word_1_748' title='bbox 2547 3676 2567 3708; x_wconf 75' lang='grc' dir='ltr'><strong>ι</strong></span> <span class='ocrx_word' id='word_1_749' title='bbox 2603 3657 2671 3713; x_wconf 85' lang='lat' dir='ltr'><strong>Et</strong></span> <span class='ocrx_word' id='word_1_750' title='bbox 2687 3658 2871 3713; x_wconf 88' lang='lat' dir='ltr'><strong>videas</strong></span> <span class='ocrx_word' id='word_1_751' title='bbox 2898 3658 3037 3714; x_wconf 87' lang='lat' dir='ltr'><strong>filios</strong></span> <span class='ocrx_word' id='word_1_752' title='bbox 3062 3659 3291 3715; x_wconf 83' lang='lat' dir='ltr'><strong>ﬁliorum</strong></span> <span class='ocrx_word' id='word_1_753' title='bbox 3316 3670 3566 3728; x_wconf 83' lang='lat' dir='ltr'><strong>tuorum,</strong></span> <span class='ocrx_word' id='word_1_754' title='bbox 3591 3678 3769 3735; x_wconf 76' lang='lat' dir='ltr'><strong>pacem</strong></span> 
     </span>
    </p>
   </div>
   <div class='ocr_carea' id='block_1_98' title="bbox 2196 3747 3771 3822">
    <p class='ocr_par' dir='ltr' id='par_1_98' title="bbox 2196 3747 3771 3822">
     <span class='ocr_line' id='line_1_98' title="bbox 2196 3747 3771 3822; baseline 0.007 -22"><span class='ocrx_word' id='word_1_755' title='bbox 2196 3765 2215 3799; x_wconf 76' lang='grc' dir='ltr'><strong>ι</strong></span> <span class='ocrx_word' id='word_1_756' title='bbox 2256 3763 2417 3819; x_wconf 86' lang='lat' dir='ltr'><strong>super</strong></span> <span class='ocrx_word' id='word_1_757' title='bbox 2459 3747 2623 3804; x_wconf 84' lang='lat' dir='ltr'><strong>Israel</strong></span> <span class='ocrx_word' id='word_1_758' title='bbox 2660 3747 2834 3820; x_wconf 76' lang='lat' dir='ltr'><strong>(PsaL</strong></span> <span class='ocrx_word' id='word_1_759' title='bbox 2872 3751 3099 3822; x_wconf 84' lang='lat' dir='ltr'><strong>cxxvn).</strong></span> <span class='ocrx_word' id='word_1_760' title='bbox 3132 3770 3151 3804; x_wconf 70' lang='grc' dir='ltr'><strong>ι</strong></span> <span class='ocrx_word' id='word_1_761' title='bbox 3196 3752 3332 3807; x_wconf 74' lang='lat' dir='ltr'><strong>Mala</strong></span> <span class='ocrx_word' id='word_1_762' title='bbox 3380 3762 3593 3821; x_wconf 73' lang='lat' dir='ltr'><strong>autem,</strong></span> <span class='ocrx_word' id='word_1_763' title='bbox 3640 3757 3771 3811; x_wconf 79' lang='lat' dir='ltr'><strong>sicut</strong></span> 
     </span>
    </p>
   </div>
   <div class='ocr_carea' id='block_1_99' title="bbox 2190 3836 3771 3915">
    <p class='ocr_par' dir='ltr' id='par_1_99' title="bbox 2190 3836 3771 3915">
     <span class='ocr_line' id='line_1_99' title="bbox 2190 3836 3771 3915; baseline 0.004 -23"><span class='ocrx_word' id='word_1_764' title='bbox 2190 3836 2245 3893; x_wconf 91' lang='lat' dir='ltr'><strong>in</strong></span> <span class='ocrx_word' id='word_1_765' title='bbox 2275 3838 2375 3893; x_wconf 82' lang='lat' dir='ltr'><strong>hoc</strong></span> <span class='ocrx_word' id='word_1_766' title='bbox 2406 3838 2543 3904; x_wconf 90' lang='lat' dir='ltr'><strong>loco,</strong></span> <span class='ocrx_word' id='word_1_767' title='bbox 2568 3855 2691 3894; x_wconf 91' lang='lat' dir='ltr'><strong>cum</strong></span> <span class='ocrx_word' id='word_1_768' title='bbox 2716 3838 2915 3896; x_wconf 89' lang='lat' dir='ltr'><strong>dicitur</strong></span> <span class='ocrx_word' id='word_1_769' title='bbox 2945 3859 2958 3896; x_wconf 90' lang='lat'><strong>:</strong></span> <span class='ocrx_word' id='word_1_770' title='bbox 3003 3860 3024 3894; x_wconf 73' lang='grc' dir='ltr'><strong>ι</strong></span> <span class='ocrx_word' id='word_1_771' title='bbox 3073 3841 3141 3897; x_wconf 86' lang='grc' dir='ltr'><strong>Ει</strong></span> <span class='ocrx_word' id='word_1_772' title='bbox 3165 3842 3306 3899; x_wconf 81' lang='lat' dir='ltr'><strong>ﬁlios</strong></span> <span class='ocrx_word' id='word_1_773' title='bbox 3331 3851 3456 3899; x_wconf 87' lang='lat' dir='ltr'><strong>tuos</strong></span> <span class='ocrx_word' id='word_1_774' title='bbox 3482 3846 3578 3915; x_wconf 90' lang='lat' dir='ltr'><strong>qui</strong></span> <span class='ocrx_word' id='word_1_775' title='bbox 3630 3845 3684 3900; x_wconf 88' lang='lat' dir='ltr'><strong>in</strong></span> <span class='ocrx_word' id='word_1_776' title='bbox 3720 3854 3771 3899; x_wconf 82' lang='lat' dir='ltr'><strong>te</strong></span> 
     </span>
    </p>
   </div>
   <div class='ocr_carea' id='block_1_100' title="bbox 2197 3928 3769 4005">
    <p class='ocr_par' dir='ltr' id='par_1_100' title="bbox 2197 3928 3769 4005">
     <span class='ocr_line' id='line_1_100' title="bbox 2197 3928 3769 4005; baseline 0.003 -25"><span class='ocrx_word' id='word_1_777' title='bbox 2197 3947 2216 3980; x_wconf 84' lang='grc'><strong>‹</strong></span> <span class='ocrx_word' id='word_1_778' title='bbox 2247 3938 2374 3984; x_wconf 91' lang='lat' dir='ltr'><strong>sunt</strong></span> <span class='ocrx_word' id='word_1_779' title='bbox 2403 3928 2552 4000; x_wconf 81' lang='lat' dir='ltr'><strong>(Luc.</strong></span> <span class='ocrx_word' id='word_1_780' title='bbox 2581 3929 2717 3999; x_wconf 78' lang='lat' dir='ltr'><strong>tux).</strong></span> <span class='ocrx_word' id='word_1_781' title='bbox 2752 3948 2770 3983; x_wconf 77' lang='grc' dir='ltr'><strong>ι</strong></span> <span class='ocrx_word' id='word_1_782' title='bbox 2801 3930 2881 3987; x_wconf 81' lang='lat' dir='ltr'><strong>Ad</strong></span> <span class='ocrx_word' id='word_1_783' title='bbox 2898 3934 3313 4005; x_wconf 85' lang='lat' dir='ltr'><strong>terramquippe</strong></span> <span class='ocrx_word' id='word_1_784' title='bbox 3336 3934 3428 3989; x_wconf 81' lang='lat' dir='ltr'><strong>filii</strong></span> 
     </span>
    </p>
   </div>
   <div class='ocr_carea' id='block_1_101' title="bbox 2186 4019 3767 4097">
    <p class='ocr_par' dir='ltr' id='par_1_101' title="bbox 2186 4019 3767 4097">
     <span class='ocr_line' id='line_1_101' title="bbox 2186 4019 3767 4097; baseline 0.005 -23"><span class='ocrx_word' id='word_1_785' title='bbox 2186 4019 2380 4074; x_wconf 72' lang='lat' dir='ltr'><strong>anima:</strong></span> <span class='ocrx_word' id='word_1_786' title='bbox 2398 4028 2836 4091; x_wconf 83' lang='lat' dir='ltr'><strong>prosternuntur,</strong></span> <span class='ocrx_word' id='word_1_787' title='bbox 2859 4023 2982 4092; x_wconf 87' lang='lat' dir='ltr'><strong>quia</strong></span> <span class='ocrx_word' id='word_1_788' title='bbox 2996 4038 3102 4079; x_wconf 92' lang='lat' dir='ltr'><strong>non</strong></span> <span class='ocrx_word' id='word_1_789' title='bbox 3119 4023 3292 4079; x_wconf 86' lang='lat' dir='ltr'><strong>solum</strong></span> <span class='ocrx_word' id='word_1_790' title='bbox 3327 4024 3398 4081; x_wconf 85' lang='lat' dir='ltr'><strong>de</strong></span> <span class='ocrx_word' id='word_1_791' title='bbox 3416 4024 3568 4082; x_wconf 78' lang='lat' dir='ltr'><strong>maio</strong></span> <span class='ocrx_word' id='word_1_792' title='bbox 3588 4041 3767 4097; x_wconf 70' lang='lat' dir='ltr'><strong>opere,</strong></span> 
     </span>
    </p>
   </div>
   <div class='ocr_carea' id='block_1_102' title="bbox 2191 4114 3768 4186">
    <p class='ocr_par' dir='ltr' id='par_1_102' title="bbox 2191 4114 3768 4186">
     <span class='ocr_line' id='line_1_102' title="bbox 2191 4114 3768 4186; baseline 0.004 -18"><span class='ocrx_word' id='word_1_793' title='bbox 2191 4128 2379 4169; x_wconf 88' lang='lat' dir='ltr'><strong>verum</strong></span> <span class='ocrx_word' id='word_1_794' title='bbox 2408 4114 2571 4168; x_wconf 87' lang='lat' dir='ltr'><strong>etiam</strong></span> <span class='ocrx_word' id='word_1_795' title='bbox 2594 4121 2649 4169; x_wconf 92' lang='lat' dir='ltr'><strong>ct</strong></span> <span class='ocrx_word' id='word_1_796' title='bbox 2674 4114 2740 4169; x_wconf 91' lang='lat' dir='ltr'><strong>de</strong></span> <span class='ocrx_word' id='word_1_797' title='bbox 2788 4115 2900 4185; x_wconf 84' lang='lat' dir='ltr'><strong>ipsa</strong></span> <span class='ocrx_word' id='word_1_798' title='bbox 2946 4115 3305 4186; x_wconf 75' lang='lat' dir='ltr'><strong>cogitatione;</strong></span> <span class='ocrx_word' id='word_1_799' title='bbox 3351 4125 3411 4172; x_wconf 87' lang='lat' dir='ltr'><strong>et</strong></span> <span class='ocrx_word' id='word_1_800' title='bbox 3449 4133 3566 4174; x_wconf 87' lang='lat' dir='ltr'><strong>non</strong></span> <span class='ocrx_word' id='word_1_801' title='bbox 3604 4120 3768 4175; x_wconf 76' lang='lat' dir='ltr'><strong>solum</strong></span> 
     </span>
    </p>
   </div>
   <div class='ocr_carea' id='block_1_103' title="bbox 2189 4203 3767 4277">
    <p class='ocr_par' dir='ltr' id='par_1_103' title="bbox 2189 4203 3767 4277">
     <span class='ocr_line' id='line_1_103' title="bbox 2189 4203 3767 4277; baseline 0.004 -18"><span class='ocrx_word' id='word_1_802' title='bbox 2189 4203 2257 4259; x_wconf 87' lang='lat' dir='ltr'><strong>de</strong></span> <span class='ocrx_word' id='word_1_803' title='bbox 2287 4204 2590 4269; x_wconf 87' lang='lat' dir='ltr'><strong>mendacio,</strong></span> <span class='ocrx_word' id='word_1_804' title='bbox 2613 4214 2667 4259; x_wconf 93' lang='lat' dir='ltr'><strong>et</strong></span> <span class='ocrx_word' id='word_1_805' title='bbox 2695 4206 2957 4276; x_wconf 74' lang='lat' dir='ltr'><strong>periurio,</strong></span> <span class='ocrx_word' id='word_1_806' title='bbox 2976 4214 3145 4277; x_wconf 84' lang='lat' dir='ltr'><strong>atque</strong></span> <span class='ocrx_word' id='word_1_807' title='bbox 3174 4210 3643 4276; x_wconf 81' lang='lat' dir='ltr'><strong>murmuratione,</strong></span> <span class='ocrx_word' id='word_1_808' title='bbox 3678 4212 3767 4265; x_wconf 77' lang='lat' dir='ltr'><strong>sed</strong></span> 
     </span>
    </p>
   </div>
   <div class='ocr_carea' id='block_1_104' title="bbox 2184 4294 3769 4366">
    <p class='ocr_par' dir='ltr' id='par_1_104' title="bbox 2184 4294 3769 4366">
     <span class='ocr_line' id='line_1_104' title="bbox 2184 4294 3769 4366; baseline 0.006 -18"><span class='ocrx_word' id='word_1_809' title='bbox 2184 4294 2352 4349; x_wconf 84' lang='lat' dir='ltr'><strong>etiam</strong></span> <span class='ocrx_word' id='word_1_810' title='bbox 2393 4302 2448 4349; x_wconf 89' lang='lat' dir='ltr'><strong>et</strong></span> <span class='ocrx_word' id='word_1_811' title='bbox 2484 4295 2551 4350; x_wconf 92' lang='lat' dir='ltr'><strong>de</strong></span> <span class='ocrx_word' id='word_1_812' title='bbox 2597 4295 2715 4366; x_wconf 92' lang='lat' dir='ltr'><strong>ipso</strong></span> <span class='ocrx_word' id='word_1_813' title='bbox 2747 4296 2921 4353; x_wconf 87' lang='lat' dir='ltr'><strong>otioso</strong></span> <span class='ocrx_word' id='word_1_814' title='bbox 2969 4311 3219 4353; x_wconf 88' lang='lat' dir='ltr'><strong>sermone</strong></span> <span class='ocrx_word' id='word_1_815' title='bbox 3268 4298 3544 4356; x_wconf 72' lang='lat' dir='ltr'><strong>reddituri</strong></span> <span class='ocrx_word' id='word_1_816' title='bbox 3589 4316 3769 4356; x_wconf 70' lang='lat' dir='ltr'><strong>sum</strong></span> 
     </span>
    </p>
   </div>
   <div class='ocr_carea' id='block_1_105' title="bbox 2189 4384 3767 4452">
    <p class='ocr_par' dir='ltr' id='par_1_105' title="bbox 2189 4384 3767 4452">
     <span class='ocr_line' id='line_1_105' title="bbox 2189 4384 3767 4452; baseline 0.006 -14"><span class='ocrx_word' id='word_1_817' title='bbox 2189 4384 2476 4452; x_wconf 88' lang='lat' dir='ltr'><strong>rationem,</strong></span> <span class='ocrx_word' id='word_1_818' title='bbox 2502 4384 2734 4441; x_wconf 86' lang='lat' dir='ltr'><strong>Domino</strong></span> <span class='ocrx_word' id='word_1_819' title='bbox 2763 4386 2974 4443; x_wconf 86' lang='lat' dir='ltr'><strong>dicente</strong></span> <span class='ocrx_word' id='word_1_820' title='bbox 2998 4405 3018 4442; x_wconf 68' lang='grc' dir='ltr'>ς</span> <span class='ocrx_word' id='word_1_821' title='bbox 3054 4407 3073 4441; x_wconf 75' lang='grc' dir='ltr'><strong>ι</strong></span> <span class='ocrx_word' id='word_1_822' title='bbox 3111 4388 3188 4444; x_wconf 89' lang='lat' dir='ltr'><strong>De</strong></span> <span class='ocrx_word' id='word_1_823' title='bbox 3207 4388 3356 4444; x_wconf 90' lang='lat' dir='ltr'><strong>omni</strong></span> <span class='ocrx_word' id='word_1_824' title='bbox 3396 4391 3577 4447; x_wconf 78' lang='lat' dir='ltr'><strong>verbo</strong></span> <span class='ocrx_word' id='word_1_825' title='bbox 3599 4393 3767 4447; x_wconf 71' lang='lat' dir='ltr'><strong>otioso</strong></span> 
     </span>
    </p>
   </div>
   <div class='ocr_carea' id='block_1_106' title="bbox 2195 4474 3768 4545">
    <p class='ocr_par' dir='ltr' id='par_1_106' title="bbox 2195 4474 3768 4545">
     <span class='ocr_line' id='line_1_106' title="bbox 2195 4474 3768 4545; baseline 0.006 -18"><span class='ocrx_word' id='word_1_826' title='bbox 2195 4492 2214 4526; x_wconf 78' lang='grc' dir='ltr'><strong>ι</strong></span> <span class='ocrx_word' id='word_1_827' title='bbox 2242 4475 2384 4544; x_wconf 87' lang='lat' dir='ltr'><strong>quod</strong></span> <span class='ocrx_word' id='word_1_828' title='bbox 2407 4474 2569 4530; x_wconf 90' lang='lat' dir='ltr'><strong>locuti</strong></span> <span class='ocrx_word' id='word_1_829' title='bbox 2598 4476 2797 4532; x_wconf 81' lang='lat' dir='ltr'><strong>fuerint</strong></span> <span class='ocrx_word' id='word_1_830' title='bbox 2842 4479 3111 4545; x_wconf 85' lang='lat' dir='ltr'><strong>homines,</strong></span> <span class='ocrx_word' id='word_1_831' title='bbox 3137 4480 3366 4536; x_wconf 88' lang='lat' dir='ltr'><strong>reddent</strong></span> <span class='ocrx_word' id='word_1_832' title='bbox 3404 4481 3476 4538; x_wconf 89' lang='lat' dir='ltr'><strong>de</strong></span> <span class='ocrx_word' id='word_1_833' title='bbox 3504 4500 3575 4540; x_wconf 85' lang='lat' dir='ltr'><strong>eo</strong></span> <span class='ocrx_word' id='word_1_834' title='bbox 3611 4486 3768 4539; x_wconf 83' lang='lat' dir='ltr'><strong>ratio-</strong></span> 
     </span>
    </p>
   </div>
   <div class='ocr_carea' id='block_1_107' title="bbox 2197 4566 3765 4648">
    <p class='ocr_par' dir='ltr' id='par_1_107' title="bbox 2197 4566 3765 4648">
     <span class='ocr_line' id='line_1_107' title="bbox 2197 4566 3765 4648; baseline 0.008 -28"><span class='ocrx_word' id='word_1_835' title='bbox 2197 4586 2216 4619; x_wconf 82' lang='grc' dir='ltr'><strong>ι</strong></span> <span class='ocrx_word' id='word_1_836' title='bbox 2244 4568 2434 4623; x_wconf 91' lang='lat' dir='ltr'><strong>nemin</strong></span> <span class='ocrx_word' id='word_1_837' title='bbox 2456 4568 2542 4623; x_wconf 89' lang='lat' dir='ltr'><strong>die</strong></span> <span class='ocrx_word' id='word_1_838' title='bbox 2556 4566 2742 4637; x_wconf 81' lang='lat' dir='ltr'><strong>iudicii</strong></span> <span class='ocrx_word' id='word_1_839' title='bbox 2760 4569 2969 4640; x_wconf 67' lang='lat' dir='ltr'><strong>(Matth.</strong></span> <span class='ocrx_word' id='word_1_840' title='bbox 2987 4572 3104 4644; x_wconf 85' lang='lat' dir='ltr'><strong>xu).</strong></span> <span class='ocrx_word' id='word_1_841' title='bbox 3120 4592 3137 4625; x_wconf 77' lang='grc' dir='ltr'><strong>ι</strong></span> <span class='ocrx_word' id='word_1_842' title='bbox 3159 4572 3255 4628; x_wconf 86' lang='lat' dir='ltr'><strong>Et:</strong></span> <span class='ocrx_word' id='word_1_843' title='bbox 3277 4592 3295 4625; x_wconf 75' lang='grc' dir='ltr'><strong>ι</strong></span> <span class='ocrx_word' id='word_1_844' title='bbox 3320 4571 3440 4628; x_wconf 78' lang='lat' dir='ltr'><strong>Non</strong></span> <span class='ocrx_word' id='word_1_845' title='bbox 3464 4575 3765 4648; x_wconf 69' lang='lat' dir='ltr'><strong>relinquent</strong></span> 
     </span>
    </p>
   </div>
   <div class='ocr_carea' id='block_1_108' title="bbox 2197 4657 3767 4738">
    <p class='ocr_par' dir='ltr' id='par_1_108' title="bbox 2197 4657 3767 4738">
     <span class='ocr_line' id='line_1_108' title="bbox 2197 4657 3767 4738; baseline 0.007 -28"><span class='ocrx_word' id='word_1_846' title='bbox 2197 4676 2216 4710; x_wconf 79' lang='grc' dir='ltr'><strong>ι</strong></span> <span class='ocrx_word' id='word_1_847' title='bbox 2248 4658 2303 4713; x_wconf 90' lang='lat' dir='ltr'><strong>in</strong></span> <span class='ocrx_word' id='word_1_848' title='bbox 2328 4668 2379 4714; x_wconf 92' lang='lat' dir='ltr'><strong>te</strong></span> <span class='ocrx_word' id='word_1_849' title='bbox 2395 4657 2633 4728; x_wconf 80' lang='lat' dir='ltr'><strong>lapidem</strong></span> <span class='ocrx_word' id='word_1_850' title='bbox 2654 4675 2816 4731; x_wconf 82' lang='lat' dir='ltr'><strong>super</strong></span> <span class='ocrx_word' id='word_1_851' title='bbox 2840 4660 3092 4733; x_wconf 79' lang='lat' dir='ltr'><strong>lapidem,</strong></span> <span class='ocrx_word' id='word_1_852' title='bbox 3122 4678 3188 4719; x_wconf 89' lang='lat' dir='ltr'><strong>eo</strong></span> <span class='ocrx_word' id='word_1_853' title='bbox 3209 4665 3352 4733; x_wconf 88' lang='lat' dir='ltr'><strong>quod</strong></span> <span class='ocrx_word' id='word_1_854' title='bbox 3374 4680 3487 4721; x_wconf 86' lang='lat' dir='ltr'><strong>non</strong></span> <span class='ocrx_word' id='word_1_855' title='bbox 3508 4682 3767 4738; x_wconf 69' lang='lat' dir='ltr'><strong>cognora-</strong></span> 
     </span>
    </p>
   </div>
   <div class='ocr_carea' id='block_1_109' title="bbox 2196 4749 3765 4824">
    <p class='ocr_par' dir='ltr' id='par_1_109' title="bbox 2196 4749 3765 4824">
     <span class='ocr_line' id='line_1_109' title="bbox 2196 4749 3765 4824; baseline 0.008 -24"><span class='ocrx_word' id='word_1_856' title='bbox 2196 4766 2215 4800; x_wconf 80' lang='grc' dir='ltr'><strong>ι</strong></span> <span class='ocrx_word' id='word_1_857' title='bbox 2248 4749 2323 4804; x_wconf 89' lang='lat' dir='ltr'><strong>ris</strong></span> <span class='ocrx_word' id='word_1_858' title='bbox 2346 4757 2558 4820; x_wconf 88' lang='lat' dir='ltr'><strong>tempus</strong></span> <span class='ocrx_word' id='word_1_859' title='bbox 2576 4749 2901 4808; x_wconf 85' lang='lat' dir='ltr'><strong>visitationis</strong></span> <span class='ocrx_word' id='word_1_860' title='bbox 2936 4760 3038 4809; x_wconf 69' lang='lat' dir='ltr'><strong>tua:</strong></span> <span class='ocrx_word' id='word_1_861' title='bbox 3061 4752 3212 4824; x_wconf 82' lang='lat' dir='ltr'><strong>(Luc.</strong></span> <span class='ocrx_word' id='word_1_862' title='bbox 3231 4754 3370 4824; x_wconf 67' lang='grc' dir='ltr'><strong>χιι).</strong></span> <span class='ocrx_word' id='word_1_863' title='bbox 3394 4775 3416 4808; x_wconf 73' lang='grc' dir='ltr'><strong>ι</strong></span> <span class='ocrx_word' id='word_1_864' title='bbox 3449 4755 3612 4812; x_wconf 70' lang='lat' dir='ltr'><strong>Simt</strong></span> <span class='ocrx_word' id='word_1_865' title='bbox 3628 4759 3765 4815; x_wconf 69' lang='lat' dir='ltr'><strong>enim</strong></span> 
     </span>
    </p>
   </div>
   <div class='ocr_carea' id='block_1_110' title="bbox 2190 4842 3767 4917">
    <p class='ocr_par' dir='ltr' id='par_1_110' title="bbox 2190 4842 3767 4917">
     <span class='ocr_line' id='line_1_110' title="bbox 2190 4842 3767 4917; baseline 0.004 -21"><span class='ocrx_word' id='word_1_866' title='bbox 2190 4842 2424 4897; x_wconf 90' lang='lat' dir='ltr'><strong>civitatis</strong></span> <span class='ocrx_word' id='word_1_867' title='bbox 2448 4843 2501 4898; x_wconf 90' lang='lat' dir='ltr'><strong>in</strong></span> <span class='ocrx_word' id='word_1_868' title='bbox 2538 4843 2765 4899; x_wconf 67' lang='lat' dir='ltr'><strong>aedificio</strong></span> <span class='ocrx_word' id='word_1_869' title='bbox 2801 4844 2938 4914; x_wconf 88' lang='lat' dir='ltr'><strong>lapis</strong></span> <span class='ocrx_word' id='word_1_870' title='bbox 2974 4861 3136 4916; x_wconf 89' lang='lat' dir='ltr'><strong>super</strong></span> <span class='ocrx_word' id='word_1_871' title='bbox 3169 4846 3403 4915; x_wconf 87' lang='lat' dir='ltr'><strong>lapidem</strong></span> <span class='ocrx_word' id='word_1_872' title='bbox 3447 4849 3679 4917; x_wconf 68' lang='lat' dir='ltr'><strong>patitur</strong></span> <span class='ocrx_word' id='word_1_873' title='bbox 3712 4860 3767 4903; x_wconf 81' lang='lat' dir='ltr'><strong>ut</strong></span> 
     </span>
    </p>
   </div>
   <div class='ocr_carea' id='block_1_111' title="bbox 2189 4934 3767 5011">
    <p class='ocr_par' dir='ltr' id='par_1_111' title="bbox 2189 4934 3767 5011">
     <span class='ocr_line' id='line_1_111' title="bbox 2189 4934 3767 5011; baseline 0.006 -25"><span class='ocrx_word' id='word_1_874' title='bbox 2189 4940 2400 4987; x_wconf 90' lang='lat' dir='ltr'><strong>crescat</strong></span> <span class='ocrx_word' id='word_1_875' title='bbox 2443 4934 2794 5008; x_wconf 77' lang='lat' dir='ltr'><strong>constructio,</strong></span> <span class='ocrx_word' id='word_1_876' title='bbox 2844 4934 2919 4990; x_wconf 90' lang='lat' dir='ltr'><strong>ita</strong></span> <span class='ocrx_word' id='word_1_877' title='bbox 2965 4951 3179 5005; x_wconf 88' lang='lat' dir='ltr'><strong>quoquc</strong></span> <span class='ocrx_word' id='word_1_878' title='bbox 3225 4938 3491 5008; x_wconf 80' lang='lat' dir='ltr'><strong>cogitatio</strong></span> <span class='ocrx_word' id='word_1_879' title='bbox 3542 4941 3767 5011; x_wconf 74' lang='lat' dir='ltr'><strong>pessima</strong></span> 
     </span>
    </p>
   </div>
   <div class='ocr_carea' id='block_1_112' title="bbox 2194 5022 3768 5102">
    <p class='ocr_par' dir='ltr' id='par_1_112' title="bbox 2194 5022 3768 5102">
     <span class='ocr_line' id='line_1_112' title="bbox 2194 5022 3768 5102; baseline 0.004 -23"><span class='ocrx_word' id='word_1_880' title='bbox 2194 5038 2356 5093; x_wconf 88' lang='lat' dir='ltr'><strong>super</strong></span> <span class='ocrx_word' id='word_1_881' title='bbox 2377 5022 2574 5078; x_wconf 89' lang='lat' dir='ltr'><strong>malam</strong></span> <span class='ocrx_word' id='word_1_882' title='bbox 2602 5024 2980 5094; x_wconf 85' lang='lat' dir='ltr'><strong>cogitationem</strong></span> <span class='ocrx_word' id='word_1_883' title='bbox 3015 5028 3257 5096; x_wconf 85' lang='lat' dir='ltr'><strong>ponitur,</strong></span> <span class='ocrx_word' id='word_1_884' title='bbox 3289 5037 3345 5085; x_wconf 84' lang='lat' dir='ltr'><strong>et</strong></span> <span class='ocrx_word' id='word_1_885' title='bbox 3385 5030 3548 5086; x_wconf 84' lang='lat' dir='ltr'><strong>malis</strong></span> <span class='ocrx_word' id='word_1_886' title='bbox 3595 5032 3768 5102; x_wconf 81' lang='lat' dir='ltr'><strong>operi-</strong></span> 
     </span>
    </p>
   </div>
   <div class='ocr_carea' id='block_1_113' title="bbox 2190 5112 3769 5186">
    <p class='ocr_par' dir='ltr' id='par_1_113' title="bbox 2190 5112 3769 5186">
     <span class='ocr_line' id='line_1_113' title="bbox 2190 5112 3769 5186; baseline 0.004 -17"><span class='ocrx_word' id='word_1_887' title='bbox 2190 5114 2290 5169; x_wconf 85' lang='lat' dir='ltr'><strong>bus</strong></span> <span class='ocrx_word' id='word_1_888' title='bbox 2318 5112 2455 5168; x_wconf 88' lang='lat' dir='ltr'><strong>mala</strong></span> <span class='ocrx_word' id='word_1_889' title='bbox 2481 5114 2812 5173; x_wconf 81' lang='lat' dir='ltr'><strong>consuetudo</strong></span> <span class='ocrx_word' id='word_1_890' title='bbox 2829 5116 3092 5186; x_wconf 85' lang='lat' dir='ltr'><strong>jungitur,</strong></span> <span class='ocrx_word' id='word_1_891' title='bbox 3117 5126 3175 5171; x_wconf 92' lang='lat' dir='ltr'><strong>ut</strong></span> <span class='ocrx_word' id='word_1_892' title='bbox 3193 5118 3463 5186; x_wconf 74' lang='lat' dir='ltr'><strong>qttoddam</strong></span> <span class='ocrx_word' id='word_1_893' title='bbox 3486 5120 3769 5177; x_wconf 65' lang='lat' dir='ltr'><strong>aedilicium</strong></span> 
     </span>
    </p>
   </div>
   <div class='ocr_carea' id='block_1_114' title="bbox 2192 5203 3773 5265">
    <p class='ocr_par' dir='ltr' id='par_1_114' title="bbox 2192 5203 3773 5265">
     <span class='ocr_line' id='line_1_114' title="bbox 2192 5203 3773 5265; baseline 0.003 -7"><span class='ocrx_word' id='word_1_894' title='bbox 2192 5203 2511 5259; x_wconf 87' lang='lat' dir='ltr'><strong>diabolicum</strong></span> <span class='ocrx_word' id='word_1_895' title='bbox 2541 5212 2905 5265; x_wconf 88' lang='lat' dir='ltr'><strong>construatur.</strong></span> <span class='ocrx_word' id='word_1_896' title='bbox 2930 5205 2987 5259; x_wconf 91' lang='lat' dir='ltr'><strong>ln</strong></span> <span class='ocrx_word' id='word_1_897' title='bbox 3013 5206 3378 5263; x_wconf 77' lang='lat' dir='ltr'><strong>destructione</strong></span> <span class='ocrx_word' id='word_1_898' title='bbox 3419 5209 3659 5264; x_wconf 80' lang='lat' dir='ltr'><strong>civitatis</strong></span> <span class='ocrx_word' id='word_1_899' title='bbox 3701 5210 3773 5262; x_wconf 73' lang='lat' dir='ltr'><strong>la-</strong></span> 
     </span>
    </p>
   </div>
   <div class='ocr_carea' id='block_1_115' title="bbox 2186 5295 3771 5368">
    <p class='ocr_par' dir='ltr' id='par_1_115' title="bbox 2186 5295 3771 5368">
     <span class='ocr_line' id='line_1_115' title="bbox 2186 5295 3771 5368; baseline 0.002 -20"><span class='ocrx_word' id='word_1_900' title='bbox 2186 5295 2272 5365; x_wconf 85' lang='lat' dir='ltr'><strong>pis</strong></span> <span class='ocrx_word' id='word_1_901' title='bbox 2296 5310 2457 5365; x_wconf 88' lang='lat' dir='ltr'><strong>super</strong></span> <span class='ocrx_word' id='word_1_902' title='bbox 2472 5295 2705 5367; x_wconf 90' lang='lat' dir='ltr'><strong>lapidem</strong></span> <span class='ocrx_word' id='word_1_903' title='bbox 2745 5297 3244 5368; x_wconf 8' lang='lat' dir='ltr'><strong>nonvrelinquitur,</strong></span> <span class='ocrx_word' id='word_1_904' title='bbox 3291 5300 3419 5368; x_wconf 88' lang='lat' dir='ltr'><strong>quia</strong></span> <span class='ocrx_word' id='word_1_905' title='bbox 3464 5300 3526 5355; x_wconf 84' lang='lat' dir='ltr'><strong>in</strong></span> <span class='ocrx_word' id='word_1_906' title='bbox 3571 5300 3659 5356; x_wconf 83' lang='lat' dir='ltr'><strong>die</strong></span> <span class='ocrx_word' id='word_1_907' title='bbox 3682 5299 3771 5367; x_wconf 76' lang='lat' dir='ltr'><strong>ju-</strong></span> 
     </span>
    </p>
   </div>
   <div class='ocr_carea' id='block_1_116' title="bbox 2188 5386 3772 5460">
    <p class='ocr_par' dir='ltr' id='par_1_116' title="bbox 2188 5386 3772 5460">
     <span class='ocr_line' id='line_1_116' title="bbox 2188 5386 3772 5460; baseline 0 -18"><span class='ocrx_word' id='word_1_908' title='bbox 2188 5387 2314 5442; x_wconf 89' lang='lat' dir='ltr'><strong>dicii</strong></span> <span class='ocrx_word' id='word_1_909' title='bbox 2339 5402 2444 5442; x_wconf 90' lang='lat' dir='ltr'><strong>non</strong></span> <span class='ocrx_word' id='word_1_910' title='bbox 2474 5386 2645 5442; x_wconf 89' lang='lat' dir='ltr'><strong>solum</strong></span> <span class='ocrx_word' id='word_1_911' title='bbox 2672 5387 2812 5443; x_wconf 87' lang='lat' dir='ltr'><strong>mala</strong></span> <span class='ocrx_word' id='word_1_912' title='bbox 2836 5403 3022 5457; x_wconf 89' lang='lat' dir='ltr'><strong>opera,</strong></span> <span class='ocrx_word' id='word_1_913' title='bbox 3050 5390 3145 5445; x_wconf 89' lang='lat' dir='ltr'><strong>sed</strong></span> <span class='ocrx_word' id='word_1_914' title='bbox 3190 5390 3355 5445; x_wconf 89' lang='lat' dir='ltr'><strong>etiam</strong></span> <span class='ocrx_word' id='word_1_915' title='bbox 3402 5388 3592 5460; x_wconf 79' lang='lat' dir='ltr'><strong>iniqua</strong></span> <span class='ocrx_word' id='word_1_916' title='bbox 3625 5390 3772 5456; x_wconf 66' lang='lat' dir='ltr'><strong>cogi-</strong></span> 
     </span>
    </p>
   </div>
   <div class='ocr_carea' id='block_1_117' title="bbox 2186 5475 3773 5546">
    <p class='ocr_par' dir='ltr' id='par_1_117' title="bbox 2186 5475 3773 5546">
     <span class='ocr_line' id='line_1_117' title="bbox 2186 5475 3773 5546; baseline 0.001 -16"><span class='ocrx_word' id='word_1_917' title='bbox 2186 5475 2322 5531; x_wconf 87' lang='lat' dir='ltr'><strong>tatio</strong></span> <span class='ocrx_word' id='word_1_918' title='bbox 2351 5476 2587 5532; x_wconf 88' lang='lat' dir='ltr'><strong>cessabit</strong></span> <span class='ocrx_word' id='word_1_919' title='bbox 2633 5484 2690 5533; x_wconf 89' lang='lat' dir='ltr'><strong>et</strong></span> <span class='ocrx_word' id='word_1_920' title='bbox 2727 5477 2918 5546; x_wconf 90' lang='lat' dir='ltr'><strong>periet.</strong></span> <span class='ocrx_word' id='word_1_921' title='bbox 2950 5476 3103 5533; x_wconf 81' lang='lat' dir='ltr'><strong>Sicut</strong></span> <span class='ocrx_word' id='word_1_922' title='bbox 3143 5476 3467 5534; x_wconf 85' lang='lat' dir='ltr'><strong>Psalmista:</strong></span> <span class='ocrx_word' id='word_1_923' title='bbox 3506 5495 3530 5530; x_wconf 72' lang='grc' dir='ltr'><strong>ι</strong></span> <span class='ocrx_word' id='word_1_924' title='bbox 3571 5478 3631 5534; x_wconf 85' lang='lat' dir='ltr'><strong>In</strong></span> <span class='ocrx_word' id='word_1_925' title='bbox 3678 5477 3773 5532; x_wconf 86' lang='lat' dir='ltr'><strong>illa</strong></span> 
     </span>
    </p>
   </div>
   <div class='ocr_carea' id='block_1_118' title="bbox 2195 5565 3777 5638">
    <p class='ocr_par' dir='ltr' id='par_1_118' title="bbox 2195 5565 3777 5638">
     <span class='ocr_line' id='line_1_118' title="bbox 2195 5565 3777 5638; baseline 0.001 -21"><span class='ocrx_word' id='word_1_926' title='bbox 2195 5584 2213 5617; x_wconf 81' lang='grc' dir='ltr'><strong>ι</strong></span> <span class='ocrx_word' id='word_1_927' title='bbox 2246 5565 2355 5633; x_wconf 91' lang='lat' dir='ltr'><strong>die,</strong></span> <span class='ocrx_word' id='word_1_928' title='bbox 2398 5567 2591 5637; x_wconf 90' lang='lat' dir='ltr'><strong>inquit,</strong></span> <span class='ocrx_word' id='word_1_929' title='bbox 2650 5566 2902 5637; x_wconf 87' lang='lat' dir='ltr'><strong>peribunt</strong></span> <span class='ocrx_word' id='word_1_930' title='bbox 2936 5582 3127 5623; x_wconf 87' lang='lat' dir='ltr'><strong>omnes</strong></span> <span class='ocrx_word' id='word_1_931' title='bbox 3175 5567 3536 5638; x_wconf 86' lang='lat' dir='ltr'><strong>cogitationes</strong></span> <span class='ocrx_word' id='word_1_932' title='bbox 3579 5582 3777 5622; x_wconf 71' lang='lat' dir='ltr'><strong>eorum</strong></span> 
     </span>
    </p>
   </div>
   <div class='ocr_carea' id='block_1_119' title="bbox 2194 5657 3773 5729">
    <p class='ocr_par' dir='ltr' id='par_1_119' title="bbox 2194 5657 3773 5729">
     <span class='ocr_line' id='line_1_119' title="bbox 2194 5657 3773 5729; baseline 0.001 -18"><span class='ocrx_word' id='word_1_933' title='bbox 2194 5677 2215 5711; x_wconf 73' lang='grc' dir='ltr'><strong>ι</strong></span> <span class='ocrx_word' id='word_1_934' title='bbox 2250 5657 2422 5729; x_wconf 70' lang='lat' dir='ltr'><strong>(Paul.</strong></span> <span class='ocrx_word' id='word_1_935' title='bbox 2453 5658 2632 5729; x_wconf 77' lang='lat' dir='ltr'><strong>cm).</strong></span> <span class='ocrx_word' id='word_1_936' title='bbox 2674 5678 2693 5714; x_wconf 77' lang='grc' dir='ltr'><strong>ι</strong></span> <span class='ocrx_word' id='word_1_937' title='bbox 2718 5658 2787 5713; x_wconf 83' lang='lat' dir='ltr'><strong>Et</strong></span> <span class='ocrx_word' id='word_1_938' title='bbox 2813 5659 2933 5716; x_wconf 89' lang='lat' dir='ltr'><strong>ideo</strong></span> <span class='ocrx_word' id='word_1_939' title='bbox 2960 5674 3183 5717; x_wconf 85' lang='lat' dir='ltr'><strong>necesse</strong></span> <span class='ocrx_word' id='word_1_940' title='bbox 3216 5668 3301 5715; x_wconf 84' lang='lat' dir='ltr'><strong>est</strong></span> <span class='ocrx_word' id='word_1_941' title='bbox 3330 5669 3391 5716; x_wconf 87' lang='lat' dir='ltr'><strong>ut</strong></span> <span class='ocrx_word' id='word_1_942' title='bbox 3416 5658 3546 5714; x_wconf 89' lang='lat' dir='ltr'><strong>dum</strong></span> <span class='ocrx_word' id='word_1_943' title='bbox 3590 5657 3646 5713; x_wconf 84' lang='lat' dir='ltr'><strong>in</strong></span> <span class='ocrx_word' id='word_1_944' title='bbox 3666 5658 3773 5713; x_wconf 79' lang='lat' dir='ltr'><strong>hoc</strong></span> 
     </span>
    </p>
   </div>
   <div class='ocr_carea' id='block_1_120' title="bbox 2192 5746 3771 5820">
    <p class='ocr_par' dir='ltr' id='par_1_120' title="bbox 2192 5746 3771 5820">
     <span class='ocr_line' id='line_1_120' title="bbox 2192 5746 3771 5820; baseline -0.003 -12"><span class='ocrx_word' id='word_1_945' title='bbox 2192 5750 2387 5808; x_wconf 65' lang='lat' dir='ltr'><strong>sacculo</strong></span> <span class='ocrx_word' id='word_1_946' title='bbox 2408 5765 2610 5819; x_wconf 86' lang='lat' dir='ltr'><strong>sumus,</strong></span> <span class='ocrx_word' id='word_1_947' title='bbox 2637 5759 2693 5807; x_wconf 87' lang='lat' dir='ltr'><strong>et</strong></span> <span class='ocrx_word' id='word_1_948' title='bbox 2718 5750 2870 5814; x_wconf 85' lang='lat' dir='ltr'><strong>nobis</strong></span> <span class='ocrx_word' id='word_1_949' title='bbox 2925 5758 3104 5820; x_wconf 80' lang='lat' dir='ltr'><strong>vacat,</strong></span> <span class='ocrx_word' id='word_1_950' title='bbox 3151 5764 3257 5809; x_wconf 81' lang='lat' dir='ltr'><strong>non</strong></span> <span class='ocrx_word' id='word_1_951' title='bbox 3309 5748 3480 5806; x_wconf 85' lang='lat' dir='ltr'><strong>solum</strong></span> <span class='ocrx_word' id='word_1_952' title='bbox 3532 5764 3565 5804; x_wconf 88' lang='lat' dir='ltr'><strong>a</strong></span> <span class='ocrx_word' id='word_1_953' title='bbox 3606 5746 3771 5804; x_wconf 77' lang='lat' dir='ltr'><strong>malis</strong></span> 
     </span>
    </p>
   </div>
  </div>
