3948 6328
182 312 288 371 973

1273 309 1364 366 DE
1402 308 1878 366 SUBYERSIONE
1915 309 2342 367 JERUSALEM.

3316 321 3421 378 974

184 430 565 494 abstineamus,
593 427 687 484 sed
723 428 887 485 etiam
911 428 1113 484 bonum
1150 429 1206 483 in
1249 429 1499 483 omnibus
1539 426 1750 497 operari
1781 428 1830 486 Α
1861 443 1880 476 ι
1911 440 2028 479 mea
2051 427 2191 480 sicut
2213 427 2487 483 incensum
2513 427 2564 483 in
2589 437 2876 498 conspectu
2901 438 2992 486 tuo
3020 431 3190 502 (Psal.
3216 437 3358 504 ext).
3396 458 3414 489 ι

185 520 514 576 studeamus.
550 518 688 573 Ante
738 519 917 572 omnia
971 519 1111 573 diem
1165 518 1354 572 mortis
1398 525 1523 570 ante
1569 515 1753 570 oculos

117 605 127 640 τ
183 624 466 681 ponamus,
490 609 616 678 quia
642 607 799 663 facile
819 608 1114 663 contemnit
1151 607 1331 661 omnia
1368 605 1460 675 qui
1499 619 1558 658 se
1606 618 1751 658 sem-

181 715 280 771 per
305 700 507 770 cogitat
540 699 878 754 moriturum.
904 697 1056 754 Unde
1078 697 1331 752 Salomon
1366 710 1465 750 nos
1502 693 1752 748 hortatur

182 790 367 846 dicens
395 808 410 844 :
445 807 466 842 ι
503 789 562 843 in
590 789 838 844 omnibus
873 788 1126 859 operibus
1175 788 1280 842 tuis
1315 800 1614 841 memorare
1655 799 1752 838 no-

186 897 210 933 ‹
231 880 454 936 vissima
475 887 567 934 tua
597 877 786 950 (Eccli.
826 880 946 948 vn).
982 897 1000 929 ι
1033 877 1101 932 Ει
1125 875 1252 931 item
1281 893 1295 930 :
1331 892 1352 926 ι
1401 874 1460 928 lu
1483 873 1571 927 die
1585 873 1751 927 hono-

189 991 208 1023 ι
237 987 352 1025 rum
375 985 440 1025 ne
469 970 755 1024 immemor
773 969 849 1024 sis
879 968 1174 1033 malorum;
1197 967 1322 1021 etin
1352 965 1437 1020 die
1461 963 1746 1033 malorum,

182 1082 207 1114 ι
247 1078 314 1117 ne
345 1063 632 1118 immemor
659 1062 735 1117 sis
764 1062 1026 1116 bonorqu
1065 1059 1255 1130 (Eccli.
1276 1058 1376 1127 ιι).
1408 1077 1426 1109 ι

252 1152 380 1207 Pius
406 1151 685 1216 Dominus,
713 1152 806 1221 qui
835 1166 933 1207 nos
958 1151 1225 1221 patienter
1266 1155 1570 1218 exspectat,
1609 1147 1754 1204 acri-

179 1249 264 1294 ter
289 1240 342 1294 in
377 1239 462 1294 die
483 1237 963 1310 judiciijudicahit,
996 1239 1038 1294 si
1069 1238 1313 1294 conversi
1335 1252 1440 1292 non
1470 1235 1749 1292 fuerimus.

179 1327 334 1384 Unde
357 1336 412 1382 et
440 1344 540 1385 nos
560 1330 811 1384 admonet
843 1329 900 1384 in
940 1329 1232 1400 Evangelio
1263 1346 1278 1382 :
1316 1347 1333 1379 ι
1373 1326 1589 1382 Currite
1625 1328 1752 1383 dum

180 1437 204 1470 ‹
235 1418 410 1473 lucem
438 1419 673 1484 habetis,
697 1435 766 1474 ne
791 1419 1025 1476 tenebrm
1046 1420 1237 1474 mortis
1260 1434 1358 1474 vos
1393 1419 1752 1488 comprehen-

177 1527 202 1560 ‹
236 1509 366 1562 dant
404 1508 588 1579 (Joan.
627 1526 700 1564 xu
726 1509 764 1580 ).
797 1530 817 1562 ι
868 1511 936 1565 Ει
971 1510 1139 1564 item:
1190 1529 1209 1561 ‹
1246 1510 1374 1565 Esto
1409 1511 1753 1566 consentiens

181 1622 202 1654 ι
236 1604 547 1659 adversario
573 1612 665 1660 tuo
683 1605 810 1670 cito,
856 1604 984 1659 dum
1035 1619 1094 1659 es
1147 1604 1201 1658 in
1245 1603 1331 1657 via
1378 1619 1500 1658 cum
1547 1594 1649 1667 eo,‘
1684 1618 1753 1657 ne

174 1713 199 1745 ‹
240 1693 377 1749 forte
407 1703 458 1748 te
479 1695 659 1749 tradat
681 1695 1020 1749 adversarius
1047 1693 1214 1764 jndici
1237 1734 1252 1759 ,
1297 1701 1351 1748 ct
1368 1692 1534 1762 judex
1566 1701 1618 1748 te
1646 1702 1754 1748 tra-

1853 516 1908 568 ln
1946 530 2053 584 quo
2107 517 2344 586 templo,
2401 518 2650 575 videlicet
2707 519 2968 586 Ecclesia,
3027 523 3318 581 vendentes
3365 537 3422 582 et

1849 616 2092 662 ementes
2125 617 2251 663 sunt
2274 609 2367 679 qui
2388 610 2647 666 honorem
2675 611 3100 669 ecclesiasticum
3139 630 3245 670 non
3292 632 3421 686 pro-

1847 707 1969 770 pter
1995 699 2198 754 lucrum
2234 701 2558 768 animarum,
2605 704 2699 764 sed
2738 714 2961 775 propter
2997 705 3205 763 lucrum
3250 716 3418 766 terre-

1851 805 1979 843 num
2006 790 2304 859 requirunt,
2339 792 2423 846 vel
2445 802 2666 862 propter
2700 793 2912 852 favores
2943 796 3239 853 hominum.
3266 799 3421 857 Unde

1847 879 1987 934 bene
2011 879 2165 948 juxta
2194 879 2329 935 alios
2349 883 2706 952 evangelistas
2752 900 2880 941 oves
2907 893 2960 942 et
3003 887 3192 955 boves,
3233 899 3420 947 turtu-

1849 985 1938 1025 res
1962 979 2016 1023 et
2037 969 2293 1024 columbae
2323 971 2377 1025 in
2407 972 2604 1042 templo
2635 974 3002 1032 vendebantur
3049 978 3261 1049 (Matth.
3295 997 3419 1047 xxi;

1853 1057 2021 1112 Marc.
2047 1057 2148 1128 ιι).
2181 1058 2340 1115 Bovis
2364 1061 2558 1130 quippe
2591 1064 2806 1119 nomine
2828 1063 2881 1118 in
2927 1065 3217 1137 Seripturis
3249 1071 3422 1126 sacris

1849 1149 2135 1220 aliquando
2153 1151 2532 1220 praedicatores
2553 1151 2922 1223 designantur,
2957 1156 3098 1212 sicut
3138 1157 3212 1214 ait
3238 1159 3421 1215 Domi-

1851 1257 1954 1296 nus
1983 1243 2048 1296 ad
2066 1241 2280 1313 Moysen
2307 1259 2325 1296 :
2355 1262 2376 1294 ‹
2403 1242 2519 1298 Non
2547 1244 2724 1299 arahis
2745 1245 2799 1299 in
2826 1247 2962 1302 bove
2984 1249 3144 1304 simul
3168 1260 3223 1306 et
3241 1252 3418 1317 asino,

1854 1349 1874 1382 ι
1911 1329 2087 1402 (Deut.
2107 1331 2267 1402 xm),
2290 1349 2309 1382 ι
2344 1332 2448 1387 hoc
2469 1341 2570 1399 est,
2597 1333 2705 1387 noli
2726 1333 3050 1407 conjungere
3077 1337 3132 1392 in
3154 1341 3418 1409 pradica-

1851 1418 2018 1484 tione,
2061 1419 2176 1476 sive
2229 1421 2493 1487 doctrina,
2537 1423 2860 1492 prudentem
2908 1441 3034 1480 cum
3081 1428 3264 1484 stulto.
3315 1429 3420 1486 Per

1850 1525 2007 1566 ovem
2047 1511 2352 1567 innocentia
2404 1514 2712 1584 designatur
2761 1515 2848 1570 vel
2903 1517 3236 1587 simplicitas.
3294 1520 3423 1577 Ovis

1850 1599 2045 1670 quippe
2087 1599 2542 1670 simplicissimum
2586 1611 2667 1658 est
2715 1603 2932 1658 animal.
2977 1605 3081 1673 Qui
3131 1621 3261 1679 ergo
3299 1624 3424 1665 san.

1847 1689 2093 1744 ctitatem
2123 1698 2217 1744 aut
2249 1691 2609 1746 innocentiam
2638 1691 2732 1747 Dei
2761 1692 2882 1748 aliis
2911 1695 3166 1759 ostendit,
3195 1704 3256 1751 ut
3300 1697 3421 1753 lau-

174 1801 197 1834 ι
231 1783 322 1838 dat
347 1783 612 1848 ministro,
641 1792 695 1837 et
733 1784 786 1838 in
826 1798 1105 1839 carcerem
1136 1783 1369 1837 mittaris
1401 1800 1414 1835 :
1444 1797 1601 1837 amen
1633 1783 1751 1837 dico
1770 1767 1827 1827 Β
1855 1780 1974 1836 dem
1994 1781 2064 1834 ab
2091 1781 2398 1836 hominibus
2427 1783 2696 1852 requirat,
2739 1797 2892 1838 ovem
2923 1785 3170 1839 venalem
3197 1785 3251 1841 in
3291 1795 3425 1842 tem-

171 1893 197 1926 ‹
241 1874 355 1936 tibi,
401 1889 505 1928 non
558 1874 706 1929 exies
762 1873 885 1930 inde
931 1875 1103 1930 donec
1158 1873 1353 1929 reddas
1403 1873 1753 1928 novissimum

174 1982 198 2016 ‹
233 1965 586 2033 quadrantem
637 1963 851 2036 (Matth.
898 1964 976 2036 v).
1018 1987 1038 2016 ι
1072 1963 1138 2018 Ει
1187 1962 1384 2018 Paulus
1430 1963 1752 2032 apostolus:

169 2070 198 2104 ς
249 2053 386 2108 Dum
407 2061 616 2122 tepus
645 2053 926 2119 habemus,
967 2067 1256 2122 operemur
1291 2052 1490 2106 bonum
1538 2051 1606 2106 ad
1637 2066 1754 2106 om-

171 2164 195 2197 ι
245 2162 342 2200 nes
369 2145 514 2216 (Gal.
537 2161 590 2202 vt
611 2146 651 2216 ).
687 2165 708 2198 ι
742 2146 810 2202 Et
837 2146 964 2200 item
995 2163 1007 2199 :
1045 2165 1063 2195 ι
1101 2145 1240 2200 Ecce
1265 2159 1408 2198 nunc
1433 2153 1642 2212 tempus
1664 2159 1754 2198 ac-

168 2257 195 2291 c
244 2237 524 2308 ceptabile,
555 2253 682 2293 ecce
713 2253 854 2292 nunc
874 2239 990 2292 dies
1026 2236 1216 2292 salutis
1244 2235 1331 2306 (II
1358 2235 1479 2289 Cor.
1511 2236 1610 2305 Vl).
1641 2254 1659 2286 ι
1689 2236 1755 2290 Ει

163 2330 433 2387 Salomon
473 2348 488 2386 :
525 2348 546 2381 ‹
582 2329 947 2398 Quodcunque
985 2336 1164 2398 potest
1198 2341 1391 2382 manus
1415 2333 1506 2379 tua
1549 2325 1749 2392 facere,

169 2441 195 2476 ‹
234 2422 502 2478 instanter
524 2436 751 2491 operare
778 2420 796 2491 (
821 2419 986 2473 Eccli.
1009 2416 1112 2487 ιχ).
1148 2435 1166 2468 ι

251 2531 271 2566 ι
306 2513 385 2570 Eo
408 2513 552 2583 quod
577 2528 684 2568 non
726 2514 1043 2582 cognoveris
1057 2520 1267 2582 tempus
1295 2511 1620 2568 visitationis
1647 2518 1755 2568 tute

167 2623 194 2658 c
223 2603 376 2676 (Luc.
408 2604 543 2673 xix).
578 2622 596 2654 ι
632 2603 811 2658 Multis
834 2618 1065 2672 namque
1089 2602 1264 2658 modis
1293 2603 1346 2657 in
1359 2602 1613 2671 praesenti
1643 2601 1752 2655 vita

163 2697 532 2768 peccatricem
571 2697 805 2751 animam
851 2696 992 2750 Deus
1038 2695 1241 2750 visitat.
1297 2694 1547 2750 Visitavit
1602 2693 1754 2764 prius

163 2805 274 2861 per
300 2789 585 2845 adventum
612 2789 733 2844 Filii
787 2790 868 2844 sui
915 2798 969 2844 et
995 2803 1090 2860 per
1127 2790 1243 2859 ejus
1294 2789 1574 2852 miracula,
1618 2803 1752 2858 quo-

162 2880 305 2936 tidie
325 2881 508 2935 visitat
543 2882 1016 2950 przedicationibus
1070 2884 1372 2946 doctorum,
1419 2882 1604 2935 visitat
1653 2895 1751 2951 per

159 2986 430 3041 prospera
458 2979 513 3025 et
530 2971 775 3036 adversa,
826 2973 1008 3027 visitat
1039 2988 1135 3042 per
1158 2972 1382 3042 ﬂagella,
1428 2973 1615 3026 visitat
1653 2988 1751 3041 per

160 3061 638 3132 persecutionem;
666 3062 760 3117 sed
795 3063 972 3117 anima
1019 3078 1275 3133 perversa
1324 3079 1430 3119 non
1471 3064 1749 3134 cognoscit

162 3168 284 3222 quo
309 3153 505 3209 clausis
537 3154 710 3209 oculis
739 3154 806 3208 ad
829 3155 1006 3223 ignem
1039 3155 1203 3208 vadit.
1234 3153 1350 3209 Non
1377 3154 1521 3209 enim
1549 3155 1602 3209 in
1630 3169 1753 3224 pro-

155 3244 436 3314 speritate
455 3258 514 3300 se
539 3244 804 3311 humiliat,
832 3260 931 3300 nec
953 3245 1005 3299 in
1032 3244 1356 3301 adversitate
1397 3261 1454 3301 se
1490 3261 1751 3317 reCOgno-

156 3335 297 3391 scit.

241 3425 544 3484 Omiseram
571 3441 730 3498 supra
761 3429 884 3498 quia
924 3428 1260 3485 llierusalem
1307 3430 1580 3484 terrestris
1616 3443 1753 3498 qua-

155 3529 297 3576 tuor
341 3519 516 3575 modis
565 3519 907 3590 intelligenda
966 3529 1076 3584 est;
1124 3521 1474 3575 historialitcr
1531 3520 1746 3588 primo;

151 3611 384 3676 civitas,
414 3625 534 3680 quae
572 3609 628 3664 in
666 3620 850 3664 monte
894 3609 1060 3664 Moria
1112 3611 1214 3666 sita
1255 3619 1358 3675 est,
1404 3609 1668 3665 aediﬁcata
1717 3625 1749 3664 a

151 3699 302 3756 Sem
331 3699 442 3755 Noe
469 3699 598 3766 lilio,
625 3707 680 3756 et
705 3708 895 3755 vocata
941 3701 1120 3756 Salem
1153 3716 1169 3755 :
1222 3701 1457 3756 secundo
1497 3715 1750 3770 possessa

156 3807 191 3846 a
224 3790 498 3856 Jebusaeo,
546 3805 610 3846 ex
662 3806 766 3861 qua
817 3791 1009 3846 sortita
1055 3801 1140 3847 est
1183 3791 1504 3846 vocabulum
1557 3791 1745 3846 Jebus.

149 3885 356 3942 Tertia
393 3899 425 3938 a
452 3883 762 3949 Salomone,
793 3893 850 3939 et
881 3885 1005 3940 inde
1023 3893 1212 3939 vocata
1241 3895 1322 3939 est
1351 3883 1747 3954 Hierosolyma,

147 3992 233 4031 ex
265 3973 509 4030 Jebuszeo
531 3981 585 4028 et
614 3971 921 4039 Salomone,
955 3974 1108 4043 quasi
1151 3972 1490 4042 Jebnsolyma
1519 3993 1533 4027 :
1564 3983 1748 4042 postea

147 4069 444 4125 destructa
464 4082 494 4121 a
518 4065 794 4131 Romanis,
812 4065 1134 4120 reacdilicata
1148 4072 1228 4120 est
1245 4063 1312 4118 ab
1329 4064 1470 4119 Ailio
1486 4064 1747 4130 Adriano,

146 4176 188 4216 a
226 4174 342 4230 quo
365 4174 508 4216 nunc
541 4157 684 4213 Elia
711 4165 934 4213 vocatur
957 4175 972 4212 :
995 4171 1121 4212 ecce
1145 4157 1211 4211 ad
1251 4155 1509 4210 litteram.

233 4248 545 4319 Allegorice
593 4257 772 4302 autem
812 4245 1150 4302 Hierusalem
1189 4246 1576 4315 interpretatur
1623 4245 1749 4300 risio

145 4342 338 4413 pacis,
369 4356 490 4410 quae
525 4340 792 4409 signiﬁcat
838 4347 1079 4396 sanctam
1127 4339 1442 4395 Ecclesium.
1492 4338 1627 4393 Nam
1665 4354 1751 4393 su-

145 4452 339 4509 perna
367 4431 702 4490 Hierusalem
734 4449 838 4488 non
878 4442 1056 4504 potest
1095 4433 1371 4488 continere
1424 4431 1528 4486 nisi
1564 4429 1749 4501 pacili-

145 4541 268 4582 cos
291 4525 343 4580 in
373 4523 477 4578 fide
508 4521 732 4579 Christi.

234 4614 347 4670 Per
376 4630 675 4686 anagogem
711 4628 838 4669 vero
884 4615 1118 4668 animam
1168 4613 1434 4682 signiﬁcat
1477 4621 1744 4678 sanctam,

144 4723 294 4780 quae
316 4707 601 4767 Dominum
627 4722 724 4778 per
753 4705 1260 4775 contemplationem
1310 4705 1505 4760 mentis
1532 4719 1748 4773 semper

145 4815 255 4856 mc
265 4807 415 4853 retur
451 4797 654 4852 videre.

241 4910 266 4941 ι
305 4890 373 4945 Ει
405 4891 683 4958 ingressus
703 4889 757 4943 in
785 4891 1063 4958 templum,
1092 4889 1256 4958 coepit
1279 4888 1477 4959 ejicere
1508 4888 1748 4942 venden-

152 5005 177 5036 ε
219 4992 306 5038 tes
329 4989 384 5036 et
411 4989 655 5037 ementes
681 4981 733 5035 in
769 4981 880 5045 illo,
915 4981 1099 5035 dicens
1129 4997 1143 5033 :
1175 4980 1445 5050 Scriptum
1479 4987 1563 5034 est
1593 4997 1606 5032 :
1653 4979 1747 5033 do-

149 5093 177 5126 ι
206 5088 336 5128 mus
350 5087 467 5126 mea
485 5072 672 5126 domus
683 5069 941 5124 orationis
959 5078 1062 5133 εει,
1076 5085 1172 5123 vos
1189 5079 1364 5123 autem
1383 5068 1586 5123 fecistis
1600 5069 1743 5122 illam

151 5181 177 5212 ‹
204 5160 526 5229 speluncam
543 5159 808 5214 latronum
825 5158 1028 5230 (Ibid).
1049 5158 1224 5224 iQuotl
1243 5167 1366 5212 tunc
1384 5159 1639 5214 Dominus
1651 5175 1746 5229 per

142 5250 516 5321 semetipsum
541 5251 649 5320 egit
682 5245 1055 5321 corporaliter,
1080 5249 1318 5319 quotidie
1339 5249 1448 5318 agit
1479 5249 1530 5303 in
1563 5249 1747 5304 Eccle-

142 5345 247 5400 sia
281 5341 649 5412 spiritualiter.
682 5341 960 5412 Templum
988 5342 1079 5396 Dei
1125 5341 1477 5410 spiritualiter
1508 5342 1745 5397 Ecclesia

139 5441 279 5498 cst,
323 5433 447 5502 quia
505 5433 695 5490 domus
742 5435 1004 5490 orationis
1059 5445 1204 5490 recte
1257 5435 1360 5490 dici
1405 5443 1601 5504 potest,
1654 5434 1744 5490 ubi

143 5523 411 5583 Ecclesia
447 5511 687 5594 quotidie
742 5526 852 5582 Deo
903 5527 1128 5584 mundas
1167 5541 1356 5597 preces
1399 5523 1592 5581 oil‘errc
1635 5543 1742 5581 non

138 5621 369 5681 cessat,
413 5614 597 5670 dicens
643 5631 762 5670 cum
807 5616 1133 5673 Psalmista:
1183 5635 1202 5670 ι
1258 5617 1534 5689 Dirigatur
1560 5619 1735 5675 oratio

1853 1870 1942 1941 plo
1970 1877 2168 1940 portat.
2196 1870 2272 1926 De
2300 1872 2490 1942 quibus
2533 1872 2790 1928 Dominus
2838 1874 2888 1928 in
2930 1873 3215 1946 Evangelio
3256 1877 3424 1932 dicit:

1857 1976 1880 2013 ι
1913 1959 2106 2016 Omnia
2141 1975 2302 2031 opera
2330 1977 2423 2016 sua
2447 1961 2651 2017 faciunt
2681 1971 2741 2017 ut
2770 1963 3052 2018 vidcantur
3081 1967 3147 2021 ab
3185 1967 3424 2022 homini-

1857 2067 1877 2101 ι
1904 2050 2004 2105 bus
2031 2050 2244 2120 (Matth.
2269 2051 2449 2121 χχιιι).
2486 2070 2506 2104 ι
2541 2053 2608 2107 Ει
2635 2052 2765 2107 item
2805 2072 2818 2106 :
2859 2073 2876 2104 ‹
2906 2053 3076 2108 Amen
3105 2056 3224 2110 dico
3250 2047 3428 2124 vobis,

1857 2159 1878 2192 ‹
1911 2150 2232 2211 receperunt
2258 2143 2562 2198 mercedem
2585 2159 2737 2198 suam
2769 2143 2978 2213 (Matth.
3011 2145 3105 2217 vi).
3145 2166 3164 2199 ι
3205 2147 3310 2202 Ρει·
3335 2164 3426 2203 εο-

1852 2229 2088 2287 lumbam
2111 2247 2242 2288 vero
2269 2233 2500 2302 Spiritus
2525 2242 2741 2290 sanctus
2788 2233 3120 2306 designatur.
3171 2235 3323 2292 Unde
3370 2247 3428 2294 et

1855 2322 1996 2378 idem
2014 2323 2249 2394 Spiritus
2275 2334 2494 2381 sanctus
2510 2327 2563 2381 in
2585 2328 2764 2397 specie
2791 2327 3050 2384 columbae
3070 2345 3230 2400 super
3250 2331 3426 2386 Domi-

1855 2432 1982 2470 num
2007 2418 2338 2487 baptizatum
2369 2419 2616 2488 apparuit
2647 2418 2862 2490 (Matth.
2889 2419 2995 2488 ιιι).
3022 2420 3123 2488 Qui
3144 2436 3271 2492 ergo
3309 2437 3426 2493 gra-

1852 2506 1987 2560 tiam
2044 2504 2277 2575 Spiritus
2325 2508 2498 2562 sancti
2549 2522 2647 2578 per
2695 2509 3091 2578 impositionem
3147 2527 3423 2577 manuum,

1854 2613 2016 2667 quam
2039 2598 2206 2669 gratis
2233 2599 2362 2654 dare
2395 2598 2713 2666 debuerant,
2752 2601 2981 2657 Domino
3013 2603 3262 2658 dicente:
3295 2603 3430 2658 Cra-

1854 2688 1920 2741 tis
1962 2689 2251 2759 accepistis,
2295 2691 2459 2760 gratis
2505 2690 2624 2745 date
2680 2690 2892 2761 (Matth.
2926 2692 3004 2764 x),
3056 2709 3161 2748 non
3210 2704 3430 2765 propter

1853 2781 2042 2847 Deum,
2085 2781 2180 2837 sed
2224 2790 2446 2852 propter
2499 2797 2722 2839 munera
2763 2784 2848 2838 vel
2893 2783 3103 2840 lucrum
3155 2795 3430 2843 terrenum

1852 2875 1972 2929 aliis
1998 2875 2256 2942 tribuunt,
2287 2875 2440 2945 quasi
2462 2874 2736 2932 columbas
2761 2877 2813 2932 in
2834 2877 3033 2948 templo
3067 2879 3322 2934 vendunt.
3358 2881 3434 2936 De

1850 2966 2045 3035 quibus
2069 2966 2328 3038 scriptum
2354 2976 2438 3024 est
2472 2983 2491 3023 :
2529 2987 2547 3020 ι
2584 2969 2728 3040 Ignis
2765 2970 3044 3026 dcvorabit
3082 2973 3430 3030 tabernacula

1857 3075 1878 3110 ι
1912 3072 2099 3112 eorum
2126 3059 2217 3129 qui
2248 3073 2469 3115 munera
2499 3059 2726 3114 libenter
2769 3061 3040 3130 accipiunt
3075 3060 3196 3132 (Job
3247 3062 3360 3133 xv).
3407 3083 3424 3112 ι

1853 3149 1921 3203 Ει
1950 3150 2078 3204 item
2110 3168 2124 3203 :
2161 3168 2180 3201 ‹
2215 3150 2330 3206 Non
2357 3150 2595 3220 accipies
2642 3151 2917 3221 injudicio
2966 3167 3251 3222 personam
3299 3169 3432 3223 pau-

1855 3259 1873 3290 ι
1901 3239 2068 3310 peris,
2099 3240 2224 3310 quia
2249 3255 2470 3295 munera
2501 3249 2775 3296 exemeant
2797 3241 2982 3298 oculos
3005 3242 3327 3313 sapientum,
3377 3251 3436 3299 et

1855 3351 1875 3384 ‹
1915 3333 2079 3387 verba
2125 3340 2397 3389 rectorum
2432 3333 2752 3388 subvertunt
2781 3333 2978 3404 (Exod.
3008 3333 3188 3406 xxm).
3222 3353 3241 3387 ι
3275 3334 3434 3390 Tales

1851 3423 2110 3479 Dominus
2135 3440 2165 3480 e
2199 3425 2398 3495 templo
2439 3423 2602 3494 ejicit,
2653 3425 2747 3495 qui
2793 3426 3042 3496 quamvis
3082 3427 3134 3480 in
3175 3428 3433 3496 praesenti

1849 3516 2049 3572 saeculo
2078 3517 2332 3573 Ecclesiae
2359 3518 2628 3590 conjuncti
2657 3533 2884 3588 corpore
2909 3518 3217 3587 videantur,
3250 3529 3434 3575 tamen

1849 3607 1904 3662 in
1933 3608 2020 3663 die
2042 3608 2230 3679 judicii
2253 3609 2321 3664 ab
2351 3608 2593 3665 Ecclesia
2637 3611 3049 3680 separahuntur,
3089 3613 3305 3681 quando
3344 3611 3432 3682 di-

1851 3707 1938 3754 cet
1966 3698 2069 3754 illis
2093 3717 2107 3752 :
2142 3717 2160 3749 ι
2195 3700 2464 3755 Discedite
2489 3716 2518 3755 a
2542 3716 2647 3767 me,
2669 3701 2962 3766 maledicti,
2993 3702 3045 3756 in
3074 3702 3249 3773 ignem
3276 3711 3434 3760 teter-

1854 3805 1875 3838 ι
1914 3804 2061 3855 ιιιιιη,
2103 3789 2193 3860 qui
2241 3800 2576 3862 przeparatus
2621 3799 2703 3847 est
2734 3791 2943 3848 diabolo
2981 3800 3037 3848 et
3065 3791 3270 3865 angelis
3313 3793 3435 3866 ejus

1855 3899 1873 3930 ι
1903 3880 2122 3950 (Matth.
2153 3880 2303 3953 xxv).
2343 3900 2361 3932 ι

1927 3990 1946 4021 ‹
1977 3972 2178 4026 Etcrat
2199 3973 2438 4040 quotidie
2466 3973 2664 4029 docens
2701 3973 2755 4026 in
2787 3972 2984 4042 templo
3038 3972 3188 4044 (Luc.
3231 3975 3366 4045 χιιι).
3403 3994 3425 4030 ι

1851 4061 2106 4116 Dominus
2124 4063 2362 4130 quotidie
2377 4063 2531 4116 docet
2547 4062 2598 4116 in
2615 4062 2812 4130 templo
2826 4077 2923 4132 per
2941 4071 3156 4118 sanctos
3169 4065 3432 4134 praedica-

1853 4159 1999 4206 tores
2029 4153 2238 4221 quoties
2260 4160 2503 4206 sanctum
2528 4151 2878 4223 Evangelium
2902 4152 3114 4224 legitur,
3139 4155 3430 4226 Apostolus

1851 4242 2132 4306 recitatur,
2158 4240 2406 4296 doctores
2443 4243 2758 4312 praedicant.
2803 4242 3026 4313 Semper
3071 4245 3330 4302 Dominus
3373 4248 3432 4306 in

1853 4332 2094 4388 Ecclesia
2124 4333 2303 4398 docet,
2337 4335 2476 4389 sicut
2501 4334 2615 4404 ipse
2637 4335 2714 4389 ait
2746 4354 2758 4389 :
2797 4353 2816 4387 ‹
2860 4336 2992 4392 Sine
3020 4354 3104 4392 me
3150 4339 3282 4393 nihil
3327 4355 3430 4410 p0-

1859 4445 1877 4476 ‹
1915 4425 2069 4480 ιεειὶε
2091 4426 2270 4481 facere
2295 4425 2476 4498 (Joan.
2507 4427 2619 4497 xv).
2660 4447 2677 4478 ι
2709 4427 2821 4483 Hoc
2849 4429 2967 4484 ideo
2990 4430 3066 4484 ait
3091 4439 3147 4485 ut
3171 4431 3346 4487 nullus
3371 4433 3430 4488 in

1853 4517 1940 4572 die
1957 4518 2147 4588 judicii
2175 4519 2407 4590 aliquam
2430 4521 2600 4590 possit
2627 4521 3029 4577 excusationem
3064 4523 3267 4578 habere
3303 4540 3429 4595 pec-

1849 4611 1974 4666 cati.
2000 4611 2132 4666 Cum
2159 4611 2305 4666 enim
2329 4613 2518 4668 doctor
2550 4613 2602 4667 in
2631 4612 2875 4669 Ecclesia
2918 4615 3137 4669 verbum
3188 4614 3282 4670 Dei
3325 4631 3430 4671 ana.

1847 4702 2080 4766 nuntiat,
2108 4701 2356 4758 Christus
2382 4704 2436 4758 in
2461 4705 2656 4774 templo
2681 4704 2860 4769 docet,
2903 4713 2956 4759 et
2985 4706 3072 4774 qui
3104 4706 3426 4775 praedicato-

1853 4794 1927 4848 ris
1956 4794 2180 4850 verbum
2203 4797 2522 4862 contemnit,
2546 4782 2820 4852 Christum
2849 4797 3033 4851 audire
3068 4801 3263 4866 renuit,
3307 4801 3426 4871 ipso

1851 4889 2064 4942 dicente
2093 4903 2108 4942 :
2149 4906 2166 4940 ι
2199 4888 2300 4955 Qui
2324 4905 2419 4944 vos
2443 4889 2614 4955 audit,
2647 4904 2733 4944 me
2753 4889 2928 4954 audit;
2961 4897 3015 4943 et
3044 4890 3134 4958 qui
3157 4905 3250 4946 vos
3272 4908 3426 4963 sper-

1859 4997 1876 5028 ‹
1901 4978 1980 5032 nit
2003 4994 2088 5033 me
2115 4979 2323 5049 spernit
2343 4979 2496 5048 (Luc.
2516 4978 2592 5048 ι).
2616 4998 2634 5032 ι
2668 4978 2817 5032 Hanc
2847 4979 3266 5034 destructionem
3291 4985 3425 5038 civi-

1855 5070 1982 5125 tatis
2003 5071 2069 5134 ad
2100 5071 2519 5126 destructionem
2545 5071 2739 5124 animae
2768 5078 2966 5124 nostra:
2982 5085 3419 5140 expavescamus.

1854 5159 2142 5217 Precemut'
2173 5163 2352 5232 itaque
2379 5162 2663 5217 Dominum
2693 5171 2752 5215 ut
2773 5162 2862 5231 qui
2894 5161 3225 5217 llicrusalem
3256 5175 3424 5220 terre-

1852 5269 1978 5306 nam
2009 5254 2238 5309 destruit
2266 5255 2533 5325 permisit,
2564 5263 2618 5308 et
2650 5261 2834 5323 postea
2880 5253 3218 5310 Hierusalem
3261 5253 3422 5311 cccle-

1853 5354 1988 5400 stem
2010 5360 2327 5414 permanere
2357 5344 2637 5414 disposuit,
2691 5346 2932 5400 destruat
2981 5355 3198 5416 peccata
3230 5361 3422 5416 corpo-

1853 5437 1928 5492 ris
1956 5446 2010 5490 et
2047 5438 2239 5492 anima:
2282 5445 2497 5503 nostrae,
2546 5444 2808 5507 quatenus
2865 5453 2963 5492 nos
3017 5432 3319 5491 iutroducat
3367 5437 3421 5491 iu

1850 5529 2110 5584 cubiculis
2136 5545 2345 5600 sponsae
2370 5545 2502 5594 suae,
2531 5538 2590 5584 ut
2623 5545 2745 5584 cum
2787 5544 2852 5584 eo
2903 5529 3178 5584 videamus
3224 5527 3416 5583 indeli-

1848 5620 2053 5677 cienter
2074 5620 2215 5676 bona
2244 5636 2362 5689 qua:
2389 5629 2512 5675 sunt
2535 5621 2585 5675 in
2635 5619 2988 5676 Hierusalem.
