3948 6328
174 329 278 389 977

1107 323 1268 380 VITA
1306 322 1367 379 S.
1402 321 1605 379 GALLl
1646 315 1956 373 ABBATIS.
1992 345 2061 357 —
2096 312 2481 372 PBA-ZFATlO.

3325 307 3432 366 978

176 442 322 496 cisus
362 454 483 495 sum
524 439 690 494 corde
738 444 795 494 et
847 435 1070 493 auribus
1110 477 1125 502 ,
1178 437 1304 507 ‘quia
1353 433 1602 493 videlicet
1649 445 1749 485 nec
1777 432 1824 491 Α
1853 420 1976 482 du'm
2004 426 2179 481 lzetus.
2210 426 2415 482 Dehinc
2444 424 2737 480 Pannoniae
2770 424 2889 499 viro
2914 419 3099 486 fortes,
3127 419 3243 476 solo
3271 420 3430 491 plano

175 530 395 586 scienda
423 528 583 601 digne
608 527 879 599 percipio,
906 542 1007 583 nec
1033 527 1216 582 audita
1244 527 1435 582 devote
1457 520 1757 579 conservo?

174 620 460 690 Quomodo
502 620 745 690 justitias
786 618 1011 674 Domini
1041 618 1311 675 enarrabo
1333 658 1349 684 ,
1384 626 1440 672 et
1482 629 1756 671 assumam

178 696 561 766 testamentum
602 707 721 777 ejus
746 722 843 778 per
867 722 931 764 os
968 722 1147 763 meum
1171 747 1188 774 ,
1229 707 1382 778 cujus
1406 713 1622 761 aetatem
1638 717 1757 759 ~nec

178 811 393 870 tempus
414 799 591 855 adhuc
632 798 903 870 implevit,
938 814 1037 855 nec
1066 798 1291 854 scientia
1316 794 1758 853 commendavit?

183 892 343 962 cujus
368 890 514 945 dicta
541 904 642 946 nec
669 889 910 945 doctrina
935 890 1268 953 corroborat,
1298 902 1397 943 nec
1425 887 1533 942 vita
1562 884 1758 941 confir-

180 981 332 1037 mat?
351 982 652 1053 praesertim
675 995 798 1037 cum
817 995 883 1035 ea
907 981 1146 1036 scribere
1165 979 1401 1051 iubeatis
1415 979 1754 1044 ctordiuare;

176 1088 412 1144 quorum
435 1072 749 1144 dignitatem
769 1072 855 1125 vix
882 1072 1061 1126 animo
1090 1080 1334 1141 torpente
1355 1070 1598 1138 conjicio.
1625 1069 1758 1123 Tres

181 1174 368 1220 tamen
400 1162 472 1219 ob
494 1179 689 1219 causas
724 1164 953 1218 audendi
987 1165 1112 1218 talia
1150 1164 1293 1218 viam
1326 1165 1576 1222 invenio.
1607 1162 1754 1217 scill—

178 1262 270 1310 eet
294 1249 439 1324 quod
471 1253 635 1309 credo
657 1269 743 1309 me
771 1254 1058 1309 θαι)οωὶηο
1080 1254 1495 1318 sublevandum,
1512 1256 1582 1308 ob
1603 1253 1758 1323 cujus

172 1346 327 1415 iussa
353 1346 558 1416 pariter
581 1362 647 1401 ac
675 1346 963 1416 promissa,
1008 1347 1152 1415 quod
1197 1346 1397 1400 virium
1441 1344 1757 1400 considera-

179 1436 332 1493 tione
350 1437 607 1493 exhorrui
625 1477 643 1502 ,
669 1436 953 1492 obediendi
975 1435 1528 1507 cupiditate-suscepi.
1557 1434 1760 1489 Deinde

178 1530 333 1601 quod
354 1544 444 1585 me
479 1529 689 1584 conﬁdo
714 1527 859 1583 beati
872 1527 1011 1584 Galli
1050 1527 1437 1582 intercessione
1461 1526 1762 1595 vestrisque

184 1618 442 1688 precibus
462 1617 728 1687 adjuvari,
746 1632 1095 1687 proquorum
1116 1617 1468 1672 veneratione
1490 1631 1554 1670 ac
1576 1629 1762 1670 amore

181 1706 387 1780 grande
433 1723 576 1763 onus
621 1706 864 1771 humeris
910 1706 1089 1776 aptavi
1137 1706 1421 1764 debilibus.
1478 1705 1763 1761 Postremo

1857 516 2177 584 ubertoque,
2211 514 2385 569 Dravo
2411 512 2662 582 Savoque
2684 512 2901 583 inclytis
2922 511 3172 566 amnibus
3201 510 3437 565 circum~

1856 604 1994 660 fluat.
2036 624 2054 657 ι
2084 604 2141 660 Si
2165 603 2331 660 Raetia
2360 603 2852 659 solummodoinfra
2878 603 3040 672 Alpes
3062 610 3167 668 est,
3194 610 3252 656 ut
3280 601 3430 656 multi

1856 700 2086 764 volunt,
2117 714 2234 768 qua:
2273 696 2658 766 consequentia
2694 706 2779 751 est
2805 704 2865 750 ut
2890 693 3144 750 Noricum
3190 710 3220 748 a
3259 693 3431 751 Gallia

1856 801 2170 862 pergentes,
2214 790 2560 858 asperitatem
2612 789 2826 858 Alpium
2868 786 3332 850 transcendamus,
3381 795 3432 843 et

1859 896 1964 937 non
1996 881 2176 952 potius
2205 895 2302 951 per
2341 877 2597 947 majorem
2630 877 2855 934 Raetiam
2888 886 3038 934 recto
3065 877 3257 932 itinere
3282 876 3434 932 Nori~

1857 988 1979 1029 cum
2009 987 2180 1043 usque
2222 971 2539 1027 tendamus?
2576 971 2633 1026 In
2662 986 2768 1041 qua
2810 971 2975 1027 etiam
3009 970 3202 1036 Rtetia,
3250 986 3434 1026 secun-

1861 1062 1985 1117 dum
2025 1061 2386 1131 snpradictant
2422 1060 2742 1115 sénteutiam
2764 1100 2778 1125 ,
2809 1059 3144 1131 Brigantium
3182 1060 3435 1129 oppidum

1852 1149 1965 1218 jam
1989 1158 2252 1205 vetustate
2272 1149 2586 1220 collapsum,
2610 1148 2748 1204 iacui
2771 1150 2862 1220 qui
2885 1149 3075 1204 Rheno
3097 1148 3437 1205 interfluente

1861 1240 2108 1305 ellicitur,
2139 1255 2331 1295 nomen
2360 1241 2524 1304 dedit,
2554 1239 2654 1311 qui
2681 1240 2787 1296 alio
2822 1242 3057 1306 nomine,
3098 1239 3254 1310 juxta
3292 1240 3433 1297 Grae-

1860 1346 1979 1386 cam
2010 1331 2414 1401 etymologiam,
2440 1329 2748 1385 Potamicus
2773 1329 3089 1401 appellatur.
3118 1331 3285 1400 igitur
3312 1331 3436 1401 quia

1861 1423 2014 1480 mixti
2038 1423 2357 1477 Alamannis
2383 1421 2567 1489 Suevi,
2592 1431 2802 1494 partem
2831 1422 3136 1478 Germania.-
3169 1422 3308 1476 ultra
3339 1422 3414 1476 Da

1863 1518 2105 1581 nubium,
2135 1527 2342 1586 partem
2371 1516 2555 1570 Baetim
2585 1517 2726 1570 inter
2754 1515 2915 1587 Alpes
2937 1524 2992 1570 et
3020 1515 3283 1580 Histrum,
3318 1531 3436 1585 par-

1865 1622 2081 1680 temque
2112 1608 2297 1665 Gallia:
2331 1609 2475 1663 circa
2504 1608 2717 1663 Ararim
2744 1606 2772 1648 τι
2807 1608 3166 1673 obsederunt;
3195 1608 3438 1676 antiquo-

1866 1714 1986 1753 rum
2010 1697 2394 1754 vocabulorum
2424 1698 2653 1752 veritate
2673 1705 2905 1760 scrvata,
2938 1697 3006 1752 ab
3037 1697 3226 1752 incolis
3246 1710 3442 1752 nomen

181 1778 331 1868 quod
372 1797 570 1853 alienis
617 1798 808 1852 insisto
842 1797 1086 1867 vestigiis
1114 1795 1470 1865 veritatisque
1518 1796 1762 1851 tenendae
1793 1778 1839 1839 Β
1867 1792 2057 1863 patriae
2086 1792 2414 1855 derivemus,
2454 1798 2510 1845 et
2539 1788 3025 1844 Alamanniam‘vcl
3056 1788 3305 1844 Sueviam
3347 1803 3441 1842 no-

183 1890 382 1945 lineam
427 1890 582 1945 novis
622 1889 995 1944 tantummodo
1016 1904 1183 1961 cogor
1222 1890 1474 1958 passibus
1505 1888 1763 1959 dimetiri.

190 1981 366 2038 Vitam
407 1983 576 2053 igitur
617 1983 789 2037 sancti
835 1980 1162 2037 confessoris
1205 1978 1410 2036 Christi
1448 1979 1622 2043 Galli,
1665 1994 1767 2050 pa-

187 2075 329 2130 troni
355 2073 549 2139 nostri,
577 2071 732 2141 cujus
760 2073 1004 2143 corporis
1029 2073 1343 2128 thesaurum
1374 2070 1622 2125 fidelibus
1656 2085 1768 2124 ser-

191 2165 337 2220 vatis
375 2163 648 2227 emubiis,
691 2179 852 2220 sensu
892 2163 1123 2218 nobilem
1148 2203 1164 2229 ,
1203 2162 1405 2233 scripto
1444 2162 1765 2232 degenerem

187 2255 355 2311 vultis
379 2271 409 2310 a
440 2270 526 2310 me
552 2254 754 2310 lumine
776 2264 937 2310 recta:
958 2253 1244 2308 locutionis
1264 2253 1469 2318 ornari,
1492 2261 1549 2307 et
1569 2252 1766 2307 seriem

187 2344 475 2403 confusam
510 2344 867 2414 capitulorum
893 2344 1149 2414 distingui
1174 2343 1454 2398 limitibus.

264 2434 328 2491 il.
365 2434 478 2506 Ego
505 2445 685 2490 autem
722 2450 845 2489 cum
875 2449 960 2489 me
990 2449 1094 2489 non
1124 2434 1342 2503 possim.
1363 2434 1433 2489 ab
1470 2435 1573 2489 hoc
1595 2449 1769 2489 exet:-

192 2543 318 2586 sare
344 2527 580 2598 negotio,
608 2527 747 2598 eligo
771 2526 951 2597 potius
979 2526 1309 2597 pro-ignavia
1335 2526 1584 2591 lacerari,
1607 2541 1769 2596 quam

192 2633 294 2690 pro
318 2617 680 2673 inobedientia
710 2617 1078 2673 condemnari.
1106 2617 1276 2673 Porro
1309 2616 1435 2671 dum
1456 2617 1772 2686 pridemip—

196 2723 321 2763 sum
347 2722 486 2778 opus
515 2707 881 2778 perlegerem,
929 2707 1109 2761 inveni
1150 2707 1219 2762 ab
1271 2716 1493 2762 auctore
1530 2705 1775 2772 ejusdem

193 2799 617 2870 conscriptionis
642 2807 841 2854 terram
865 2814 1028 2868 quam
1061 2814 1160 2854 nos
1184 2798 1470 2853 Alamanni
1500 2797 1585 2854 vel
1610 2797 1771 2854 Saevi

194 2891 503 2956 incolimus,
552 2891 940 2946 Altimanniam
984 2892 1181 2962 sazpius
1224 2892 1526 2959 nominari;
1571 2891 1776 2963 sed‘ip~

194 2982 313 3041 sius
358 2981 594 3037 nominis
638 2981 900 3051 originem
952 2997 1200 3050 quaerens
1249 2994 1310 3048 ι,
1363 2983 1506 3052 apud
1565 2981 1772 3038 nullum

196 3071 522 3142 scriptorum
553 3086 782 3141 quorum
808 3072 984 3127 adhuc
1009 3072 1201 3127 notitia
1226 3088 1327 3128 nos
1352 3073 1628 3143 respersit,
1654 3071 1774 3141 ejus

201 3159 378 3231 reperi
403 3161 752 3216 mentionem.
785 3161 897 3216 Nisi
926 3160 1079 3217 fallor
1094 3162 1261 3227 enim,
1293 3163 1362 3218 ab
1384 3163 1492 3219 alto
1526 3162 1630 3217 situ
1653 3178 1774 3233 pro-
1801 3146 1845 3208 (ἶ

196 3252 390 3307 vincia:
420 3251 562 3307 idem
602 3252 989 3307 vocabuluma
1032 3252 1306 3310 modernis
1349 3253 1639 3310 confictum
1667 3263 1771 3311 est.

182 3337 335 3396 Nam
370 3341 531 3413 juxta
553 3342 845 3412 scriptores
883 3342 1252 3408 authenticos,
1290 3358 1418 3413 pars
1443 3341 1777 3400 Alamanniae

194 3430 283 3487 vel
305 3431 335 3472 δ
359 3430 570 3487 Suevite
597 3433 737 3487 inter
749 3432 911 3503 Alpes
930 3431 1200 3488 Penninas
1224 3432 1301 3504 [et
1326 3433 1681 3488 meridianum
1713 3433 1779 3487 lin

202 3531 294 3577 tus
320 3521 549 3576 Danubii
578 3521 681 3577 sita
704 3562 721 3587 ,
758 3521 928 3578 Raetia
958 3522 1176 3578 dicitur.
1215 3521 1386 3579 Porro
1411 3524 1557 3593 quod
1586 3532 1673 3579 est
1705 3524 1776 3580 ad

197 3613 670 3684 septentrionalem
687 3614 928 3686 plagam,
951 3612 1118 3673 Histri
1144 3614 1449 3675 Germania:
1466 3616 1772 3686 deputatur.

197 3708 271 3764 Et
290 3717 350 3764 ut
376 3724 483 3764 non
510 3710 911 3777 nostratdicere
939 3709 1340 3775 existimemur,
1365 3710 1575 3780 aliquos
1604 3710 1776 3780 ipsius

198 3797 281 3854 rei
313 3806 486 3868 testes.
508 3798 882 3856 adsciscimus.
913 3797 1115 3854 Paulus
1140 3797 1396 3865 Orosius,
1433 3798 1586 3869 cujus
1613 3802 1775 3857 dictis

195 3886 606 3943 omnium.(ides
620 3888 933 3948 concordat,
958 3888 1023 3941 de
1049 3888 1153 3943 situ
1181 3896 1336 3944 terrae
1364 3891 1629 3953 scribens,
1658 3891 1774 3946 lucc

197 3978 345 4033 inter
386 3977 778 4047 caetera‘ponit
804 3994 873 4035 :.i
906 3976 1199 4040 Pannonia,
1236 3976 1465 4033 Noricus
1508 3987 1565 4033 et
1605 3977 1775 4034 Raetia

196 4063 495 4125 habenth
518 4066 726 4125 oriente
755 4065 1027 4132 Moesiam,
1062 4082 1092 4121 a
1126 4067 1351 4124 meridie
1380 4066 1634 4124 Histriam
1652 4109 1666 4132 ,
1710 4069 1777 4125 ab

194 4153 383 4212 Africo
418 4156 579 4228 Alpes
614 4155 881 4212 Penninas
912 4155 993 4230 0,]
1026 4157 1095 4213 ab
1127 4173 1323 4214 occasu
1349 4156 1572 4215 Galliam
1603 4157 1779 4231 Belgi-

194 4261 345 4313 cam,
375 4249 619 4304 a.ca:rcio
642 4248 864 4304 Danubii
881 4249 1081 4305 fontem
1096 4286 1112 4315 .
1144 4265 1176 4305 a
1200 4252 1577 4321 septentrione
1593 4252 1777 4306 Danua

194 4336 427 4391 bium-et
443 4335 805 4393 Germaniam.
831 4358 851 4392 ν
893 4338 1029 4395 Cum
1054 4338 1289 4397 Noricus
1310 4343 1458 4414 regio
1480 4344 1545 4399 sit
1578 4342 1774 4399 Baioa-

194 4426 428 4492 riorum,
455 4435 511 4482 et
535 4427 653 4496 ejus
682 4429 1116 4499 septentrionalis
1138 4431 1401 4487 terminus
1423 4433 1700 4497 Danubius
1721 4442 1777 4490 et

1867 1885 2152 1938 minemus.
2185 1882 2320 1937 Nam
2346 1896 2469 1938 cum
2491 1881 2598 1937 duo
2616 1882 2725 1936 sint
2754 1881 3012 1937 vocabula
3039 1895 3201 1935 unam
3230 1888 3443 1952 gentem

1866 1978 2245 2049 significantia,
2286 1978 2451 2050 priori
2488 1978 2706 2034 nomine
2752 1993 2851 2034 nos
2892 1976 3166 2049 appellant
3211 1976 3444 2034 circnma

1865 2070 2053 2140 posita».
2080 2078 2298 2140 gentes,
2331 2084 2449 2137 quae
2477 2067 2725 2122 Latinum
2758 2068 2958 2124 habent
2981 2081 3328 2132 sermonem;
3360 2081 3445 2123 se-

1866 2164 2083 2234 quenti,
2130 2177 2258 2217 usus
2296 2176 2395 2216 nos
2445 2169 2719 2230 nuncuth
2760 2160 3137 2215 barbarorum.
3185 2156 3447 2217 Similiter.

1868 2256 2069 2310 scimus
2119 2253 2356 2307 Francos
2402 2260 2582 2321 partes
2609 2252 2932 2315 Germaniae,
2976 2248 3060 2305 vel
3086 2246 3447 2315 Gallianum

1869 2346 2041 2402 solum
2066 2343 2342 2414 potestati,
2379 2344 2473 2398 sed
2500 2342 2663 2397 etiam
2684 2357 2781 2398 suo
2810 2340 3011 2397 nomini
3041 2336 3373 2409 subjugasse.

1943 2436 2023 2491 lll.
2064 2436 2129 2492 Et
2157 2435 2280 2505 quia
2304 2433 2704 2503 provinciarum
2732 2430 3119 2501 descriptiones
3144 2428 3440 2498 attigimus,

1872 2526 2032 2582 liceat
2065 2523 2545 2595 paucisllibernim
2575 2521 2761 2575 insulae
2786 2561 2802 2583 ,
2829 2521 2894 2576 de
2919 2535 3023 2589 qua
3054 2518 3209 2575 nobis
3239 2526 3453 2575 tantum

1872 2615 2036 2670 decus
2060 2612 2300 2676 emicuit,
2324 2609 2480 2680 juxta
2509 2611 2724 2665 eosdem
2753 2617 3010 2669 auclm‘es
3022 2608 3187 2667 situm
3208 2621 3449 2663 commc-

1874 2721 2106 2762 tnorarc.
2152 2703 2407 2759 Hibernia
2451 2702 2647 2768 insula,
2690 2701 2986 2757 uLsoribib
3016 2699 3268 2764 Orosius,
3310 2698 3451 2753 inter

1872 2795 2205 2853 Britanniam
2234 2803 2297 2850 et
2323 2793 2636 2864 Hispaniam
2677 2792 2800 2855 sita,
2830 2789 3056 2861 longiori
3083 2788 3152 2843 ab
3178 2788 3364 2843 Africo
3394 2788 3448 2842 in

1871 2889 2101 2944 boream
2134 2887 2306 2957 spatio
2346 2883 2657 2956 porrigitur.
2712 2880 2834 2939 Hinc
2883 2879 3101 2951 propior
3135 2872 3451 2943 Britanniae,

1874 2981 2047 3052 spatio
2068 2988 2332 3036 terrarum
2354 2978 2654 3049 angustior,
2678 2977 2770 3033 sed
2791 2975 2911 3032 caeli
2936 2974 3170 3045 solisque
3195 2972 3452 3043 temperie

1875 3073 2049 3145 magis
2075 3072 2220 3153 utilis
2244 3090 2257 3126 :
2282 3080 2358 3139 et,
2384 3080 2447 3127 ut
2477 3070 2816 3141 supradictus
2843 3069 3333 3132 Solinustestatur,
3375 3067 3452 3153 ita

1876 3149 2155 3238 pabulosa,
2180 3173 2236 3220 ut
2264 3179 2431 3236 pecua
2462 3164 2558 3227 ibi,
2584 3163 2688 3218 nisi
2722 3164 2991 3220 interdum
3021 3170 3207 3218 testate
3228 3177 3257 3214 a
3280 3149 3449 3230 pasti-

1876 3255 1978 3311 bus
2006 3263 2325 3320 arceantur,
2359 3254 2412 3309 in
2440 3254 2738 3324 periculum
2760 3261 2888 3323 agat
2916 3253 3117 3309 satias..
3139 3248 3448 3310 illionulbts

1877 3348 2092 3418 anguis,
2119 3347 2236 3403 avis
2275 3363 2417 3402 rara.
2448 3346 2619 3413 Quam
2642 3345 2913 3402 horrenda
2941 3359 3072 3400 vero
3098 3345 3214 3414 ipse
3246 3342 3452 3399 velalii

1876 3439 1960 3494 de-
1985 3438 2228 3494 moribus
2264 3437 2571 3493 incolarum
2607 3435 2723 3504 ejus
2766 3443 3052 3501 testentur,
3100 3433 3226 3489 fide
3252 3432 3451 3488 Christi

1870 3529 2222 3601 jarnrlueente
2245 3526 2700 3598 supersedendum
2736 3535 2820 3581 est
2838 3524 3026 3594 ;,quia.-
3038 3522 3127 3580 ubi
3157 3514 3453 3591 abundavit

1876 3628 2180 3693 peccatum,
2223 3612 2689 3690 superabundant.
2726 3615 2932 3686 gratia;
2973 3621 3029 3669 et
3069 3628 3101 3668 a
3151 3611 3280 3668 solis
3326 3622 3450 3668 ortu

1874 3711 2020 3768 Indis
2061 3711 2146 3766 vel
2164 3709 2527 3781 Ethiopibus
2566 3722 2738 3780 usque
2782 3707 2849 3763 ad
2882 3721 3133 3764 occasum
3176 3703 3454 3759 Britannis

1877 3803 1961 3859 vel
1991 3802 2168 3859 Scotis
2180 3800 2292 3872 jam
2322 3800 2587 3857 laudabile
2607 3807 2691 3855 est
2719 3812 2913 3854 nomen
2938 3796 3167 3854 Domini.
3197 3794 3453 3851 Excelsus

1878 3895 2021 3950 enim
2047 3902 2134 3949 est
2155 3908 2319 3963 super
2342 3904 2532 3948 omnes
2558 3897 2745 3961 gentes
2774 3888 3054 3953 Dominus,
3087 3896 3141 3943 et
3161 3901 3322 3957 super
3339 3898 3462 3941 ores.

1876 3982 1957 4039 los
1983 3983 2154 4053 gloria
2172 3982 2317 4051 ejus.

1948 4071 2040 4127 IV.
2076 4070 2312 4127 Obsecro
2332 4071 2513 4140 itaque
2540 4079 2611 4136 te,
2634 4068 2923 4141 Gotzperte
2952 4067 3297 4135 charissime,
3319 4068 3459 4124 abba

1879 4161 2193 4223 monasterii
2224 4160 2282 4217 S.
2327 4160 2487 4227 Galli,
2526 4152 2856 4231 cunctusquc
2896 4158 3092 4216 fratres
3123 4159 3216 4229 qui
3264 4157 3363 4214 sub
3403 4168 3458 4213 te

1879 4251 2085 4308 militiai
2104 4250 2416 4308 deserviunt
2433 4250 2698 4321 spiritali,
2711 4258 2769 4304 ut
2794 4266 2881 4305 me
2903 4249 3235 4305 orationibus
3261 4248 3457 4305 vestris

1881 4341 2165 4411 adjuvetis,
2201 4350 2469 4412 quatenus
2492 4350 2546 4397 et
2575 4342 2679 4397 hoc
2704 4357 2860 4412 opus,
2886 4350 2940 4396 et
2966 4341 3069 4396 alia
3096 4340 3348 4411 deinceps
3376 4340 3459 4396 di-

1879 4449 1984 4505 gne
2007 4434 2125 4489 Deo
2141 4448 2351 4489 merear
2378 4434 2665 4504 explicare.
2705 4433 2839 4490 Nam
2871 4432 2917 4490 si
2955 4441 3230 4505 gratanter
3256 4444 3405 4488 recte
3428 4450 3458 4487 a
3526 4482 3541 4506 I

194 4516 746 4583 Germania;-neeesse
759 4519 1237 4590 estRaetiam,qure
1251 4522 1408 4577 simul
1425 4524 1659 4594 ponitur,
1674 4525 1775 4581 eis-
1801 4513 1852 4573 D
1879 4525 2033 4580 nobis
2063 4524 2236 4596 posita
2281 4524 2648 4595 susc'eperitis,
2687 4525 2981 4581 clementer
3011 4539 3140 4580 vero
3167 4524 3458 4579 titubantia

194 4609 321 4666 dem
337 4608 849 4679 finibusaquilonem
864 4624 1046 4667 versus
1062 4611 1358 4666 terminari.
1387 4612 1605 4669 Solinus
1635 4630 1772 4684 quo-

193 4714 306 4770 que
326 4699 379 4753 in
401 4697 737 4770 Polyhistore
765 4697 956 4770 (Solim'
989 4717 1107 4772 cap.
1137 4700 1254 4771 24),
1298 4701 1391 4756 ubi
1421 4700 1608 4758 Gallias
1644 4701 1775 4758 facit

190 4790 651 4857 mentionem,has
667 4790 967 4859 provincias
984 4805 1091 4846 uno
1104 4799 1367 4845 terrarum
1382 4799 1555 4847 tractu
1572 4793 1774 4861 positas

190 4883 286 4940 his
309 4883 490 4940 verbis
505 4884 786 4956 designat:
823 4903 842 4936 ‹
872 4885 951 4939 Ex
983 4885 1087 4941 isto
1115 4887 1255 4952 sinu,
1284 4886 1536 4942 videlicet
1560 4886 1769 4953 Gallina,

187 4987 408 5043 quaqua
451 4984 603 5044 parte
641 4974 790 5030 orbis
828 4974 962 5030 velis
1006 4990 1188 5040 exeas,
1225 4976 1273 5031 si
1306 4975 1538 5030 Thracia
1568 4976 1639 5031 sit
1680 4991 1771 5046 pe-

189 5065 377 5124 tenda,
411 5065 613 5136 exeipit
629 5080 759 5136 ager
784 5065 1040 5131 Baeticus,
1063 5068 1236 5121 bonus
1266 5066 1526 5138 frugibus,
1550 5066 1773 5139 Brigan-

192 5155 316 5210 tino
362 5154 479 5210 lacu
533 5157 754 5224 nobilis;
807 5160 931 5215 inde
968 5158 1195 5214 Noricus
1246 5158 1509 5229 frigidus,
1554 5160 1770 5231 parcius

191 5243 541 5313 fructuosus;
574 5263 678 5319 qua
722 5249 1037 5305 subducitur
1068 5264 1113 5303 a.
1130 5247 1275 5320 iugis
1301 5249 1537 5320 Alpium,
1579 5250 1781 5305 admo-

269 5394 297 5423 ι
322 5380 437 5437 Non
471 5381 661 5453 probat
689 5382 1017 5440 Walafridus
1054 5384 1193 5442 hanc
1218 5384 1769 5442 Alamanniaenotio-

192 5466 370 5524 nem,
386 5454 452 5508 de
474 5452 581 5524 qua
612 5452 823 5524 litigant
852 5464 1119 5511 auctores.

273 5522 303 5563 ι’
328 5521 443 5579 Hoc
481 5521 533 5597 in
572 5521 1017 5597 loco'praepositio
1046 5525 1130 5597 rei
1163 5526 1482 5597 disjunctiva
1523 5542 1627 5585 non
1666 5536 1767 5584 est.

197 5592 336 5676 Nam
363 5594 502 5676 apud
523 5592 729 5676 priscos
758 5592 1001 5676 auctores
1031 5592 1312 5676 Alamanni
1340 5611 1403 5676 ac
1430 5596 1606 5660 Suevi,
1632 5598 1772 5668 quod

192 5662 414 5735 ﬁnitimi
449 5662 659 5735 essent,
688 5663 845 5735 simul
871 5665 1076 5719 confusi
1111 5668 1472 5735 reperiuntur.

273 5744 297 5775 ε
325 5732 451 5800 Quae
472 5735 570 5793 hac
592 5733 829 5791 clausula
855 5732 1216 5805 continentur,
1248 5737 1619 5793 desiderantur
1641 5739 1778 5810 apud

1879 4615 2253 4679 correxeritis,
2285 4616 2407 4671 etsi
2437 4615 2696 4672 Dominus
2722 4616 3061 4688 permiserit;
3093 4613 3253 4685 hujus
3279 4616 3460 4686 operis

1880 4714 2091 4777 agreste
2123 4705 2453 4778 pulmentum
2493 4708 2833 4779 postmodum
2862 4707 3135 4777 aliquibus
3159 4715 3455 4762 metrorum

1879 4797 2238 4868 condimentis
2267 4796 2565 4852 infundam.
2600 4800 2826 4869 Dignum
2849 4798 3044 4868 quippe
3064 4806 3148 4854 est
3175 4806 3233 4852 ut
3257 4800 3458 4853 nostris

1880 4886 2127 4942 laudibus
2168 4902 2265 4957 per
2303 4888 2487 4942 orbem
2521 4886 2840 4952 celebretur,
2886 4901 3047 4957 quem
3090 4886 3155 4942 de
3195 4888 3457 4941 extremis

1877 4976 2024 5035 orbis
2063 4977 2258 5033 finibus
2300 4977 2366 5031 ad
2401 4986 2637 5031 nostram
2664 4977 2890 5033 salutem
2933 4976 3191 5032 Dominus
3222 4976 3459 5032 destina-

1876 5068 1971 5122 vit.
2001 5068 2146 5123 Bene
2170 5068 2436 5123 valentem
2461 5075 2516 5121 et
2552 5067 2721 5121 nostri
2747 5065 3456 5123 memoremPaternitatem

1875 5168 2112 5215 vestram
2160 5160 2214 5213 in
2271 5166 2530 5213 aeternum
2585 5164 2773 5213 sancta
2829 5157 3064 5215 Trinitas
3133 5170 3462 5214 conservare

1870 5249 2139 5319 dignetur.
2172 5249 2359 5303 Amen.

1878 5385 2118 5441 Surium.

1947 5457 1973 5497 (³
2010 5457 2063 5510 l;l
2090 5465 2174 5512 est
2209 5455 2445 5527 Arolam,
2487 5457 2644 5527 vulgo
2673 5460 2789 5519 Arr,
2836 5456 3052 5513 ﬂuvium
3083 5456 3453 5514 Helvetiorum

1882 5528 1938 5584 in
1967 5526 2568 5598 Rhenuminfluentem.
2590 5526 2692 5584 Sic
2718 5529 2861 5584 enim
2885 5529 3026 5598 apud
3046 5528 3304 5598 antiquos
3324 5543 3458 5589 non-1

1882 5597 2418 5669 nunquamArarim
2464 5612 2562 5669 pro
2616 5598 2774 5654 Arola
2823 5597 3094 5669 sumptum
3144 5597 3463 5669 Hadrianus

1884 5666 2130 5739 Valesius
2167 5667 2222 5722 in
2257 5666 2749 5725 HistorIFrancor.
2796 5666 3120 5734 libro'xxw,
3172 5682 3292 5739 pag.
3325 5666 3463 5733 678,

1886 5747 2014 5795 tom.
2045 5738 2103 5795 lll
2124 5780 2138 5807 ,
2167 5739 2493 5796 observavit.
