3978 6310
555 361 659 418 979

620 465 668 532 Ὀ
697 476 878 542 Pater,
909 490 942 530 ο
965 474 1141 531 Patris
1167 475 1373 544 Proles,
1401 493 1433 532 ο
1463 478 1701 549 Spiritus
1723 479 1883 548 alme,

699 566 813 624 Une
846 574 901 621 et
925 567 1064 621 trine
1093 568 1256 634 Deus,
1288 585 1386 623 nos
1412 571 1662 625 miserate
1688 585 1832 641 rege.

624 657 705 713 ille
740 666 828 711 tua
857 658 1008 728 jussa
1037 658 1226 730 ligant,
1263 669 1350 713 tua
1390 676 1476 716 me
1504 662 1770 730 promissa
1806 663 2128 732 gubernem,

691 747 892 804 Luceat
921 749 974 803 in
1000 750 1160 805 dictis
1185 750 1275 804 lux
1301 759 1410 817 tua,
1441 766 1646 820 quaeso,
1674 753 1830 808 meis.
2116 753 2118 756 ’

1077 362 1465 419 WALAFRlDl
1502 362 1744 421 STRABI
1779 367 1981 424 FULD.
2025 366 2088 421 Mt

2226 368 2374 425 OPP.
2415 371 2595 430 PARS
2632 374 2697 430 ll.
2747 406 2820 420 -ι
2852 375 3248 438 ΗῙΒΤΟΒΙΟΑ..
3726 390 3829 447 980

2153 488 2207 546 Α
2302 483 2358 538 In
2391 494 2462 551 te,
2497 487 2668 555 Galle,
2705 489 2870 545 Deum
2895 492 2947 546 in
2976 493 3205 552 Domino
3234 505 3320 566 te,
3343 499 3518 567 Galle,
3570 501 3825 573 fatebor;

2241 599 2244 602 ~
2374 574 2452 628 Tu
2484 591 2582 645 pro
2603 594 2690 633 me
2715 595 2900 636 sacras
2927 582 3089 638 funde
3117 601 3304 654 preces
3325 588 3557 647 Domino
3586 613 3602 646 :

2304 664 2374 721 Ut
2403 669 2613 722 veniam
2643 671 2821 737 noxis,
2854 673 3015 729 dictis
3043 677 3408 735 moderamina
3438 694 3693 752 praestet,

2377 754 2529 821 Quod
2556 766 2736 826 nocet,
2765 761 2993 830 evellat;
3025 765 3168 835 quod
3183 765 3355 835 juvat,
3392 772 3722 842 ampliﬁcet.

562 895 3813 940 ..____________.____.______.________________

1740 1003 2038 1082 LIBER
2136 1007 2558 1086 PRIMUS.

2231 1283 2420 1337 dentes
2446 1281 2611 1353 igitur
2637 1282 2818 1338 navim
2847 1293 3110 1340 venerunt
3129 1284 3485 1353 Britanniam,
3519 1286 3736 1348 etinde
3757 1298 3826 1350 ad

2228 1370 2433 1426 Gallias
2474 1371 2907 1428 transfretarunt.
2955 1374 3196 1444 Cumque
3220 1376 3308 1430 vir
3331 1378 3426 1432 Dei
3458 1380 3529 1434 ad
3579 1380 3824 1450 Sigiber-

609 1464 821 1541 gisterio
859 1464 1064 1541 _sa_ncli_
1127 1464 1436 1519 Columbani
1489 1481 1650 1535 usque
1713 1465 1782 1518 ad
1837 1466 2122 1520 sacerdotis
2229 1469 2343 1515 tum
2387 1477 2567 1533 regem
2609 1478 2732 1518 cum
2773 1465 2886 1520 suis
2927 1468 3278 1536 pervenisset,
3316 1472 3534 1541 rogavit
3568 1486 3697 1528 eum
3727 1492 3822 1532 rex

611 1535 890 1604 profecerit
921 1535 1246 1606 dignitate"!-
2227 1562 2288 1607 ut
2323 1552 2460 1607 infra
2485 1553 2686 1609 Gallias
2721 1535 3007 1622 resideret,
3038 1573 3138 1612 nec
3171 1560 3252 1614 eis
3277 1535 3492 1616 relictis
3527 1564 3601 1617 ad
3629 1577 3820 1633 gentes

614 1644 1042 1716 Cum:prceclara
1074 1645 1401 1700 sanctissimi
1429 1645 1529 1700 viri
1559 1645 1871 1700 Columbani
1894 1687 1906 1711 ,
1939 1645 2030 1716 qui
2073 1652 2128 1700 et
2225 1643 2361 1698 alias
2386 1646 2780 1717 commigraret
2814 1663 2912 1703 :se
2950 1664 3079 1705 vero
3119 1652 3408 1721 spopondit
3449 1657 3664 1722 omnia,
3701 1675 3824 1727 qua

539 1736 792 1791 Columba
814 1776 829 1801 ,
867 1738 1208 1792 conversatio
1245 1751 1342 1806 per
1373 1752 1588 1791 omnem
1628 1737 1940 1793 Hiberniam
1977 1737 2120 1792 cele-
2225 1741 2442 1788 sanctus
2480 1733 2640 1789 Pater
2672 1744 2904 1806 peteret,
2934 1739 3308 1808 praebiturum.
3345 1741 3429 1796 Ad
3458 1744 3583 1799 haec
3610 1747 3697 1800 vir
3723 1748 3822 1804 Dei

538 1829 652 1884 bris
677 1828 985 1893 haberetur,
1020 1835 1073 1882 et
1095 1827 1260 1882 veluti
1289 1827 1625 1898 splendidum
1647 1827 1787 1898 ignei
1807 1827 1938 1882 solis
1960 1827 2120 1896 jubar
2221 1825 2500 1894 respondit
2542 1844 2556 1880 :
2601 1826 2704 1893 Qui
2750 1836 2934 1884 nostra
2983 1829 3342 1899 reliquimus,
3393 1843 3462 1889 ut
3510 1839 3818 1893 secundum

536 1918 798 1990 singulari
834 1918 1032 1974 decore
1061 1919 1301 1974 omnium
1333 1919 1386 1973 in
1417 1933 1475 1974 se
1514 1929 1836 1990 provocaret
1872 1932 2114 1972 amorem
2143 1912 2190 1972 B
2219 1917 2582 1986 evangelicum
2615 1919 2910 1988 iussionem
2941 1920 3229 1976 Dominum
3270 1938 3666 1993 sequeremur,
3711 1945 3816 1984 non

534 2011 694 2066 sicuti
717 2010 781 2066 de
807 2024 873 2066 eo
905 2011 1222 2081 priusquam
1251 2021 1568 2066 nasceretur
1595 2011 1875 2082 provisum
1907 2025 2029 2065 esse
2054 2009 2117 2063 li.
2218 2006 2479 2062 debemus
2507 2007 2712 2062 alienas
2739 2009 2990 2078 amplecti
3021 2010 3354 2077 divitias,ne
3382 2013 3532 2069 forte
3556 2022 3812 2086 prsenti.

529 2101 630 2154 her
669 2109 942 2170 gestorum
979 2102 1147 2172 ipsius
1173 2101 1402 2172 pleniter
1435 2101 1676 2172 indicat),
1723 2102 1863 2156 inter
1890 2110 2115 2156 casteros
2216 2107 2430 2154 calores
2467 2099 2636 2155 simus
2681 2101 2846 2156 divini
2879 2102 3142 2158 mandati.
3180 2103 3348 2173 Cujus
3385 2107 3692 2176 objectioni
3722 2128 3807 2179 rex

531 2207 668 2263 quos
692 2195 836 2248 fama
873 2195 1134 2249 virtutum
1177 2194 1292 2262 ejus
1326 2201 1648 2259 attraxerat,
1686 2202 1941 2263 parentes
1967 2193 2113 2249 beati
2214 2191 2286 2246 ita
2325 2207 2620 2248 occurrens
2661 2193 2779 2248 ait:
2816 2193 2872 2250 Si
2921 2209 3138 2250 crucem
3183 2198 3372 2254 tollere
3417 2208 3477 2255 et
3525 2201 3810 2260 Christum

529 2286 697 2352 Galli,
722 2287 1014 2342 secundum
1044 2287 1210 2342 Deum
1239 2287 1496 2358 religiosi,
1521 2287 1815 2342 secundum
1849 2287 2108 2343 sreculum
2213 2284 2365 2352 sequi
2395 2283 2694 2349 desideras,
2729 2294 2894 2340 vasta:
2923 2288 3090 2341 eremi
3121 2289 3332 2344 sectare
3357 2291 3616 2360 quietem
3646 2310 3662 2348 :
3697 2304 3810 2350 tau-

1062 1283 1289 1341 CAPUT
1319 1281 1608 1339 PRIMUM.

453 1472 457 1475 Ι
546 1394 746 1475 Quibus
777 1395 1098 1475 profectibus
1131 1395 1521 1475 Qeqtusﬁatlus
1563 1412 1594 1448 a
1629 1394 1854 1475 pueritia
1881 1394 1974 1448 sub
2009 1411 2124 1475 nur-

527 2375 737 2432 nobiles
765 2387 812 2441 α,
849 2374 1016 2430 filium
1059 2393 1215 2431 suum
1242 2377 1429 2446 primae
1463 2377 1639 2432 aetatis
1673 2376 1802 2431 flore
1844 2377 2108 2433 nitentem

523 2482 650 2522 cum
675 2467 943 2524 oblatione
987 2469 1212 2522 Domino
1256 2467 1565 2533 ollerentes,
1617 2467 1762 2523 illius
1793 2469 2108 2539 magisterio

523 2559 1060 2623 commendaverunt,
1123 2567 1182 2611 ut
1230 2559 1285 2612 in
1335 2558 1600 2628 regularis
1646 2559 1769 2613 vita:
1816 2542 2106 2629 proliceret

522 2649 827 2719 disciplina,
857 2656 913 2704 et
943 2650 1084 2703 inter
1112 2648 1374 2718 plurimos
1403 2647 1661 2718 spiritalis
1689 2648 1894 2702 militiae
1921 2657 2105 2703 secta-

522 2749 694 2806 tores,
729 2740 1049 2794 obedientite
1095 2748 1150 2793 et
1193 2739 1441 2794 arctioris
1487 2739 1747 2810 propositi
1795 2740 2104 2794 imitaretur

519 2831 786 2902 exempla.
821 2831 1065 2901 Dumque
1091 2832 1245 2886 bonae
1274 2831 1465 2886 indolis
1495 2833 1577 2885 vir
1600 2833 1765 2887 charo
1796 2830 1898 2904 [αι.
1925 2830 2099 2904 casto]

515 2924 816 2978 nutriretur
840 2923 1057 2991 aﬂ'ectu,
1081 2939 1278 2996 magno
1301 2925 1558 2978 virtutum
1587 2925 1760 2978 crevit
1787 2933 2096 2994 augmento.

515 3017 764 3086 Superua
787 3030 1002 3087 quoque
1037 3016 1211 3087 gratia
1241 3031 1298 3070 se
1328 3015 1710 3084 prcevcniente,
1740 3022 1891 3070 tanto
1920 3015 2098 3070 studio

514 3108 727 3164 divinas
751 3109 989 3178 epotavit
1011 3105 1344 3180 Scripturas,
1377 3117 1439 3163 ut
1467 3107 1534 3162 de
1558 3108 1810 3164 thesauro
1837 3123 1937 3164 suo
1956 3091 2095 3165 nova

510 3201 756 3272 proferre
791 3211 974 3272 posset
1001 3212 1056 3258 et
1085 3211 1284 3257 vetera.
1330 3199 1712 3256 Grammaticis
1739 3200 1902 3256 etiam
1930 3215 2092 3270 regu-

2213 2381 2324 2428 tum
2357 2389 2424 2428 ne
2447 2375 2562 2430 solo
2590 2384 2789 2430 nostra:
2815 2377 3033 2432 ditionis
3065 2378 3280 2445 relicto,
3300 2383 3368 2435 ad
3392 2384 3618 2440 vicinas
3638 2396 3806 2443 trans-

2209 2479 2302 2519 eas
2331 2464 2598 2521 nationes.
2632 2465 2845 2522 Poteris
2879 2469 3023 2523 enim
3066 2471 3168 2526 hoc
3191 2474 3424 2530 consilio
3450 2486 3511 2530 et
3541 2487 3637 2532 tua
3669 2495 3802 2549 pra-

2207 2557 2313 2611 mia
2374 2558 2689 2625 cumulare,
2743 2569 2801 2614 et
2835 2570 3034 2616 nostra:
3081 2564 3237 2618 saluti
3281 2568 3637 2637 prospicere.
3698 2572 3800 2626 Ita-

2205 2663 2310 2719 que
2341 2651 2482 2721 regis
2507 2652 2843 2719 persuasioni
2873 2654 3184 2721 consensit,
3205 2664 3262 2710 et
3289 2666 3523 2728 accepta
3562 2662 3798 2730 optione,

2203 2753 2443 2792 eremnm
2489 2756 2609 2810 qua:
2653 2741 2896 2814 Vosagus
2927 2743 3000 2814 (la
3053 2743 3241 2815 Vosge)
3280 2748 3488 2803 dicitur
3530 2766 3659 2806 eum
3693 2756 3796 2806 suis

2201 2827 2442 2883 intravit.
2480 2831 2805 2885 Invenerunt
2838 2843 3018 2888 autem
3055 2833 3232 2888 locum
3273 2839 3455 2893 muris
3497 2843 3800 2912 antiquitus

2200 2931 2430 2991 septum,
2481 2923 2666 2978 calidis
2707 2925 2862 2994 aquis
2893 2926 3178 2997 irriguum,
3225 2929 3321 2983 sed
3365 2930 3490 3000 jam
3529 2944 3794 2990 vetustate

2200 3013 2516 3082 collapsum,
2543 3014 2633 3083 qui
2657 3013 2814 3085 vulgo
2839 3015 3135 3070 Luxovium
3161 3015 3439 3091 (LuxeuiI)
3474 3025 3792 3080 vocabatur.

2197 3103 2273 3158 lbi
2301 3104 2596 3159 oratorium
2630 3106 2682 3159 in
2717 3106 2976 3160 honorem
3011 3107 3153 3162 beati
3191 3108 3339 3164 Petri
3380 3115 3628 3182 apostoli
3669 3131 3790 3171 con-

2197 3205 2469 3253 struentes
2489 3238 2508 3263 ,
2533 3198 2937 3253 mansiunculas
2965 3198 3019 3252 in
3046 3200 3241 3268 quibus
3267 3217 3690 3260 commanerent
3717 3207 3788 3260 fe-

510 3295 613 3361 las,
646 3302 1048 3364 metrorumque
1084 3293 1410 3348 subtilitates
1443 3291 1628 3360 capaci
1667 3299 2091 3362 consequeretur
2119 3287 2163 3350 C
2196 3297 2404 3346 cerunt.
2450 3289 2667 3360 lllisque
2699 3289 2770 3344 ibi
2815 3290 3262 3346 conversantibus
3298 3302 3356 3346 et
3397 3293 3586 3363 ipsum
3619 3295 3784 3349 locum

509 3385 750 3456 ingenio.
779 3385 1020 3440 Obscura
1045 3391 1224 3439 autem
1261 3382 1664 3452 Seripturarum
1690 3389 1796 3436 tam
1823 3383 2096 3453 sapienter

509 3477 654 3532 scire
682 3475 987 3531 volentibus
1009 3475 1295 3541 reseravit,
1322 3484 1381 3529 ut
1403 3472 1581 3529 cuncti
1603 3474 1694 3544 qui
1721 3474 1838 3545 ejus
1862 3475 2096 3545 pruden-

509 3567 642 3621 tiam
690 3575 747 3622 et
785 3581 1072 3622 sermones.
1096 3567 1416 3634 audierant,
1469 3567 1830 3623 admiratione
1874 3583 1998 3623 eum
2038 3575 2094 3623 et

508 3657 672 3714 laude
695 3657 1069 3728 dignissimum
1097 3647 1425 3728 judicare'nt.
1452 3657 1566 3724 Qua
1598 3658 1877 3727 sapientia:
1910 3666 2090 3712 matu-

506 3750 671 3804 ritate
697 3747 895 3802 factum
913 3755 996 3802 est
1015 3756 1076 3802 ut
1095 3747 1470 3802 universorum
1495 3747 1764 3801 communi
1785 3747 2093 3814 consilio,et

505 3840 750 3913 iussione
774 3839 1089 3897 Columbani
1119 3839 1349 3908 abbatis,
1381 3855 1480 3910 per
1501 3839 1738 3910 singulos
1767 3855 1935 3896 sacrae
1962 3856 2090 3911 pro-

505 3931 764 3988 motionis
798 3931 996 4001 gradus
1026 3931 1346 3998 ascendens,
1377 3933 1578 3987 invitus
1601 3932 1890 3987 sacerdotii
1912 3933 2084 3988 susci-

501 4031 658 4096 peret
680 4023 1017 4095 dignitatem.
1049 4023 1192 4095 Ergo
1231 4022 1358 4078 dum
1393 4023 1566 4079 sacris
1605 4023 1835 4078 instaret
1873 4021 2090 4091 ofﬁciis,

505 4117 596 4174 die
617 4125 892 4188 noctuque
912 4117 1162 4188 precibus
1183 4115 1468 4172 Dominum
1488 4115 1722 4187 placavit
1741 4124 1796 4170 et
1811 4115 2084 4188 lacrymis,

504 4217 563 4265 et
584 4209 802 4280 superni
833 4209 1155 4279 inspectoris
1179 4207 1348 4265 oculis
1375 4208 1588 4278 placere
1617 4207 1952 4273 desiderans,
1985 4224 2084 4278 pro

501 4302 762 4356 virtutum
798 4307 853 4355 et
883 4301 1008 4355 vita:
1036 4299 1246 4355 meritis
1267 4300 1553 4355 amabatur
1578 4300 1648 4355 ab
1670 4300 1942 4368 omnibus,
1969 4300 2086 4371 pla-

501 4392 615 4446 cuit
639 4392 928 4447 universis.

1127 4505 1353 4564 CAPUT
1387 4507 1452 4564 Il.

2197 3381 2587 3447 excolentibus,
2623 3381 2776 3436 multi
2805 3397 2912 3436 non
2942 3381 3115 3436 solum
3143 3383 3209 3437 de
3226 3398 3428 3454 genere
3453 3384 3784 3457 Burgundio-

2195 3489 2348 3539 num,
2370 3473 2466 3527 sed
2489 3472 2656 3527 etiam
2681 3472 3013 3528 Francorum
3037 3487 3223 3529 amore
3246 3475 3378 3530 vitae
3401 3474 3698 3532 laudabilis
3718 3478 3780 3530 ad

2194 3564 2340 3636 ipsos
2363 3563 2772 3632 confluxerunt;
2804 3573 2857 3620 et
2878 3565 3095 3620 monitis
3119 3564 3506 3635 spiritualibus
3529 3569 3784 3632 instituti,

2195 3661 2399 3710 tantam
2454 3654 2884 3726 compuuetionis
2937 3655 3166 3726 gratiam
3225 3671 3295 3710 ex
3357 3657 3552 3712 verbis
3601 3673 3778 3712 eorum

2192 3745 2372 3814 adepti
2409 3754 2556 3808 sunt,
2589 3755 2649 3800 ut
2671 3746 2852 3801 omnia
2888 3760 2986 3800 sua
3016 3747 3082 3801 ad
3110 3747 3284 3816 ipsum
3321 3747 3508 3802 locum
3545 3747 3784 3803 nonnulli

2191 3837 2596 3902 contraderent,
2639 3843 2696 3892 et
2733 3851 2886 3893 coma
2923 3837 3116 3906 capitis
3165 3838 3411 3908 deposita
3468 3839 3780 3911 monastic:

2188 3930 2312 3985 vita:
2334 3929 2576 3985 habitum
2601 3928 2903 3984 voluntaria
2926 3937 3238 4000 paupertate
3268 3931 3624 4002 susciperent
3660 3931 3706 3984 δ.

2793 4065 3020 4123 CAPUT
3075 4067 3159 4123 Ill.

2190 4157 2308 4226 Qua
2347 4160 2662 4214 auctoritate
2688 4159 2868 4214 beatus
2890 4156 3245 4212 Columbanus
3270 4157 3663 4213 Theodericum
3701 4176 3774 4213 rc-

2256 4247 2369 4300 gem
2401 4231 2676 4300 corripuit,
2718 4240 2764 4283 et
2795 4229 2983 4300 quibus
3014 4230 3147 4282 odiis
3177 4245 3292 4300 eunt
3317 4227 3691 4300 Brunichildis
3716 4231 3776 4282 de

2257 4298 2414 4379 regno
2445 4298 3146 4379 illo_eiecerit,;qualilerque
3171 4299 3239 4351 ad
3250 4298 3592 4379 .Lothariunr
3617 4315 3774 4371 regem

2257 4372 2475 4441 indeque
2504 4371 2571 4424 ad
2597 4371 3002 4424 'l‘heodebertum
3033 4385 3149 4422 cum
3179 4371 3286 4422 suis
3313 4373 3637 4437 pervenerit.

2258 4460 2502 4530 Cumque
2533 4461 2647 4515 luce
2678 4469 2786 4514 tam
2817 4459 2946 4515 felix
2976 4460 3440 4516 commanentium
3476 4476 3694 4531 semper
3719 4462 3772 4515 iu

2188 4551 2382 4608 melius
2406 4552 2693 4621 proﬁceret
2715 4551 3021 4622 disciplina,
3051 4551 3338 4621 singularis
3383 4551 3536 4606 beati
3562 4553 3770 4607 Colum-

500 4621 742 4689 Qualiter
767 4623 943 4703 sancti
959 4621 1075 4687 viri,
1103 4623 1446 4746 gratiamin
1469 4621 1682 4678 Domini
1703 4624 2077 4706 percgrinalio-
2106 4645 2154 4705 ι)
2180 4646 2310 4700 bam
2347 4645 2630 4709 sanctitas,
2671 4645 2950 4699 miraculis
2989 4642 3359 4712 frequentibus
3399 4645 3768 4714 compmbau,

568 4708 685 4746 nem
712 4708 959 4746 aaaressz.
993 4695 1062 4745 ad
1148 4693 1422 4746 iaibertum
1451 4709 1618 4746 reaem
1650 4705 1997 4746 pervenerint-
2029 4706 2076 4746 et
2424 4725 2430 4730 -
2614 4736 2626 4746 .
2680 4736 2712 4746 η
2969 4735 2981 4746 .
3017 4734 3050 4746 ..
3253 4735 3264 4746 .
3364 4734 3450 4746 .....
3613 4739 3623 4746 .

568 4708 685 4770 nem
712 4692 959 4770 aggressi,
993 4695 1072 4770 ad_
1103 4692 1422 4770 Sigibertum
1451 4709 1618 4764 regem
1648 4692 1998 4764 pervenerint,
2029 4706 2076 4748 et

567 4761 861 4815 Luxovium
889 4762 1130 4832 eruperint
1157 4761 1401 4817 incolere.

568 4889 710 4944 Dum
735 4889 854 4945 haec
875 4899 1184 4962 agerentur,
1209 4891 1451 4960 quotidie
1479 4893 1673 4949 beatus
1688 4892 2077 4963 Columbanus,

496 4983 862 5055 evangelicam
889 4986 1111 5056 cupiens
1141 4987 1356 5056 assequi
1387 4987 1771 5056 perfectionem
1791 5031 1805 5055 ,
1835 5001 1894 5045 ut
1932 4991 2078 5046 vide-

495 5073 622 5130 licet
666 5077 920 5130 omnibus
953 5092 1072 5146 qua:
1119 5077 1349 5132 habebat
1389 5079 1614 5144 relictis,
1667 5096 1884 5136 crucem
1924 5098 2078 5137 suam

495 5166 732 5230 tolleret,
755 5178 810 5223 et
836 5170 1009 5224 nudus
1033 5171 1318 5226 Dominum
1347 5183 1697 5242 sequeretur;
1724 5175 1950 5229 consilio
1979 5191 2076 5230 suo

495 5259 607 5330 egit
644 5273 764 5313 cum
795 5257 1074 5326 fratribus,
1106 5277 1336 5331 quorum
1365 5264 1571 5320 animos
1599 5264 1738 5319 idem
1770 5265 1953 5321 fervor
1985 5282 2075 5322 ac-

498 5350 773 5415 cenderat,
799 5359 876 5414 ut,
905 5362 1078 5420 spreta
1102 5354 1522 5424 propinquorum
1537 5364 1592 5408 et
1609 5357 1934 5425 prcediorum
1959 5359 2074 5412 dul-

496 5443 706 5510 cedine,
729 5444 924 5499 mentis
946 5445 1191 5501 ardorem
1213 5461 1377 5518 opere
1405 5449 1842 5518 comprobarent.
1874 5453 2072 5503 Ascen-

569 5580 754 5658 g_Quae
793 5581 859 5634 de
887 5583 1038 5658 regia!
1079 5584 1220 5639 beati
1262 5584 1399 5658 Galli
1459 5589 1710 5658 prosapia
1751 5588 1991 5644 referunt
2039 5607 2066 5645 a

495 5648 769 5730 Goldasto,
803 5668 904 5730 non
940 5648 1074 5707 satis
1105 5655 1410 5730 approbata
1424 5648 1691 5730 videntur.
1729 5660 1803 5713 Ex
1829 5677 1954 5730 rege
1983 5663 2067 5714 tli-

496 5717 696 5801 bernite
727 5718 988 5801 ῌἮῳῂιιη
1020 5717 1341 5801 procreatus
1361 5726 1558 5801 dicitur
1581 5717 1941 5794 Ketliernaeli,
1972 5749 2066 5801 pa-

500 5794 582 5840 ter
611 5790 751 5844 beati
783 5792 950 5858 Galli,
982 5790 1072 5865 qui
1099 5796 1274 5866 patria
1310 5797 1486 5868 lingua
1522 5799 1744 5856 Gallach
1778 5790 2067 5858 dictus're

2181 4753 2280 4808 per
2318 4725 2458 4792 totas
2491 4736 2655 4806 carpit
2675 4736 2868 4792 Galliae
2902 4735 2986 4790 vel
3012 4734 3314 4790 Germania:
3346 4734 3625 4790 diffamari
3655 4751 3768 4805 pro-

2181 4827 2404 4882 vincias.
2427 4825 2770 4880 Laudabatur
2795 4825 2862 4879 ab
2884 4824 3154 4889 omnibus,
3175 4823 3458 4879 colebatur
3485 4841 3517 4879 a
3545 4827 3766 4884 cunctis.

2181 4917 2316 4973 adeo
2362 4925 2420 4970 ut
2449 4916 2818 4971 Theodericus
2869 4930 2993 4978 rex,
3043 4915 3184 4969 (ilius
3229 4913 3555 4980 llildeberti,
3611 4929 3772 4986 nepos

2182 5008 2458 5080 Sigiberli,
2490 5009 2580 5078 qui
2613 5022 2680 5062 eo
2709 5017 2952 5078 tempore
2980 5007 3454 5078 Burgundionibus
3489 5012 3768 5078 regnabat.

2179 5101 2246 5155 ad
2299 5115 2420 5155 eum
2469 5115 2608 5170 saape
2661 5101 2912 5165 veniret,
2964 5107 3019 5154 et
3060 5113 3280 5169 precum
3337 5096 3458 5165 ejus
3513 5099 3770 5169 suffragia

2179 5207 2386 5247 summa
2413 5207 2533 5246 cum
2562 5193 2844 5246 devotione
2871 5193 3204 5259 deposceret.
3255 5189 3424 5256 Quem
3453 5205 3579 5243 eum
3611 5191 3769 5244 Pater

2178 5293 2398 5338 sanctus
2444 5283 2748 5354 increparet
2803 5300 2900 5338 cur
2952 5282 3381 5338 concubinarum
3431 5283 3772 5351 pollueretur

2176 5375 2534 5443 amplexibus,
2586 5385 2640 5429 et
2686 5392 2789 5430 non
2831 5376 3010 5444 potius
3055 5375 3304 5445 legitima:
3347 5375 3595 5443 conjugis
3637 5390 3766 5426 ron-

2176 5467 2341 5521 nubio
2385 5466 2678 5533 frueretur,
2719 5467 2939 5522 monitis
2978 5468 3095 5537 ejus
3139 5467 3546 5535 obtemperans,
3565 5474 3770 5519 cuneta

2170 5617 2332 5672 gnum
2359 5601 2640 5670 spreverit.

2246 5672 2270 5710 ιδ
2302 5666 2431 5738 Quin
2475 5672 2540 5726 de
2574 5670 2709 5726 Galli
2758 5670 3056 5740 piscatione
3095 5667 3273 5740 Jonas,
3312 5666 3366 5722 in
3407 5667 3530 5723 Vita
3579 5669 3762 5722 sancti

2169 5741 2490 5799 Columbani
2519 5758 2665 5797 num.
2697 5740 2760 5796 16
2791 5742 2976 5808 refert,
3009 5740 3094 5794 hic
3127 5739 3376 5810 supplere
3400 5748 3634 5825 oportet.
