3978 6310
231 345 337 406 981

1270 352 1433 413 VITA
1472 355 1532 412 S.
1571 304 1776 412 διΑηί
1813 351 2125 411 ABBATIS.
2158 384 2231 396 —
2268 352 2397 413 LIB.
2435 354 2478 411 1.

3369 356 3495 435 ,982

234 456 543 534 huiusmodi
592 466 777 526 illicita
808 482 867 527 se
893 469 1186 527 vitaturum
1220 473 1491 544 promisit.
1541 471 1647 530 Sed
1671 472 1807 528 Bru-
1831 475 1880 534 Α
1907 469 2022 538 Qua
2053 470 2492 556 causapermoti,
2525 467 2604 526 ira
2634 478 2687 526 et
2716 469 2969 527 individia
3002 478 3220 530 sanctos
3247 471 3480 539 insecta-
3552 524 3557 528 .

236 555 510 622 nicblldis,
551 559 671 615 avia
714 560 874 632 regis,
922 561 1114 619 videns
1146 578 1271 619 eum
1306 563 1408 620 viri
1446 564 1542 621 Dei
1576 566 1816 624 consiliis
1850 639 1857 646 _

236 644 479 713 obedire,
505 647 724 704 stimulo
748 650 968 706 malitiae.
993 652 1283 718 concitata,
1335 662 1570 711 mentem
1600 671 1817 728 serpen-

238 735 351 791 tino
389 734 589 794 furoris
629 741 863 796 armavit
892 758 1118 798 veneno.
1164 745 1464 801 Verebatur
1489 750 1635 803 enim
1671 765 1739 805 ne.
1767 748 1815 806 si

235 820 464 891 abjectis
492 827 811 885 concubinis
840 830 1025 902 regina
1069 831 1124 886 in
1155 835 1489 890 consortium
1533 839 1682 908 regni
1726 853 1814 894 as-

234 923 561 983 sumeretur,
589 917 831 987 dignitas
850 935 947 976 sua
978 921 1182 978 honore
1210 923 1484 981 subtracto
1508 926 1811 985 vilesceret.

232 1005 354 1074 Quo
399 1008 592 1065 timore
634 1009 905 1079 laborans,
956 1013 1215 1070 invidiam
1260 1027 1451 1075 contra
1500 1020 1673 1075 virum
1716 1021 1812 1078 Dei

231 1098 403 1170 carpit
440 1099 677 1169 habere;
714 1110 775 1159 et
803 1114 932 1175 post
955 1105 1150 1163 multas
1178 1105 1404 1176 injurias
1432 1126 1567 1182 quas
1595 1112 1667 1168 illi
1698 1130 1813 1169 ma-

230 1198 452 1254 chinata
481 1208 567 1256 est
595 1199 677 1273 (ut
707 1203 975 1273 scriptura
1009 1213 1212 1262 sanctae
1239 1210 1669 1266 conversationis
1694 1211 1813 1282 ejus

232 1290 507 1363 testatur),
532 1293 761 1349 consilio
785 1311 906 1351 cum
936 1310 1061 1367 rege
1099 1297 1244 1354 inito
1262 1306 1321 1354 ut
1348 1313 1469 1356 eum
1508 1317 1674 1374 regno
1710 1319 1811 1360 suo

229 1377 569 1447 deturbaret,
612 1382 764 1439 misit
808 1384 1098 1455 legatarios
1143 1402 1283 1445 suos.
1315 1405 1438 1446 cum
1471 1392 1699 1463 epistola
1740 1396 1810 1452 ad

228 1479 483 1526 sanctum
515 1472 711 1541 virum,
740 1473 1065 1533 denuntians
1100 1478 1150 1534 ei
1179 1495 1249 1538 ne
1275 1480 1529 1556 deinceps
1562 1486 1617 1543 in
1645 1502 1812 1560 regno

228 1562 322 1619 ille
346 1566 687 1624 consisteret.
717 1567 1085 1630 IlleJezabelis
1109 1573 1337 1632 insidias
1354 1578 1549 1646 vitans,
1567 1581 1670 1636 iter
1685 1596 1810 1637 cum

226 1654 345 1709 suis
371 1670 679 1728 aggressus,
718 1660 787 1716 ad
816 1660 1096 1720 Lutarium
1134 1682 1314 1739 regem
1357 1671 1621 1741 pervenit.
1653 1670 1808 1741 Apud

224 1756 390 1812 quem
421 1761 542 1802 cum
572 1748 849 1823 aliquanto
888 1762 1128 1826 tempore
1163 1762 1723 1833 moraretur,rogavit
1747 1770 1808 1819 ut

1914 561 2132 630 bantur,
2178 570 2234 619 et
2276 564 2545 620 communi
2577 563 2804 621 consilio
2828 563 3040 620 Gallum
3085 566 3351 645 perimere
3394 581 3488 645 vo.-

1912 653 2132 711 luerunt
2160 673 2173 710 :
2201 654 2592 714 Columbanum
2621 673 2748 714 vero
2780 656 3000 730 ﬂagellis
3043 674 3242 715 caesum
3270 642 3327 716 et
3353 642 3488 717 eonv-

1913 746 2151 804 tumeliis
2186 746 2438 804 affectum
2466 748 2532 804 de
2563 750 2675 805 suis
2704 748 2898 806 finibus
2920 752 3259 820 proturbare.
3293 752 3489 808 Beatus

1912 836 2096 903 Pater,
2124 837 2340 909 cognito
2373 838 2602 894 consilio
2638 854 2848 905 eorum,
2887 840 3004 896 zelo
3040 841 3265 912 iustitiae
3293 844 3492 915 impre-

1912 937 2068 986 catus
2095 937 2178 985 est
2203 928 2284 986 eis
2315 929 2443 985 talia
2473 929 2658 986 dicens
2701 948 2716 985 :
2760 932 2923 998 Deus,
2956 932 3111 1003 cujus
3151 934 3488 1004 providentia

1912 1022 2145 1078 mundus
2186 1023 2431 1079 subsistit
2463 1032 2521 1080 et
2555 1033 2756 1081 cuncta-
2778 1034 3060 1097 reguntur,
3090 1025 3176 1083 fac
3199 1042 3363 1098 super
3387 1042 3488 1084 ca-

1910 1123 2008 1187 put
2032 1116 2392 1187 generationis
2415 1114 2575 1186 hujus
2610 1118 2807 1173 reverti
2855 1118 3209 1175 contumelias
3243 1135 3378 1190 quas
3412 1120 3489 1177 Fa-

1867 1206 2073 1262 -mulis
2105 1207 2210 1263 tuis
2234 1218 2584 1279 paraverunt.
2633 1207 2753 1265 Nati
2801 1225 2988 1266 eorum
3038 1210 3196 1268 facile
3241 1223 3490 1283 pereant,

1910 1304 1965 1353 et
1990 1306 2278 1369 antequam
2311 1310 2619 1368 senescant,
2648 1316 2760 1372 prae
2789 1302 3068 1360 subitaneo
3101 1312 3324 1376 stupore
3348 1304 3488 1361 deli-

1910 1401 2035 1442 rare
2072 1390 2608 1461 eoganturripsique
2648 1405 2769 1446 cum
2811 1397 2958 1446 terra
3009 1406 3173 1463 quam
3219 1393 3487 1457 incolunt.

1910 1480 2040 1536 dura
2078 1481 2773 1553 potentiumdominatione
2808 1488 3148 1555 premantur,
3188 1494 3247 1539 ut
3277 1485 3487 1541 cunctis

1911 1571 2203 1644 ignominia
2242 1586 2438 1628 eorum
2464 1571 2733 1643 pateatin
2770 1581 3055 1640 aeternum,
3087 1582 3143 1630 et
3180 1574 3321 1630 sicut
3354 1574 3487 1632 scri-

1908 1671 2057 1732 ptum
2086 1670 2167 1718 est
2184 1679 2213 1717 :.
2230 1661 2589 1720 Convertatur
2629 1663 2783 1720 dolor
2824 1679 3012 1720 eorum
3049 1664 3102 1720 in
3138 1673 3301 1736 caput
3343 1665 3487 1735 ipso-

1909 1768 2049 1817 rum,
2081 1753 2219 1807 etin
2247 1754 2503 1809 verticem
2552 1753 2768 1810 illorum
2811 1755 3180 1828 iniquitasab
3220 1756 3370 1828 ipsis.
3393 1774 3486 1829 pa-

224 1833 372 1890 illius
398 1836 596 1896 solatio
616 1842 684 1897 ad
707 1843 1572 1915 Theodehertum,Austrasiorum
1590 1832 1802 1926 regem,
1833 1843 1877 1902 B
1907 1832 2365 1902 tralafdesoendat
2396 1844 2569 1919 (Psal.
2600 1846 2719 1919 vn).

221 1928 512 2017 pervenire
539 1933 817 2002 potuisset.
850 1935 930 1995 Ad
959 1953 1118 2009 quem
1161 1955 1284 1996 cum
1324 1944 1625 2000 secundum
1656 1948 1798 2017 peti-
1890 1972 1893 1973 ν

221 2013 430 2077 tionem
481 2020 771 2080 voiuntatis
818 2039 932 2081 suae
978 2030 1360 2088 venerabiliter
1390 2033 1589 2091 missus
1632 2013 1800 2105 esset,

219 2115 618 2179 sttseeptusest
642 2112 807 2171 abeo
834 2130 956 2172 cum
981 2120 1128 2175 omni
1158 2120 1363 2178 honore
1387 2131 1443 2179 et
1463 2126 1663 2196 gaudio
1688 2142 1801 2182 ma-

217 2212 352 2269 gno.
381 2200 579 2260 Mansit
601 2204 790 2278 itaque
811 2209 953 2280 apud
980 2211 1130 2269 illum
1156 2214 1589 2285 aliquotdiebus,
1617 2235 1800 2277 sacras

219 2289 538 2364 Scripturas
602 2298 910 2368 aperiens,
943 2311 999 2357 et
1050 2303 1330 2361 insinuans
1387 2308 1436 2362 ei
1488 2310 1796 2366 veritatem.

214 2384 485 2476 Cumque
512 2400 568 2446 et
608 2393 783 2464 ipsum
826 2407 1043 2468 rogaret
1082 2402 1243 2455 uta-tl
1278 2402 1567 2474 Agilolfum
1617 2421 1797 2476 regem

212 2474 699 2548 Langobardorum
749 2485 866 2557 eius
907 2486 1064 2557 jussu
1110 2503 1209 2560 per
1232 2490 1605 2548 Alamanniam
1646 2474 1817 2551 duce~

218 2578 397 2633 retur;
429 2572 657 2631 moleste
683 2573 868 2633 ferens
902 2595 994 2635 rex
1026 2587 1298 2637 tantorum
1335 2583 1634 2640 discessum
1662 2587 1811 2642 viro—

219 2675 369 2726 rum,
399 2663 668 2732 pollicitus
701 2669 904 2724 est-eis
950 2670 1089 2726 intra
1137 2674 1397 2730 terminos
1443 2677 1591 2747 regni
1625 2678 1704 2732 sui
1740 2693 1799 2734 se

223 2763 569 2823 reperturum
601 2758 717 2815 loca
748 2770 973 2817 venusta
1002 2778 1131 2833 qute
1151 2763 1365 2820 famulis
1392 2766 1486 2822 Dei
1519 2778 1576 2822 et
1611 2769 1679 2823 ad
1719 2768 1822 2825 in-.

213 2845 504 2902 colendum
531 2860 718 2907 essent
748 2853 1053 2920 commoda,
1082 2864 1133 2910 et
1161 2857 1228 2911 ad
1258 2857 1601 2916 instruendas
1632 2861 1811 2917 verbo!

215 2938 470 2994 veritatis
497 2941 910 3014 cireumpositas
944 2946 1192 3002 nationes
1221 2959 1541 3019 opportuna.
1582 2951 1677 3008 Vir
1700 2953 1797 3009 Dei

214 3043 409 3083 semen
451 3030 600 3086 verbi
637 3032 692 3087 in
720 3036 980 3091 cordibus
1012 3039 1249 3115 gentium
1295 3040 1539 3109 plautare
1584 3042 1795 3099 deside-

218 3134 372 3186 rans,
403 3121 794 3196 aliquantisper
828 3136 1160 3185 moraturum
1188 3146 1248 3187 se
1278 3133 1544 3203 promisit,
1574 3135 1620 3191 si
1649 3137 1818 3207 regia.

214 3211 517 3269 auctoritas
543 3212 704 3271 factis
732 3217 874 3272 dicta
902 3217 1160 3276 ﬁrmaret.

830 3347 1056 3406 CAPUT
1104 3349 1193 3406 1V.

211 3471 513 3558 Quomodo
538 3478 747 3548 optione
784 3482 909 3536 data
953 3488 1249 3558 qua'reuttte
1295 3489 1695 3558 habitationis,
1724 3496 1802 3550 ad

286 3552 577 3601 tuccom'am
624 3560 904 3620 venerant,
944 3552 993 3609 et
1029 3557 1154 3626 quid
1194 3557 1384 3614 ibidem
1423 3552 1710 3630 gesserunt.

284 3655 521 3730 Accepta
550 3660 714 3731 igitur
744 3678 774 3718 a
801 3680 925 3737 rege
953 3666 1170 3725 licentia
1210 3669 1438 3743 eligendi
1469 3673 1794 3734 locum-ubi-

206 3762 431 3818 cunque
455 3749 927 3817 voiuisseut,.dum
953 3757 1068 3813 loca
1093 3758 1324 3830 plurima
1353 3763 1790 3833 perlustrassent,

206 3854 483 3900 venerunt
520 3844 661 3902 infra
689 3859 869 3916 partes
895 3850 1285 3910 Alamanniae
1319 3856 1387 3911 ad
1416 3856 1635 3918 ﬂuvium
1653 3900 1667 3925 ,
1698 3859 1791 3930 qui

205 3937 561 3998 Lindimaens
585 3942 613 3983 δ
634 3951 877 3999 vocatur.
907 3942 1068 4000 Juxta
1091 3961 1251 4015 quem
1278 3948 1344 4003 ad
1371 3950 1649 4019 superiora
1681 3960 1794 4007 leno

201 4028 437 4094 dentes,
464 4043 829 4102 pervenerunt
858 4033 924 4091 ad
966 4033 1144 4092 lacum
1174 4035 1509 4093 Turieinum.
1549 4038 1793 4111 Cumque

204 4128 314 4186 per
359 4115 508 4175 littus
558 4121 939 4189 ambulantes,
995 4125 1278 4181 venissent
1318 4125 1384 4181 ad
1435 4135 1598 4197 caput
1643 4128 1792 4185 lacus

205 4209 384 4279 ipsius
421 4211 478 4266 in
518 4210 694 4268 locum
742 4215 832 4284 qui
857 4214 1137 4295 Tueconia_
1172 4217 1392 4286 dicitur,
1433 4217 1637 4291 placuit
1685 4219 1791 4277 illis

204 4303 318 4360 loci
354 4304 591 4373 qualitas
625 4305 692 4361 ad
729 4307 1166 4365 inhabitandam.
1199 4309 1368 4368 Porro
1393 4311 1639 4369 homines
1683 4312 1789 4375 ibi-

205 4396 338 4450 dem
369 4406 789 4464 commaneutes,
816 4399 1066 4458 crudeles
1087 4409 1244 4457 erant
1271 4411 1326 4458 et
1364 4404 1539 4475 impii,
1568 4405 1790 4461 simula-

202 4502 306 4542 cra
328 4487 749 4554 colentesridola
776 4490 1057 4548 sacrificiis
1075 4502 1415 4560 venerantes,
1436 4497 1787 4553 observantes

2514 1956 2741 2014 CAPUT
2802 1957 2863 2014 ν.

1903 2063 2165 2118 Adventus
2203 2080 2383 2118 eorum
2426 2063 2497 2117 ad
2531 2062 2891 2135 Willimorrtm
2929 2064 3301 2135 presbyterum»
3332 2066 3487 2134 apud:

1973 2136 2266 2201 Arborum,
2285 2143 2333 2188 et
2366 2133 2665 2189 humanitas
2699 2134 2844 2203 ejus,
2878 2132 3213 2206 ct’Brigautii
3254 2132 3482 2190 omnium

1973 2215 2128 2258 ratio.

1970 2295 2103 2352 Post
2146 2297 2261 2353 haec
2309 2312 2416 2351 non
2464 2295 2655 2351 timore
2701 2296 3105 2367 persecaxtionis.
3134 2297 3480 2367 perterritus,

1898 2387 1992 2442 sed
2038 2402 2222 2443 amore
2272 2387 2530 2456 spiritalis
2566 2387 2701 2443 lucri
2727 2402 3040 2457 persuasus,
3071 2387 3475 2449 contumacium

1900 2475 2140 2530 sterilem
2188 2475 2400 2530 turbam
2449 2473 2685 2544 reliquit,
2733 2489 2802 2528 ne
2847 2475 3082 2531 inaniter
3118 2474 3271 2530 arida
3313 2475 3477 2531 corda

1899 2567 2102 2623 diutius
2141 2566 2408 2637 irrigaret,
2447 2567 2538 2637 qui
2568 2566 2843 2622 benevolis
2893 2567 3167 2623 mentibus
3196 2567 3481 2639 quamplu-

1900 2657 2096 2712 rimum
2150 2658 2413 2727 prodesse
2461 2657 2677 2712 interim
2727 2656 3012 2727 potuisset.
3067 2657 3302 2729 Pergens
3348 2674 3478 2731 ergo

1899 2749 2023 2806 inde
2069 2764 2190 2805 cum
2238 2750 2350 2806 suis
2394 2750 2639 2819 pervenit
2690 2750 2743 2805 in
2783 2758 3021 2804 castrum
3066 2752 3209 2817 quod
3255 2751 3471 2807 Arbona

1898 2853 2120 2901 vocatur
2143 2842 2364 2916 (Arbon)
2391 2862 2405 2898 :
2436 2852 2496 2901 et
2545 2844 2751 2899 invenit
2793 2843 2864 2899 ibi
2908 2842 3279 2914 presbyterum
3324 2843 3476 2899 boui-

1899 2946 2011 2993 tate
2046 2938 2415 3009 conspicuum,
2450 2937 2665 2993 nomine
2687 2936 3075 2993 Willimarum.
3104 2934 3204 3004 Qui
3236 2950 3357 2991 cum
3396 2935 3478 2990 iu—

1898 3030 2225 3086 tuitus-eum
2274 3030 2483 3096 fuisset,
2516 3030 2689 3086 dixit:
2728 3029 3050 3085 Benedictus
3090 3027 3209 3099 qui»:
3226 3026 3376 3083 venit
3418 3026 3473 3083 in

1899 3122 2119 3176 nomine
2147 3122 2379 3187 Domini,
2411 3129 2467 3176 et
2504 3121 2731 3191 reliqua.
2777 3119 2872 3176 Cui
2905 3120 2987 3175 vir
3017 3119 3110 3175 Dei
3144 3119 3218 3174 ita
3250 3133 3476 3188 respon-

1823 3197 1868 3258 C
1900 3212 1978 3267 dit
1998 3214 2106 3267 :De
2131 3212 2439 3284 regionibus
2462 3211 2806 3282 congregavit
2829 3226 2929 3266 nos
2947 3209 3225 3267 Dominus.
3245 3208 3477 3280 Presby-

1895 3310 1981 3357 ter
2026 3316 2176 3372 ergo,
2228 3302 2562 3372 apprehensa
2611 3300 2833 3357 dextera
2882 3299 3025 3371 ejus,
3068 3299 3223 3355 duxit
3265 3312 3390 3354 eum
3422 3299 3473 3354 in

1894 3394 2213 3457 oratorium,
2244 3402 2296 3449 et
2322 3403 2606 3465 postquam
2649 3391 2858 3463 pariter
2891 3399 3201 3457 oraverunt,
3233 3390 3475 3447 introdu-

1894 3483 1976 3540 xit
2000 3498 2096 3541 eos
2122 3482 2176 3538 in
2201 3482 2517 3554 hospitium.
2544 3480 2647 3549 Qui
2674 3495 2862 3551 pacem
2886 3478 3067 3535 domui
3092 3480 3473 3552 imprecantes,

1894 3578 2259 3649 deposuerunt
2294 3575 2795 3633 sarcinulassuas-
2828 3573 3119 3644 Postquam
3153 3587 3476 3630 vero'recu-

1892 3668 2148 3735 buerunt,
2194 3665 2439 3738 iussione
2503 3665 2717 3724 abbatis
2763 3664 2951 3721 Gallus
2996 3664 3180 3720 divina
3222 3664 3479 3722 recitavit

1893 3759 2109 3831 eloquia
2135 3799 2151 3826 ,
2196 3759 2478 3831 profunda
2517 3773 2768 3816 reserans
2812 3758 3082 3814 veritatis.
3128 3758 3274 3814 inter
3314 3773 3472 3816 sacra

1893 3849 2156 3906 doctrinae
2193 3848 2453 3906 salutaris
2476 3848 2744 3915 comivia,
2773 3848 3116 3919 prudentiam
3144 3848 3246 3904 viri
3283 3863 3472 3909 sacer-

1894 3942 1992 3999 dos
2035 3942 2285 4008 miratus,
2315 3942 2502 3998 a«lletu
2533 3957 2593 3997 se
2619 3942 2900 3998 continere
2924 3956 3048 3997 “non
3088 3942 3282 4013 potuit.
3335 3942 3474 3999 Toto

1891 4042 2073 4089 autem
2114 4042 2323 4104 septem
2363 4033 2573 4088 dierum
2610 4031 2815 4087 circulo
2853 4047 2977 4086 cum
3025 4047 3235 4088 summo
3262 4032 3470 4088 honore

1892 4131 1948 4179 et
1970 4123 2244 4193 diligentia
2286 4122 2391 4179 illis
2422 4122 2771 4189 ministravit,
2802 4132 2858 4178 et
2881 4136 3018 4192 quos
3048 4122 3354 4178 carnalibus
3383 4122 3460 4177 ﬁr-

1873 4213 1970 4268 .vit
2017 4212 2251 4278 deliciis,
2297 4215 2364 4268 ab
2422 4212 2574 4282 ipsis.
2601 4212 2839 4283 quotidie
2889 4220 3078 4284 pastus
3119 4220 3200 4267 est
3245 4212 3471 4283 dapibus

1886 4305 2317 4379 Scripturarum.
2348 4304 2492 4360 inter
2516 4320 2688 4361 sacrm
2714 4304 2868 4380 igitur
2903 4303 3275 4364 :editicstionis
3302 4305 3470 4369 collo-

1891 4395 2059 4467 quia,.
2095 4396 2460 4454 Columbanus
2505 4396 2641 4455 abba
2691 4397 3467 4469 presbyterumriutcrrogavit

1890 4494 1934 4548 si
1966 4493 2133 4549 sciret
2157 4492 2473 4564 aliquem-in
2509 4491 2798 4548 solitudine
2843 4490 3021 4548 locum
3056 4491 3110 4546 in
3136 4506 3247 4561 quo
3272 4490 3461 4551 celluh

205 4576 435 4646 auguria
466 4585 524 4633 et
546 4578 921 4646 divinationes,
951 4590 1005 4637 et
1029 4582 1192 4637 multa
1218 4599 1339 4654 qua:
1362 4588 1631 4643 contraria
1657 4598 1785 4643 sunt
1813 4564 2005 4640 δῆθε-ἱ
2054 4583 2348 4655 potuisset,
2386 4583 2644 4639 custodiis
2690 4581 3078 4653 aliquantulum
3125 4581 3470 4652 regularibus

204 4668 379 4724 cultui
420 4669 601 4726 divino
634 4673 1006 4742 superstitiosa
1050 4683 1339 4732 sectantes.
1389 4677 1575 4734 Sancti
1622 4679 1787 4749 igitur
1882 4683 2204 4745 opportuna.
2276 4672 2482 4744 Hospes
2550 4680 2864 4729 sanctorum
2924 4671 3067 4727 huic
3127 4670 3467 4743 inquisitioni

205 4759 458 4816 homines
497 4775 618 4816 cum
652 4764 943 4833 coepissent
978 4764 1119 4820 inter
1161 4765 1278 4821 illos
1318 4767 1589 4835 habitare,
1618 4771 1778 4826 doce-

204 4851 343 4906 bant
375 4862 469 4908 eos
500 4854 725 4910 adorare
749 4855 963 4912 Patrem
992 4867 1049 4912 et
1071 4857 1263 4913 Filium
1294 4867 1349 4914 et
1369 4859 1635 4929 Spiritum
1657 4876 1775 4917 san-

1885 4764 2201 4834 respondit:
2238 4764 2294 4820 id
2318 4764 2421 4821 hac
2450 4763 2738 4820 solitudine
2775 4763 2930 4819 locus
2950 4761 3172 4832 quidam
3202 4770 3285 4818 est
3317 4762 3457 4820 anti-

1883 4870 2003 4925 quze
2047 4864 2337 4911 structuras
2376 4854 2791 4910 servansinter
2834 4854 3043 4909 ruinas.
3066 4853 3320 4923 vestigia,
3366 4853 3458 4908 ubi

204 4953 380 5011 ctum,
426 4954 480 5002 et
512 4948 783 5003 custodire
823 4949 943 5004 fidei
983 4950 1288 5006 veritatem.
1344 4953 1540 5008 Beatus
1567 4969 1789 5024 quoque
1880 4955 2022 5000 terra
2054 4946 2265 5017 pinguis
2293 4954 2348 5001 et
2376 4943 2691 4999 fructuariis
2724 4942 3073 5013 proventibus
3122 4950 3268 5013 apta.
3295 4957 3453 5007 mon-

205 5035 393 5091 Gallus
437 5038 610 5093 sancti
637 5038 737 5093 viri
770 5038 1082 5110 discipulus,
1112 5041 1231 5095 zelo
1270 5043 1484 5112 pietatis
1512 5053 1778 5110 armatus,

208 5127 335 5182 fana
373 5128 424 5183 in
450 5129 644 5198 quibus
671 5130 948 5187 daemoniis
983 5131 1381 5200 sacrificabant,
1417 5134 1524 5206 igni
1555 5148 1784 5192 succeuo

207 5217 381 5285 dit,et
402 5230 734 5290 quzecunque
756 5220 968 5277 invenit.
985 5221 1187 5288 oblata,
1216 5223 1551 5280 demersit‘in
1580 5225 1778 5281 lacum.

278 5380 306 5451 ξ
334 5369 1060 5451 Alamanniamjieivetieam
1087 5375 1349 5434 Martinus
1373 5377 1598 5435 Crusius
1640 5378 1787 5436 libro

204 5441 385 5509 primo
420 5441 485 5494 de
523 5441 658 5510 Rep.
680 5442 795 5498 Hel.
826 5444 1076 5513 appellat.

208 5577 256 5593 η
281 5508 311 5593 ξ
337 5507 497 5593 surio
514 5510 771 5593 [bimagus
793 5514 1005 5593 dicitur,
1030 5516 1192 5593 vulgo
1218 5517 1265 5593 le
1285 5515 1780 5593 Limahhodiernat

208 5577 473 5658 pelvgtize
512 5577 872 5658 fluviushaud
905 5577 1181 5658 ignobilis,
1236 5587 1410 5658 lacum
1437 5577 1777 5658 Tigurinum,

209 5648 301 5730 Illic
349 5649 658 5730 'I:uricinur_n
705 5652 905 5730 dictum
926 5648 1271 5730 'ingreditur,
1321 5656 1472 5712 alluit
1503 5648 1777 5730 Tigururn

207 5716 480 5803 “figor-ina?
522 5723 759 5803 regionis
802 5716 1368 5803 urbemfprimarihm.
1394 5735 1465 5803 ﬁt
1497 5716 1685 5803 βρεῆκ
1726 5728 1776 5784 in

208 5788 423 5849 Arelazn
460 5788 703 5862 inﬂuens,
744 5795 959 5861 insimul
1001 5788 1053 5854 in
1093 5788 1366 5856 sinistram
1393 5788 1563 5857 Rheni
1606 5790 1776 5871 ripam

1885 5046 1969 5094 tes
2006 5055 2103 5110 per
2129 5037 2578 5109 gyrum-excelsi,
2619 5052 2835 5093 oremus
2864 5045 3039 5094 vastae
3060 5043 3134 5093 eL
3160 5036 3456 5091 imminens

1886 5129 2104 5200 oppido,
2147 5127 2396 5197 planities
2434 5128 2646 5198 copiosa
2686 5128 2889 5184 victum
2937 5128 3304 5199 quaerentibus
3340 5126 3457 5184 fru-

1888 5227 2032 5276 ctum
2077 5218 2285 5275 laboris
2312 5234 2418 5275 non
2457 5226 2637 5290 negat.
2677 5218 2748 5275 Et
2783 5233 2909 5275 cum
2949 5219 3049 5275 loci
3087 5219 3258 5291 ipsius
3290 5220 3457 5274 situm

1884 5372 2402 5446 devolvitur._Porro
2429 5374 2484 5446 in
2507 5375 2681 5446 capite
2705 5373 2853 5446 lactis
2878 5368 3466 5446 TiguripiWaiafridus

1884 5446 1997 5516 hic_
2019 5447 2174 5516 ponit
2209 5441 2742 5516 Tucconiam,_'vulgo
2772 5441 3023 5516 Tuggeu.
3048 5441 3246 5516 confer
3272 5442 3458 5516 fuam

1885 5515 1943 5572 S.
1968 5511 2282 5571 C(rlumbani
2311 5524 2529 5570 auctore
2552 5511 2707 5579 Iona:
2737 5530 2766 5571 a
2794 5511 2943 5570 num.
2967 5514 3057 5570 49.
3083 5513 3242 5567 Notat
3262 5511 3458 5567 Golda-

1885 5594 2002 5642 stus
2023 5584 2542 5657 Tucconiamhodic
2570 5586 2856 5657 Tuggium,
2886 5583 3173 5657 Vernacule
3202 5581 3317 5653 Zug
3339 5582 3461 5637 ideo

1886 5655 2203 5726 appellatam
2233 5656 2607 5726 quodiveteres
2627 5653 2906 5726 Alamanni
2936 5656 2993 5726 τὲ
3017 5653 3059 5726 Τ
3079 5661 3287 5726 mutare
3316 5668 3461 5726 ama-

1888 5719 2008 5781 rent
2030 5726 2084 5780 in
2111 5723 2154 5778 Ζ
2178 5742 2189 5778 :
2216 5719 2358 5781 unde
2378 5725 2686 5782 Turicinum‘
2710 5724 2920 5780 Zurich.
2949 5724 3207 5778 Tabernae
3234 5719 3462 5786 labem,

1888 5798 2199 5869 Duraaquze
2226 5794 2573 5863 Ζηηαειινρι
2606 5797 2655 5852 id
2689 5811 2858 5867 genus
2888 5792 3103 5855 similia.
