3978 6310
522 294 650 379 "ess

1083 326 1480 384 WALAFRIDI
1520 304 1768 384 eruam
1804 323 2005 381 FULD.
2049 320 2097 377 si

2205 362 2214 376 .
2250 320 2406 380 OPP.
2442 322 2624 381 PARS
2657 322 2726 381 Il.
2763 353 2833 367 —
2866 325 3257 386 HISTORICA.

539 434 638 511 per
672 440 840 496 multa
877 441 1172 508 laudasset,
1204 443 1463 517 iudicavit
1520 457 1715 498 nomen
1749 437 1867 508 ejus
1894 439 2118 509 Brigan-
2148 444 2199 500 Α
2226 445 2366 492 sent.
2395 437 2537 505 Quin
2568 437 2734 494 etiam
2753 433 3119 496 adventantes
3148 453 3467 511 peregrinos
3504 440 3813 511 huiusmodi

540 531 697 586 tium.

1156 624 1383 684 CAPUT
1422 625 1510 682 Vl.

543 707 872 787 Ut‘eumdem
904 714 1076 787 locum
1104 714 1352 780 adierint,
1374 728 1422 771 et
1443 719 1568 787 quid
1598 718 1651 772 in
1675 724 1921 770 conventu
1945 710 2124 781 populi

601 782 1003 859 beatus'Callus
1029 786 1207 859 fecerit
1232 802 1250 839 :
1277 782 1503 859 qualiter
1533 790 1824 842 oratorium
1862 793 2123 839 restaura-

605 854 794 922 ινιτ-δικ,
823 865 872 910 et
901 854 1138 928 quandiu
1166 854 1358 913 ibidem
1383 860 1727 913 constiterint.

606 962 719 1020 Illis
748 965 913 1037 igitur
940 967 1067 1023 illuc
1097 968 1176 1024 ire
1205 970 1567 1041 cupientibus,
1598 967 1811 1039 paravit
1838 966 2120 1038 presbyter

535 1055 843 1112 naviculam
886 1065 941 1113 et
979 1058 1237 1130 imposuit
1274 1060 1523 1131 remiges.
1554 1058 1890 1115 Venerabilis
1935 1065 2118 1110 autem

532 1145 672 1202 abba
703 1162 826 1203 cum
866 1149 1155 1207 comitibus
1183 1150 1337 1206 Gallo
1373 1161 1429 1205 et
1465 1151 1699 1221 quodam
1746 1149 1973 1204 diacono
2017 1162 2139 1202 na-.

533 1250 655 1292 vero
694 1241 1063 1296 conscendens
1107 1242 1356 1297 invocato
1397 1244 1616 1298 nomine
1654 1242 1888 1307 Domini,
1930 1241 1995 1296 azl
2033 1241 2118 1296 lo-

532 1339 658 1382 cum
686 1326 1048 1384 desideratum
1075 1331 1161 1385 via
1193 1340 1337 1387 recta
1365 1333 1628 1401 pervenit.
1672 1332 1883 1401 Egressi
1921 1331 1988 1386 de
2024 1347 2119 1384 na-

516 1415 728 1483 -vicula,
758 1420 1055 1477 oratorium
1095 1423 1149 1477 in
1185 1424 1443 1478 honorem
1479 1432 1682 1479 sanetae
1716 1423 1949 1478 Aurelia:
1983 1438 2114 1478 con-

530 1522 798 1572 structum
828 1518 1099 1584 adierunt,
1131 1521 1274 1590 quozl
1306 1522 1649 1591 postmodum
1678 1522 1869 1576 beatus
1895 1519 2113 1575 Colum-

528 1604 705 1665 bonus
748 1609 802 1665 in
842 1612 1079 1680 priscum
1121 1615 1399 1668 renovavit
1442 1615 1722 1670 honorem.
1752 1614 1880 1669 Post
1904 1615 2110 1669 oratio-

470 1710 477 1717 ‘
528 1712 653 1754 nem
680 1714 803 1756 cum
839 1716 939 1771 per
962 1718 1152 1774 gyrum
1179 1705 1350 1760 oculis
1386 1714 1580 1760 cuncta
1620 1705 1962 1767 lustrassent,
1988 1705 2108 1775 pla-

2219 525 2364 598 juvit
2406 529 2621 597 solatio,
2653 540 2710 586 et
2747 531 2816 586 de
2858 532 3050 588 eodem
3096 530 3281 588 labore
3319 532 3580 587 assiduas
3622 534 3813 603 populo

2224 623 2626 680 benedictiones
2653 623 2922 679 exhibuit.
3548 648 3549 651 η

2808 735 3037 793 CAPUT
3074 736 3184 793 VII.

2222 827 2367 894 Quas
2402 829 2698 886 dwmonum
2738 847 2883 885 uoces
2929 829 3113 887 Gallus
3152 833 3413 903 audierit,
3453 842 3511 887 et
3552 832 3812 900 quomodo

2683 902 2819 956 idem
2844 918 2995 956 error
3017 906 3342 959 abscesserit.

2288 992 2358 1046 At
2398 993 2521 1048 dum
2566 995 2802 1064 quodam
2850 1003 3093 1067 tempore
3137 998 3273 1051 retia
3318 1011 3416 1051 sua
3465 995 3722 1050 mitteret
3760 992 3810 1048 ὣ

2217 1082 2439 1152 pelagus
2470 1084 2521 1138 in
2553 1086 2772 1141 silentio
2799 1086 2996 1152 noctis,
3036 1088 3241 1142 audivit
3273 1088 3586 1143 (temonem
3624 1100 3812 1156 magno

2218 1174 2367 1229 vocis
2401 1177 2626 1247 strepitu
2662 1177 2729 1232 de
2762 1179 2967 1234 vertice
3005 1180 3205 1233 montis
3243 1180 3479 1248 proximi
3524 1186 3809 1233 vocantem

2220 1267 2504 1335 quemdam
2541 1268 2770 1324 alterum
2803 1271 3125 1325 nominatim
3155 1269 3309 1340 quasi
3342 1272 3397 1324 iu
3437 1271 3642 1340 pelago
3665 1284 3809 1322 com-

2218 1367 2539 1414 morantem.
2578 1359 2823 1429 Cumque
2859 1371 2915 1415 et
2955 1361 3000 1414 is
3035 1362 3126 1431 qui
3168 1362 3471 1417 vocabatur
3510 1369 3719 1429 praesto
3754 1373 3810 1413 se

2214 1459 2335 1500 esse
2381 1448 2536 1516 quasi
2580 1448 2648 1504 de
2694 1448 2811 1504 lacu
2850 1451 3233 1520 responderet:
3285 1451 3598 1518 Consurge,
3642 1448 3809 1517 inquit

2214 1535 2325 1600 ille,
2355 1536 2406 1590 in
2437 1537 2760 1607 adjutorium
2792 1538 2947 1604 mihi,
2996 1547 3055 1593 ut
3094 1540 3414 1609 peregrinos
3450 1540 3596 1593 istos
3630 1537 3809 1607 ejiciav

2214 1640 2335 1680 mus
2373 1627 2438 1680 de
2477 1627 2563 1681 bis
2600 1629 2817 1683 sedibus
2856 1646 2869 1681 :
2911 1629 3038 1698 quia
3074 1630 3175 1699 ipsi
3204 1631 3275 1685 de
3305 1629 3466 1700 longe
3503 1630 3804 1691 venientes,

2214 1728 2301 1769 me
2325 1715 2393 1770 de
2428 1716 2624 1787 templo
2662 1733 2783 1773 meo
2807 1717 3148 1787 expulerunt,
3178 1719 3479 1775 simulacra
3519 1733 3649 1774 mea
3685 1733 3804 1773 ωυ-

527 1790 641 1845 cuit
670 1791 775 1847 illis
802 1794 1033 1863 qualitas
1070 1803 1124 1852 et
1164 1796 1303 1854 situs
1336 1798 1598 1853 locorum.
1628 1798 1833 1853 Deinde
1867 1798 2111 1852 oratione
2139 1800 2186 1860 B
2215 1806 2497 1873 triverunt,
2540 1816 2595 1862 et
2632 1809 2887 1879 populum
2926 1811 3018 1880 qui
3061 1826 3148 1866 me
3188 1812 3551 1894 sequebatur,
3594 1820 3716 1880 post
3750 1825 3806 1865 se

527 1882 827 1952 prtemissa,
861 1885 1007 1942 circa
1044 1891 1343 1945 oratorium
1382 1889 1787 1945 mansiuuculas
1823 1889 1926 1945 sibi
1964 1889 2109 1944 fece-

522 1984 671 2043 runt.
716 1975 1056 2047 Repererunt
1099 1992 1281 2037 autem
1330 1983 1382 2037 in
1435 1982 1634 2053 templa
1682 1990 1789 2036 tres
1846 1982 2110 2047 imagines

524 2080 694 2121 terens
713 2069 1022 2136 deauratas,
1042 2074 1230 2141 parieti
1256 2072 1460 2137 allixas,
1483 2089 1618 2142 quas
1640 2071 1864 2143 populus
1888 2070 2109 2127 dimisso

527 2152 718 2211 altaris
745 2159 882 2211 sacri
915 2161 1061 2213 cultu
1092 2161 1372 2227 adorabat,
1400 2171 1457 2218 ct
1482 2163 1680 2218 oblatis
1710 2161 1994 2217 sacriﬁciis
2022 2162 2107 2216 di-

526 2256 651 2299 cere
680 2249 959 2302 consuevit
987 2267 1003 2303 :
1035 2249 1128 2305 lsti
1162 2260 1286 2306 sunt
1313 2252 1386 2306 dii
1415 2263 1642 2315 veteres,
1672 2263 1728 2307 et
1759 2253 1964 2323 antiqui
2003 2252 2107 2309 hu—

522 2332 609 2403 jus
656 2334 761 2391 loci
805 2343 1030 2402 tutores,
1077 2356 1307 2410 quorum
1350 2342 1543 2399 sol..tio
1580 2355 1633 2397 et
1683 2359 1780 2398 nos
1822 2354 1873 2397 et
1921 2355 2106 2399 nostra

523 2422 820 2494 perdurant
874 2443 1043 2498 usque
1101 2431 1151 2483 iu
1205 2446 1463 2500 praesens.
1514 2432 1879 2488 Columbanus
1928 2434 2106 2502 itaque

525 2514 681 2570 beato
701 2514 855 2574 Gallo
887 2518 939 2573 id
970 2518 1201 2589 iujuuxit
1226 2518 1407 2585 oﬂieii,
1438 2532 1497 2574 ut
1530 2522 1784 2592 populum
1819 2524 1887 2576 ab
1917 2537 2105 2578 errore

523 2604 843 2664 idololatriae
868 2611 935 2666 ad
962 2611 1163 2668 cultum
1203 2611 1296 2668 Dei
1337 2615 1718 2671 exhortatione
1752 2615 1977 2670 salutari
2020 2631 2105 2671 rc-

522 2710 777 2766 vocaret,
807 2702 933 2771 quia
975 2705 1091 2773 ipse
1128 2705 1266 2760 hanc
1297 2721 1327 2759 a
1358 2707 1585 2760 Domino
1617 2707 1843 2776 gratiam
1873 2706 2100 2771 meruit,

523 2794 583 2841 ut
613 2804 722 2845 non
751 2790 922 2846 solum
962 2792 1188 2859 Latium,
1219 2797 1311 2851 sed
1354 2797 1518 2851 etiam
1549 2798 1844 2852 barbaricre
1872 2798 2100 2852 locutio-

525 2879 611 2934 nis
640 2882 1000 2951 cognitionem
1035 2900 1139 2939 non
1170 2900 1388 2955 parvam
1429 2889 1672 2943 haberet.
1695 2888 1935 2958 Cumque
1962 2889 2103 2957 ejus-

522 2971 647 3025 dem
671 2975 850 3042 templi
873 2975 1187 3032 sslemnitas
1212 2988 1483 3049 ageretur,
1509 2981 1653 3035 venit
1682 2980 1964 3037 multitudo
1992 2997 2100 3037 non

2209 1907 2541 1954 averterunt.
2585 1899 2933 1956 Commoveat
2975 1912 3026 1958 te
3069 1903 3265 1972 injuria
3301 1919 3472 1973 quam
3515 1905 3716 1974 patior,
3753 1910 3804 1957 α

2208 1991 2394 2047 hostes
2432 2008 2745 2050 communes
2786 1995 2953 2050 unitis
2989 1996 3195 2078 viribus
3231 2011 3262 2050 a
3305 1998 3519 2051 nostris
3563 1997 3801 2050 terminis

2208 2097 2511 2137 arceamus.
2544 2084 2611 2138 Et
2638 2085 2755 2154 ipse
2789 2086 3097 2156 respondit:
3128 2086 3273 2142 Heu!
3304 2088 3453 2157 quod
3481 2088 3559 2142 de
3586 2088 3697 2142 tuis
3718 2102 3799 2142 ca-

2206 2172 2539 2229 lamitatibus
2562 2190 2775 2239 narras,
2796 2191 2865 2231 ex
2894 2192 3016 2232 meo
3043 2187 3355 2248 contemptu
3384 2179 3659 2250 percipio.
3674 2177 3797 2232 Nam

2168 2322 2181 2331 ,
2206 2282 2347 2323 unus
2371 2282 2435 2323 ex
2475 2268 2580 2323 illis
2623 2286 2711 2325 me
2737 2272 2789 2325 in
2819 2272 3011 2344 pelago
3037 2273 3252 2342 premit,
3282 2283 3339 2329 et
3379 2290 3509 2329 mea
3536 2267 3793 2338 devastat.

2204 2355 2358 2424 cujus
2404 2372 2504 2413 nec
2554 2361 2687 2415 retia
2730 2376 2968 2429 unquam
3008 2379 3360 2433 corrumpere
3405 2380 3667 2437 possunt,
3705 2381 3797 2420 nec

2206 2449 2379 2516 ipsum
2422 2449 2693 2520 decipere,
2735 2454 2860 2521 quia
2912 2454 3191 2511 invocatio
3227 2456 3400 2510 divini
3450 2458 3696 2512 nominis
3734 2458 3798 2513 de

2188 2557 2299 2596 .ore
2336 2542 2455 2611 ejus
2490 2557 2763 2611 nunquam
2805 2544 3006 2600 recedit
3036 2564 3049 2600 :
3089 2549 3216 2616 quia
3257 2548 3514 2603 munitus
3548 2549 3794 2603 continua

2203 2630 2483 2701 vigilantia
2532 2632 2756 2687 insidias
2801 2643 3012 2689 nostras
3076 2638 3399 2691 contemnit.
3453 2639 3797 2707 Quapropter

2204 2730 2314 2776 tam
2355 2733 2542 2779 cautos
2579 2723 2874 2781 bellatores
2904 2725 3032 2781 ﬁdei
3065 2738 3267 2782 nostra:
3306 2744 3417 2782 non
3458 2732 3793 2797 superabunt

2202 2813 2473 2868 versutiae.
2517 2813 2612 2868 llis
2653 2815 2873 2880 auditis,
2917 2817 3001 2871 vir
3040 2818 3134 2872 Dei
3179 2818 3416 2873 munivit
3457 2835 3520 2874 se
3567 2821 3794 2887 undique

2201 2903 2355 2972 signo
2399 2913 2600 2960 sanctae
2635 2906 2849 2972 crucis,
2886 2915 2940 2961 et
2973 2908 3105 2963 dixit
3145 2909 3295 2965 illis:
3334 2909 3394 2964 In
3434 2911 3665 2966 nomine
3698 2910 3793 2965 Do-

2198 2997 2333 3051 niiui
2369 2998 2537 3052 nostri
2568 2996 2693 3053 Jesu
2715 2997 2939 3065 Christi,
2965 3002 3157 3072 adjuro
3195 3017 3292 3057 vos
3321 3013 3381 3057 ut
3420 3005 3791 3060 recedatisde

520 3062 745 3119 minima
780 3067 1070 3135 promiscui
1109 3083 1271 3126 sexus
1296 3080 1350 3126 et
1375 3073 1572 3137 tetatis,
1601 3088 1706 3128 non
1740 3082 1944 3128 tantum
1974 3088 2100 3144 pro-

2205 3091 2322 3148 loco
2347 3091 2475 3157 ista,
2497 3102 2551 3147 et
2576 3095 2844 3148 neminem
2870 3094 2956 3150 hic
2986 3094 3175 3150 hedere
3198 3097 3575 3165 praesumatis.
3601 3097 3791 3154 Deinde

516 3165 644 3226 pter
678 3156 984 3217 festivitatis
1018 3161 1299 3229 lmnorem,
1339 3179 1525 3220 verum
1560 3166 1721 3220 etiam
1749 3167 1819 3220 ad
1844 3166 2098 3221 videndos
2127 3158 2170 3220 C
2201 3200 2322 3240 cum
2369 3185 2437 3240 ad
2483 3185 2631 3241 ιίιιηε
2670 3184 2992 3242 festinanter
3029 3156 3281 3253 καίεεξιγ
3308 3190 3497 3244 abbati
3540 3206 3651 3245 suo
3678 3207 3788 3261 qu

518 3250 835 3321 peregrinos
866 3267 1002 3322 quos
1029 3265 1360 3323 agnoverant
1385 3256 1687 3312 advenisse.
1711 3257 1852 3328 Ergo
1877 3259 2002 3313 dum
2028 3257 2096 3313 ad

506 3339 710 3396 ‘horam
738 3342 997 3400 orationis
1018 3355 1427 3413 concurrerent,
1446 3346 1599 3416 jussu
1627 3349 1914 3403 venerandi
1939 3347 2098 3402 abba-

516 3429 590 3487 tis
624 3430 808 3489 Gallus
844 3435 1010 3507 coepit
1046 3436 1189 3492 viam
1218 3438 1461 3493 veritatis
1487 3440 1770 3496 ostendere
1798 3439 2011 3511 populo,
2042 3448 2099 3495 et

518 3531 578 3580 ut
615 3525 684 3580 ad
728 3527 895 3583 Deum
923 3538 1364 3585 converterentur
1389 3531 1702 3598 admonere,
1743 3542 1910 3602 utque
1944 3528 2097 3588 vanis

518 3609 744 3681 abiectis
767 3614 1054 3671 adorarent
1074 3616 1241 3673 Deum
1270 3619 1507 3687 Patrem,
1529 3631 1830 3677 creatorem
1854 3621 2096 3677 omnium

518 3714 723 3769 rerum,
753 3713 809 3759 et
844 3706 1176 3778 unigenitum
1214 3710 1410 3765 Filium
1438 3711 1555 3779 eius
1592 3713 1645 3767 in
1677 3728 1786 3782 quo
1815 3721 1899 3768 est
1929 3712 2094 3780 salus,

518 3795 630 3849 vita
657 3803 713 3851 et
739 3800 1066 3857 resurrectio
1092 3812 1446 3859 mortuorum.
1474 3804 1541 3859 Et
1574 3805 1628 3860 in
1662 3814 1949 3876 conspectu
1981 3820 2097 3860 om-

518 3884 672 3941 nium
725 3888 991 3959 arripiens
1043 3891 1354 3958 siumlacra,
1401 3904 1457 3949 et
1509 3894 1775 3965 lapidibus
1818 3896 1872 3949 in
1922 3894 2095 3951 frusta

518 3977 913 4045 comminuens,
952 3980 1177 4050 projecit
1216 3984 1271 4039 in
1312 3984 1507 4041 lacum.
1549 3985 1645 4040 llis
1683 3986 1814 4041 visis
1851 3986 2095 4042 nonnulli

504 4070 765 4127 conversi
808 4083 933 4126 sunt
970 4074 1038 4128 ad
1079 4074 1387 4142 Dominum,
1430 4086 1485 4134 et
1524 4077 1844 4135 conﬁtentes
1877 4091 2096 4148 peccata

510 4174 641 4226 sua,
669 4159 856 4217 laudes
885 4163 1109 4219 Domino
1131 4180 1229 4234 pro
1254 4181 1349 4220 sua
1386 4168 1777 4224 illuminatione
1811 4169 2092 4224 dederunt.

516 4250 624 4306 Alii
650 4261 873 4322 propter
898 4255 1192 4326 imaginum
1220 4259 1695 4315 comminutinnem
1725 4261 1803 4314 ira
1831 4270 1887 4315 et
1914 4260 2096 4316 furore

519 4344 799 4408 commoti,
831 4345 979 4415 gravi
1016 4346 1399 4416 indignationis
1430 4351 1578 4406 rabie
1618 4351 1816 4405 turbidi
1850 4366 2093 4406 recesse-

515 4440 667 4487 runt.
691 4432 891 4489 Beatus
909 4444 1085 4490 autem
1110 4437 1475 4493 Columbanus
1493 4440 1653 4510 jussit
1674 4458 1868 4512 aquam
1889 4441 2093 4508 allerri,

2200 3277 2447 3332 audierat
2467 3278 2751 3332 nuntiavit.
2779 3277 2869 3333 Ille
2896 3278 3011 3334 haec
3048 3280 3233 3333 auditu
3260 3283 3600 3351 percipiens,
3624 3284 3789 3338 eccle-

2200 3370 2334 3424 siam
2362 3369 2536 3441 petiit,
2569 3377 2625 3425 et
2656 3370 2807 3440 signo
2833 3370 3065 3440 pulsato,
3098 3368 3294 3426 fratres
3315 3374 3622 3429 convenire
3647 3373 3783 3428 fecit.

2198 3461 2360 3517 Prius
2377 3470 2554 3516 autem
2579 3476 2741 3531 quam
2764 3461 2980 3516 initium
2999 3461 3257 3532 psallendi
3282 3458 3578 3527 fueissetrt,
3600 3465 3786 3518 audit:

2198 3563 2324 3611 sunt
2348 3555 2479 3609 dirae
2506 3568 2668 3609 voces
2703 3552 3086 3609 daemoniorum
3125 3569 3222 3624 per
3256 3554 3527 3609 montium
3566 3558 3786 3612 summi-

2200 3652 2360 3709 tates,
2404 3653 2457 3700 et
2500 3645 2655 3714 quasi
2695 3643 3086 3699 diseedentium
3127 3644 3363 3713 ejulatus
3401 3662 3534 3701 cum
3581 3658 3781 3703 terrore

2197 3739 2471 3795 confusus.
2504 3737 2630 3794 Hmc
2658 3737 2938 3793 audientes
2965 3739 3105 3794 servi
3135 3738 3250 3803 Dei,
3281 3748 3701 3808 prostraverunt
3727 3754 3783 3793 se

2198 3830 2251 3884 in
2276 3831 2600 3894 orationem,
2627 3828 2836 3883 Domini
2866 3829 3198 3898 postulantes
3231 3833 3657 3899 protectionem,
3686 3831 3782 3885 illi-

2196 3937 2301 3991 que
2327 3922 2509 3976 laudes
2538 3931 2592 3975 et
2622 3920 2822 3990 gratias
2852 3920 3238 3990 persolventes,
3261 3922 3390 3990 quia
3421 3937 3522 3979 eos
3553 3922 3783 3979 libet-all

2197 4012 2447 4081 dignatus
2466 4009 2641 4066 estde
2664 4009 2957 4065 terroribus
2983 4009 3363 4080 malignorum.

2784 4120 3010 4176 CAPUT
3048 4119 3180 4175 Vill.

2206 4214 2521 4271 Har/tinnlio
2567 4224 2616 4271 et
2666 4215 2869 4269 malitia
2915 4214 3204 4269 incolarum
3262 4218 3518 4273 σάτον-8ης
3578 4230 3776 4275 sancta

2265 4288 2435 4410 giras,
2481 4296 2530 4340 et
2574 4296 2686 4357 post
2732 4296 3043 4356 prwceptum
3085 4288 3234 4343 duris
3278 4292 3571 4344 consilium
3614 4293 3771 4346 diste-

2302 4375 2363 4410 ειη
2405 4375 2441 4410 ι.
2474 4402 2494 4410 -

2268 4449 2478 4503 Interea
2512 4448 2751 4503 nonnulli
2779 4451 2975 4505 civium
3003 4460 3224 4522 propter
3250 4451 3529 4507 idolorum
3566 4467 3774 4509 suorum

519 4533 578 4579 et
604 4524 929 4583 benedicens
956 4526 1098 4583 illam
1125 4531 1356 4598 aspersit
1380 4546 1442 4585 ea
1468 4533 1740 4603 templum,
1765 4542 1820 4587 et
1845 4535 1970 4588 dum
1989 4535 2097 4590 cir-
2122 4527 2174 4586 D
2198 4540 2564 4606 abolitionem,
2582 4543 2977 4610 pmdicalionis
2998 4559 3184 4600 eorum
3210 4546 3413 4599 monita
3436 4554 3777 4600 contemnen-

519 4616 737 4675 cuirent
756 4618 1066 4689 psallentes,
1092 4618 1359 4675 dedicavit
1382 4621 1685 4677 ecclesiam.
1712 4623 1912 4678 Deinde
1940 4626 2094 4679 invo-

520 4719 645 4767 cato
673 4713 888 4767 nomine
915 4712 1147 4777 Domini,
1179 4714 1333 4768 unxit
1361 4714 1549 4778 altare,
1575 4723 1631 4769 et
1660 4716 1829 4771 beatae
1864 4717 2094 4772 Aurelia:

520 4801 779 4871 reliquias
823 4804 877 4857 in
916 4818 982 4858 eo
1012 4802 1325 4868 collocavit,
1360 4805 1660 4874 vestitaque
1687 4805 1868 4866 altari.
1899 4806 2092 4861 missas

515 4893 755 4963 legitime
775 4896 1194 4964 compleverunt.
1218 4896 1483 4953 Omnibus
1503 4897 1683 4967 itaque
1713 4898 1816 4953 rite
1840 4900 2094 4968 peractis,

519 4999 771 5041 reversus
818 4995 901 5043 est
946 4989 1172 5059 populus
1221 4990 1273 5044 in
1318 5005 1415 5046 sua
1463 5005 1584 5046 cum
1634 4990 1827 5062 gaudio
1875 5008 2087 5064 magno.

516 5075 647 5131 Post
694 5077 808 5133 haec
852 5081 1150 5148 permansit
1198 5081 1270 5136 ibi
1320 5083 1511 5138 beatus
1558 5080 1921 5139 Columbanus
1967 5100 2089 5140 cum

517 5167 977 5224 commilitonibus
1026 5171 1140 5226 suis
1193 5172 1364 5228 tribus
1411 5175 1609 5230 anuis!|
1659 5194 1672 5229 :
1722 5184 1777 5230 et
1826 5175 2089 5231 mdilicata

522 5260 654 5316 inibi
694 5261 908 5327 cellula,
943 5264 1034 5319 alii
1063 5264 1278 5321 hortum
1310 5266 1705 5334 laboraverunt,
1741 5269 1826 5323 alii
1869 5270 2092 5326 arbores

519 5351 815 5423 pomiferas
843 5354 1193 5410 excoluerunt
1228 5374 1241 5410 :
1280 5355 1468 5412 beatus
1495 5373 1626 5414 vero
1654 5357 1838 5415 Callus
1877 5361 2095 5415 texebat

506 5444 682 5510 retia,
710 5453 786 5509 et,
830 5445 1201 5502 misericordia
1239 5446 1334 5504 Dei
1376 5459 1720 5520 cooperante,
1761 5460 1962 5506 tantam
2005 5451 2092 5522 pi-

516 5535 693 5592 scium
724 5536 943 5606 capiam
981 5537 1141 5607 cepit,
1184 5548 1245 5596 ut
1281 5555 1554 5611 nunquam
1599 5541 1858 5596 fratribus
1892 5540 2093 5597 defuis-

605 5684 642 5745 ιᾼ
657 5669 919 5727 Nimirum
958 5673 1292 5745 incompletis
1321 5695 1334 5729 :
1367 5691 1490 5731 nam
1530 5692 1670 5731 anno
1703 5677 1805 5733 612
1839 5695 1953 5732 cum
1992 5677 2094 5733 Co-

514 5735 801 5798 lumbanus
833 5745 1053 5802 uidisset
1078 5735 1330 5801 devictum
1357 5764 1387 5799 α
1419 5746 1734 5803 Theodorico
1773 5748 2091 5804 Tlteodeber-

2196 4640 2310 4697 tes,
2353 4641 2631 4702 eruperunt
2668 4645 2858 4688 contra
2900 4650 2994 4690 eos
3034 4635 3156 4690 odia
3200 4636 3516 4703 concitare,
3565 4636 3773 4692 insidias

2196 4722 2516 4777 machinari.
2546 4721 2661 4789 Qua
2699 4724 2862 4778 etiam
2904 4724 3199 4781 intentione
3249 4724 3500 4781 locorum
3544 4729 3773 4798 ipsorum

2197 4816 2312 4870 duc-
2335 4831 2408 4879 m,
2457 4815 2673 4870 nomine
2711 4814 3050 4882 Gunzonem,
3088 4820 3358 4881 adierunt,
3389 4827 3453 4873 et
3491 4823 3639 4889 apud
3661 4834 3772 4874 eum

2176 4916 2585 4961 accusaverunt
2609 4916 2847 4972 sanctos,
2872 4909 3112 4965 dicentes
3139 4912 3487 4964 venationem
3513 4912 3772 4980 publicam

2195 4997 2248 5052 in
2282 4998 2484 5052 eisdem
2526 4997 2656 5054 locis
2690 5009 2911 5070 prepter
2951 5000 3163 5056 illorum
3189 5001 3601 5057 infestationem
3628 5019 3771 5073 pereo

2174 5087 2470 5156 igrinorum
2498 5100 2617 5142 esse
2643 5090 2931 5144 turbatam.
2955 5087 3074 5156 Quo
3098 5091 3282 5145 audito
3307 5092 3417 5146 dus
3443 5091 3636 5147 furore
3662 5107 3772 5146 sne-

2174 5194 2408 5243 census,
2454 5180 2634 5234 missis
2673 5181 2878 5236 nuntiis
2915 5180 3147 5237 famulos
3182 5181 3276 5235 Dei
3312 5182 3383 5236 de
3426 5182 3553 5236 loco
3591 5183 3768 5236 eodem

2193 5271 2467 5327 discedere
2496 5270 2675 5339 jussit.
2721 5270 2827 5327 Sed
2866 5287 3040 5342 neque
3079 5274 3182 5328 hoc
3218 5270 3413 5327 sullicit
3449 5274 3770 5327 satellitibus

2194 5366 2495 5419 daemonum
2531 5382 2544 5417 :
2575 5364 2701 5433 quin
2728 5364 2891 5418 etiam
2916 5379 3135 5419 vaccam
3163 5379 3350 5418 eorum
3383 5362 3534 5418 furto
3564 5366 3773 5418 absus.

2192 5455 2402 5519 hentes,
2434 5454 2491 5508 in
2523 5454 2664 5508 invia
2692 5453 2897 5509 ducunt
2933 5454 3211 5508 silvarum.
3240 5452 3387 5519 Quos
3416 5468 3544 5507 cum
3576 5453 3684 5508 duo
3704 5449 3770 5505 de

2191 5544 2452 5600 fratribus
2489 5545 2775 5615 e'vestigio
2811 5544 3197 5613 insequuntur,
3246 5552 3643 5617 consul-genta
3690 5542 3771 5596 la-

2190 5688 2320 5733 tum.
2345 5677 2525 5749 relicta
2547 5677 2707 5732 Italia
2736 5688 2891 5749 atque
2915 5675 3195 5749 Germania
3218 5677 3429 5734 Italiam
3456 5677 3763 5749 ingratius

2183 5748 2547 5827 iuquitJonas
2570 5749 2620 5805 in
2647 5750 2761 5819 ejus
2788 5748 2930 5815 Vita,
2957 5764 3081 5803 num
3111 5748 3196 5806 56.
3521 5748 3527 5749 ⁷
3632 5786 3635 5789 μ
