3978 6310
206 344 314 412 98$

224 1014 333 1071 tius
354 1007 508 1067 ducis
528 1001 842 1063 adveniens,
863 996 931 1050 de
957 992 1046 1047 illo
1070 1003 1165 1045 eos
1187 987 1309 1040 loco
1335 989 1643 1037 commeare
1672 985 1807 1042 prae-

226 1102 402 1176 cepit,
432 1112 535 1155 nec
571 1090 870 1151 immerito,
903 1082 1029 1154 quia
1064 1094 1171 1135 non
1199 1083 1285 1131 est
1325 1071 1556 1127 societas
1595 1062 1704 1118 luci
1741 1059 1808 1114 ad

227 1161 500 1256 tenebras.
526 1186 650 1260 Egit
682 1190 860 1239 autem
885 1178 990 1233 hoc
1014 1181 1133 1228 arte
1157 1183 1253 1225 sua
1282 1161 1527 1221 diabolus
1554 1165 1615 1212 ut
1641 1167 1804 1226 popu-
1854 1188 1863 1197 .

229 1290 343 1347 lum
369 1297 531 1357 quem
574 1245 630 1334 in
670 1268 957 1346 praesentia
986 1263 1122 1319 lueis
1147 1259 1396 1314 amittere
1425 1250 1609 1320 ccepit,
1639 1245 1815 1300 disce-

226 1331 403 1436 dente.
441 1331 744 1429 sanctitatis
791 1358 1020 1430 fulgore,
1066 1347 1306 1408 tenebris
1343 1344 1634 1410 occuparet
1676 1331 1815 1387 anti-

235 1469 381 1543 quis.
411 1459 598 1520 Sancti
637 1456 802 1528 igitur
825 1423 952 1514 viri,
984 1443 1211 1500 moleste
1243 1438 1476 1493 ferentes
1502 1428 1647 1500 quod
1684 1423 1815 1479 sede

241 1778 361 1802 υιυυ
397 1778 556 1796 μην.
597 1778 952 1790 ,μη----ηηη
1403 1778 1415 1782 _

241 1832 343 1891 lari
380 1850 395 1887 :
439 1826 745 1885 Invenimus
781 1818 1032 1890 quidem,
1079 1810 1304 1870 fratres,
1349 1805 1436 1859 his
1481 1800 1535 1853 in
1578 1793 1824 1868 partibus
1854 1778 1899 1837 Β

244 1924 465 1983 auream
493 1917 777 1980 concham,
800 1888 895 1967 sed
914 1903 1196 1964 venenatis
1219 1895 1563 1968 serpentibus
1584 1888 1821 1959 plenam.

245 2017 415 2075 Cedat
447 2021 631 2067 tamen
674 2002 914 2062 tristitiae
951 1999 1178 2069 languor
1216 1986 1469 2050 exitialis,
1509 1981 1637 2051 quia
1674 1983 1823 2031 certa

245 2116 333 2166 est
358 2104 551 2162 lldncia
581 2101 648 2156 de
675 2095 876 2153 auxilio
900 2085 1241 2163 protectoris.
1265 2080 1406 2135 Deus
1428 2074 1573 2130 enim
1600 2069 1687 2126 cui
1713 2081 1828 2122 ser-

246 2200 427 2256 vimus
454 2192 701 2266 angelum
728 2201 883 2244 suum
910 2183 1089 2239 mittet
1117 2174 1419 2234 nobiscum,
1446 2165 1539 2237 qui
1573 2177 1674 2218 nos
1707 2174 1830 2230 per—

455 2247 914 2353 adohgilolpltttm
952 2264 1431 2337 Langobardorum
1479 2268 1694 2324 regem,
1738 2247 1831 2303 ubi

213 2412 217 2416 λ
253 2386 372 2458 ejus
401 2350 683 2439 clementia
709 2374 1047 2443 prmpamnte
1075 2364 1340 2417 humanos
1369 2350 1593 2407 allectus
1619 2353 1675 2402 ct
1702 2356 1834 2414 pace

214 2506 217 2509 π
253 2448 471 2552 plenum
498 2463 849 2527 habitationis
878 2458 1054 2514 locum
1086 2448 1443 2507 inveniemus.

866 2563 1092 2628 CAPUT
1126 2560 1220 2619 IX.

262 2676 505 2746 Qualiter
537 2662 918 2746 discedentibus

331 2705 1196 2808 :3;Laziiifﬂiﬁéléiaistim
1228 2739 1262 2776 a
1306 2705 1601 2773 Willimaro
1629 2705 1843 2780 presby-

331 2828 442 2873 tero
471 2822 705 2883 receptus
733 2808 821 2861 sit.

250 2932 255 2937 ”
334 2926 466 2983 Post
508 2923 628 2978 haec
671 2918 859 2988 igitur,
886 2925 1007 2969 eum
1034 2898 1408 2980 proﬁciscendi
1440 2904 1651 2964 tempus
1681 2889 1850 2944 insta-

265 2975 621 3084 ret—,vbealum
656 2975 869 3064 clum
905 2975 1188 3071 repentina
1233 2990 1401 3048 febris
1442 2982 1659 3041 invasit.
1697 2975 1852 3033 Unde

270 3068 483 3165 and.
519 3101 601 3160 sui
632 3098 857 3172 pedibus
888 3068 1193 3151 advolutus,
1227 3078 1488 3139 indicavit
1526 3089 1586 3131 se
1626 3068 1851 3127 inﬁrmi-

271 3302 432 3362 posse
456 3282 741 3357 perlicere.
768 3277 861 3333 Ille
882 3289 1010 3330 vero
1032 3268 1353 3335 existimans
1379 3274 1502 3316 eum
1531 3272 1628 3329 pro
1659 3248 1859 3307 labori-

274 3342 378 3439 bus
404 3342 604 3434 ibidem
629 3365 1071 3430 consummandis
1096 3373 1283 3416 amore
1308 3354 1412 3410 loci
1438 3353 1738 3410 detentum,
1760 3342 1861 3396 via:

274 3469 536 3540 longioris
572 3466 875 3521 detrectare
910 3458 1180 3518 laborem,
1214 3448 1347 3506 dicit
1373 3445 1463 3501 ei:
1496 3441 1642 3504 Seio,
1672 3436 1860 3499 frater,

273 3526 400 3637 ian:
411 3561 508 3618 tibi
541 3569 831 3615 onerosum
863 3564 985 3607 esse
1010 3547 1173 3604 tantis
1198 3557 1299 3614 pro
1323 3556 1411 3596 me
1436 3534 1712 3592 laboribus
1739 3526 1865 3583 fati-

281 3655 397 3729 gari
423 3671 438 3708 :
470 3660 653 3707 tamen
691 3647 797 3702 hoc
811 3644 1152 3699 discessurus
1165 3632 1426 3691 denuntio
1440 3670 1456 3695 ,
1472 3642 1539 3683 ne
1552 3639 1637 3680 me
1651 3623 1866 3679 vivente

282 3708 314 3729 ο
358 3708 389 3709 η

254 3740 337 3802 ’ὶη
361 3757 606 3815 corpore,
637 3738 860 3794 missam
881 3733 1158 3788 celebrare
1179 3735 1496 3797 pessumas.
1531 3717 1599 3771 Et
1647 3728 1767 3770 cum
1814 3708 1864 3763 ei

280 3804 558 3892 licenti-am
593 3844 691 3901 per
718 3818 1148 3883 seconversandi
1179 3815 1435 3875 dedisset,
1463 3808 1608 3864 viam
1660 3804 1867 3873 ingres-

224 3960 231 3967 κ
282 3942 376 3983 sus
401 3930 488 3980 est
505 3895 756 3977 abeundi.
780 3914 911 3969 Post
935 3912 1205 3967 discessus
1230 3901 1473 3973 magistri
1498 3906 1555 3953 et
1575 3895 1865 3956 sociorum,

254 3978 627 4074 ‘liallusretia
649 4021 745 4063 sua
770 4012 826 4059 et
850 4012 1107 4071 sagenam
1132 3994 1255 4049 navi
1284 3993 1589 4060 imponens,
1633 3984 1702 4037 ad
1729 3978 1867 4034 Wil-

288 4108 539 4163 limarum
586 4068 963 4173 presbyterum
1002 4088 1171 4152 venit,
1221 4091 1278 4139 et
1323 4095 1447 4137 cum
1488 4073 1772 4132 obtulisset
1820 4068 1872 4123 ei

234 4242 237 4245 μ
292 4198 452 4260 retia,
474 4163 614 4250 inter
640 4163 910 4258 lacrjtmas
931 4190 985 4239 et
1012 4176 1263 4249 ett5piria,
1290 4167 1525 4228 retexuit
1548 4163 1729 4220 omnia
1753 4174 1873 4230 quae

292 4298 445 4364 gesta
467 4286 681 4342 fuerant
707 4251 852 4336 circa
881 4275 1078 4330 fratres
1102 4284 1248 4326 suos.
1300 4262 1504 4320 Deinde
1544 4251 1875 4313 inﬁrmitatis

789 4372 902 4402 hum
950 4365 1154 4402 Iun-Inv“
1185 4376 1307 4402 natm
1335 4366 1395 4402 ut
1436 4354 1518 4402 sui
1561 4365 1750 4402 curam
1795 4347 1878 4402 dl-

296 4479 558 4545 gnaretur
599 4465 818 4522 habere.
898 4458 1001 4526 Qui
1049 4452 1348 4522 suscipiens
1388 4460 1511 4503 eum
1565 4458 1688 4499 cum
1728 4437 1874 4495 omni

298 4560 585 4619 charitatis
609 4552 892 4623 obsequio,
944 4551 1162 4603 domum
1192 4541 1425 4597 vicinam
1463 4533 1710 4591 ecclesia:
1759 4529 1877 4600 ejus

302 4651 612 4711 necessitati
642 4643 930 4706 concessit,
960 4648 1014 4695 et
1034 4636 1243 4691 duobus
1264 4628 1477 4687 clericis
1502 4626 1618 4682 suis
1653 4623 1875 4692 Magno-

2530 717 2758 777 CAPUT
2794 716 2864 772 Χ.

1907 865 2205 924 Insinuatio
2235 856 2513 916 Hiltiboldi
2557 853 2765 924 diaconi
2794 846 3294 924 delocosolitarite
3334 843 3485 900 habi.

2124 930 2358 996 tationis;
2387 942 2545 999 quam
2573 925 2651 979 vir
2677 921 2889 976 Domini
2919 914 3266 973 desiderabat.

1978 1049 2246 1104 Diaconns
2310 1042 2495 1110 itaque
2563 1033 2835 1106 saepedicti
2895 1029 3225 1104 presbyteri.
3275 1027 3492 1099 nomine

1911 1138 2257 1199 Hiltiboldns,
2298 1145 2489 1189 omnes
2513 1094 2681 1183 eremi
2709 1094 2933 1181 semitas
2961 1094 3118 1177 notas
3158 1118 3394 1174 habebat
3437 1094 3492 1173 et

1912 1244 2191 1294 secessus;
2214 1223 2422 1281 solebat
2444 1220 2589 1276 enim
2619 1217 2850 1288 piscium
2891 1222 2947 1269 et
2970 1211 3288 1282 accipitrum
3326 1221 3493 1273 causa

1914 1319 2296 1394 capiendorum
2318 1312 2516 1383 saepius
2535 1306 2876 1365 solitudinem
2899 1300 3203 1373 pervagari,
3220 1304 3496 1354 etsecreta

1916 1415 2155 1472 locorum
2194 1422 2298 1463 usu
2341 1402 2650 1475 quotidiana
2702 1396 3031 1468 perdiscere.
3080 1390 3217 1445 Huic
3246 1403 3370 1444 cum
3415 1386 3499 1441 vir

1917 1510 2138 1561 sanctus
2171 1491 2555 1551 familiaritatis
2579 1503 2689 1545 suae
2711 1486 2941 1557 gratiam
2970 1480 3333 1555 praestitisset,
3355 1492 3517 1547 quaem

1919 1598 2048 1654 sivit
2089 1593 2159 1649 ab
2182 1605 2249 1647 eo
2282 1604 2351 1644 an
2392 1587 2686 1642 invenisset
2732 1593 2966 1648 unquam
3002 1576 3056 1630 in
3092 1571 3380 1629 solitudine
3423 1568 3503 1624 lo-

1922 1704 2046 1747 cum
2086 1684 2241 1756 aquis
2268 1678 2629 1737 abundantem
2652 1672 2805 1744 puris
2834 1678 2889 1724 et
2912 1665 3240 1728 salubribus,
3281 1659 3506 1732 planitie

1927 1749 2183 1840 stratum,
2206 1781 2262 1829 et
2289 1767 2539 1827 humanis
2564 1763 2800 1820 cultibus
2845 1765 3227 1829 opportunum.
3286 1749 3507 1806 Deside-

1925 1871 2031 1933 rio,
2067 1865 2338 1937 inquiens,
2378 1858 2544 1915 animi
2589 1851 2846 1911 ferventis
2889 1855 3153 1909 esazstuo,
3204 1841 3428 1912 cupiens
3453 1837 3510 1892 in

1925 1936 2216 2026 solitudine
2261 1963 2462 2018 ducere
2507 1956 2623 2011 dies
2671 1951 2800 2008 huic
2837 1949 2957 2003 vitae
3000 1956 3309 2005 concessos,
3356 1936 3511 2006 juxta

1927 2060 2072 2132 quod
2114 2055 2401 2114 Psalmista
2446 2047 2762 2121 pronuntiat
2804 2044 3039 2099 dicens:
3093 2037 3225 2091 Ecce
3277 2031 3514 2102 elongavi

1932 2150 2133 2222 fugiens
2181 2156 2228 2201 et
2270 2142 2442 2198 mansi
2498 2142 2555 2195 in
2595 2134 2896 2193 solitudine.
2974 2125 3353 2197 Exspectabam
3398 2136 3517 2175 eum

1930 2211 2019 2313 qui
2052 2236 2255 2293 salvum
2282 2249 2362 2287 me
2389 2230 2604 2301 faceret,
2635 2234 2691 2282 et
2722 2223 2928 2294 reliqua
2963 2215 3137 2291 (Psal.
3165 2212 3295 2283 uv).
3326 2211 3516 2267 Diaco-

1936 2300 2038 2385 nus
2065 2324 2342 2396 respondit
2369 2341 2382 2376 :
2412 2320 2556 2384 Haec,
2579 2334 2613 2373 o
2637 2317 2816 2378 Pater,
2850 2309 3084 2367 solitudo
3111 2305 3269 2376 aquis
3312 2310 3401 2357 est
3445 2300 3520 2355 in-

1939 2422 2053 2477 fusa
2101 2393 2497 2486 frequentibus,
2550 2408 2839 2479 asperitate
2902 2398 3183 2462 terribilis,
3246 2393 3523 2453 montibus

1940 2513 2094 2585 plena
2132 2483 2424 2580 praecelsis,
2478 2500 2722 2573 angustis
2760 2494 2991 2553 vallibus
3023 2490 3285 2551 flexuosa,
3337 2483 3525 2541 bestiis

1943 2616 2189 2676 possessa
2213 2594 2545 2653 saevissimis.
2578 2591 2712 2647 Nam
2736 2595 2932 2660 praeter
2956 2596 3148 2640 cervos
3177 2587 3233 2634 et
3262 2578 3526 2632 innocuo—

1945 2710 2066 2751 rnm
2098 2705 2288 2765 greges
2312 2686 2644 2749 animalium,
2671 2695 2829 2737 ursos
2852 2677 3029 2750 gignit
3054 2671 3340 2746 plurimos,
3366 2682 3528 2739 apros

1946 2780 2392 2844 innumerabiles,
2441 2778 2598 2847 lupos
2644 2786 2929 2831 numerum
2981 2765 3327 2828 excedentes,
3381 2759 3530 2815 rabie

1950 2877 2271 2949 singulares.
2306 2872 2496 2927 Timeo
2522 2868 2686 2939 igitur
2713 2880 2784 2921 ne
2814 2863 2861 2919 si
2898 2870 2949 2917 te
2984 2859 3114 2914 illuc
3139 2855 3421 2915 induxero,
3465 2850 3534 2905 ah

1949 2948 2255 3037 huiusmodi
2284 2961 2533 3018 hostibus
2553 2955 2851 3014 devoreris.
2880 2954 2958 3007 Ad
2986 2952 3103 3007 haec
3131 2948 3215 3001 vir
3259 2952 3482 3003 sanctus
3517 2959 3531 2995 :

1951 3035 2217 3130 Apostoli,
2250 3054 2446 3126 inquit,
2474 3050 2743 3107 sententia
2790 3043 2997 3102 est:Si
3045 3041 3187 3097 Deus
3225 3053 3319 3109 pro
3366 3035 3536 3098 nobis,
3566 3056 3582 3072 -

1879 3137 1925 3201 C
1955 3124 2072 3220 quis
2094 3156 2275 3201 contra
2295 3124 2389 3198 nos
2424 3140 2598 3214 (Rom.
2628 3139 2792 3207 vui)?
2819 3137 2904 3201 Et,
2936 3134 3144 3191 Scimus
3174 3129 3425 3202 quoniam
3462 3124 3540 3180 di-

1936 3213 2233 3307 ligentibus
2256 3232 2425 3287 Deum
2456 3230 2630 3285 omnia
2657 3235 3004 3296 coaperantur
3028 3223 3082 3277 in
3104 3221 3295 3276 bonum
3325 3213 3539 3285 (lbid.).

1962 3330 2064 3399 Qui
2092 3326 2362 3384 Danieletn
2394 3321 2644 3378 liberavit
2688 3321 2756 3376 de
2805 3317 2923 3372 lacu
2971 3315 3211 3377 leonum,
3258 3315 3439 3381 potest
3488 3315 3543 3361 et

1964 3436 2052 3478 me
2078 3419 2292 3489 etipere
2312 3417 2379 3470 de
2404 3428 2568 3469 manu
2606 3410 2925 3467 bestiarum.
2972 3406 3071 3461 Cui
3118 3403 3379 3459 diaconus
3428 3397 3545 3453 inec

1964 3508 2242 3585 reapondit
2268 3525 2281 3561 :
2312 3505 2462 3563 Mitte
2492 3504 2547 3558 in
2572 3516 2756 3573 peram
2787 3508 2931 3553 tuam
2971 3494 3173 3552 cibaria
3195 3499 3250 3547 et
3278 3499 3394 3547 rete
3417 3504 3543 3562 par-

1965 3607 2270 3667 vissitnum,
2295 3615 2419 3657 cras
2442 3597 2588 3652 enim
2633 3592 2969 3649 introducam
3001 3597 3051 3643 te
3080 3587 3133 3643 in
3162 3600 3405 3643 eretnum
3425 3600 3441 3649 ;
3464 3652 3467 3659 ι
3492 3590 3548 3636 et

1967 3697 2014 3753 si
2056 3692 2327 3751 inveneris
2354 3690 2530 3744 locum
2581 3686 2674 3740 tibi
2725 3678 3133 3750 acceptabilem,
3195 3690 3295 3745 age
3343 3652 3548 3745 gratias

1969 3786 2100 3852 Deo,
2137 3791 2192 3843 et
2217 3779 2469 3853 praecepti
2524 3774 2789 3831 Dominici
2835 3770 3046 3840 comple
3094 3768 3349 3839 rigorem.
3400 3765 3546 3839 Dens

1969 3890 2148 3936 autem
2172 3878 2264 3949 qui
2291 3836 2479 3931 edtiitit
2507 3880 2559 3926 te
2584 3870 2651 3925 de
2696 3868 2916 3938 regione
2949 3836 3260 3937 longinqua,
3316 3836 3455 3931 ipse
3480 3858 3553 3913 si-

1950 3981 2063 4029 tcut
2089 3970 2271 4025 Tobiae
2290 3965 2492 4022 famulo
2515 3978 2613 4018 suo
2641 3960 2893 4016 comitem
2918 3956 3134 4011 caelitus
3159 3952 3324 4017 dedit,
3354 3952 3431 4005 ita
3457 3965 3553 4005 an-

1972 4062 2148 4135 gelum
2180 4074 2334 4114 suum
2366 4056 2543 4110 mittet
2572 4051 2874 4114 nobiscum,
2904 4056 2960 4102 et
2983 4044 3236 4103 ostendet
3264 4044 3420 4099 nobis
3467 4041 3549 4095 lo-

1973 4131 2098 4209 cum
2121 4148 2405 4205 desideriis
2423 4143 2749 4201 salutaribus
2777 4147 2982 4209 aptum.
3039 4133 3209 4206 lgitur
3239 4134 3320 4207 vir
3363 4131 3554 4187 beatus

1975 4243 2061 4298 die
2079 4239 2265 4296 eodem
2283 4236 2504 4307 jejunus
2536 4230 2856 4304 permansit,
2908 4237 2964 4282 et
3008 4240 3179 4294 usque
3223 4223 3291 4277 ad
3336 4221 3556 4293 alterius

1976 4333 2081 4390 diei
2106 4328 2399 4386 diluculum
2436 4326 2489 4381 in
2529 4321 2869 4383 orationibus
2915 4313 3273 4389 pernoctavit.
3327 4312 3555 4382 Dignum

1978 4425 2173 4496 quippe
2197 4430 2314 4477 erat
2341 4428 2401 4473 ut
2427 4415 2569 4487 quod
2599 4413 2780 4469 divino
2804 4408 3090 4466 inchoabat
3115 4419 3322 4470 amore,
3347 4404 3550 4459 instan-

1982 4514 2187 4570 tissima
2215 4523 2374 4581 prece
2406 4505 2632 4562 Domino
2658 4501 3081 4558 commendaret.

2579 4610 2804 4671 CAPUT
2858 4609 2952 4666 XI.

264 4762 271 4765 '
302 4748 426 4805 aldo
445 4754 500 4802 et
527 4741 810 4798 Theodoro
832 4737 979 4791 hanc
1003 4725 1417 4786 sollicitudinem
1460 4714 1877 4777 commendavit,
1946 4736 2254 4805 )Quomodo
2277 4750 2395 4788 cum
2419 4733 2641 4786 diacono
2679 4727 2939 4780 desertum
2977 4729 3272 4791 penetrans,
3326 4724 3559 4787 optatum

302 4847 364 4892 ut
395 4850 517 4893 cum
537 4832 681 4889 omni
702 4825 975 4899 diligentia
1005 4820 1122 4889 ejus
1149 4810 1543 4884 recuperationi
1587 4806 1876 4863 servirent.

237 4927 241 4930 ’
306 4928 525 4988 Exactis
555 4925 759 4993 aliquot
817 4918 1026 4979 diebus,
1077 4909 1321 4971 Domino,
1368 4903 1460 4974 qni
1509 4900 1747 4956 medicus
1796 4903 1880 4951 est

307 5035 490 5084 verus,
514 5015 777 5073 medelam
807 5008 1173 5079 impertiente,
1199 4999 1364 5070 cmpit
1385 5006 1600 5050 sumere
1622 4992 1794 5051 cibos.
1829 4995 1888 5041 ct

310 5127 407 5182 per
452 5082 784 5164 incrementa
840 5100 1141 5169 temporum
1189 5090 1543 5148 confortatus,
1590 5082 1887 5153 perfectam

311 5201 563 5269 indeptus
607 5204 690 5251 est
737 5193 1047 5249 sanitatem.
1098 5181 1534 5241 Oinl‘trtnitatem
1585 5171 1735 5225 omni
1788 5171 1886 5224 hu-

315 5262 477 5349 mano
505 5287 698 5344 robore
737 5282 1011 5338 fortiorem
1037 5278 1050 5330 !
1076 5292 1109 5330 o
1145 5274 1347 5327 febrem
1394 5266 1542 5323 omni
1598 5262 1754 5318 laude
1800 5273 1891 5312 co-

316 5384 529 5439 lendatn
560 5380 574 5433 !
605 5395 639 5431 υ
667 5377 976 5445 languorem
1015 5366 1231 5424 sanitati
1257 5370 1311 5417 et
1337 5359 1544 5432 gaudiis
1581 5353 1892 5409 adscriben-

318 5473 482 5528 dum!
518 5441 781 5535 Exemplo
797 5465 940 5520 enim
971 5457 1176 5515 Domini
1217 5468 1316 5526 pro
1367 5448 1520 5505 nobis
1566 5445 1750 5501 Gallus
1799 5441 1895 5496 do-

318 5566 439 5625 luit.
466 5572 529 5618 ut
547 5532 847 5616 animarum
871 5553 1085 5608 mortus
1107 5543 1486 5619 praedicatione
1513 5553 1664 5593 sacra
1711 5532 1892 5603 depel-

288 5716 289 5719 η
324 5656 457 5709 ieret
488 5670 501 5706 :
532 5652 613 5706 ire
642 5661 765 5703 cum
793 5644 1051 5714 magistro
1087 5656 1190 5695 non
1223 5633 1415 5708 potuit,
1452 5638 1509 5682 nt
1555 5626 1709 5681 nobis
1755 5623 1894 5677 tiam

324 5743 571 5803 veritatis
605 5713 934 5803 ostenderet.
967 5732 1097 5788 Vere
1124 5728 1334 5802 patiens
1356 5732 1406 5780 et
1442 5716 1752 5777 misericors
1796 5713 1896 5770 Do-

2051 4788 2294 4890 repererit
2322 4806 2495 4858 locum
2519 4799 2719 4869 sibique
2741 4788 3075 4868 prtt’eleget'il,
3110 4800 3157 4843 et
3183 4790 3246 4843 de
3272 4788 3571 4844 obedientiu-

2051 4896 2181 4933 ursi.

2060 4972 2194 5026 Dum
2231 4975 2409 5022 autem
2437 4961 2629 5018 lucifer
2678 4974 2776 5015 suo
2820 4968 3084 5027 processu
3131 4946 3307 5007 noctis
3342 4947 3563 5004 latibula

1990 5060 2300 5122 detexisset,
2332 5065 2386 5112 et
2407 5054 2486 5109 sol
2512 5050 2769 5107 inferiora
2794 5047 3095 5109 dimittens,
3116 5058 3280 5100 cursu
3308 5045 3564 5097 consueto

1990 5153 2297 5224 superiores
2323 5147 2469 5202 orbis
2499 5144 2686 5215 plagas
2709 5139 2985 5201 inviseret,
3044 5135 3367 5206 igneumque
3402 5129 3566 5200 jn‘bar

1994 5247 2061 5302 ab
2105 5242 2331 5300 orientis
2367 5254 2469 5294 axe
2517 5233 2837 5291 mortalibus
2884 5228 3316 5289 demonstraret,
3364 5218 3565 5289 athleta

1995 5336 2089 5390 Dei
2126 5349 2190 5388 ea
2227 5346 2347 5402 qua!
2386 5330 2578 5384 ductor
2617 5338 2749 5380 suns
2793 5323 3002 5377 dixerat
3030 5331 3209 5373 secum
3258 5326 3564 5373 assumens,

1995 5442 2119 5484 cum
2155 5420 2415 5477 orationis
2451 5414 2846 5477 benedictione,
2877 5412 2966 5466 illo
2994 5414 3287 5481 pneeunte,
3318 5402 3457 5455 viam
3481 5415 3569 5470 ag-

1996 5534 2212 5593 gressus
2232 5524 2332 5571 est.
2364 5513 2604 5581 Cuntquc
2630 5524 2724 5578 per
2761 5517 2929 5563 totum
2979 5505 3118 5557 dictu
3172 5499 3273 5552 iter
3324 5490 3565 5564 agerent.

1998 5616 2140 5670 circa
2174 5612 2361 5665 horam
2386 5618 2581 5660 nonam
2623 5599 2755 5657 dixit
2784 5599 3043 5651 diaconus
3070 5611 3082 5645 :
3106 5589 3284 5652 Pater,
3324 5586 3455 5639 hora
3489 5599 3572 5638 re-

2000 5701 2248 5763 fcctionis
2286 5697 2399 5775 jam
2431 5695 2595 5754 instat
2625 5708 2637 5751 ε
2670 5692 2946 5749 suma‘ntus
2996 5681 3263 5757 paululum
3315 5677 3469 5749 panis
3518 5686 3572 5732 et
3644 5730 3653 5737 ,
