3978 6310
488 348 590 407 987

1043 326 1432 405 murmur
1472 348 1720 404 suum
1758 333 1957 404 rem.
1997 345 2160 401 nos.
2199 346 2350 403 opp.
2388 346 2570 405 PARS
2604 348 2671 405 ιι.
2713 380 2780 390 -
2814 349 3202 408 msromca.

3637 356 3743 415 988

487 474 663 559 aquai,
702 463 827 533 quia
866 462 937 517 ita
968 462 1279 528 confortati,
1319 463 1422 519 vis:
1475 464 1618 532 quod
1648 470 1817 519 restat
1859 463 2050 517 melius
2079 463 2129 522 A
2156 460 2447 529 prostravit
2471 475 2529 516 se
2553 461 2623 516 ad
2644 460 2809 531 pedes
2839 460 2979 531 eius,
3001 471 3058 519 et
3083 464 3220 519 dixit
3254 483 3267 519 :
3299 465 3454 523 Nunc
3474 468 3596 523 scio
3618 484 3745 525 vere

487 555 867 611 consummare
893 556 1206 625 poterimus.
1266 555 1438 611 Homo
1478 555 1574 610 Dei
1621 556 1945 626 respondit:
1977 557 2058 613 Tu

482 646 638 717 juxta
679 647 1060 702 necessitatem
1113 649 1356 719 corporis
1414 648 1763 704 refectionem
1804 650 2057 719 percipe,

490 740 602 806 illi;
639 754 739 809 ego
769 754 875 795 non
907 741 1133 809 gustabo
1167 741 1457 810 quidquam
1487 748 1775 810 antequam
1802 741 2058 797 Dominus

488 829 622 885 mihi
642 830 819 885 locum
848 831 1164 885 desideratas
1190 831 1485 886 mansionis
1513 832 1780 886 ostendat.
1835 832 1901 885 Et
1922 832 2009 887 ille
2042 850 2056 886 :

491 919 668 987 Sicut,
693 920 1043 990 inquit,soéii
1087 937 1272 976 sumus
1310 922 1598 991 passionis,
1641 923 1719 977 sic
1758 923 1960 978 erimus
2005 931 2060 978 et

490 1010 897 1067 consolationis.
933 1010 1028 1067 His
1055 1012 1235 1075 dictis,
1267 1020 1547 1080 cmperunt
1574 1012 1675 1066 iter
1707 1028 1867 1082 agere
1909 1013 2061 1068 festi-

488 1110 641 1165 nato,
662 1102 788 1170 quia
820 1101 933 1155 dies
961 1099 1075 1169 jam
1106 1101 1427 1165 declinabat,
1461 1109 1516 1156 et
1536 1101 1727 1157 solaris
1752 1101 1930 1159 fervor
1961 1118 2059 1172 ap-

488 1191 884 1263 propinquabat
904 1191 1141 1247 occasui.
1169 1192 1445 1247 Venerunt
1479 1201 1655 1246 autem
1676 1192 1742 1246 ad
1773 1194 2059 1263 quemdam

485 1281 759 1337 ﬂuviolum
782 1281 874 1352 qui
902 1280 1157 1337 Stemaha
1199 1280 1330 1353 (aL,
1357 1280 1619 1344 Slemiha,
1652 1280 1863 1355 Staina]
1886 1283 2063 1338 nomi-

486 1381 683 1427 natur:
717 1370 1159 1441 ambulantesque
1207 1386 1307 1440 per
1359 1371 1645 1426 decursum
1693 1372 1880 1441 ipsius,
1933 1373 2060 1427 dum

486 1466 763 1521 venissent
800 1463 868 1519 ad
893 1479 1078 1533 rupem
1110 1464 1176 1519 de
1213 1479 1337 1532 qua
1368 1463 1509 1518 idem
1555 1479 1677 1518 cum
1722 1464 1923 1533 impetu
1970 1463 2064 1519 de-

487 1554 751 1610 scendens
772 1554 1036 1625 gurgitem
1060 1552 1190 1609 facit
1212 1553 1529 1623 spatiosum,
1560 1553 1631 1608 ibi
1671 1553 1920 1608 viderunt
1947 1552 2065 1624 plu-

487 1645 657 1701 rimos
687 1645 881 1715 pisces,
913 1652 967 1700 et
995 1645 1333 1715 imponentes
1351 1644 1487 1699 retia
1518 1659 1638 1707 sua,
1668 1650 1925 1713 ceperunt
1944 1657 2062 1698 eos.

487 1737 615 1805 Igne
662 1732 853 1792 deinde
892 1749 1154 1791 succenso
1197 1733 1457 1790 diaconus
1507 1733 1681 1803 pisces
1737 1732 1959 1798 assavit,
2009 1739 2065 1788 et

2160 550 2443 605 Dominum
2473 566 2593 608 esse
2614 559 2818 620 tecum,
2839 555 3092 624 quoniam
3119 564 3177 611 et
3200 556 3390 615 bestia
3406 561 3582 616 eremi
3610 560 3743 618 obe-

2160 638 2312 693 diunt
2349 640 2468 695 tibi.
2493 640 2587 696 Ille
2613 649 2795 698 autem
2825 643 2961 699 dixit
2985 643 3033 701 ei
3060 662 3074 699 :
3102 643 3246 702 Cave
3272 662 3340 702 ne
3379 650 3611 707 ornan
3644 652 3748 709 hoc

2159 731 2316 786 alicui
2345 733 2570 801 dixeris,
2598 734 2770 790 donec
2792 734 2977 790 videas
2999 736 3224 807 gloriam
3250 737 3371 795 Dei.

2752 846 2979 905 CAPUT
3017 849 3130 905 ΧΗ.

2162 934 2228 991 Ut
2256 938 2551 992 drcmanum
2587 938 2977 1010 phantasmata,
3020 943 3076 995 in
3118 945 3285 1010 specie
3322 945 3608 1000 mulierum
3659 963 3749 1001 οσ-

2335 1017 2501 1072 tensa,
2525 1009 2702 1062 eodem
2730 1009 2842 1063 loco
2863 1021 3075 1065 sanctus
3103 1009 3266 1067 Pater
3283 1015 3567 1084 depulerit.

2230 1097 2397 1152 Nocte
2423 1096 2830 1167 igiturexacta,
2853 1114 2977 1153 cum
3000 1100 3090 1154 lux
3118 1116 3280 1158 aurea
3313 1103 3578 1159 silvarum
3623 1105 3746 1160 illu-

2160 1192 2360 1241 straret
2383 1201 2571 1257 opaca,
2609 1188 2868 1244 diaconus
2893 1190 2970 1244 ait
3001 1206 3016 1243 :
3045 1189 3208 1246 Pater
3235 1194 3329 1258 mi,
3373 1195 3508 1264 quid
3553 1195 3751 1251 facturi

2161 1290 2347 1330 sumus
2372 1276 2568 1333 hodie?
2601 1277 2785 1333 Atille
2809 1281 3111 1350 respondit.
3130 1280 3369 1339 Obsecro
3409 1292 3499 1351 te,
3534 1285 3637 1350 illi,
3685 1303 3753 1341 ne

2162 1364 2389 1420 moleste
2435 1365 2584 1422 feras
2614 1369 2761 1437 quod
2799 1369 2939 1424 dico.
2994 1369 3128 1437 Quia
3176 1371 3437 1429 Dominus
3474 1390 3580 1430 nos
3628 1376 3755 1431 fecit

2161 1456 2303 1524 quod
2333 1457 2676 1529 qumsivimus
2707 1459 2971 1535 invenire,
2998 1461 3145 1518 hunc
3171 1463 3337 1518 etiam
3374 1466 3531 1521 diem
3556 1467 3611 1520 in
3645 1467 3749 1522 hoc

2163 1545 2282 1603 loco
2303 1546 2583 1604 ducamus.
2608 1548 2759 1607 Tolle
2786 1559 2922 1627 rete,
2965 1560 3021 1608 et
3039 1553 3106 1607 ad
3130 1555 3401 1627 gurgitem
3437 1559 3583 1612 vade
3614 1575 3631 1611 :
3659 1572 3755 1625 ego

2161 1652 2377 1708 quoque
2397 1646 2520 1708 post
2551 1648 2603 1695 te
2623 1626 2945 1711 quantocius
2966 1642 3075 1697 ibo.
3101 1642 3304 1699 Forsan
3342 1646 3615 1702 Dominus
3632 1629 3755 1703 soli-

2162 1733 2275 1782 tam
2303 1727 2459 1784 nobis
2490 1728 2793 1801 largitatem
2847 1732 3116 1797 ostendet,
3159 1741 3220 1787 ut
3264 1736 3645 1805 regredientes
3689 1736 3755 1793 ad

488 1840 684 1895 panem
714 1825 895 1896 posuit
939 1839 1102 1896 super
1146 1839 1351 1896 peram.
1396 1823 1593 1878 Beatus
1639 1807 1819 1878 autem
1877 1822 2064 1878 Gallus
2092 1809 2138 1868 Β
2165 1825 2428 1884 castrum,
2465 1818 2759 1874 offeramus
2795 1820 2939 1889 patri
2970 1830 3155 1876 nostro
3182 1826 3508 1893 presbytero
3539 1826 3607 1882 de
3652 1825 3756 1883 hoe

487 1917 612 1971 dum
643 1915 833 1971 orandi
858 1915 1031 1985 gratia
1056 1915 1327 1970 modicum
1365 1914 1433 1969 ab
1475 1913 1566 1968 illo
1612 1912 1853 1969 divulsus
1896 1922 2062 1975 esset,

487 2008 630 2063 inter
669 2007 943 2063 condensa
968 2006 1212 2076 veprium
1250 2005 1448 2061 fruteta
1475 2004 1781 2069 ambulans,
1828 2012 1885 2059 et
1925 2003 2065 2073 pede

487 2097 718 2160 haerens,
750 2096 816 2151 ad
845 2105 1043 2150 terram
1066 2095 1292 2150 corruit.
1340 2093 1494 2161 Quod
1548 2094 1811 2149 diaconus
1849 2088 2063 2159 vidéns,

486 2187 723 2242 accurrit
752 2194 811 2241 ut
833 2185 1139 2241 sublevaret
1162 2193 1519 2256 prostratum.
1550 2182 1656 2238 Sed
1676 2183 1758 2237 vir
1791 2183 1908 2246 Dei,
1930 2198 2069 2252 pra:-

486 2277 633 2333 scius
660 2275 964 2332 futurorum
999 2293 1013 2330 :
1047 2274 1176 2331 Sine
1202 2288 1313 2341 me,
1346 2274 1444 2340 ait,
1465 2274 1580 2328 haec
1607 2273 1821 2344 requies
1858 2289 1976 2329 mea
2005 2274 2060 2328 in

485 2369 742 2426 smeulum
771 2368 974 2434 saeculi,
1006 2368 1096 2424 hic
1118 2367 1398 2433 habitabo,
1433 2365 1685 2436 quoniam
1737 2365 1872 2435 elegi
1917 2380 2063 2420 eam.

485 2461 554 2517 Et
577 2476 699 2518 cum
726 2466 849 2531 post
876 2459 1178 2515 orationem
1206 2457 1552 2521 surrexisset,
1578 2470 1797 2511 sumens
1848 2456 2062 2526 virgam

485 2551 796 2606 colurneam
824 2560 852 2590 α
880 2547 1009 2605 fecit
1033 2549 1270 2613 crucem,
1292 2555 1347 2603 et
1376 2546 1494 2601 fixit
1521 2546 1575 2601 in
1616 2553 1840 2601 terram.
1886 2544 2063 2600 Habe-

485 2642 579 2697 bat
601 2650 779 2696 autem
803 2640 1127 2711 pendentem
1150 2638 1287 2694 collo
1312 2638 1624 2708 capsellam,
1652 2639 1705 2691 in
1734 2652 1836 2707 qua
1887 2634 2063 2692 conti-

485 2733 754 2788 nebantur
800 2731 1041 2802 reliquiae
1090 2731 1261 2786 beatae
1317 2730 1411 2785 Dei
1467 2729 1746 2801 genitricis
1783 2728 1964 2784 Maria:
2007 2736 2064 2785 et

483 2831 798 2879 sanctorum
818 2831 1114 2896 martyrum
1163 2822 1407 2878 Mauricii
1438 2831 1495 2878 et
1545 2821 1829 2878 Desiderii.
1889 2821 2062 2889 Quam

484 2930 609 2973 cum
632 2915 686 2970 in
713 2915 827 2985 ipsa
857 2930 1018 2971 cruce
1063 2914 1451 2985 suspendisset,
1493 2915 1707 2970 vocavit
1752 2914 2060 2982 diaconum,

484 3023 538 3062 et
564 3013 945 3077 post'raverunt
977 3022 1036 3062 se
1062 3007 1269 3078 pariter
1292 3008 1347 3061 in
1377 3006 1645 3062 oratione.
1691 3004 1827 3060 Tum
1856 3006 1942 3059 vir
1971 3021 2057 3061 ve-

486 3095 742 3152 nerabilis
789 3096 1095 3168 hujusmodi
1148 3112 1341 3168 preces
1384 3096 1568 3152 emisit
1605 3115 1618 3150 :
1664 3095 1889 3152 Domine
1933 3095 2061 3152 Iesu

485 3188 716 3254 Christe,
755 3161 967 3260 qui'pro
992 3161 1167 3244 salute
1193 3189 1414 3244 humani
1464 3189 1681 3260 generis
1730 3188 1798 3243 de
1842 3185 2063 3257 Virgine
2090 3161 2134 3222 (ἶ

485 3283 636 3339 nasci
661 3290 717 3338 et
744 3292 974 3339 mortem
1004 3281 1186 3339 subire
1208 3283 1460 3355 dignatus
1487 3296 1567 3347 es,
1595 3297 1665 3338 ne
1686 3281 1956 3352 despicias
1974 3281 2069 3335 de-

484 3378 744 3435 siderium
783 3393 961 3433 meum
1009 3392 1108 3447 pro
1136 3378 1374 3448 peccatis
1403 3376 1570 3443 meis;
1620 3376 1715 3431 sed
1764 3375 1819 3430 in
1864 3375 2070 3430 honore

487 3479 688 3527 sancta:
721 3470 1001 3543 genitricis
1030 3478 1135 3525 tua:
1156 3477 1212 3527 et
1249 3476 1550 3541 martyrum
1591 3466 2069 3536 confessorumque

486 3574 700 3620 tuorum
725 3577 973 3635 praepara
1003 3563 1055 3617 in
1078 3562 1183 3618 hoc
1208 3561 1329 3617 loco
1375 3560 1767 3617 habitationem
1823 3559 1931 3614 tuis
1969 3572 2067 3628 ap-

488 3665 598 3710 tam
631 3655 887 3711 servitiis.
912 3654 1090 3709 Finita
1122 3654 1389 3719 oratione,
1414 3653 1525 3708 sole
1552 3655 1907 3708 occumbcntc
1950 3651 2072 3707 tini-

490 3755 580 3800 tus
605 3753 691 3800 est
720 3744 857 3808 dies,
883 3752 938 3798 et
966 3743 1065 3812 ipsi
1097 3744 1310 3797 tandem
1351 3758 1472 3797 cum
1516 3743 1812 3812 gratiarum
1860 3743 2071 3797 actione

487 3839 670 3893 cibum
696 3842 1064 3907 sumpserunt,
1094 3849 1419 3906 rursumque
1449 3834 1559 3889 Deo
1578 3835 1781 3906 gratias
1811 3835 2070 3890 exhiben-

487 3939 594 3996 tes,
630 3936 941 3986 straverunt
973 3943 1031 3984 se
1058 3928 1111 3983 in
1145 3937 1309 3993 terra,
1342 3934 1402 3981 ut
1423 3918 1815 3996 aliquantulum
1855 3927 2071 3997 requie-

489 4028 723 4076 scerent.
766 4019 871 4075 Sed
895 4020 977 4075 vir
997 4026 1217 4075 sanctus
1244 4034 1369 4074 cum
1401 4019 1653 4075 comitem
1684 4033 1841 4073 suum
1866 4018 1975 4073 alto
1997 4028 2072 4073 te-

489 4111 606 4167 neri
632 4125 822 4168 somno
842 4118 1075 4182 putaret,
1102 4125 1330 4181 surgens
1360 4109 1655 4180 prostravit
1678 4123 1737 4164 se
1762 4110 1813 4164 in
1842 4109 2070 4182 ﬁguram

489 4204 670 4259 crucis
691 4212 815 4258 ante
835 4202 1147 4274 capsellam,
1175 4210 1231 4257 et
1263 4216 1454 4272 preces
1478 4201 1706 4257 Domino
1740 4202 1962 4256 devotas
1996 4200 2072 4255 cf-

486 4295 646 4350 fudit.
687 4295 897 4351 Interea
929 4295 1262 4351 descendens
1307 4310 1469 4351 ursus
1500 4294 1566 4349 de
1597 4299 1780 4348 monte
1816 4294 1987 4349 micas
2019 4301 2075 4348 et

487 4389 791 4460 fragmenta
818 4403 937 4459 qua:
966 4388 1374 4444 convivantibus
1400 4387 1734 4452 deciderant,
1781 4395 1941 4442 caute
1995 4386 2071 4442 le-

2161 1908 2282 1965 loco
2336 1910 2787 1975 benedictionem,
2828 1927 2994 1981 quam
3043 1912 3302 1969 Dominus
3351 1930 3459 1970 nos
3508 1915 3755 1973 invenire

2160 2000 2399 2057 donavit.
2446 2002 2715 2057 Diacouus
2756 2001 3035 2072 respondit
3061 2001 3331 2058 :Gratum
3383 2004 3567 2061 habeo
3612 2007 3753 2078 quod

2160 2096 2605 2169 pracipis,Pater
2630 2114 2643 2150 :
2671 2104 2727 2152 et
2746 2112 2974 2168 surgens
2999 2099 3108 2154 cito
3138 2113 3260 2154 cum
3291 2099 3646 2156 invocatione
3670 2117 3757 2156 no-

2162 2187 2329 2245 minis
2356 2186 2603 2253 Domini,
2633 2195 2909 2257 assumpto
2957 2187 3217 2245 retiaculo
3261 2189 3519 2259 perrexit
3562 2190 3633 2244 ad
3666 2191 3758 2245 ﬂu-

2162 2277 2331 2333 vium.
2357 2276 2600 2347 Cumque
2638 2276 2769 2331 illud
2813 2276 2868 2332 in
2907 2277 3177 2349 gurgitem
3209 2279 3432 2334 mittere
3461 2280 3754 2345 voluisset,

2160 2368 2254 2424 diu
2285 2368 2559 2424 daemones
2584 2368 2639 2422 in
2665 2365 2841 2439 etiigie
2866 2368 3153 2423 mulierum
3188 2378 3461 2425 steterunt
3490 2371 3552 2426 in
3586 2371 3757 2427 liuore

2163 2459 2237 2514 ita
2264 2460 2477 2525 nudati,
2505 2459 2663 2530 quasi
2695 2459 2948 2514 balneum
2971 2459 3176 2515 intrare
3196 2459 3523 2515 voluissent.
3548 2460 3619 2516 Et
3642 2476 3755 2515 eum

2162 2550 2545 2621 turpitudinem
2597 2550 2681 2605 sui
2729 2550 2975 2621 corporis
3012 2549 3091 2605 illi
3134 2547 3476 2619 objicerent,
3513 2551 3763 2609 tollentes

2163 2646 2367 2717 lapides
2388 2687 2402 2711 ,
2441 2644 2787 2714 iactaverunt
2818 2651 3007 2699 contra
3039 2658 3161 2698 eum
3184 2684 3200 2710 ,
3239 2650 3297 2698 et
3336 2642 3611 2698 dixerunt
3638 2661 3652 2696 :
3681 2643 3759 2698 Tu

2164 2739 2423 2809 induxisti
2454 2739 2629 2797 virum
2660 2738 2825 2795 istum
2856 2737 2910 2792 in
2939 2737 3081 2792 hanc
3119 2752 3359 2792 crcmum
3379 2778 3403 2804 ,
3443 2738 3627 2792 virum
3664 2737 3759 2791 ini-

2164 2845 2333 2900 quum
2360 2838 2415 2884 et
2443 2829 2639 2884 invidia
2668 2828 2886 2897 plenum
2906 2868 2922 2892 ,
2947 2826 3043 2894 qui
3077 2827 3191 2881 suis
3218 2826 3525 2883 maleﬁciis
3554 2843 3758 2899 seraper

2163 2938 2263 2978 nos
2285 2922 2503 2977 vincere
2531 2919 2831 2975 consuevit.
2853 2917 2947 2975 ille
2978 2926 3159 2973 autem
3199 2933 3457 2974 reversus
3490 2920 3568 2975 ad
3594 2921 3758 2973 virent

2165 3012 2260 3069 Dei
2292 3011 2550 3068 indicavit
2571 3010 2646 3066 illi
2673 3026 2794 3080 qua:
2820 3010 3030 3065 viderat
3053 3019 3109 3065 et
3136 3010 3407 3067 audierat.
3433 3010 3759 3066 Electust

2164 3106 2394 3163 bellator
2421 3104 2627 3176 pariter
2655 3118 2779 3159 cum
2801 3102 3030 3158 diacono
3049 3103 3347 3173 prostravit
3371 3119 3458 3169 se,
3488 3114 3552 3158 et
3583 3105 3764 3174 hujus-

2173 3201 2317 3255 modi
2353 3198 2536 3254 verbis
2564 3197 2859 3252 Dominum
2888 3196 3210 3266 deprecatus
3241 3204 3328 3250 est
3357 3210 3372 3249 :
3408 3196 3563 3251 Deus
3597 3196 3762 3250 omni-

2167 3302 2393 3365 potens,
2427 3289 2724 3345 ineﬂ‘abilis
2750 3289 2967 3344 bonitas
2987 3329 3002 3354 ,
3034 3288 3431 3343 inaestimabilis
3471 3289 3762 3359 maiestas,

2169 3383 2465 3441 secundum
2502 3380 2927 3436 misericordiam
2956 3387 3135 3445 tuam,
3166 3394 3273 3434 non
3303 3380 3612 3435 secundum
3650 3396 3759 3434 rne-

2169 3477 2275 3531 rita
2301 3488 2441 3539 mea,
2469 3472 2655 3528 auditu
2688 3470 2897 3541 placido
2924 3470 3021 3525 has
3046 3469 3259 3539 suscipe
3287 3484 3488 3539 preces
3508 3511 3531 3536 ,
3559 3479 3612 3525 et
3639 3470 3763 3537 iube

2170 3569 2270 3624 hos
2293 3567 2563 3623 daamones
2585 3565 2731 3620 hunc
2757 3563 2936 3619 locum
2967 3562 3239 3627 deserere,
3270 3572 3329 3616 ut
3353 3562 3428 3617 sit
3456 3562 3763 3617 sanctiﬁca-

2170 3670 2259 3719 tus
2288 3662 2344 3717 in
2373 3662 2580 3717 honore
2608 3656 2844 3714 nominis
2892 3656 2986 3710 tui.
3020 3654 3319 3725 Surgentes
3356 3655 3426 3711 ab
3474 3658 3755 3716 oratione,

2171 3765 2440 3812 venerunt
2463 3754 2529 3809 ad
2558 3752 2825 3826 gurgitem
2847 3791 2864 3818 ,
2899 3758 2955 3808 et
2982 3749 3240 3806 centinuo
3281 3748 3566 3804 daemones
3604 3750 3658 3803 in
3687 3749 3762 3802 fa-

2171 3865 2294 3921 gam
2329 3846 2604 3910 conversi,
2636 3845 2814 3900 ierunt
2846 3858 2944 3914 per
2984 3843 3271 3899 decursum
3315 3838 3526 3897 ﬂuviali
3570 3849 3759 3895 contra

2169 3942 2475 4013 proximum
2504 3944 2764 3994 montem.
2798 3936 3029 3992 Sanctus
3053 3949 3182 3991 vero
3207 3933 3398 3990 Gallus
3424 3932 3573 3988 dixit
3621 3934 3761 3986 illis:

2172 4031 2435 4101 Principio
2467 4030 2656 4092 vobis,
2691 4029 3069 4100 phantasmata
3089 4065 3106 4091 ,
3135 4040 3232 4096 per
3263 4024 3551 4081 immensae
3587 4034 3762 4094 poten-

2175 4122 2309 4176 tiam
2333 4118 2638 4184 Trinitatis,
2672 4126 2732 4172 ut
2766 4117 2913 4172 hunc
2942 4116 3119 4170 locum
3154 4114 3498 4178 deserentes,
3526 4114 3586 4168 in
3618 4129 3763 4168 mon-

2175 4220 2259 4267 tes
2305 4209 2550 4265 desertos
2593 4209 2765 4275 eatis,
2812 4214 2870 4262 et
2910 4207 3017 4261 huc
3057 4204 3363 4261 revertendi
3391 4203 3635 4260 ulterius
3662 4218 3760 4259 non

2176 4301 2424 4358 habeatis
2469 4299 2740 4357 ﬁduciam.
2790 4296 2996 4353 Deinde
3047 4296 3328 4351 mittentes
3378 4293 3437 4349 in
3492 4295 3759 4366 gurgitem

2175 4400 2291 4448 rete
2314 4432 2330 4457 ,
2380 4398 2641 4462 ceperunt
2687 4390 2865 4461 pisces
2894 4394 3145 4457 quantos
3190 4384 3495 4453 volebant;
3529 4394 3594 4441 et
3643 4386 3759 4439 dum

488 4480 666 4551 gebat.
690 4477 1021 4575 Hoc-iactum
1045 4486 1101 4534 ut
1127 4479 1261 4575 vidit
1283 4479 1444 4535 homo
1460 4477 1578 4542 Dei,
1606 4477 1743 4532 dixit
1766 4478 1835 4531 ad
1856 4476 2024 4532 feram
2048 4493 2062 4531 :
2093 4516 2144 4575 Β
2172 4487 2352 4556 pisces
2378 4485 2446 4541 de
2474 4483 2702 4540 maculis
2728 4482 2825 4537 lini
2855 4481 3173 4547 absolvunt,
3203 4478 3431 4533 audiunt
3460 4478 3520 4533 in
3543 4476 3762 4533 summi-

486 4569 749 4641 Przecipio
776 4569 895 4634 tibi,
924 4570 1117 4635 best'a,
1149 4568 1201 4624 in
1223 4570 1440 4624 nomine
1462 4568 1696 4635 Domini,
1723 4568 1848 4624 tolle
1863 4568 2067 4640 lignum

487 4673 546 4718 et
573 4664 724 4719 mitte
752 4664 807 4719 in
834 4663 1032 4734 ignem.
1070 4661 1154 4718 Ad
1180 4661 1334 4732 cujus
1361 4671 1688 4734 praeceptum
1728 4662 1903 4717 bellua
1948 4677 2073 4718 con-

485 4771 667 4821 versa,
692 4756 1082 4811 validissimum
1113 4756 1317 4827 lignum
1358 4754 1557 4822 attulit,
1604 4761 1659 4810 et
1712 4754 1818 4825 igni
1864 4754 2067 4825 injecit.

487 4847 558 4902 At
580 4847 665 4901 vir
689 4846 1110 4918 benignissimus
1136 4849 1202 4902 ad
1247 4862 1433 4918 peram
1471 4845 1755 4908 accedens,
1797 4846 1864 4900 de
1900 4860 2071 4916 parvo

490 4939 713 4995 cellario
741 4942 934 5010 panem
967 4940 1231 5011 integrum
1257 4939 1534 4995 famulanti
1561 4938 1906 5023 porrexit,“
1928 4938 2072 4993 acci-

488 5031 659 5106 pienti
700 5032 774 5086 ita
827 5033 1205 5102 prmccpitzln
1258 5030 1473 5087 nomine
1521 5029 1735 5087 Domini
1793 5029 1898 5085 mei
1947 5028 2073 5085 Jesu

493 5123 697 5179 Christi
722 5123 787 5179 ab
818 5122 919 5178 hac
943 5122 1078 5178 valle
1112 5122 1342 5187 discede,
1378 5129 1431 5176 et
1459 5122 1559 5177 hoc
1580 5129 1738 5192 pacto
1778 5129 1991 5175 montes
2019 5128 2074 5175 et

491 5217 658 5271 colles
685 5215 1096 5287 circumpositos
1146 5215 1342 5271 habeto
1392 5229 1729 5280 communes,
1769 5221 1829 5268 ut
1865 5212 2070 5267 nullum

494 5309 582 5364 hic
611 5309 904 5374 hominem,
930 5308 1004 5363 nil
1033 5310 1097 5364 de
1127 5309 1407 5377 pecoribus
1436 5307 1620 5362 laedas.
1646 5307 1780 5361 Dum
1808 5306 1922 5361 hzec
1949 5320 2074 5373 age-

492 5411 703 5465 rentur,
732 5400 993 5455 diaconus
1017 5399 1253 5453 dormire
1281 5413 1339 5452 se
1368 5396 1647 5461 simulans,
1681 5395 1824 5464 quod
1851 5396 1934 5448 vir
1964 5396 2074 5451 Deo

493 5489 693 5552 charus
719 5490 886 5561 gessit
913 5503 1037 5543 cum
1079 5488 1254 5544 bestia
1302 5484 1682 5541 considerabat
1710 5502 1723 5539 :
1748 5492 1803 5539 et
1847 5498 2075 5554 surgens

564 5637 590 5663 ιι
623 5617 678 5676 ld
702 5628 787 5678 est
810 5620 1014 5690 virgam
1039 5631 1299 5690 exﬁcorno
1345 5615 1565 5690 iactam,
1618 5629 1741 5690 seu__
1766 5630 1833 5668 ex
1866 5613 2072 5690 frutice

497 5697 585 5766 qui
613 5709 810 5766 cornus
833 5684 925 5766 seu
975 5684 1433 5766 coryllushvttlgo
1467 5684 1811 5766 .corn‘ouiller‘
1848 5685 2067 5766 dicitur.

574 5770 595 5806 ι·
616 5763 662 5815 11
671 5762 995 5831 ξηιὶἔὶηιινρνσ,
1013 5755 1290 5815 monachis
1307 5755 1574 5811 interdum
1594 5755 1926 5821 Monstjwli,
1942 5756 2067 5810 olim

2172 4588 2284 4635 tate
2308 4577 2508 4634 montis
2534 4590 2694 4633 voces
2722 4574 2875 4644 quasi
2899 4573 3130 4628 duarum
3156 4570 3447 4627 mulierum
3485 4567 3764 4624 defunctos

2169 4668 2557 4741 plangentium,
2586 4675 2642 4721 et
2667 4666 2923 4721 dicebant
2947 4662 3015 4718 ad
3045 4661 3275 4717 invicem
3303 4677 3317 4715 :
3346 4656 3503 4713 Heu!
3531 4659 3667 4730 quid
3688 4657 3761 4713 fa-

2173 4760 2401 4824 ciemus,
2428 4766 2522 4813 aut
2545 4772 2654 4829 quo
2684 4754 3004 4827 pergemus?
3031 4750 3353 4822 Peregrinus
3375 4750 3475 4818 hic~
3496 4750 3648 4807 inter
3677 4750 3761 4804 bo-

2173 4852 2350 4906 mines
2371 4866 2472 4905 nos
2500 4849 2745 4904 habitare
2771 4862 2878 4902 non
2908 4845 3059 4911 sinit,
3109 4845 3163 4899 in
3192 4856 3375 4898 eremo
3398 4857 3631 4912 quoque
3660 4857 3763 4895 rna-

2183 4951 2313 4995 nere
2355 4956 2460 4995 non
2502 4940 2726 5010 patitur.
2762 4936 2877 4992 Non
2909 4936 3084 4992 solum
3122 4943 3302 4989 autem
3338 4944 3473 4989 tunc
3500 4934 3589 4988 lia:
3613 4948 3763 4987 voces

2184 5032 2379 5087 auditae
2404 5039 2551 5096 sunt,
2574 5044 2760 5085 verum
2782 5028 2945 5083 etiam
2966 5026 3306 5096 postmodum
3330 5024 3513 5078 tribus
3541 5024 3760 5083 vicibus.

2181 5124 2308 5179 dum
2339 5122 2452 5191 ipse
2495 5121 2754 5175 diaconus
2798 5118 2995 5174 saltum
3037 5117 3106 5172 ad
3145 5117 3437 5185 accipitres
3472 5116 3765 5187 capiendos

2182 5215 2513 5277 intravisset,
2545 5211 2751 5265 audivit
2779 5208 3043 5265 daemonia
3071 5209 3139 5263 de
3173 5208 3409 5276 quodam
3452 5217 3645 5261 monte
3678 5206 3761 5276 qui

2183 5305 2551 5374 Himilimberg
2589 5304 2619 5344 ιι
2658 5303 2876 5367 dicitur,
2921 5300 3213 5357 clamantia
3259 5308 3316 5354 et
3359 5307 3550 5354 utrum
3591 5301 3761 5376 adigit:

2180 5398 2366 5454 Gallus
2404 5404 2550 5451 esset
2586 5395 2640 5450 in
2678 5408 2886 5460 eremo,
2908 5392 3277 5457 sciscitantia;
3313 5391 3400 5445 vel
3437 5390 3485 5445 si
3509 5392 3625 5460 jam
3662 5393 3761 5444 dis-

2179 5488 2452 5546 cessisset.

2177 5613 2478 5701 Monkelen,
2526 5628 2670 5671 nunc
2715 5608 2984 5667 Menkelen
3026 5609 3233 5679 dictus,
3260 5618 3321 5664 ut
3350 5608 3641 5666 Coldastns
3670 5624 3757 5662 no-

2175 5698 2327 5745 tavit.
