3978 6310
266 357 369 415 989

854 470 1080 529 CAPUT
1118 472 1251 528 XIII.

443 585 570 642 Loci
592 584 755 657 ipsius
776 584 953 641 electio
980 595 1029 642 et
1054 588 1368 659 serpentium
1397 587 1687 644 discessio.

333 715 503 786 Igitur
543 720 665 785 post
707 714 1002 771 discessum
1031 716 1355 785 dremonum,
1382 717 1508 772 dum
1550 716 1731 772 ﬁdeles
1762 717 1835 771 illi

263 803 434 861 eremi
481 802 766 860 dilectores
810 802 1004 859 vallem
1046 804 1371 872 lustrarent,
1412 807 1659 863 videntes
1696 808 1838 862 inter

264 893 402 950 duos
425 891 673 949 ﬁuviolos
688 893 855 949 multa
874 893 1276 961 desiderabilia,
1299 894 1490 951 silvam
1513 898 1831 966 speciosam,

260 991 477 1041 montes
502 998 601 1055 per
630 998 842 1054 gyrum,
869 983 1146 1054 planitiem
1170 985 1224 1040 in
1248 985 1449 1052 medio,
1471 987 1838 1057 probaverunt

260 1075 441 1132 locum
486 1076 555 1131 ad
591 1075 965 1132 mdiﬁcandum
1004 1077 1255 1132 cellulam
1301 1078 1560 1147 optimum
1597 1093 1737 1135 esse.
1768 1078 1834 1133 Et

258 1165 577 1222 recordatus
601 1166 689 1221 vir
718 1174 938 1223 sanctus
970 1168 1252 1223 sententia:
1285 1183 1448 1238 quam
1475 1167 1685 1236 Iacob,
1707 1177 1832 1239 post

257 1256 525 1313 visionem
571 1257 732 1314 scala:
759 1265 815 1313 et
844 1257 1158 1330 angelorum
1198 1260 1604 1315 ascendentium
1651 1268 1706 1316 et
1740 1260 1836 1316 de-

257 1349 629 1406 scendentium
648 1364 749 1421 per
774 1365 893 1406 eam
930 1351 1188 1422 protulit,
1216 1353 1405 1410 dicens
1430 1372 1446 1409 :
1484 1352 1615 1409 Vere
1643 1355 1829 1410 Domi-

256 1454 357 1495 nus
384 1446 460 1494 est
493 1440 551 1494 in
592 1439 706 1495 loco
740 1441 840 1496 isto
868 1439 1022 1513 (Gen.
1053 1444 1268 1514 xxvm).
1301 1444 1432 1499 Erat
1455 1452 1634 1501 autem
1660 1461 1831 1515 usque

254 1528 324 1585 ad
351 1528 484 1586 illud
517 1536 729 1602 tempus
757 1531 817 1588 in
842 1531 1033 1588 eadem
1057 1533 1199 1589 valle
1232 1534 1463 1604 plurima
1494 1537 1829 1605 serpentium

255 1620 559 1678 multitudo.
584 1622 757 1681 Porro
786 1639 851 1680 ex
888 1624 978 1679 illa
1017 1625 1106 1682 die
1144 1633 1255 1682 tam
1290 1628 1521 1698 pleniter
1548 1629 1829 1686 abscesse-

253 1720 410 1779 runt,
439 1719 499 1768 ut
527 1721 718 1784 postea
761 1715 837 1771 ibi
873 1730 979 1771 non
1010 1729 1403 1787 comparerent.
1432 1719 1693 1792 Congruit
1725 1722 1828 1777 hoc

251 1803 572 1861 miraculum
596 1820 719 1861 cum
738 1806 1028 1888 prioribus.
1050 1807 1183 1863 Nam
1205 1810 1418 1865 diabolo
1436 1811 1558 1866 inde
1582 1813 1823 1882 expulso,
1854 1828 1902 1888 Β

250 1896 469 1965 dignum
491 1906 609 1953 erat
627 1906 689 1954 ut
709 1884 908 1954 animal
934 1916 1033 1971 per
1056 1902 1201 1971 quod
1221 1902 1491 1958 hominem
1514 1904 1822 1975 deceperat,

251 1986 575 2045 habitationi
606 1990 827 2047 cederet
849 1992 1173 2048 sanctitatis.

821 2143 1047 2203 CAPUT
1086 2142 1225 2200 XIV.

252 2273 500 2361 Qualiter
537 2274 711 2361 locum
757 2276 995 2331 eumdem
1034 2276 1241 2361 jejunio
1285 2277 1620 2361 dedicaret-it,
1660 2287 1717 2361 et
1752 2280 1825 2334 ad

354 2355 587 2402 castrum
616 2360 880 2416 regressus
911 2357 1127 2401 mortem
1152 2350 1375 2419 episcopi
1397 2350 1718 2419 cognoverit.

244 2511 257 2531 τ
315 2505 561 2576 Dumque
588 2506 791 2561 reversi
820 2505 1050 2563 fuissent
1086 2508 1153 2563 ad
1195 2508 1371 2564 locum
1401 2509 1590 2579 primae
1619 2511 1816 2566 statio‘.

246 2597 348 2664 nis,
380 2597 471 2653 ubi
499 2597 709 2669 pridem
731 2598 817 2652 vir
844 2598 937 2652 Dei
969 2599 1293 2653 cruciculam
1327 2599 1608 2665 deﬁxerat,
1638 2600 1821 2655 diaco-

246 2701 347 2741 nus
378 2686 512 2743 dixit
545 2686 613 2741 ad
638 2701 763 2742 eum
789 2705 802 2741 :
829 2686 1117 2743 Sumentes
1150 2702 1335 2757 peram
1375 2696 1431 2743 et
1459 2697 1602 2753 rete,
1638 2704 1823 2761 regre—

245 2777 455 2834 diamur
470 2779 539 2834 ad
561 2786 817 2835 castrum.
844 2779 909 2833 Et
934 2780 1023 2835 ille
1048 2798 1059 2834 :
1087 2780 1190 2845 Tu,
1216 2780 1407 2851 inquit,
1424 2780 1520 2847 ﬁli,
1545 2789 1605 2835 ut
1623 2782 1818 2852 placet,

245 2868 311 2923 ad
341 2870 559 2939 propria
586 2880 894 2926 revertere:
924 2886 1023 2942 ego
1049 2886 1180 2926 vero
1210 2873 1295 2927 bis
1331 2872 1385 2927 in
1416 2872 1551 2928 locis
1577 2873 1822 2944 aliquan-

243 2958 413 3030 tisper
439 2968 701 3025 moratus,
731 2970 851 3030 post
881 2961 1110 3016 triduum
1135 2963 1364 3018 Domino
1387 2963 1521 3019 duce
1551 2972 1601 3020 te
1629 2964 1820 3021 subse-

243 3063 397 3118 quar.
428 3050 696 3105 Diaconus
737 3051 912 3105 dixit:
944 3050 1294 3122 Nequaquam
1344 3061 1396 3108 te
1445 3055 1671 3110 absente
1728 3073 1819 3110 re-

246 3141 438 3195 meabo
466 3141 534 3196 ad
558 3140 775 3195 Patrem
807 3150 1075 3208 nostrum,
1092 3157 1159 3196 ne
1189 3143 1325 3198 forte
1349 3143 1497 3199 dicas
1523 3154 1575 3198 te
1594 3155 1817 3216 propter
1842 3173 1886 3235 C

247 3230 413 3300 spolia
442 3245 472 3284 a
496 3244 583 3285 me
605 3231 1015 3300 interemptum;
1055 3232 1136 3286 vel
1161 3232 1205 3286 si
1238 3233 1583 3289 homicidium
1616 3250 1816 3304 negare

244 3320 466 3377 voluero
490 3360 505 3387 ,
537 3322 655 3378 haec
682 3322 812 3377 mihi
847 3320 1068 3389 objiciat
1096 3340 1108 3375 :
1142 3321 1250 3377 Cur
1279 3322 1428 3378 illum
1472 3324 1723 3379 dimisisti
1757 3325 1814 3381 in

243 3411 564 3468 solitudine?
590 3413 698 3468 cito
724 3426 973 3469 reversus
999 3413 1133 3469 educ
1160 3427 1284 3468 eum
1319 3414 1387 3469 ad
1427 3430 1533 3471 me.
1563 3416 1630 3470 Et
1657 3423 1816 3471 erunt

236 3504 373 3559 mihi
406 3504 510 3559 duo
539 3505 761 3574 pariter,
800 3511 856 3559 et
880 3503 1034 3559 labor
1075 3504 1381 3574 duplicatus
1401 3545 1417 3571 ,
1446 3514 1502 3561 et
1527 3506 1817 3564 manifesta
1857 3523 1861 3527 '

240 3593 503 3652 confusio.
530 3594 613 3648 Ad
637 3594 755 3650 haec
781 3595 866 3649 vir
891 3602 1110 3650 sanctus
1140 3597 1420 3665 respondit
1444 3614 1457 3651 :
1485 3596 1634 3654 Vade
1652 3640 1666 3665 ,
1699 3599 1813 3666 ﬁli,

239 3700 338 3757 ego
379 3691 501 3754 post
540 3684 769 3754 vestigia
817 3691 909 3740 tua
952 3685 1275 3755 quantocius
1318 3689 1638 3758 properabo.
1693 3689 1811 3757 Quo

237 3778 469 3833 abeunte
487 3816 503 3841 ,
532 3774 731 3830 athleta
758 3775 852 3830 Dei
883 3781 995 3831 toto
1027 3776 1205 3832 triduo
1234 3775 1302 3831 ab
1330 3778 1477 3833 omni
1506 3778 1680 3834 victus
1710 3779 1807 3834 ad-

233 3869 479 3939 iumento
524 3868 768 3938 corporei
813 3866 1031 3936 jejunus
1078 3870 1406 3939 permansit,
1453 3877 1515 3926 ut
1560 3871 1812 3929 videlicet

237 3962 413 4017 locum
441 3973 600 4030 quem
629 3958 895 4029 spirituali
928 3958 1134 4013 militia:
1158 3960 1506 4028 providebat,
1536 3961 1807 4031 parcimo-

236 4052 340 4109 nia:
368 4058 711 4108 consecraret
732 4049 919 4104 initiis.
948 4049 1155 4117 Quarto
1180 4049 1365 4119 itaque
1401 4050 1487 4106 die
1519 4065 1703 4106 eremo
1730 4051 1811 4106 di-

236 4144 502 4214 grediens,
532 4143 750 4198 domum
781 4138 969 4195 revisit
995 4138 1334 4211 presbyteri,
1368 4147 1423 4194 et
1446 4139 1588 4194 inter
1621 4140 1811 4195 amica:

238 4233 577 4290 salutationis
607 4231 800 4298 oﬁitia,
828 4231 1033 4301 gratias
1062 4232 1170 4286 Deo
1216 4247 1316 4301 pro
1355 4231 1608 4287 omnibus
1654 4231 1811 4287 bonis

235 4342 357 4398 quae
382 4327 431 4381 ei
461 4326 697 4382 ostendit
722 4340 845 4379 cum
876 4324 1053 4379 debita
1082 4323 1239 4378 laude
1267 4322 1545 4393 persolvit.
1573 4321 1808 4395 Presby~

238 4429 324 4476 ter
351 4426 554 4483 autem,
578 4415 879 4485 suscipiens
909 4413 1056 4468 illum
1085 4428 1206 4468 cum
1237 4412 1451 4484 gaudio,
1475 4411 1639 4481 jussit
1659 4429 1809 4468 men-

1292 359 1448 417 VITA
1487 361 1547 417 S.
1586 359 1789 417 GALLI
1826 357 2136 416 ABBATIS.
2171 392 2243 405 ο-
2277 363 2406 420 LIB.
2444 364 2487 419 1.
2868 424 2871 431 Α

1868 479 1923 538 Α
1949 471 2027 526 Ex
2055 472 2145 527 illo
2175 473 2261 529 die
2286 483 2338 529 et
2373 475 2626 546 deinceps
2650 461 2955 531 habuerunt
2980 493 3104 533 eum
3127 478 3266 535 sicut
3289 486 3517 554 prophe-

3410 374 3518 430 990

1941 569 2050 616 tam
2074 570 2131 617 et
2151 563 2324 617 virum
2354 572 2620 630 sanctum,
2652 565 2893 634 quotidie
2918 568 3231 624 meritorum
3253 571 3371 640 ejus
3401 588 3517 629 ma-

1937 653 2271 725 gnitudinem
2305 669 2402 725 per
2432 654 2555 710 vitae
2597 655 2742 710 illius
2774 657 3121 727 asperitatem
3158 668 3213 715 et
3251 663 3512 720 virtutum

1937 743 2114 798 studia
2140 745 2442 800 metientes.
2465 744 2675 799 Interea
2704 745 2813 800 illis
2842 750 3335 813 commancntibus,
3372 770 3513 810 nun-

1936 836 2044 891 tius
2071 837 2218 891 venit
2245 838 2312 891 ad
2336 838 2708 908 presbyterum
2729 879 2745 905 ,
2773 840 3015 897 indicans
3045 843 3513 903 Constantienscm

1935 927 2245 997 episcopum
2269 968 2285 993 ,
2326 926 2683 983 Gaudentium
2729 933 2983 997 nomine,
3023 933 3093 989 de
3132 935 3235 990 hac
3271 938 3381 992 vita
3414 939 3515 992 mit-

1932 1031 2136 1087 grasse.
2187 1015 2301 1071 Hoc
2344 1017 2558 1083 audito,
2600 1019 2860 1074 unanimo
2908 1019 3125 1077 fervore
3172 1039 3274 1093 pro
3324 1027 3511 1095 requie

1933 1106 2171 1163 defuncti
2197 1109 2429 1175 pastoris
2454 1109 2704 1180 precibus
2729 1120 2783 1164 et
2814 1112 3070 1183 lacrymis
3100 1115 3434 1173 institerunt.

1933 1329 2208 1405 Quomodo
2239 1332 2310 1387 ad
2345 1333 2547 1405 duceni
2563 1348 2683 1405 cum
2720 1334 3015 1403 presbytero
3053 1338 3121 1390 sit
3156 1348 3420 1405 evocatus,
3452 1349 3501 1393 et

1998 1402 2126 1472 illuc
2170 1404 2247 1456 ire
2292 1402 2470 1457 nolens
2507 1401 2731 1456 Rtetiant
2769 1401 3103 1472 contineat-it,
3143 1416 3190 1461 et
3229 1425 3263 1462 a
3298 1401 3510 1464 Joanne

1999 1470 2221 1526 diacono
2260 1482 2529 1541 susceptus
2560 1472 2652 1526 sit.

2001 1582 2239 1653 Septima
2269 1584 2529 1654 posthaec
2552 1582 2638 1639 die
2658 1582 2934 1639 Gunzonis
2966 1585 3121 1640 ducis
3159 1586 3385 1656 epistola
3418 1603 3487 1642 ve

1927 1675 2007 1731 nit
2030 1677 2096 1731 ad
2124 1678 2522 1748 presbyterum,
2552 1677 2869 1747 praecipiens
2896 1677 2971 1732 illi
2999 1687 3056 1734 ut
3081 1680 3165 1734 die
3189 1679 3507 1736 duodecimo

1929 1766 1997 1821 ad
2024 1766 2341 1837 lburningas
2364 1779 2390 1808 ι
2421 1766 2607 1822 villam
2639 1767 2878 1833 veniret,
2905 1777 2960 1823 et
2985 1769 3160 1823 virum
3188 1768 3282 1824 Dei
3319 1785 3505 1826 secum

1928 1856 2239 1912 adduceret.
2284 1855 2418 1911 Nam
2452 1857 2617 1912 ﬁliam
2648 1856 2786 1926 ejus,
2827 1859 3044 1913 nomine
3089 1856 3505 1930 Fridiburgam‘,

1923 1960 2042 2017 qua:
2073 1946 2147 2001 illi
2177 1955 2296 2003 erat
2322 1947 2506 2014 unica,
2532 1948 2791 2016 singulari
2819 1948 3218 2020 pulchritudine
3253 1948 3465 2022 fulgens
3486 1993 3501 2018 ,

1921 2038 2144 2109 spiritus
2184 2039 2379 2094 invasit
2423 2039 2730 2111 malignus:
2769 2054 2799 2094 a
2833 2056 2938 2111 quo
2964 2040 3090 2095 dum
3119 2041 3346 2099 diversis
3383 2054 3499 2098 tor-

1921 2137 2178 2200 queretur
2217 2130 2511 2195 molestiis,
2553 2146 2690 2201 pene
2742 2133 3052 2187 continuam
3099 2134 3350 2190 toleravit
3391 2136 3504 2191 iue-

1921 2219 2088 2286 diam,
2117 2227 2171 2275 et
2196 2220 2390 2290 smpius
2420 2228 2576 2275 terrae
2606 2229 2900 2290 prostrata,
2925 2221 3067 2276 inter
3085 2237 3303 2293 spumas
3327 2224 3505 2279 horri-

1920 2314 2054 2369 biles
2100 2314 2393 2370 miserabili
2439 2314 2779 2370 volutabatur
2836 2314 3046 2370 iusania
3073 2357 3087 2382 ,
3138 2316 3273 2370 adeo
3313 2322 3371 2371 ut
3413 2318 3504 2371 vix

1921 2413 2153 2475 quatuor
2186 2405 2427 2460 virorum
2469 2407 2638 2460 teneri
2688 2414 2872 2476 posset
2918 2406 3197 2461 instantia.
3234 2406 3362 2462 Post
3411 2409 3507 2461 tri-

1921 2496 2067 2568 ginta
2095 2503 2274 2550 autem
2302 2495 2509 2550 dierum
2541 2495 2803 2550 circulum
2837 2512 2899 2550 ex
2933 2510 3039 2566 quo
3066 2497 3114 2550 ei
3150 2498 3252 2552 hoc
3282 2498 3502 2565 accidit,

1922 2585 2086 2654 cmpit
2117 2584 2206 2639 ille
2237 2582 2507 2638 habitator
2533 2584 2800 2654 malignus
2832 2600 3063 2655 peream
3090 2585 3234 2641 diras
3257 2586 3507 2642 emittere

1921 2676 2103 2731 voces.
2136 2674 2285 2730 lianc
2315 2676 2384 2730 ob
2415 2689 2634 2731 causam
2663 2682 2817 2744 pater
2846 2673 2961 2743 ejus
3000 2674 3219 2730 nuntios
3254 2675 3406 2729 misit
3437 2674 3503 2730 ad

1920 2771 2102 2837 regem
2135 2766 2461 2838 Sigibertum
2486 2767 2536 2835 ι),
2564 2766 2885 2822 Thcodorici
2919 2766 3217 2837 ﬁlium,qui
3254 2782 3373 2821 eam
3404 2767 3505 2822 ha-

1918 2862 2037 2917 buit
2080 2862 2481 2932 desponsatam,
2512 2868 2572 2914 ut
2615 2860 2664 2914 ei
2702 2859 3015 2914 nuntiarent
3055 2858 3313 2930 quidquid
3359 2858 3505 2913 circa

1920 2948 2152 3023 puellam
2186 2952 2467 3021 agebatur.
2495 2951 2611 3005 Rex
2644 2965 2777 3006 vero
2804 2966 2926 3007 cum
2958 2951 3104 3004 omni
3148 2948 3503 3005 festinatione

1921 3043 2068 3098 misit
2097 3045 2233 3099 duos
2258 3045 2563 3113 pontiﬁces,
2592 3044 2656 3098 de
2683 3056 2910 3112 quorum
2937 3043 3143 3097 meritis
3164 3043 3504 3112 potissimum

1922 3135 2311 3204 pracsumebat,
2340 3151 2463 3189 eum
2484 3135 2638 3188 donis
2678 3135 2840 3204 regiis
2871 3135 2936 3187 ad
2976 3134 3242 3203 puellam,
3286 3144 3344 3188 ut
3382 3150 3503 3190 eam

1918 3223 2275 3278 medicamine
2296 3226 2597 3279 orationum
2626 3239 2655 3277 a
2688 3223 2886 3278 furoris
2907 3224 3088 3279 vesani
3127 3223 3384 3295 languore
3411 3241 3501 3281 sa-

1913 3323 2123 3370 narent.
2154 3314 2321 3386 Igitur
2344 3315 2681 3379 Willimarus
2706 3315 3006 3386 presbyter,
3038 3315 3222 3370 volens
3245 3324 3491 3386 tempore

1913 3425 2011 3480 per
2033 3409 2312 3479 epistolam
2340 3408 2560 3464 deﬁnito
2594 3410 2659 3463 ad
2685 3409 2873 3463 ducem
2902 3409 3106 3473 venire,
3132 3409 3265 3463 dixit
3291 3409 3493 3465 beatis-

1913 3500 2052 3558 simo
2081 3499 2234 3556 Gallo
2258 3514 2272 3553 :
2300 3498 2418 3556 Scis
2444 3498 2597 3554 ducis
2628 3499 2937 3552 mandatum
2964 3516 2976 3552 ε
3008 3513 3195 3554 eamus
3224 3502 3290 3553 ad
3322 3499 3497 3554 illum.

1912 3590 1981 3648 Et
2010 3591 2099 3648 ille
2124 3609 2139 3645 :
2167 3592 2340 3647 Tuum
2370 3600 2486 3658 est,
2525 3592 2731 3663 inquit,
2762 3592 2863 3647 hoc
2898 3591 3025 3657 iter,
3059 3607 3165 3646 non
3192 3607 3392 3647 meum.
3421 3593 3500 3648 Tu

1912 3697 2041 3756 ergo
2069 3682 2429 3754 proﬁciscere.
2462 3684 2599 3751 Quid
2629 3684 2758 3739 mibi
2787 3701 2905 3740 cum
2932 3684 3263 3756 principibus
3283 3685 3505 3740 szeculi?

1910 3775 2045 3833 Nam
2079 3778 2131 3832 in
2160 3792 2402 3834 eremum
2431 3779 2574 3833 unde
2620 3778 2763 3832 exivi
2808 3786 3069 3834 revertar.
3111 3776 3260 3844 Noli,
3289 3780 3393 3845 ait,
3428 3772 3500 3834 ita

1912 3882 2091 3940 agere,
2121 3870 2213 3924 sed
2244 3884 2405 3940 perge
2436 3884 2681 3935 mecum,
2712 3883 2779 3924 ne
2809 3868 2947 3924 forte
2974 3868 3103 3935 dux,
3136 3870 3228 3939 qui
3261 3869 3311 3923 in
3339 3883 3503 3922 vexa-

1913 3961 2056 4016 tione
2086 3960 2207 4016 ﬁlia:
2233 3962 2459 4016 nimium
2484 3963 2857 4026 contristatur,
2886 3963 2964 4016 ira
2989 3971 3288 4017 commotus
3318 3963 3499 4016 mittat

1912 4050 2176 4130 satellites
2203 4059 2361 4120 teque
2391 4052 2631 4107 vinctum
2668 4053 2793 4108 illuc
2818 4052 2980 4107 faciat
3008 4054 3252 4123 perduci.
3274 4055 3369 4108 V'ir
3391 4055 3504 4109 Deo

1908 4140 2099 4212 plenus
2127 4141 2669 4211 respondit:Vadam
2700 4142 2850 4212 prius
2895 4143 2962 4196 ad
3008 4142 3254 4198 cellulam
3291 4158 3502 4208 meam,

1910 4240 1971 4287 ut
1992 4232 2301 4302 provideam
2327 4232 2613 4287 utilitatem
2646 4240 2702 4287 et
2730 4233 3035 4288 necessaria
3059 4233 3286 4288 fratrum
3311 4234 3399 4301 qui
3427 4230 3499 4286 ibi

1909 4329 2035 4375 sunt
2060 4321 2286 4377 Domino
2312 4322 2584 4377 servituri.
2626 4321 2739 4377 Hoc
2769 4323 2971 4378 idcirco
2998 4323 3133 4378 dixit
3163 4339 3230 4379 ne
3254 4324 3318 4378 ad
3346 4322 3501 4393 prin-

1911 4411 2082 4480 cipem
2113 4411 2235 4466 iret.
2260 4411 2326 4467 Et
2358 4428 2712 4484 consurgens,
2741 4414 2807 4470 ad
2837 4412 3020 4469 electa:
3048 4414 3254 4485 pridem
3285 4413 3497 4469 habita-

237 4525 354 4567 sam
411 4508 646 4580 apponi;
709 4514 765 4562 et
824 4520 947 4560 cum
1009 4504 1380 4559 consedissent
1431 4504 1808 4560 benedicentcs
1834 4523 1885 4582 Β
1913 4502 2073 4558 tionis
2115 4502 2291 4558 locum
2336 4504 2495 4559 miles
2533 4505 2746 4559 Domini
2803 4504 3053 4559 tendebat
3093 4506 3363 4577 egregius.
3401 4503 3505 4559 Se-

236 4604 439 4667 Deum,
467 4615 588 4655 cum
631 4597 924 4669 gratiarum
957 4595 1167 4650 actione
1202 4594 1383 4649 cibum
1427 4602 1799 4664 sumpserunt,

236 4701 291 4749 et
316 4693 455 4746 inter
491 4687 862 4760 prandendum
893 4685 1149 4740 diaconus
1174 4683 1322 4763 dicit
1360 4683 1710 4753 presbytero:
1744 4683 1801 4740 Si

234 4800 396 4841 ursus
418 4783 651 4846 adesset,
682 4778 928 4835 fortassis
956 4776 1140 4833 Gallus
1176 4774 1508 4846 perrexisset
1542 4776 1617 4830 illi
1646 4777 1805 4833 bene-

237 4875 548 4931 dictionem.
601 4867 1062 4939 lnterrogantique
1103 4866 1243 4920 unde
1288 4865 1591 4935 hujusmodi
1643 4868 1806 4921 verba

234 4965 521 5038 proferret,
551 4962 792 5019 narravit
812 4960 989 5016 omnia
1016 4973 1133 5029 quae
1155 4966 1304 5029 gesta
1328 4966 1483 5012 erant
1516 4958 1568 5012 in
1603 4964 1806 5014 eremo’.

222 5164 225 5165 ν
256 5098 261 5104 ἡ
310 5141 334 5169 ο
363 5124 687 5192 Ihurningae,
714 5118 839 5192 villa
856 5116 1146 5192 regia,-s_eu
1172 5122 1409 5192 castrum
1427 5115 1700 5192 inﬁdextro
1732 5112 1811 5192 la-

238 5210 355 5255 tere
380 5196 527 5251 lacus
553 5184 811 5247 Potamici
832 5230 846 5254 ,
879 5184 990 5243 tum
1010 5184 1349 5240 Alamannis:
1386 5201 1451 5239 ac
1480 5184 1688 5255 Suevia;
1714 5186 1811 5239 du-

238 5254 364 5326 cum
392 5267 577 5329 sedes,
605 5277 748 5317 nunc
770 5261 954 5323 libera
993 5256 1204 5326 imperii
1237 5255 1462 5329 Romani
1489 5257 1622 5310 urbs
1648 5254 1805 5311 Ober-

241 5342 419 5409 lingen
450 5326 612 5396 dicta,
645 5342 703 5385 ut
728 5330 1023 5409 Delde-stus
1046 5326 1375 5409 observavit.
1447 5396 1471 5409 ﬂ

313 5394 347 5450 ιτ
373 5406 496 5461 ll:ec
539 5394 812 5466 narratio,
859 5400 904 5455 si
937 5412 1063 5453 vera
1105 5405 1189 5451 est
1214 5395 1354 5466 (eam
1385 5396 1528 5451 en'im
1569 5394 1815 5450 moderni

235 5490 490 5536 auctores
537 5472 777 5530 nonnulli
826 5471 879 5524 in
931 5466 1137 5524 fabulas
1188 5465 1481 5533 rejiciuut),
1528 5466 1819 5520 convenire

232 5535 344 5606 non
375 5555 551 5618 potest
577 5543 845 5618 §igiberto
866 5537 1185 5618 Theoderici
1217 5536 1488 5618 ﬁlioxqui,
1518 5544 1653 5589 teste
1682 5535 1811 5590 Fre-

232 5605 457 5691 degario
495 5617 547 5671 in
577 5605 778 5691 Clirolp.
807 5625 940 5691 ‘eap:
985 5609 1084 5671 42,
1110 5616 1235 5691 post
1263 5605 1671 5691 ’I‘plbiacensem
1712 5622 1810 5675 pu-

232 5676 405 5762 gnam
431 5701 532 5740 una
550 5699 678 5762 cum
700 5676 1071 5762 Cprbp'fratre
1102 5676 1512 5762 jussu'Crl‘otalt-ii
1545 5677 1808 5762 regi-sex-

232 5746 467 5820 ;tinctus
498 5764 578 5813 est
606 5756 694 5810 vix
723 5750 1050 5815 duodennis;
1081 5746 1174 5805 sed
1207 5748 1287 5805 vel
1324 5746 1598 5821 Sigiberto
1642 5747 1814 5819 [lago-

1908 4597 2093 4668 qucnti
2135 4597 2222 4653 die
2259 4596 2515 4675 fratribus
2561 4600 2652 4669 qui
2698 4615 2879 4654 secum
2924 4606 3079 4653 erant
3126 4596 3400 4652 interdixit
3429 4612 3503 4675 ne

1908 4687 2030 4758 quis
2058 4703 2243 4743 eorum
2266 4668 2495 4759 cuipiam
2524 4668 2631 4761 quo
2651 4699 2917 4761 pergeret,
2944 4690 3223 4744 indicaret.
3244 4687 3351 4744 Sed
3377 4672 3503 4744 etsi.

1914 4779 2181 4835 curiosius
2218 4780 2534 4852 interrogati
2583 4781 2813 4837 fuissent
2855 4797 2886 4836 a
2920 4797 3216 4852 quoquam,
3239 4779 3400 4851 jussit
3440 4788 3500 4834 ut

1915 4880 2036 4922 eum
2071 4883 2168 4936 per
2195 4870 2478 4940 epistolam
2511 4871 2752 4941 magistri
2786 4869 2866 4925 sui
2902 4870 2970 4923 ad
3007 4868 3212 4923 Italiam
3254 4870 3498 4923 dicerent

1918 4958 2223 5013 invitatum.
2251 4960 2345 5016 llis
2370 4959 2530 5016 dictis
2571 4976 2791 5017 sumens
2828 4976 3009 5015 secum
3044 4960 3178 5015 duos
3217 4960 3285 5014 de
3326 4957 3501 5014 disci-

1916 5116 2057 5187 berti
2090 5117 2199 5173 ﬁlio
2223 5115 2692 5187 (quemadmodum
2716 5121 2922 5169 vetusta
2947 5114 3181 5187 abbatize
3197 5113 3252 5169 S.
3277 5112 3495 5187 Martini

1918 5186 2174 5242 Metensis
2220 5184 2575 5242 instrumenta
2611 5185 2807 5239 docent
2838 5185 2977 5254 apud
3016 5184 3340 5240 Meurissum
3379 5184 3499 5238 Ma-

1916 5258 2238 5327 daurensem
2288 5257 2599 5327 episcopum
2639 5257 2693 5309 in
2742 5256 2893 5327 llist.‘
2922 5254 3145 5327 hletens.
3196 5256 3499 5327 epise.,_gits

1922 5324 2204 5398 Puppolo),
2229 5324 2488 5398 vel'certe
2520 5326 2800 5398 tribuenda
2825 5324 2909 5380 e-t
2946 5325 3337 5398 Sigibcrtoseu
3374 5324 3505 5395 Sig-

1921 5394 2525 5452 berchto'orientalium
2548 5394 2838 5465 Anglorum
2871 5394 3245 5465 regi,’honrzini
3276 5394 3405 5465 bon_o
3432 5406 3497 5465 ne

1926 5466 2191 5548 religiosp,
2211 5469 2300 5548 qui
2322 5466 2520 5548 dudum
2559 5466 2613 5519 in
2639 5461 2813 5548 Gellia
2844 5461 2968 5519 dum
2990 5464 3310 5548 _inimicitius
3354 5461 3494 5548 Red:

1926 5533 2082 5591 waldi
2122 5533 2325 5607 fugiens
2353 5535 2636 5597 exsularet,
2677 5535 2942 5607 lauacrum
2985 5533 3229 5607 baptismi
3269 5533 3497 5607 percepit

1928 5601 2522 5677 regnante’Dagobcrlo,
2545 5617 2599 5661 ut
2627 5607 2763 5661 Beda
2795 5606 2846 5660 in
2874 5604 2963 5659 lib.
2988 5616 3052 5656 Ill
3073 5601 3375 5671 IIiSl.,('ap.
3409 5601 3499 5665 l8,

1933 5686 2128 5733 auctor
2153 5686 2255 5735 est.
3330 5696 3333 5699 ‘
