3978 6310
530 310 630 364 99!

1059 312 1450 372 WALAFR-lDl
1491 316 1741 374 STRABI
1776 302 1979 375 Εῖιῖῡ.
2012 320 2180 379 MON.
2222 322 2375 382 OPP.
2412 327 2595 386 PARS
2627 329 2693 386 Il.
2731 362 2803 374 —
2838 332 3227 393 HISTORICA.

3686 343 3791 401 π

527 420 669 490 polis
717 423 868 489 suis,
912 439 1009 493 per
1053 425 1395 481 solitarii-om
1446 407 1673 484 Raetiam
1718 429 2034 487 Curiensem
2068 444 2096 474 ι
2124 439 2175 500 Α
2201 436 2400 503 cisset,
2446 453 2765 498 manserunt
2831 445 2906 499 ibi
2961 447 3139 503 tribus
3172 458 3391 505 tantum
3443 451 3681 521 diebus;
3727 475 3791 514 ac

523 513 868 566 conumavit.
896 513 1136 584 Cumque
1162 519 1467 585 proximum
1494 529 1730 575 montem
1757 525 2108 580 transeende-
2207 528 2402 584 deinde
2449 533 2516 586 ad
2563 547 2667 588 sua
2714 535 2966 602 reversi,
3004 539 3389 597 nuntiaverunt
3427 547 3617 600 omnia
3674 564 3789 619 qua

529 610 650 659 rent
674 641 689 668 ,
717 615 985 659 venerunt
1011 606 1066 660 in
1093 621 1332 667 eremum
1365 625 1485 679 quas
1515 609 1713 666 Sennt’a
1757 614 2104 669 nominatur:

525 690 756 761 indeque
782 695 850 749 ad
874 695 1179 763 proximum
1211 698 1387 753 vicum
1417 701 1507 769 qui
1536 700 1734 756 dic'tur
1760 703 2107 769 Quaradaves

520 778 752 850 digressi
773 819 792 848 ,
816 794 1135 853 repererunt
1178 787 1252 841 ibi
1280 787 1540 843 Joannem
1587 791 1866 847 diaconem
1886 833 1902 859 ,
1929 795 2102 850 virum

516 869 722 939 justum
753 882 808 929 et
836 873 1002 929 Deum
1032 877 1309 933 timentem
1335 893 1351 932 :
1377 880 1530 948 isque
1556 883 1761 951 recepit
1782 897 1878 938 eos
1915 884 2102 954 hospi-

522 960 633 1025 tio,
659 971 717 1016 et
740 963 887 1017 omni
916 963 1049 1019 fovit
1081 966 1435 1023 humanitatis
1472 971 1755 1041 obsequio.
1799 973 2100 1032 Fiuxerunt

520 1051 665 1111 enim
694 1067 755 1108 se
776 1054 843 1109 de
867 1056 1025 1127 longe
1055 1064 1185 1113 tunc
1213 1059 1450 1127 venisse,
1472 1068 1527 1117 et
1553 1062 1693 1133 apud
1717 1079 1841 1120 eum
1881 1082 2097 1124 mansev

516 1153 645 1199 runt
670 1154 875 1217 septem
901 1149 1109 1205 diebus.

1105 1258 1332 1317 CAPUT
1364 1261 1501 1317 XVI.

517 1363 1110 1451 Qualiternmisso‘post
1140 1374 1305 1451 cirum
1347 1373 1441 1451 Dei
1479 1378 1772 1448 presbytero
1806 1383 2030 1451 episcopi
2060 1401 2091 1439 α

590 1452 704 1504 rege
734 1438 917 1493 directi
951 1438 1117 1510 ﬁliam
1165 1447 1311 1497 ducis
1355 1438 1575 1500 liberare
1623 1438 1723 1501 ἧοη
1760 1438 1989 1504 calentes,
2021 1438 2090 1507 ad

590 1522 915 1588 regemncum
947 1512 1262 1588 _ronfusione
1293 1516 1539 1571 redierint
1561 1558 1576 1584 ,
1599 1520 1833 1588 confesso
1853 1522 2089 1578 daemone

590 1574 726 1629 benti
749 1575 887 1631 Galli
910 1574 1167 1637 virtufent.

516 1736 539 1751 ,,
581 1682 753 1743 Porro
781 1703 903 1744 cum
937 1704 1079 1761 sche
1106 1693 1280 1751 dictus
1316 1698 1618 1770 presbyter,
1650 1700 1842 1772 hospes
1872 1714 2085 1760 sancto-

2204 630 2357 690 gesta
2386 620 2598 679 fuerant
2626 627 2759 698 regi.

2773 737 3003 797 CAPUT
3041 741 3199 799 XVII.

2332 839 2397 895 Ut
2427 844 2504 897 uir
2524 844 2624 900 Dei
2652 864 2746 917 per
2760 852 3119 923 presbyterum
3138 856 3209 910 ad
3232 857 3417 914 ducem
3439 866 3664 920 venerit.

2269 954 2555 1029 Presbyter
2582 976 2709 1017 vero
2736 978 2857 1019 cum
2879 1005 2894 1031 ,
2925 969 3220 1025 secundum
3243 972 3548 1040 iussionem
3589 979 3776 1046 ducis.

2196 1048 2373 1102 virum
2396 1049 2487 1104 Dei
2512 1050 2701 1107 fuisset
2733 1068 2763 1108 e
2783 1058 3010 1128 vestigio
3044 1074 3384 1129 prosecutus,
3415 1069 3632 1134 reperit
3657 1085 3781 1126 eum

2196 1136 2250 1190 in
2300 1137 2556 1207 spelunca
2615 1142 2856 1199 animum
2911 1161 3066 1201 suum
3114 1149 3366 1207 lectionis
3409 1156 3783 1212 consolatione

2195 1240 2506 1300 pascentem
2533 1251 2548 1300 ;
2578 1243 2627 1290 et
2658 1235 2920 1293 accedens
2946 1240 3201 1297 salutavit
3226 1243 3529 1310 humiliter,
3560 1259 3618 1302 et
3647 1250 3778 1305 dixit

2192 1320 2258 1374 ad
2289 1336 2453 1376 eum:
2486 1322 2562 1379 Ne
2604 1328 2816 1392 timeas,
2858 1342 3014 1384 serve
3058 1331 3184 1395 Dei,
3219 1334 3285 1387 ad
3332 1336 3532 1390 ducem
3572 1338 3776 1392 venire.

2191 1409 2304 1465 Sub
2333 1414 2709 1471 testiﬁcatione
2732 1420 2876 1473 enim
2902 1420 3258 1490 jurisjurandi
3289 1429 3551 1495 promisit
3576 1444 3639 1484 se
3668 1431 3779 1484 nul-

2188 1499 2296 1556 lam
2327 1503 2424 1558 tibi
2451 1504 2812 1578 irrogaturum
2844 1509 3117 1581 injuriam.
3147 1513 3254 1572 Sed
3284 1528 3338 1572 et
3368 1534 3501 1574 eum
3534 1525 3779 1591 posueris

2189 1607 2405 1648 manum
2432 1605 2576 1651 tuam
2602 1613 2764 1669 super
2787 1611 2951 1671 caput
2971 1604 3193 1673 puellm,
3231 1615 3289 1661 et
3315 1609 3387 1663 ab
3428 1625 3494 1663 ea
3529 1627 3633 1682 per
3656 1627 3773 1667 eia-

2189 1684 2363 1740 tiones
2408 1697 2536 1743 tuas
2557 1691 2777 1759 spiritus
2821 1693 3131 1752 immundus
3167 1699 3519 1767 abscesserit,
3564 1707 3621 1760 in
3656 1710 3773 1762 sede

508 1789 654 1842 mm,
675 1778 915 1837 audisse,
939 1784 1114 1840 virum
1138 1786 1233 1841 Dei
1255 1788 1319 1843 de
1340 1788 1527 1844 cenula
1550 1791 1880 1861 discessisse,
1897 1811 2089 1852 navem
2122 1780 2165 1840 Β
2194 1773 2962 1850 Constantiensi'pontiﬁcatus
2986 1794 3036 1841 te
3057 1789 3373 1847 sublimahit
3386 1794 3627 1851 honore.
3645 1797 3774 1852 Dum

511 1868 910 1935 conscendens,
943 1875 1013 1929 ad
1051 1875 1241 1932 ducem
1270 1879 1670 1949 transfretavit,
1702 1892 1758 1940 et
1799 1902 1919 1958 qua:
1945 1888 2088 1945 circa

512 1954 785 2014 hominem
826 1962 919 2017 Dei
960 1964 1100 2020 facta
1131 1966 1380 2035 fuerant,
1418 1971 1693 2029 indicavit.
1734 1954 1846 2031 Dus
1876 1994 2003 2034 vero
2032 1988 2091 2034 ut

506 2044 614 2100 cito
650 2059 1034 2120 reverteretur,
1057 2055 1133 2109 illi
1162 2057 1464 2126 imperavit,
1488 2071 1541 2115 et
1562 2063 1739 2119 missis
1764 2075 1884 2135 post
1910 2068 2086 2123 virum

505 2132 602 2189 Dei
640 2136 853 2208 legatis,
885 2157 1008 2198 eum
1055 2147 1310 2204 advenire
1358 2151 1547 2207 devote
1590 2132 1819 2227 rogaret.
1846 2159 1910 2213 Et
1950 2158 2083 2228 adji-

504 2222 699 2281 ciens:
734 2227 791 2283 Si
815 2231 982 2299 enim,
1026 2234 1241 2305 inquit,
1283 2254 1377 2308 per
1424 2241 1540 2311 ejus
1574 2222 1875 2303 orationem
1920 2249 2083 2306 ﬁliam

504 2328 679 2370 meam
696 2316 953 2378 Dominus
975 2338 1007 2377 a
1021 2325 1284 2383 dasmonio
1306 2329 1632 2401 liberaverit,
1655 2336 1793 2391 dabo
1814 2338 1885 2392 illi
1907 2342 2085 2409 ponti-

504 2404 767 2464 tiﬁcatum
805 2411 1231 2474 Constantiensis
1257 2421 1545 2490 Ecclesiae,
1591 2435 1647 2481 et
1688 2404 1931 2500 insuperw
1958 2448 2080 2488 eum

501 2496 736 2566 copiosis
761 2505 1105 2571 prtemiorum
1136 2512 1452 2568 muneribus
1498 2514 1793 2574 honorabo.
1839 2520 1928 2575 Ille
1958 2538 2082 2593 pro-

500 2586 722 2645 mittens
745 2605 806 2646 se
835 2602 895 2648 ut
917 2593 1211 2663 jubebatur
1230 2611 1476 2658 acturum
1504 2606 1678 2662 sicubi
1703 2623 1826 2663 eum
1863 2586 2077 2680 qui—de-

498 2676 841 2737 siderabatur
860 2683 1102 2742 invenire
1131 2692 1413 2759 potuisset,
1442 2703 1613 2750 ratem
1640 2707 1829 2768 petens
1859 2676 1929 2755 ad
1956 2719 2080 2773 pro-

494 2765 615 2835 pria
656 2773 936 2827 remeavit.
973 2775 1182 2833 interea
1228 2782 1512 2851 pontiﬁces
1552 2801 1582 2840 a
1614 2765 1739 2859 rege
1777 2794 2103 2860 transmissi_

497 2869 785 2926 venerunt,
820 2872 876 2917 et
924 2864 1244 2925 invenerunt
1290 2872 1458 2941 ipsam
1487 2878 1703 2945 quidem
1733 2881 1964 2948 puellam
1991 2884 2074 2938 ni-

496 2949 608 3004 mio
632 2949 967 3011 laborantem
991 2958 1192 3027 furore,
1219 2974 1473 3031 parentes
1496 2976 1673 3022 autem
1698 2970 1815 3040 ejus
1835 2986 2075 3027 onmem-

495 3056 602 3113 que
637 3044 897 3102 familiam
927 3059 981 3105 et
1023 3054 1352 3124 propinquos
1386 3056 1574 3115 ﬁentes
1622 3076 1783 3132 super
1827 3078 1978 3130 eam,
2019 3078 2074 3121 et

2191 1864 2258 1919 de
2287 1865 2653 1937 hujuscemodi
2690 1872 3016 1946 colloquium
3049 1878 3211 1938 rebus
3249 1882 3561 1953 haberent,
3596 1904 3775 1959 super-

2188 1954 2411 2010 veniens
2435 1955 2671 2015 Joannes
2691 1961 2971 2031 diaconus,
2998 1970 3293 2024 secundum
3320 1980 3773 2034 consuetudinea

2188 2044 2383 2099 obtulit
2425 2047 2669 2118 ei'panes
2699 2067 2917 2123 azymos
2957 2065 3012 2111 et
3041 2055 3383 2131 lagunculam
3412 2066 3529 2119 vini
3550 2108 3569 2131 ,
3604 2068 3770 2125 oleum

2185 2143 2241 2189 et
2267 2134 2535 2207 butyrum,
2578 2150 2631 2195 et
2666 2144 2772 2198 mel
2800 2145 2856 2199 in
2906 2149 3138 2205 vasculis
3180 2167 3302 2207 eum
3340 2156 3594 2225 piscibus
3620 2163 3765 2217 assis.

2187 2222 2281 2278 Vir
2309 2226 2418 2281 Dei.
2451 2243 2581 2284 cum
2622 2244 2743 2285 eum
2775 2235 2959 2290 venire
2998 2222 3381 2309 cognovisset,
3417 2246 3630 2316 gratias
3667 2251 3772 2319 egit

2186 2314 2329 2381 Deo,
2369 2318 2564 2388 gaudio
2588 2320 2778 2391 plenus
2802 2363 2817 2389 ,
2850 2325 3347 2400 diseubueruntque
3380 2314 3496 2388 tres
3537 2314 3766 2394 οοιινίξε

2184 2406 2452 2474 fidissimi,
2493 2418 2549 2464 et
2595 2427 2715 2467 cum
2759 2417 3053 2484 gratiarum
3106 2422 3321 2477 actione
3364 2424 3515 2478 dona
3558 2426 3763 2484 Domini

2181 2510 2558 2570 p-recperunt.
2591 2502 2735 2559 Inter
2762 2507 2876 2563 luce
2899 2510 2981 2563 vir
3001 2522 3220 2568 sanctus
3245 2515 3613 2588 presbytero:
3637 2519 3761 2585 Duc,

2181 2588 2288 2653 ait,
2336 2590 2615 2646 nobiscum
2653 2604 2864 2651 noctem
2910 2596 3236 2667 instantem,
3297 2612 3352 2658 et
3392 2608 3642 2662 crastina
3683 2612 3764 2666 die

2179 2686 2354 2734 tecum
2379 2721 2394 2746 ,
2428 2681 2656 2740 Domino
2701 2686 2909 2743 volente
2930 2728 2944 2751 ,
2976 2691 3308 2758 proﬁciscar.
3353 2694 3612 2765 (Jamque
3643 2699 3762 2754 huic

2177 2785 2498 2828 consensum
2552 2778 2885 2845 persuasioni
2933 2782 3291 2851 pnebuisset,
3339 2787 3407 2842 ad
3460 2789 3642 2844 virum
3673 2790 3761 2847 Dei

2176 2858 2437 2915 diaconus
2485 2863 2618 2918 dixit
2649 2882 2661 2918 :
2697 2864 2850 2922 Mane
2896 2870 3072 2939 primo
3106 2872 3341 2930 diluculo
3390 2876 3499 2932 huc
3528 2880 3758 2944 veniam,

2175 2958 2231 3002 et
2262 2950 2521 3006 adducam
2550 2954 2750 3009 mulum
2781 2973 2957 3014 meum
2988 2968 3242 3028 stratum,
3266 2973 3326 3018 ut
3353 2967 3520 3021 simul
3545 2968 3627 3022 ire
3647 2985 3761 3039 pos-

2177 3038 2315 3093 sitis.
2343 3040 2454 3111 Ego
2477 3058 2605 3099 vero
2634 3044 2810 3100 cultor
2832 3063 2927 3102 ero
2955 3050 3247 3121 speluncze,
3281 3062 3339 3109 et
3364 3070 3487 3110 eam
3518 3073 3656 3113 cura
3686 3060 3759 3113 di-

494 3135 784 3194 miserabili
812 3156 1045 3198 mmrore
1084 3145 1387 3216 depressos.
1417 3148 1549 3206 Tota
1575 3126 1717 3207 enim
1748 3154 1940 3210 domus
1965 3126 2072 3213 una
2099 3136 2143 3198 δ
2174 3126 2358 3197 “seu”
2392 3134 2710 3189 cusmdiam'
2759 3136 2990 3195 sum“
3034 3141 3218 3199 6‘1"“
3259 3149 3546 3215 respondit
3573 3167 3587 3203 ³
3619 3148 3759 3204 Bene

493 3222 648 3280 clade
690 3230 984 3286 contabuit.
1021 3232 1202 3290 Puella
1252 3240 1552 3295 vexabatur
1588 3242 1825 3311 insania,
1884 3249 2071 3304 caeteri

492 3318 887 3387 torquebantur
912 3323 1146 3380 tristitia.
1172 3324 1465 3399 Postquam
1490 3347 1620 3403 ergo
1639 3335 1864 3407 ingressi
1894 3326 2070 3409 ponti?-

492 3407 622 3462 lices
647 3424 868 3465 munera
897 3427 926 3465 a
968 3430 1092 3484 rege
1115 3417 1321 3473 directa
1350 3433 1768 3493 prtesentarunt,
1798 3443 1985 3499 preces
2012 3430 2068 3485 in

492 3512 781 3569 conspectu
813 3504 1001 3573 puella:
1048 3506 1304 3564 fuderunt
1326 3512 1395 3567 ad
1441 3512 1763 3572 Dominum.’
1790 3518 1883 3574 llla
1939 3535 2066 3578 vero

492 3589 788 3645 tenentium
830 3594 1074 3650 manibus
1103 3612 1160 3652 se
1194 3602 1505 3668 excutiens,
1535 3606 1587 3660 vi
1620 3622 1805 3663 eorum
1830 3610 2063 3679 gladium

485 3676 731 3741 abstulit,
770 3680 954 3738 volens
978 3685 1258 3757 episcopos
1285 3689 1590 3749 interﬁcere
1617 3715 1629 3750 :
1655 3707 1710 3752 et
1735 3676 1856 3754 cuni
1878 3702 1929 3755 id
1955 3718 2063 3758 non

486 3774 669 3834 posset
692 3767 923 3836 efﬁcere,
956 3775 1176 3843 spiritus
1203 3778 1513 3839 immundus
1540 3786 1631 3841 uni
1671 3803 1855 3844 eorum
1892 3793 2058 3848 dixit:

484 3857 544 3911 Si
576 3859 815 3917 volueras
842 3880 951 3931 me,
983 3868 1123 3923 sicut
1149 3872 1258 3943 regi
1288 3875 1601 3945 promisisti,
1624 3879 1691 3934 de
1717 3881 1817 3937 hoc
1844 3886 2061 3942 vasculo

483 3952 832 4022 propulsare,
866 3972 964 4012 cur
982 3958 1147 4016 ﬁliam
1176 3972 1320 4016 tuam
1341 4005 1357 4030 ,
1399 3981 1561 4036 quam
1585 3986 1761 4026 nonna
1794 3972 1880 4029 illa
1907 3975 1974 4031 de
2008 3988 2058 4033 te

482 4044 803 4114 concepitet
834 4050 1041 4118 genuit,
1067 4067 1171 4107 non
1199 4054 1375 4111 fecisti
1407 4066 1582 4114 tecum
1607 4063 1828 4118 venire?
1857 4066 2057 4124 Deinde

479 4132 549 4188 ad
575 4132 839 4192 alterum:
871 4139 938 4194 Et
959 4149 1035 4206 tu,
1064 4143 1258 4212 inquit,
1280 4162 1403 4201 cum
1435 4149 1608 4205 tribus
1633 4150 1846 4208 feminis
1883 4153 2053 4210 forni-

476 4222 743 4279 cationem
773 4230 1111 4314 commisisti.
1144 4231 1335 4291 Vestro
1366 4238 1583 4307 quidem
1613 4240 1872 4311 imperio,
1911 4246 2055 4314 quod

1316 4290 1319 4291 ,
1613 4290 1872 4311 ---τ---η
1913 4290 2051 4314 νη-

477 4312 626 4369 nullo
654 4290 955 4374 sanctitatg
996 4322 1191 4378 merito
1234 4325 1556 4395 roboratur,
1590 4347 1864 4401 nunquam
1895 4350 2051 4405 egre-

474 4402 614 4457 diar.
656 4402 751 4460 Est
774 4420 904 4462 vero
947 4411 1162 4479 quidam
1204 4414 1288 4469 vir
1318 4432 1523 4489 magna:
1551 4419 1691 4490 apud
1718 4425 2053 4494 omnipoten-

2173 3220 2377 3288 dixisti,
2408 3222 2503 3289 fili,
2534 3231 2590 3279 et
2618 3240 2717 3296 ego
2738 3228 2953 3297 quidem
2983 3231 3065 3285 via
3093 3248 3197 3301 qua
3222 3246 3489 3289 venerunt
3520 3253 3622 3307 per
3643 3255 3756 3294 creo

2170 3323 2319 3365 mum
2354 3314 2629 3382 regrediar
2664 3315 2733 3369 ad
2777 3317 3023 3373 cellulam
3059 3337 3266 3388 meam,
3296 3333 3353 3378 et
3386 3326 3627 3381 visitabo
3651 3328 3757 3383 fra-

2169 3407 2281 3457 tres
2312 3419 2327 3456 :
2354 3406 2696 3474 postmodum
2723 3422 2873 3474 vero,
2911 3427 3071 3481 quam
3101 3413 3369 3471 citissime
3403 3426 3663 3487 potuero,
3691 3419 3754 3475 ad

2168 3499 2408 3548 castrum
2444 3496 2765 3566 properabo.
2795 3497 3082 3573 Presbyter
3123 3518 3252 3575 ergo
3288 3506 3638 3577 adjuratione
3664 3526 3754 3563 va-

2166 3578 2272 3635 lida
2289 3583 2615 3639 constrinxit
2635 3600 2781 3653 eum,
2807 3596 2865 3642 ut
2884 3604 3223 3661 nequaquam
3246 3594 3455 3650 faceret
3477 3603 3753 3655 contraria

2165 3670 2345 3726 dictis.
2378 3672 2445 3727 Et
2472 3674 2850 3734 abscesserunt
2884 3682 3105 3749 pariter.
3141 3683 3378 3741 Joannes
3408 3705 3631 3760 quoque
3663 3708 3749 3747 ac-

2165 3772 2318 3831 cepta
2348 3764 2728 3822 benedictione
2761 3770 2924 3825 rediit
2966 3772 3023 3826 in
3054 3774 3271 3829 domum
3297 3792 3476 3833 suam.
3502 3780 3749 3853 Cumque

2163 3854 2248 3907 vir
2290 3854 2479 3910 beatus
2524 3868 2674 3913 recto
2720 3860 2912 3916 itinere
2956 3866 3291 3933 pervenisset
3338 3869 3406 3921 ad
3460 3870 3745 3938 cellulam,

2162 3944 2432 4013 requievit
2458 3946 2529 4002 ibi
2559 3956 2714 4005 nocte
2754 3947 2842 4006 illa
2881 3968 3004 4008 cum
3051 3955 3328 4013 fratuibus.
3368 3960 3533 4016 Mane
3564 3976 3743 4019 autem

2160 4035 2439 4103 sequenti,
2468 4041 2696 4108 sumptis
2729 4055 2909 4096 secum
2941 4045 3148 4102 duobus
3177 4047 3475 4117 fratribus,
3509 4057 3746 4123 perrexit

2159 4127 2226 4180 ad
2255 4135 2527 4196 castrum,
2560 4133 2864 4203 reperilque
2917 4136 3048 4191 inibi
3087 4153 3208 4193 cum
3238 4142 3571 4214 presbytero
3598 4146 3747 4201 ducis

2159 4216 2383 4271 missum
2420 4219 2510 4288 qui
2538 4233 2633 4274 eos
2661 4236 2783 4275 cum
2809 4224 2958 4277 omni
2994 4224 3340 4284 festinatione
3377 4231 3463 4287 ire
3488 4232 3743 4303 deposce—

2157 4319 2270 4375 ret;
2304 4310 2394 4379 qui
2423 4313 2585 4367 etiam
2627 4313 2884 4371 indicavit
2912 4319 3143 4388 puellam
3171 4323 3490 4381 continuato
3509 4326 3629 4395 jam
3656 4328 3743 4383 tri-

2154 4400 2261 4455 duo
2291 4402 2408 4456 sine
2455 4403 2711 4460 alimonia
2754 4409 3065 4477 perdurare.
3096 4412 3168 4468 At
3203 4413 3278 4468 illi
3323 4418 3588 4476 navicula
3617 4437 3741 4477 cou-

475 4502 581 4548 wm
608 4493 775 4550 Deum
809 4499 1044 4567 virtutis,
1090 4506 1305 4561 nomine
1334 4505 1538 4575 Gallus,
1564 4513 1654 4582 qui
1691 4529 1778 4569 me
1808 4490 1880 4571 de‘
1902 4514 2048 4574 Tuo-
2082 4490 2129 4551 D
2155 4506 2345 4582 scensa
2368 4533 2382 4558 ,
2432 4495 2560 4549 totis
2597 4497 2805 4554 nisibus
2847 4501 2925 4556 ire
2954 4500 3303 4570 festinantes,
3337 4508 3495 4579 ligno
3530 4515 3739 4569 natatiii

470 4585 658 4654 conia,
700 4588 790 4644 ubi
837 4590 927 4645 diu
954 4604 1137 4665 optata
1167 4599 1347 4667 quiete
1391 4603 1596 4672 potitus
1638 4622 1757 4662 sum
1799 4621 2049 4679 potenter

466 4674 651 4746 ejecit,
674 4679 969 4753 domosque
1000 4702 1148 4742 meas
1177 4691 1437 4748 audenter
1464 4694 1734 4751 destruxit
1762 4717 1773 4752 :
1799 4674 2045 4769 postmo-

470 4768 595 4822 dum
626 4767 903 4828 inveniens
935 4791 1020 4830 me
1059 4780 1199 4848 apud
1231 4778 1562 4853 Brigantium
1594 4802 2041 4861 connnorantem,

464 4859 656 4913 eadem
696 4862 939 4920 virtitute
984 4869 1369 4927 exincredavit.
1414 4874 1583 4933 Porro
1612 4882 1738 4948 qu'a
1787 4882 1894 4935 dux
1945 4886 2046 4939 iste

464 4962 589 5002 eum
611 4947 677 5003 de
706 4951 893 5007 eodem
924 4958 1126 5037 expulit
1152 4959 1291 5026 loco,
1323 4963 1376 5017 in
1406 4947 1663 5022 ultionem
1699 4970 1814 5040 ejus
1836 4970 2044 5039 injurite

464 5037 694 5105 puellam
725 5039 880 5096 istam
904 5046 1109 5116 arripui
1135 5065 1148 5102 :
1177 5051 1245 5106 de
1269 5067 1373 5122 qua
1401 5037 1760 5124 possessione,
1780 5037 1900 5116 ‘nisi
1927 5063 2041 5132 ipse

464 5130 773 5195 advenerit,
818 5132 1121 5194 nullatenus
1162 5144 1472 5198 amovebor.
1504 5134 1658 5203 Unus
1679 5151 1872 5206 deinde
1901 5130 2036 5221 pon-

464 5218 669 5273 lilicum
713 5222 861 5277 dedit
896 5222 1093 5283 furenti
1140 5229 1381 5300 alapam,
1427 5235 1652 5291 dicens:
1682 5218 2037 5309 Obmutesce,

461 5310 685 5379 Satana,
709 5314 954 5371 desertor
966 5319 1227 5387 veritatis,
1246 5322 1497 5381 falsitatis
1518 5339 1726 5383 amator
1744 5340 1800 5385 et
1820 5343 2026 5390 auctor.

459 5399 673 5458 Putavit
696 5405 841 5460 enim
869 5421 992 5461 eum
1016 5407 1082 5465 de
1109 5411 1407 5482 gallinaceo
1435 5418 1612 5473 dicere
1631 5420 1791 5489 gallo.
1816 5421 1883 5476 Et
1906 5424 2031 5478 dum

453 5493 680 5565 spiritus
704 5511 934 5569 nequam
960 5497 1203 5571 pluribus
1227 5515 1323 5560 eos
1346 5506 1634 5563 verborum
1660 5508 1874 5579 injuriis
1905 5510 2034 5568 affe-

522 5640 550 5669 ι
590 5627 815 5713 nimiam
845 5634 1073 5704 primam
1104 5638 1388 5713 appellant.
1424 5642 1587 5697 Italiae
1616 5636 2030 5713 conterminam,

446 5714 602 5767 citus
622 5698 805 5757 Βωιὶιυ
832 5698 990 5779 caput
1014 5717 1094 5763 est
1120 5698 1280 5766 Gut-ia
1311 5713 1588 5784 oppidum,
1621 5698 2029 5773 ξιέὲηῑζιῐεέῐῖεὶὶὶῐ

2148 4580 2399 4650 profundi
2435 4591 2584 4656 terga
2617 4587 2882 4658 sulcante,
2910 4603 3075 4649 nocte
3089 4597 3339 4666 proxima
3365 4615 3737 4671 pervenerunt

2151 4671 2218 4726 ad
2245 4673 2457 4729 ducem.

2714 4769 2943 4828 CAPUT
2991 4774 3171 4832 XVIII.

2151 4875 2390 4943 Qualiter
2435 4882 2671 4936 oratione
2709 4893 2756 4938 et
2790 4888 2955 4958 verba
3004 4888 3171 4958 [illam
3216 4891 3368 4948 ducis
3416 4911 3455 4948 ιι
3498 4898 3735 4953 άιεσιυιιε

2592 4970 2601 4979 ε
2779 4955 3095 5013 liberaverit.

2217 5059 2457 5132 Dumque
2503 5064 2729 5123 devictis
2776 5069 3058 5139 profundae
3119 5075 3291 5130 noctis
3347 5079 3598 5136 tenebris
3652 5083 3730 5137 Sol

2144 5151 2305 5205 terris
2334 5168 2458 5207 cum
2501 5154 2839 5225 jucunditate
2880 5174 3132 5218 serenum
3180 5166 3504 5225 restitueret
3550 5173 3730 5237 diem.

2137 5240 2299 5310 jussit
2320 5258 2416 5299 eos
2444 5246 2550 5301 dux
2576 5247 2759 5302 venire
2785 5249 2840 5305 in
2866 5252 3196 5320 cubiculum,
3220 5255 3275 5310 in
3301 5271 3413 5326 quo
3443 5242 3732 5332 ἐπερῠὼ

2141 5333 2477 5389 servabatur.
2507 5335 2731 5392 Jacebat
2759 5349 2941 5396 autem
2972 5350 3097 5399 tunc
3121 5345 3177 5400 in
3221 5347 3343 5401 sinu
3370 5353 3566 5408 matris
3593 5368 3726 5419 sua,

2134 5423 2309 5477 oculis
2333 5423 2531 5481 clausis
2552 5466 2568 5493 ,
2620 5442 2715 5483 ore
2753 5430 2945 5486 hianti.
2974 5433 3213 5491 Membra
3251 5452 3476 5510 quoque
3505 5441 3624 5512 ejus
3650 5444 3731 5499 ita

2135 5523 2294 5569 erant
2337 5515 2600 5585 disiecta,
2651 5528 2709 5574 ut
2755 5525 2910 5592 quasi
2958 5534 3169 5582 mortua
3218 5530 3521 5587 videretur.
3564 5534 3728 5589 Fetot

2136 5653 2318 5728 autem
2346 5650 2637 5728 secundam
2682 5662 2873 5710 vocant
2903 5670 3022 5723 qua:
3052 5672 3081 5709 a
3124 5654 3284 5714 Cu'ria
3316 5675 3489 5728 usque
3515 5658 3581 5713 ad
3621 5661 3699 5714 Da

2137 5717 2356 5775 nubium
2382 5721 2576 5792 porrigi
2588 5731 2687 5776 tur.
