3978 6310
255 362 364 422 995

1273 358 1432 416 VlTA
1473 357 1532 414 S.
1558 350 1775 414 ‘GALLI
1815 353 2125 411 ABBATIS.
2165 386 2235 396 —
2270 355 2398 410 LIB.
2439 356 2478 410 l.

3396 354 3502 411 994

249 489 384 533 vero
409 485 513 530 tam
542 475 718 547 gravis
743 474 853 529 oris
879 473 1122 544 prorupit
1154 486 1218 527 ex
1254 471 1437 542 adyto,
1466 479 1527 526 ut
1567 469 1824 540 sulphure
1850 475 1898 532 Α
1924 466 2218 536 discipulus
2246 466 2365 536 ejus
2417 469 2635 523 nomine
2678 467 3030 537 Hagnoaldus
3056 450 3205 525 dixit.
3220 469 3289 525 ad
3326 484 3449 524 eum
3482 485 3498 523 :

236 567 404 621 locus
452 566 567 635 ipse
613 579 865 635 aspersus
915 573 1214 633 putaretur.
1263 563 1423 617 Pater
1468 562 1648 632 itaque
1699 575 1822 615 cum

252 655 564 711 domesticis
590 654 701 709 suis
730 655 967 717 intravit,
998 660 1056 706 ut
1085 653 1288 707 videret
1314 651 1440 721 quid
1466 652 1551 707 vir
1567 651 1661 706 Dei
1682 658 1828 705 esset

251 755 493 800 acturus.
518 743 630 809 Ille,
660 745 727 799 de
754 745 963 799 Domini
986 744 1233 815 largitate
1260 743 1616 808 certissimus,
1642 742 1823 796 humi-

250 836 376 891 liter
400 851 458 891 se
488 844 834 906 prosternens
861 877 875 901 ,
906 836 1003 889 has
1026 850 1213 905 preces
1242 834 1470 889 Domino
1498 849 1620 888 cum
1647 834 1826 904 lacry-

250 927 357 980 mis
407 926 539 980 fudit
587 943 600 978 :
654 923 877 980 Domine
902 923 1029 980 Jesu
1070 924 1327 991 Christe,
1366 925 1457 994 qui
1508 940 1606 995 pro
1651 925 1825 979 salute

251 1014 473 1069 humani
510 1015 723 1085 generis
768 1029 986 1070 carnem
1039 1029 1254 1070 sumere
1308 1024 1363 1069 ct
1412 1030 1508 1084 per
1547 1015 1820 1085 Virginem

250 1105 401 1159 nasci
450 1105 701 1175 dignatus
729 1116 817 1168 es;
860 1105 951 1174 qui
1006 1105 1183 1160 ventis
1233 1113 1288 1159 et
1340 1106 1474 1159 mari
1512 1105 1822 1173 imperasti,

252 1195 520 1250 diabolum
551 1196 712 1249 etiam
732 1235 747 1260 ,
779 1196 1084 1251 calliditatis
1114 1211 1222 1250 sua:
1254 1195 1531 1251 fraudibus
1567 1196 1822 1252 insisten-

252 1293 384 1350 tem,
412 1293 560 1340 retro
589 1285 667 1340 ire
685 1284 914 1355 jussisti,
944 1287 1144 1356 quique
1166 1288 1418 1355 passione
1444 1295 1536 1341 tua
1563 1289 1821 1341 mundum

251 1375 519 1430 redimere
564 1385 620 1431 et
663 1375 898 1431 libertati
948 1377 1239 1431 restituere
1272 1376 1522 1446 dignatus
1561 1391 1621 1431 es
1649 1392 1663 1429 :
1692 1375 1824 1447 juhe

252 1469 398 1522 hunc
448 1467 932 1521 immundissimum
970 1467 1218 1536 spiritum
1247 1467 1315 1522 de
1362 1467 1540 1536 puella
1584 1468 1687 1521 hac
1725 1481 1823 1537 pro

252 1560 327 1613 tui
358 1559 527 1629 gloria
550 1558 783 1614 nominis
814 1558 962 1613 exire
981 1598 995 1624 ,
1044 1568 1104 1613 ut
1130 1560 1334 1629 plasma
1378 1568 1528 1614 tuum
1561 1560 1824 1630 superbus

253 1650 470 1704 invasor
495 1651 744 1714 deserat,
786 1655 842 1704 et
873 1650 967 1705 tibi
1016 1650 1248 1705 creatori
1298 1665 1397 1705 suo
1432 1658 1680 1705 creatura
1731 1658 1821 1704 tua

251 1742 491 1813 gaudens
530 1741 816 1798 deserviat.
846 1742 914 1798 Et
951 1757 1073 1798 cum
1102 1742 1427 1798 surrexisset
1454 1742 1523 1796 ab
1551 1742 1820 1804 oratione,

252 1810 587 1905 apprehensa
625 1834 854 1889 dextera
901 1833 1053 1903 ejus,
1105 1832 1355 1888 allevavit
1404 1846 1524 1886 eam
1576 1830 1821 1901 (spiritus
1853 1810 1897 1871 Β

251 1926 397 1981 enim
451 1924 715 1995 malignus
763 1925 1179 1979 conturbaverat
1236 1924 1412 1995 eam),
1472 1933 1527 1979 et
1570 1924 1821 1994 imposita

252 2031 415 2072 manu
442 2031 604 2087 super
643 2026 801 2086 caput
832 2015 969 2085 ejus,
1015 2016 1193 2070 dixit:
1224 2015 1434 2086 lmpero
1477 2016 1570 2071 tibi
1622 2018 1675 2071 in
1726 2033 1823 2072 no-

253 2109 398 2164 mine
412 2108 630 2163 Domini
656 2110 827 2163 nostri
842 2107 977 2163 -Jesu
1007 2106 1203 2162 Christi
1229 2146 1245 2172 ,
1282 2107 1502 2175 spiritus
1526 2106 1823 2173 immunde,

251 2208 313 2255 ut
339 2214 501 2256 exeas
541 2207 596 2255 et
639 2199 864 2255 recedas
890 2199 960 2254 ab
997 2198 1101 2253 hoc
1132 2198 1396 2267 plasmate
1434 2197 1550 2252 Dei.
1590 2196 1659 2252 Et
1699 2212 1822 2252 cum

252 2288 369 2343 haec
397 2288 651 2353 dixisset,
704 2288 955 2358 aperiens
985 2286 1073 2341 illa
1115 2286 1299 2341 oculos
1325 2286 1560 2356 respexit
1585 2285 1640 2339 in
1676 2299 1820 2352 eum,

253 2390 309 2439 et
336 2382 557 2453 spiritus
604 2380 871 2451 malignus
897 2381 984 2436 his
1022 2381 1200 2436 verbis
1246 2396 1368 2435 eum
1410 2380 1675 2435 allocutus
1700 2390 1820 2436 est:

253 2471 404 2526 Tune
432 2487 492 2526 es
510 2514 524 2537 ,
557 2471 662 2532 ait,
699 2468 883 2525 Gallus
901 2510 916 2534 ,
945 2470 1038 2540 qui
1074 2472 1139 2525 de
1169 2469 1595 2525 habitationibus
1618 2485 1704 2525 me
1732 2486 1826 2525 ex-

250 2561 435 2631 pulisti
488 2559 793 2631 prioribus?
837 2559 947 2630 Ego
986 2558 1145 2629 plane
1185 2559 1262 2614 ob
1308 2558 1566 2613 ultionem
1616 2558 1826 2627 injuriae

249 2664 412 2721 quam
447 2649 552 2703 dux
594 2648 695 2703 iste
722 2647 818 2702 tibi
861 2657 917 2702 et
967 2648 1130 2703 sociis
1181 2647 1286 2701 tuis
1330 2647 1622 2716 irrogavit,
1661 2647 1824 2701 ﬁliam

251 2740 421 2809 ipsius
447 2738 640 2805 invasi,
676 2747 731 2792 et
769 2738 849 2794 sic
887 2738 1039 2809 ejicis
1068 2737 1188 2792 me?
1230 2736 1286 2791 Si
1326 2737 1453 2790 hinc
1479 2737 1685 2802 extero,
1715 2752 1824 2808 quo

250 2828 649 2893 vadathIluc,
691 2828 797 2895 ait,
826 2829 916 2883 ubi
942 2827 1042 2882 tibi
1067 2835 1291 2898 paratur
1314 2827 1367 2880 in
1397 2826 1591 2899 abysso
1620 2828 1824 2897 suppli#

251 2917 397 2974 cium
422 2918 805 2987 sempiternum
832 2933 866 2972 a
897 2916 1140 2973 Domino.
1171 2917 1236 2972 Et
1265 2916 1471 2981 statim,
1521 2918 1826 2975 videntibus

253 3010 346 3079 qui
373 3008 630 3072 aderant,
672 3009 834 3063 exivit
862 3009 927 3062 de
956 3023 1050 3062 ore
1090 3008 1282 3077 puella:
1311 3007 1465 3077 quasi
1506 3008 1623 3061 avis
1648 3008 1828 3078 niger-

254 3099 392 3155 rima
434 3106 494 3152 et
535 3099 762 3153 horrore
811 3096 1083 3152 terribilis.
1135 3096 1276 3150 Hora
1318 3097 1507 3150 eadem
1545 3110 1675 3151 sana
1705 3094 1826 3150 sur-

254 3188 425 3254 rexit,
464 3197 519 3245 et
554 3203 594 3243 a
635 3189 753 3245 viro
788 3188 883 3244 Dei
920 3188 1161 3260 gaudens
1196 3186 1446 3259 gaudenti
1494 3186 1701 3241 reddita
1740 3196 1823 3243 est

253 3282 436 3337 matri.

821 3370 1055 3429 'CAPUT
1090 3369 1230 3425 XIX.

257 3481 376 3551 Qua
406 3485 606 3538 ratione
635 3483 862 3538 oblatum
902 3485 1231 3553 episcopatus
1265 3480 1822 3553 Itonoremuresptterit,

323 3565 371 3609 et
399 3555 657 3624 quomodo
686 3550 1000 3622 pauperibus
1028 3550 1170 3624 dona
1199 3552 1348 3603 ducis
1376 3550 1717 3624 distribuerit,
1741 3551 1824 3603 di—

321 3622 575 3694 scipulum
600 3625 669 3677 ad
697 3624 1070 3693 eleemosynam
1100 3623 1336 3675 hortatus
1362 3622 1451 3675 sit.

254 3768 259 3773 ι
323 3737 419 3794 llis
462 3737 536 3793 ita
580 3736 832 3807 patratis,
870 3736 977 3791 dux
1019 3733 1181 3804 jussit
1212 3733 1261 3787 ei
1291 3730 1474 3789 etl‘erri
1521 3731 1660 3787 dona
1696 3746 1819 3802 qua:

244 3847 347 3888 rex
390 3830 580 3900 puellae
607 3828 998 3891 transmiserat,
1027 3834 1082 3880 et
1125 3826 1345 3894 insuper
1370 3829 1428 3878 ut
1454 3822 1660 3893 apicem
1689 3837 1823 3893 pon-

250 3922 487 3975 tificatus
516 3918 712 3990 gradus
748 3917 1066 3987 dignaretur
1091 3927 1371 3969 assumere
1391 3911 1700 3983 postulavit.
1740 3910 1822 3966 Ad

251 4013 396 4084 quod
431 4011 514 4067 vir
554 4011 744 4066 beatus
781 4010 854 4064 ita
896 4007 1212 4077 respondit:
1244 4005 1472 4059 Vivente
1518 4004 1738 4059 domino
1766 4010 1823 4058 et

250 4113 406 4177 patre
446 4116 567 4157 meo
599 4099 948 4163 Columbano,
980 4096 1329 4152 interdictum
1372 4092 1562 4148 altaris
1587 4091 1822 4148 oliicium

252 4210 361 4251 non
391 4193 682 4263 usurpabo,
720 4191 822 4246 nisi
858 4191 927 4245 ab
956 4190 1046 4244 illo
1081 4187 1395 4259 permissus.
1442 4184 1619 4252 Quare
1666 4182 1825 4253 hujus

253 4285 534 4356 regiminis
560 4284 768 4354 pondus
797 4282 938 4351 quod
983 4281 1144 4336 offers
1192 4278 1374 4335 subire
1421 4291 1528 4332 non
1579 4292 1820 4349 possum.

253 4376 407 4445 Quod
451 4377 495 4432 si
530 4376 631 4430 hoc
668 4374 1031 4429 indubitanter
1058 4371 1171 4427 fieri
1212 4371 1381 4442 cupis,
1428 4371 1636 4426 sustine
1679 4370 1821 4425 inte-

255 4469 358 4524 rim
387 4467 555 4522 donec
584 4466 791 4519 mittam
819 4462 1097 4534 epistolam
1137 4462 1204 4517 ad
1231 4460 1478 4517 abbatem
1515 4475 1712 4523 meum,
1753 4460 1822 4514 ad

256 4559 627 4616 insinuandam
666 4555 738 4609 illi
777 4554 1102 4609 voluntatem
1132 4561 1279 4607 tuam
1304 4570 1321 4605 :
1353 4562 1410 4606 et
1452 4551 1497 4607 si
1543 4549 1659 4617 ejus
1698 4565 1823 4620 per-

255 4652 478 4706 missum
515 4661 835 4718 cognovero,
878 4653 1006 4699 tunc
1042 4644 1257 4698 demum
1294 4641 1535 4698 oblatum
1560 4655 1704 4696 cura:
1738 4654 1828 4709 pa-

257 4740 473 4797 storalis
513 4754 648 4793 onus
695 4736 1004 4805 suscipiam.
1059 4735 1128 4788 Et
1172 4735 1280 4789 dux
1328 4734 1396 4788 ad
1437 4733 1629 4787 illum:
1661 4732 1822 4794 Bene,

257 4832 451 4903 inquit,
479 4828 683 4893 dixisti,
718 4827 812 4881 tiat
848 4826 1138 4881 secundum
1177 4824 1401 4878 verbum
1438 4831 1609 4876 tuum.
1641 4821 1709 4875 Et
1741 4821 1826 4876 di-

258 4922 408 4977 misit
446 4934 571 4975 eum
608 4933 732 4974 cum
760 4931 909 4989 pace.
939 4915 1050 4980 Ille,
1083 4915 1308 4985 sumptis
1339 4928 1459 4984 qum
1484 4913 1681 4968 donata
1711 4910 1829 4966 luc-

259 5019 402 5075 rant,
454 5007 767 5079 remigando
812 5005 1033 5076 pelagus
1088 5004 1399 5075 superavit;
1455 5001 1564 5057 dux
1617 5011 1821 5064 autem,

255 5101 558 5159 sanctitatis
597 5099 713 5169 ejus
749 5106 856 5153 tam
884 5094 1169 5151 manifesto
1213 5102 1565 5165 compunctus
1602 5091 1822 5156 indicio,

251 5193 415 5264 jussit
449 5190 747 5247 Arbonensi
770 5187 1023 5259 praefecto
1050 5195 1109 5240 ut
1132 5200 1256 5241 cum
1281 5183 1426 5240 omni
1458 5183 1629 5252 plebis
1648 5180 1825 5236 otiicio

259 5284 365 5338 iret
391 5281 456 5337 ad
498 5280 673 5335 locum
708 5274 1080 5348 Cella:(Cell),
1114 5283 1169 5328 et
1207 5286 1540 5344 quaecunque
1583 5269 1823 5326 necessi-

261 5383 343 5429 tas
367 5370 702 5442 poposcisset
741 5367 992 5431 adiﬁcia,
1037 5364 1193 5433 juxta
1239 5362 1343 5417 viri
1392 5362 1489 5416 Dei
1519 5360 1825 5431 dispositio-

257 5480 382 5522 nem
412 5468 765 5518 construeret.
791 5456 1128 5514 Venerabilis
1163 5469 1292 5525 ergo
1309 5453 1471 5508 Pater
1497 5460 1620 5523 post
1650 5451 1830 5507 ccleuo

248 5564 345 5619 Lma
384 5553 712 5613 celebratum
751 5565 873 5605 cum
932 5549 1248 5604 Arbonense
1293 5553 1531 5601 castrum
1572 5545 1826 5610 intraret,

263 5645 392 5700 fecit
426 5640 714 5699 convenire
739 5653 927 5694 omnes
959 5651 1224 5709 pauperes
1249 5643 1306 5692 et
1333 5649 1554 5708 egenos,
1586 5642 1642 5690 et
1672 5633 1826 5688 ‘dona

260 5753 379 5806 qua:
419 5734 679 5793 detulerat
727 5730 832 5787 illis
876 5728 1165 5787 distribuit.
1212 5726 1336 5783 litae
1379 5725 1564 5781 videns
1608 5724 1822 5795 quidam

1925 556 2107 620 Pater,
2149 557 2323 613 habeo
2360 573 2455 612 vas
2501 568 2815 627 argenteum
2862 560 3179 628 pretiosum,
3227 560 3501 616 cmlaturis

1926 649 2157 719 insigne.
2205 647 2264 703 Si
2301 648 2381 703 vis
2408 650 2696 703 reservabo
2722 648 2872 715 illud,
2899 658 2959 704 ut
2989 650 3129 705 sacri
3167 665 3297 705 vasa
3334 650 3499 706 mini-

1925 738 2077 793 sterii
2112 752 2179 792 ex
2207 751 2274 791 eo
2317 737 2599 794 faciamus.
2644 738 2739 793 llle
2783 740 3062 809 respondit
3092 756 3106 795 :
3145 740 3265 805 Fili,
3295 755 3505 797 memor

1925 830 2204 884 sententiae
2232 830 2371 883 beati
2401 829 2544 884 Petri
2574 830 2827 899 apostoli,
2854 845 3016 899 quam
3048 832 3347 902 paralytico
3380 846 3503 903 spc-

1924 922 2064 976 ranti
2102 923 2384 991 pecuniam
2422 924 2643 991 protulit
2694 941 2710 978 :
2753 925 3057 994 Argentum,
3096 926 3150 980 in
3186 927 3398 996 quiens,
3449 936 3500 987 et

1922 1029 2112 1065 aurum
2144 1028 2246 1065 non
2277 1024 2351 1066 est
2388 1012 2515 1066 mihi
2543 1011 2681 1084 (Act.
2708 1014 2825 1084 tu);
2858 1030 2924 1069 ne
2959 1017 3264 1071 contrarius
3304 1031 3496 1073 exem-

1923 1104 2011 1173 plo
2036 1104 2326 1159 inveniar-is
2364 1104 2586 1169 salubri,
2628 1121 2724 1160 vas
2769 1108 2913 1176 quod
2965 1109 3205 1177 possides
3249 1111 3502 1180 pauperi-

1924 1195 2026 1249 bus
2062 1194 2310 1249 conferre
2355 1203 2563 1250 curato.
2606 1194 2739 1249 Nam
2774 1206 3074 1268 praeceptor
3115 1215 3266 1255 meus
3301 1201 3502 1256 beatisp

1924 1284 2095 1339 simus
2137 1285 2500 1341 Columbanus
2527 1287 2580 1341 in
2605 1288 2750 1342 vasis
2782 1289 2949 1344 teneis
2988 1291 3215 1347 Domino
3238 1292 3374 1347 solet
3404 1309 3495 1349 sa-

1923 1374 2183 1429 crificium
2233 1375 2431 1431 offerre
2484 1377 2695 1443 salutis,
2746 1379 2871 1447 quia
2929 1379 3103 1435 fertur
3149 1390 3203 1435 et
3252 1382 3503 1440 Salvator

1924 1474 2112 1519 noster
2167 1465 2336 1519 clavis
2387 1467 2551 1522 aeneis
2602 1468 2748 1522 cruci
2792 1469 3057 1524 confixus.
3110 1471 3204 1526 llis
3249 1474 3503 1528 omnibus

1922 1557 2168 1628 expletis,
2215 1574 2463 1614 reversus
2497 1569 2582 1615 est
2612 1561 2679 1615 ad
2708 1561 2918 1617 dilecta:
2955 1562 3259 1619 solitudinis
3301 1567 3498 1621 aulam.

2510 1675 2735 1732 CAPUT
2770 1676 2888 1732 XX.

1928 1761 2045 1828 Quo
2092 1764 2363 1819 citaritatis
2420 1765 2621 1836 [errore
2666 1767 2924 1849 Joannem
2977 1768 3264 1849 diaconum
3309 1771 3500 1828 litteris

2414 1846 2679 1890 evocatum
2729 1839 3030 1893 instituerit.
3467 1851 3487 1856 "

1994 1921 2194 1978 Deinde
2245 1924 2392 1979 misit
2435 1926 2715 1995 epistolam
2764 1928 2830 1982 ad
2875 1927 3138 1984 Joannem
3183 1931 3489 1995 diaconem,

1924 2028 2119 2083 rogans
2156 2029 2277 2068 eum
2318 2016 2382 2068 ad
2411 2030 2469 2071 se
2498 2016 2704 2071 venire.
2756 2016 3004 2083 Quicum
3034 2019 3217 2076 dilecti
3258 2021 3500 2093 magistri

1922 2103 2131 2159 litteras
2186 2106 2503 2175 accepisset,
2571 2107 2695 2161 tulit
2762 2109 2904 2176 quod
2961 2124 3061 2179 pro
3127 2111 3502 2166 benedictione

1922 2194 2116 2251 oﬂ’erre
2149 2204 2377 2265 poterat,
2418 2206 2472 2251 et
2502 2198 2648 2251 venit
2673 2197 2738 2251 ad
2767 2212 2890 2253 eum
2920 2214 2936 2252 :
2967 2207 3024 2253 et
3053 2200 3248 2254 oblatis
3276 2198 3501 2271 eulogiis

1922 2286 2178 2341 salutavit
2221 2295 2428 2356 patrem
2450 2327 2465 2351 ,
2517 2295 2573 2341 et
2598 2286 2918 2343 salutatione
2949 2296 3174 2357 paterna
3218 2298 3301 2345 est
3338 2291 3502 2347 hono-

1923 2383 2091 2430 ratus.
2134 2373 2231 2430 Cui
2268 2378 2618 2449 interroganti
2655 2378 2831 2431 virum
2876 2388 3121 2434 sanctum
3162 2379 3231 2434 de
3269 2395 3497 2451 prospe-

1923 2464 2084 2520 ritate
2121 2466 2330 2521 itineris
2377 2465 2514 2534 ejus,
2561 2467 2648 2523 ille
2684 2469 2959 2535 respondit
2984 2486 2997 2522 :
3022 2469 3210 2523 Divina
3240 2485 3338 2524 nos
3358 2485 3493 2539 prato

1923 2555 2173 2609 veniente
2208 2555 2575 2609 misericordia
2616 2564 2672 2610 et
2710 2557 3094 2625 subsequente,
3132 2567 3323 2613 cuncta
3368 2572 3495 2628 prc-

1925 2659 2084 2714 spere
2122 2652 2505 2713 provenerunt.
2547 2642 2681 2699 Nam
2734 2660 2855 2699 cum
2901 2660 3109 2711 summa
3145 2646 3501 2716 gratulatione

1926 2736 2167 2804 suscepit
2215 2750 2313 2790 nos
2360 2736 2632 2806 princeps,
2667 2742 2723 2790 et
2755 2734 2953 2804 eripuit
2988 2735 3131 2790 Deus
3173 2735 3335 2790 ﬁliam
3385 2737 3503 2804 ejus

1925 2842 1955 2883 a
1983 2827 2266 2891 dtemouio,
2313 2834 2370 2882 et
2399 2827 2514 2897 ipse
2557 2827 2703 2883 dedit
2738 2826 2896 2882 nobis
2944 2827 3083 2882 dona
3116 2842 3221 2882 non
3265 2827 3500 2892 modica,

1923 2927 1980 2974 et
2022 2919 2241 2988 insuper
2283 2918 2478 2972 obtulit
2521 2918 2651 2972 mihi
2682 2918 3022 2989 episcOpatus
3067 2918 3325 2973 honorem
3356 2936 3370 2972 :
3397 2931 3501 2989 ego

1924 3024 2054 3065 vero
2088 3026 2195 3065 non
2243 3009 2810 3081 consensi'suscipere
2857 3019 2982 3065 ante
3030 3019 3353 3081 pneceptum
3400 3011 3501 3064 al:-

1924 3098 2064 3153 batis
2103 3100 2229 3154 mei.
2274 3099 2436 3170 Ergo,
2466 3099 2561 3165 fili,
2591 3100 2878 3170 acquiesco
2923 3101 3164 3156 consiliis
3195 3101 3359 3165 meis;
3383 3109 3502 3156 esto

1927 3203 2159 3255 mecum,
2190 3198 2245 3245 et
2281 3189 2399 3261 lege
2446 3190 2643 3245 divina:
2688 3190 2852 3245 libros
2894 3192 3153 3255 scientite,
3185 3198 3240 3248 et
3288 3190 3495 3246 docebo

1922 3288 1997 3344 te,
2043 3290 2367 3349 cooperante
2399 3280 2572 3349 gratia
2623 3281 2739 3347 Dei,
2791 3281 3198 3352 intelligentiam
3249 3280 3500 3352 Scriptua

1921 3383 2126 3422 rarum.
2174 3368 2382 3424 Cecidit
2407 3378 2585 3429 autem
2629 3369 2885 3423 diaconus
2917 3370 2983 3423 ad
3012 3369 3176 3439 pedes
3213 3370 3329 3439 ejus
3373 3385 3499 3441 gra-

1922 3458 2026 3512 tias
2054 3473 2237 3529 agens,
2268 3456 2504 3528 fecitque
2540 3459 2715 3514 redire
2743 3459 2796 3513 in
2827 3474 2923 3513 sua
2960 3474 3158 3529 pueros
3182 3460 3273 3528 qui
3301 3474 3489 3515 secum

1920 3556 2217 3614 venerunt;
2266 3548 2381 3618 ipse
2429 3562 2560 3603 vero
2600 3547 2859 3602 remansit
2907 3547 3049 3617 apud
3098 3548 3274 3602 virum
3325 3562 3495 3602 vene-

1921 3642 2168 3706 rabilem,
2204 3652 2262 3695 et
2309 3641 2397 3695 ille
2438 3639 2604 3709 coepit
2630 3654 2752 3694 eum
2794 3637 3136 3693 introducere
3173 3638 3228 3693 in
3270 3637 3489 3692 cellaria

1922 3732 2345 3804 Scripturarum,
2387 3731 2678 3787 ostendens
2721 3730 2771 3785 ei
2809 3727 2941 3784 Novi
2963 3739 3017 3784 et
3046 3729 3260 3784 Veteris
3285 3728 3496 3784 occulta

1921 3823 2272 3880 Testamenti.
2321 3821 2564 3893 Superna
2619 3822 2803 3891 itaque
2849 3820 3147 3875 illustratus
3183 3819 3490 3882 clementia,

1923 3915 2055 3968 tanti
2081 3913 2376 3984 magisterii
2421 3911 2649 3982 profecit
2691 3912 2966 3972 instantia.
3013 3911 3146 3985 adeo
3171 3917 3234 3964 ut
3270 3910 3322 3964 in
3346 3908 3497 3965 omni

1921 4001 2218 4071 Scriptura:
2244 4002 2436 4057 divinae
2470 4001 2753 4055 latitudine
2790 4001 3038 4056 nobiliter
3074 4000 3319 4055 eruditus
3351 4000 3498 4054 labo«

1924 4094 2002 4147 ris
2045 4091 2258 4162 paterni
2303 4091 2509 4146 fructus
2541 4090 2858 4146 ostenderit.

2506 4196 2731 4253 CAPUT
2765 4194 2906 4252 XXI.

1925 4289 2123 4356 Quibus
2159 4289 2328 4343 verbis
2371 4286 2519 4341 ducis
2546 4286 2658 4354 [ilia
2686 4286 2842 4356 vitam
2877 4284 3013 4339 beati
3037 4283 3180 4338 Galli
3198 4294 3244 4338 et
3281 4285 3496 4356 virtutes

1992 4374 2270 4421 enarratis,
2319 4357 2564 4428 Sigiberti
2606 4357 2738 4427 regis
2785 4355 2864 4410 illi
2904 4356 3127 4426 gratiam
3160 4364 3209 4409 et
3248 4355 3495 4409 solatium

1992 4429 2363 4500 impetraverit.

1851 4503 1902 4561 Β
1998 4539 2300 4611 Sigibertus
2330 4538 2492 4610 igitur
2517 4552 2615 4593 rex
2655 4552 2776 4592 cum
2807 4535 3047 4591 audisset
3083 4534 3274 4605 puella:
3314 4533 3497 4589 reddi-

1931 4640 2037 4684 tam
2086 4628 2390 4690 sanitatem,
2443 4625 2715 4681 mandavit
2763 4624 2901 4694 patri
2938 4624 3054 4694 ejus
3097 4633 3158 4677 ut
3205 4634 3326 4677 eam
3378 4622 3495 4677 suis

1928 4721 2308 4792 conspectibus
2351 4719 2647 4774 exhiberet.
2699 4716 2800 4783 Qui
2828 4730 3043 4770 sumens
3071 4714 3210 4769 dona
3240 4713 3495 4785 ingentia,

1928 4822 1984 4867 et
2011 4825 2298 4881 puerorum
2347 4807 2739 4862 multitudinem
2767 4820 2833 4861 ac
2872 4804 3196 4876 puellarum,
3234 4818 3355 4859 cum
3389 4819 3502 4857 ma-

1930 4915 2035 4971 gno
2080 4915 2303 4955 suorum
2355 4898 2617 4954 comitatu
2664 4894 2817 4951 duxit
2860 4909 2978 4949 eam
3020 4908 3190 4963 usque
3237 4894 3305 4948 ad
3355 4893 3500 4948 Rhe-

1929 5008 2091 5058 num;
2134 4992 2364 5060 indeque
2409 5004 2508 5059 per
2553 4988 2779 5044 comites
2832 4987 2899 5042 ad
2943 5000 3124 5057 regem
3177 4985 3495 5040 transmisit.

1928 5083 1973 5138 A
2019 5095 2125 5151 quo
2174 5082 2300 5136 dum
2343 5087 2620 5150 gratanter
2670 5085 2919 5146 suscepta
2972 5074 3182 5141 fuisset,
3221 5082 3276 5129 et
3326 5074 3494 5128 inter-

1927 5182 2111 5242 rogata
2150 5168 2421 5240 quomodo
2455 5181 2565 5222 sure
2603 5164 2897 5222 remedium
2936 5171 3224 5220 consecuta
3251 5169 3396 5218 esset
3419 5161 3501 5216 in—

1926 5263 2222 5328 firmitatis,
2249 5275 2372 5317 cum
2406 5274 2504 5330 per
2545 5257 2829 5328 pontifices
2868 5256 2935 5311 ad
2979 5256 3083 5313 hoc
3120 5256 3315 5311 missos
3351 5253 3499 5308 sani-

1930 5356 2025 5410 tati
2068 5370 2173 5410 non
2210 5361 2395 5423 posset
2431 5349 2667 5414 restitui,
2710 5347 2850 5403 hanc
2902 5347 3135 5403 reddidit
3180 5344 3491 5399 rationem:

1929 5446 2154 5501 Domine
2194 5444 2286 5508 mi,
2317 5442 2585 5513 inquiens,
2628 5447 2712 5495 est
2758 5440 2841 5493 vir
2869 5439 3082 5508 quidam
3124 5437 3176 5491 in
3218 5433 3494 5504 provincia

1926 5550 2088 5608 quam
2117 5535 2223 5590 huc
2252 5534 2410 5589 ducta
2440 5532 2649 5603 reliqui,
2683 5531 2962 5603 cujusdam
2988 5525 3163 5582 incola
3191 5523 3496 5580 solitudinis

1928 5628 1996 5684 de
2039 5634 2198 5698 gente
2272 5620 2578 5689 Scotorum,
2630 5621 2846 5677 nomine
2895 5616 3100 5681 Gallus,
3137 5623 3302 5669 tantae
3355 5614 3496 5682 apud

1928 5722 2096 5777 Deum
2127 5718 2338 5774 virtutis
2362 5725 2415 5771 et
2440 5715 2640 5780 meriti,
2666 5722 2724 5769 ut
2750 5714 3004 5768 adversus
3027 5709 3293 5765 dtemones
3319 5706 3497 5778 singu-
