3978 6310
481 309 587 365 935

984 301 1371 360 WALAFRIDI
1411 298 1659 356 STRABI
1695 297 1896 352 FL'LD.
1936 291 2100 349 MON.
2137 289 2288 346 OPP.
2327 287 2504 344 PARS
2541 287 2606 341 II.
2646 317 2717 328 —
2750 283 3139 341 IIISTORICA.

3621 290 3712 347 996

453 464 457 470 .
482 419 582 474 lari
613 418 842 488 quadarn
870 423 1054 470 utatur
1083 413 1340 482 potentia.
1382 410 1514 464 Nam
1543 424 1664 464 cum
1709 423 1808 477 ego
1849 403 2045 460 ancilla
2073 404 2125 464 Α
2149 415 2272 453 cum
2302 398 2390 453 illa
2431 385 2776 452 advenerant.
2819 396 3073 466 Deposito
3104 411 3236 467 ergo
3280 406 3518 454 terrena:
3556 400 3714 472 digni-

454 573 456 578 _
487 520 572 563 ttta
605 508 752 579 gravi
799 506 1070 560 vexatoris
1109 504 1364 558 instantia
1400 501 1758 571 periculosum
1795 499 1919 553 vitae
1951 513 2049 550 nu-

485 601 646 654 tantis
685 597 842 651 ﬁnem
874 611 1010 665 pene
1037 594 1294 658 subirem,
1332 598 1556 662 rogante
1583 598 1736 658 patre
1762 602 1882 641 meo
1909 587 2048 640 idem

483 691 566 743 vir
602 688 694 742 Dei
743 686 1070 756 supervenit,
1121 693 1174 738 et
1221 685 1373 754 signo
1425 681 1599 736 vexilli
1660 677 1913 734 salutaris
1966 691 2052 730 me

483 781 754 843 muniens,
785 775 1067 846 imperiosa
1097 790 1227 827 voce
1264 772 1425 840 jussit
1459 771 1605 826 exire
1638 779 1945 839 tyranuum.
1988 767 2052 820 Et

485 869 790 923 videntibus
835 865 1046 920 eunetis
1080 863 1170 931 qui
1209 861 1455 925 aderant,
1498 860 1665 914 exivit
1694 859 1759 911 de
1793 872 1912 911 meo
1958 871 2052 910 ore

485 957 638 1028 quasi
668 971 862 1010 corvus
889 955 1066 1009 colore
1091 955 1291 1022 piceus,
1332 953 1553 1006 horrore
1581 958 1845 1004 tartareus
1873 966 1884 999 :
1908 962 2055 1002 cum-

483 1067 588 1118 que
631 1049 882 1105 sacriﬁcii
913 1048 1143 1103 cmlestis
1189 1063 1272 1116 tne
1302 1045 1496 1116 pabulo
1529 1044 1895 1105 conﬁrmaret,
1941 1041 2047 1111 pri-

484 1145 637 1200 stina:
672 1144 915 1197 restituta
963 1157 1080 1196 sum
1127 1140 1362 1194 sanitati.
1410 1139 1506 1192 His
1541 1137 1611 1192 ita
1644 1136 1846 1198 relatis,
1878 1133 2052 1204 puella

483 1235 764 1306 procidens
793 1234 859 1288 ad
896 1233 1058 1303 pedes
1088 1233 1227 1302 regis
1255 1249 1267 1284 :
1301 1231 1556 1294 Obsecro,
1587 1231 1682 1294 ait,
1719 1229 1955 1291 domine,
1994 1234 2053 1280 ut

484 1327 660 1380 virum
691 1325 864 1393 ipsum
895 1333 997 1377 tua:
1025 1324 1212 1394 gratiae
1250 1322 1432 1379 foveas
1474 1322 1712 1385 lenitate,
1745 1329 1800 1374 et
1843 1335 1938 1388 pro
1969 1331 2052 1372 me

483 1417 672 1486 dignas
718 1415 794 1470 illi
824 1415 1116 1486 gratiarum
1146 1415 1385 1468 actiones
1417 1415 1709 1483 rependere
1732 1426 1834 1464 non
1867 1423 2054 1478 grave-

483 1508 578 1562 ris.
624 1507 978 1577 Interrogavit
1019 1514 1194 1560 autem
1233 1521 1352 1560 eam
1381 1505 1432 1559 in
1464 1521 1567 1574 qua
1596 1518 1777 1560 eremo
1807 1503 1888 1554 vir
1911 1517 2056 1554 man-

485 1602 672 1656 sitaret
703 1584 962 1654 eximius.
998 1598 1064 1652 Et
1101 1599 1188 1652 illa
1218 1597 1529 1667 respondit:
1573 1596 1630 1650 In
1666 1596 1803 1648 saltu
1843 1593 1932 1662 qui
1959 1592 2055 1646 Ar-

485 1691 708 1745 bonensi
749 1689 1020 1745 territorio
1060 1690 1287 1758 adjaeet,
1317 1699 1370 1743 et
1407 1696 1492 1742 est
1528 1687 1726 1756 publici
1778 1683 2048 1754 possessio

2151 490 2278 544 tatis
2338 488 2563 552 amictu,
2614 488 2987 542 sanctimonia:
3029 488 3262 542 nitorem
3309 504 3432 544 eum
3491 494 3712 560 quodam

2151 579 2234 634 sui
2260 586 2441 633 secuta
2463 585 2792 646 contemptu,
2817 579 3044 632 accessit
3071 579 3138 632 ad
3159 579 3352 643 altare,
3379 588 3438 635 et
3461 580 3516 635 in
3535 581 3714 639 faciem

2155 685 2439 740 proruens,
2490 669 2777 723 Dominum
2805 669 3098 724 studiosius
3122 670 3366 724 adoravit
3394 688 3409 736 ;
3443 687 3510 726 ac
3533 674 3716 730 deinde

2155 776 2276 815 cum
2326 775 2383 815 se
2431 761 2683 828 erigeret,
2735 775 2906 815 cornu
2957 763 3365 831 comprehendit
3422 763 3638 829 altaris,
3674 778 3721 820 et

2156 851 2523 920 hujuscemodi
2575 865 2734 904 voces
2785 850 3010 905 emisit:
3065 851 3228 906 Beate
3286 852 3590 922 Stephane,
3640 860 3720 925 qui

2155 942 2415 1012 sanguine
2447 949 2538 996 tuo
2586 941 2955 996 testimonium
3004 941 3220 998 Christo
3260 944 3616 1013 perhibuisti,
3641 946 3724 1001 de-

2153 1034 2520 1105 precationem
2559 1047 2734 1086 meam
2784 1031 2890 1087 tuis
2935 1032 3145 1088 meritis
3177 1034 3406 1090 Domino
3453 1049 3722 1091 commen-

2155 1127 2301 1191 dato,
2343 1133 2403 1179 ut
2451 1132 2541 1178 tua
2592 1123 2975 1178 intercessione
3025 1124 3184 1178 hodie
3235 1139 3331 1179 cor
3372 1125 3584 1181 domini
3628 1127 3724 1182 mei

2157 1217 2294 1286 regis
2320 1223 2600 1270 convertat
2629 1214 2924 1268 secundum
2948 1214 3272 1269 voluntatem
3298 1230 3506 1281 meam,
3531 1233 3603 1272 ne
3644 1233 3726 1272 ve-

2155 1307 2328 1362 lamen
2347 1307 2488 1377 quod
2516 1320 2698 1360 amore
2719 1305 2809 1360 Dei
2827 1301 3057 1375 suscepi,
3075 1305 3285 1361 auferat
3305 1309 3374 1363 de
3393 1309 3580 1378 capite
3594 1325 3724 1364 meo.

2155 1403 2267 1457 Viri
2291 1417 2419 1473 ergo
2443 1402 2532 1470 qui
2557 1407 2714 1456 erant
2736 1416 2858 1456 cum
2876 1400 2964 1454 illa
2980 1401 3094 1456 haec
3119 1401 3365 1456 videntes
3385 1412 3654 1457 venerunt
3670 1405 3728 1458 ad

2155 1511 2355 1566 regem,
2385 1502 2440 1548 et
2465 1493 2848 1548 nuntiaverunt
2865 1493 2916 1548 ei
2937 1497 3057 1563 Quae
3094 1493 3236 1548 facta
3260 1493 3508 1549 fuerunt.
3533 1494 3601 1550 Et
3626 1496 3725 1560 ille,

2155 1587 2421 1640 advocans
2498 1584 2806 1639 sacerdotes
2829 1592 2883 1639 et
2931 1585 3192 1654 quosdam
3241 1586 3526 1655 principes
3575 1603 3728 1653 suos,

2153 1676 2317 1746 cmpit
2343 1675 2612 1745 inquirere
2655 1676 2724 1730 ab
2745 1675 2824 1730 eis
2844 1675 2973 1744 quid
3015 1691 3175 1747 super
3212 1677 3314 1732 hac
3338 1693 3400 1732 re
3431 1678 3727 1734 faciendum

483 1779 656 1848 juris;
685 1781 818 1836 situs
860 1791 1036 1834 au‘em
1063 1780 1204 1833 inter
1242 1779 1402 1848 Alpes
1433 1777 1721 1832 thtiarum
1751 1783 1805 1829 et
1830 1773 2052 1842 Brigan-
2085 1773 2127 1830 Β
2159 1775 2463 1822 censerent.
2511 1766 2812 1838 Cyprianus
2838 1779 2863 1807 ε
2894 1766 3226 1823 Arelatensis
3267 1769 3382 1840 regi
3414 1773 3727 1840 respondit:

490 1872 587 1925 tini
627 1872 919 1942 marginem
970 1872 1137 1926 lacus.
1190 1871 1304 1925 Rex
1351 1869 1512 1939 igitur
1537 1876 1596 1922 ut
1636 1865 1838 1921 audivit
1878 1865 1929 1919 in
1959 1881 2058 1934 pu-

493 1960 646 2014 blicis
697 1976 817 2015 eum
865 1959 1185 2015 commorari
1237 1957 1686 2028 possessionibus,
1727 1955 1891 2024 jussit
1943 1954 2057 2010 ﬁeri

491 2051 938 2120 conscriptionem
1011 2050 1310 2114 ﬁrmitatis,
1356 2057 1413 2103 ut
1461 2048 1546 2102 vir
1607 2056 1824 2102 sanctus
1880 2046 2057 2099 locum

490 2155 651 2208 quem
681 2139 966 2202 incolebat,
994 2153 1090 2207 per
1115 2138 1490 2191 auctoritatem
1528 2136 1725 2205 regiam
1766 2135 1915 2187 obtin
1955 2141 2055 2188 ret.

491 2227 622 2280 Auri
662 2242 873 2297 quoque
917 2226 1080 2280 libras
1111 2227 1244 2280 duas
1283 2234 1336 2280 et
1377 2226 1584 2295 argenti
1623 2225 1798 2295 pondo
1839 2223 2058 2277 totidem

492 2331 613 2370 cum
654 2315 875 2384 epistola
905 2315 1264 2370 concessionis
1297 2311 1410 2382 jam
1451 2313 1604 2368 dictae
1633 2327 1729 2382 per
1772 2327 1900 2366 suos
1926 2328 2060 2365 nun-

495 2405 597 2457 tios
637 2405 751 2457 viro
798 2403 889 2457 Dei
934 2403 1240 2467 destinavit,
1267 2418 1324 2457 se
1364 2402 1534 2457 sacris
1577 2400 1694 2469 ejus
1727 2400 2059 2456 orationibus

491 2492 872 2548 commendans
894 2493 1150 2548 attentius
1176 2512 1188 2546 :
1227 2491 1472 2548 Gunzoni
1501 2500 1678 2545 autem
1709 2489 1830 2543 duci
1877 2488 2063 2558 prmci-

490 2582 644 2651 piens
683 2590 740 2634 ut
779 2581 822 2634 si
852 2579 1152 2636 solitudinis
1180 2581 1352 2641 incola
1385 2595 1505 2636 esse
1537 2579 1713 2645 vellet,
1745 2579 2060 2632 solatiorum

487 2670 538 2724 ci
582 2669 791 2739 copiam
823 2671 890 2724 ad
915 2669 1278 2725 mdiﬁcandam
1318 2669 1510 2725 cellam
1533 2667 1984 2724 subministraret.

1054 2803 1280 2860 CAPUT
1328 2801 1496 2858 XXII.

491 2930 608 2995 Quo
663 2929 878 3001 consilio
927 2931 1102 2984 eadem
1151 2930 1319 2996 puella
1369 2931 1622 2984 thalamos
1669 2933 1798 3001 regis
1841 2931 2059 2986 credens

823 3000 1011 3054 divina:
1057 3017 1110 3054 se
1145 3001 1429 3054 subdiderit
1476 3003 1724 3055 servituti.

2157 1855 2318 1922 Quia.
2339 1865 2400 1910 ut
2428 1855 2632 1925 liquido
2659 1856 2862 1919 cla-ret,
2890 1857 3068 1926 puella
3099 1858 3214 1913 bac
3247 1874 3374 1913 eum
3413 1875 3446 1914 a
3476 1861 3735 1916 dmi.

2156 1955 2455 2012 eruerctur,
2482 1947 2583 2002 hoc
2610 1963 2667 2002 se
2694 1956 2836 2014 voto,
2860 1949 3000 2018 quod
3029 1948 3317 2018 perfecisse
3342 1951 3590 2016 videtur,
3617 1969 3734 2007 eon-

2158 2037 2402 2100 strinxit,
2435 2038 2729 2091 cavendum
2768 2037 2861 2091 tibi
2888 2045 2988 2101 est,
3019 2051 3085 2092 ne
3116 2038 3253 2093 forte
3279 2039 3324 2093 si
3353 2039 3582 2095 irritum
3609 2042 3734 2096 lece-

2159 2131 2234 2185 ris
2263 2140 2446 2185 votum
2475 2130 2614 2200 ejus,
2643 2130 2882 2184 redivivo
2904 2131 3207 2186 daemonum
3237 2133 3638 2202 comprimatur
3659 2137 3732 2188 in-

2161 2236 2348 2288 cursu,
2400 2229 2455 2274 et
2502 2221 2614 2275 sint
2654 2220 2725 2274 illi
2772 2220 3062 2276 novissima
3091 2220 3272 2290 pejora
3314 2223 3633 2290 prioribus;
3687 2234 3732 2278 tn

2157 2325 2287 2365 vero
2311 2310 2441 2364 tanti
2472 2309 2714 2364 criminis
2739 2320 2947 2364 reatum
2982 2311 3245 2364 incnr'ras.
3278 2311 3396 2365 Rex
3433 2327 3571 2382 ergo
3593 2313 3734 2380 justi-

2160 2398 2248 2452 tia:
2279 2408 2472 2462 tenax,
2516 2406 2571 2452 et
2616 2397 2808 2453 timore
2841 2397 3052 2453 Domini
3083 2399 3303 2468 plenus,
3341 2401 3473 2455 huic
3523 2404 3733 2457 consilio

2160 2487 2363 2542 devotae
2391 2487 2587 2542 mentis
2613 2486 2800 2556 pandit
2825 2502 3103 2542 assensum
3129 2505 3143 2554 ;
3179 2496 3232 2542 et
3259 2489 3552 2559 ingressus
3579 2491 3736 2546 eule-

2159 2579 2318 2645 siam,
2349 2579 2474 2634 fecit
2496 2578 2674 2634 atl‘erri
2711 2588 2914 2635 vestem
2938 2567 3139 2650 nuptiis
3163 2590 3556 2650 praeparatam,
3580 2592 3632 2636 et
3652 2598 3737 2637 oo-

2161 2686 2346 2726 ronam
2391 2686 2601 2741 sponsa:
2644 2671 2908 2726 nitoribus
2953 2671 3351 2740 imponendam.
3399 2671 3498 2726 His
3537 2672 3736 2736 allatis,

2162 2764 2287 2818 dum
2317 2761 2546 2830 puellam
2591 2761 2657 2816 ad
2701 2776 2759 2816 se
2797 2762 3048 2832 jnssisset
3087 2763 3364 2827 accedere,
3414 2778 3620 2831 sponsa
3657 2764 3736 2816 Dei

2155 2855 2268 2926 jam
2298 2854 2434 2923 Agni
2463 2855 2807 2910 comitatibus
2837 2841 3074 2920 haerens,
3121 2855 3277 2910 a‘velli
3317 2859 3426 2910 non
3473 2859 3652 2926 potuit
3680 2859 3738 2910 ab

2159 2945 2355 3006 altari,
2401 2944 2527 3013 quia
2573 2957 2632 2998 se
2676 2942 2896 2998 timebat
2933 2945 3000 2999 de
3037 2943 3262 2999 ecclesia
3293 2946 3736 3013 protrahendam.

2161 3036 2401 3106 Cumque
2429 3037 2718 3092 instantius
2739 3051 2844 3092 ara:
2871 3037 3125 3090 cornibus
3156 3037 3470 3101 inluereret,
3504 3052 3605 3091 rex
3631 3055 3738 3090 eam

562 3135 676 3192 Non
725 3135 909 3190 multis
956 3135 1007 3190 in
1061 3136 1236 3191 medio
1300 3135 1558 3190 revolutis
1613 3135 1815 3198 diebus,
1871 3135 2056 3190 volens
2085 3117 2130 3179 Ο
2162 3147 2229 3185 ne
2261 3130 2475 3184 timeret
2513 3128 2826 3184 admonuit:
2873 3127 3062 3192 Hodie,
3097 3128 3375 3197 inquiens,
3423 3144 3528 3197 per
3567 3129 3740 3182 omnia

490 3241 585 3280 rex
640 3226 778 3280 idem
829 3225 1063 3296 puellam
1119 3225 1231 3279 suis
1284 3224 1533 3278 thalamis
1580 3225 1806 3287 sociare,
1857 3223 2060 3280 celebri

490 3316 665 3370 edicto
707 3315 1043 3369 sa‘cerdotum
1083 3323 1138 3370 et
1189 3314 1490 3386 principum
1545 3329 1766 3368 suorum
1814 3323 2059 3368 senatum

490 3405 798 3472 nuptiarum
831 3404 1086 3474 przecepit
1117 3403 1304 3458 adesse
1338 3402 1630 3457 solemniis.
1677 3403 1916 3471 Cumque
1961 3403 2059 3456 sti-

489 3507 646 3564 patus
676 3497 890 3567 agmine
942 3510 1226 3564 procerum
1286 3494 1560 3549 introisset
1593 3493 1683 3548 ubi
1723 3493 1837 3562 ipsa
1874 3509 2060 3548 mane-

489 3587 599 3651 bat,
633 3588 766 3642 dixit
818 3586 889 3638 illi
917 3603 930 3639 :
958 3585 1328 3639 Ascendamus
1357 3585 1413 3638 in
1457 3584 1734 3654 palatium,
1777 3599 1902 3638 nam
1956 3600 2061 3638 nu-

488 3677 614 3746 ptia:
667 3685 869 3746 parata:
926 3684 1090 3738 sunt;
1146 3675 1456 3728 sacerdotes
1501 3684 1555 3729 et
1601 3673 1776 3742 capita
1839 3672 2062 3742 populo-

503 3783 626 3822 rum
675 3782 794 3822 cum
845 3765 1303 3819 benedictionibus
1328 3763 1402 3835 [id
1427 3775 1527 3828 est,
1560 3763 1892 3834 muneribus]
1939 3779 2066 3819 con-

490 3857 637 3930 gruis
686 3855 1038 3909 adveucrunt.
1083 3853 1285 3920 Quibus
1343 3853 1431 3906 illa
1482 3853 1700 3917 auditis,
1751 3852 1949 3907 cecidit
1997 3853 2065 3908 ad

486 3948 650 4024 pedes
703 3946 837 4023 ejus,
895 3945 1131 4006 dicens:
1177 3942 1245 4002 Mi
1309 3944 1544 4013 domine,
1602 3945 1727 4019 quia
1781 3945 2062 4018 prxterita

486 4042 665 4112 passio
710 4056 807 4096 suo
855 4055 940 4095 me
990 4040 1224 4109 pondere
1283 4040 1551 4102 labefecit,
1595 4041 1736 4096 vires
1785 4037 2067 4097 absorbuit

487 4134 733 4189 valetudo
779 4133 1071 4197 contraria,
1125 4134 1492 4187 membrorum
1539 4130 1711 4186 ofﬁcia
1746 4133 2063 4202 aegritudine

498 4232 625 4278 sunt
655 4223 922 4288 resoluta;
948 4223 1014 4278 da
1045 4222 1176 4276 mihi
1199 4216 1512 4291 vel'septem
1541 4223 1746 4277 dierum
1796 4223 2063 4291 inducias,

487 4325 547 4369 ut
573 4313 911 4383 aliquatenus
954 4313 1148 4366 virium
1184 4313 1506 4366 detrimenta
1536 4327 1863 4381 recuperem,
1895 4324 1950 4368 et
1985 4316 2065 4370 sic

488 4405 596 4478 tuis
634 4404 835 4474 possim
878 4403 1134 4473 applicari
1178 4403 1574 4472 conspectibus.
1622 4401 1791 4468 Quam
1838 4404 2060 4473 petitio-

487 4510 611 4550 nem
641 4495 766 4550 dum
799 4509 890 4550 rex
920 4496 1005 4565 pie
1043 4495 1359 4564 susciperet,
1390 4495 1456 4550 ad
1492 4495 1745 4564 palatium
1779 4498 2058 4564 remeavit,

487 4587 576 4641 illa
615 4587 667 4641 in
704 4587 913 4656 privato
943 4595 1314 4641 commorante
1345 4587 1610 4641 cubiculo.
1666 4589 1704 4641 F
1710 4589 1851 4643 iebat
1883 4598 2060 4642 autem

488 4687 715 4749 utroque
749 4681 802 4734 in
842 4679 960 4735 loco
991 4681 1177 4749 ingens
1221 4687 1511 4748 apparatus
1550 4679 1766 4743 laetitiae,
1793 4681 2065 4734 admiran-

491 4769 633 4824 tibus
663 4770 843 4824 tnultis
871 4785 968 4825 cur
1011 4769 1191 4824 tandiu
1226 4767 1404 4832 divisi,
1445 4771 1693 4824 convivio
1725 4770 2065 4826 distulissent

491 4857 777 4914 connubia.
822 4858 1132 4914 Transactis
1181 4860 1383 4914 interea
1425 4870 1630 4929 septem
1677 4861 1886 4924 diebus,
1916 4863 2062 4916 circa

489 4949 813 5002 matutinum
854 4948 1085 5003 ollicium
1131 4949 1305 5019 puella
1354 4966 1476 5005 cum
1508 4952 1714 5006 duobus
1756 4951 1887 5006 viris
1935 4953 2061 5006 toti-

491 5037 718 5106 demque
759 5038 948 5106 puellis
983 5039 1270 5093 ecclesiam
1298 5040 1439 5095 beati
1475 5040 1732 5110 Stephani
1761 5049 2065 5110 protomar-

493 5129 626 5196 tyris
651 5127 890 5183 introivit
921 5144 934 5191 ;
968 5135 1021 5181 et
1048 5129 1304 5184 secedens
1322 5139 1440 5199 post
1463 5129 1660 5197 januas
1686 5130 1890 5199 templi,
1917 5131 2066 5184 exuit

491 5234 549 5271 se
574 5218 907 5274 vestimentis
933 5218 1218 5285 regalibus,
1245 5228 1300 5272 et
1341 5221 1580 5274 habitum
1628 5221 1886 5290 propositi
1914 5235 2066 5276 sanc-

492 5309 646 5366 tioris
683 5309 1000 5380 assumpsit,
1042 5310 1406 5366 nescientibus
1440 5313 1542 5366 hoc
1567 5311 1698 5366 viris
1726 5312 1816 5380 qui
1861 5312 2068 5380 pariter

516 5449 524 5461 ’
560 5478 583 5504 ει
613 5465 823 5521 Nullum
862 5467 964 5523 hoc
993 5466 1208 5521 nomine
1248 5467 1554 5536 episcopum
1599 5467 1712 5520 sedi
1755 5465 2057 5520 Arelatensi

491 5537 765 5606 prmluisse
787 5539 977 5607 probat
1003 5537 1198 5591 Saxius
1221 5536 1271 5588 in
1303 5536 1495 5607 Pontif.
1522 5537 1724 5591 At'elat.
1750 5577 1764 5598 ,
1793 5552 1940 5589 num.
1968 5536 2055 5588 59.

564 5608 589 5645 ι’
631 5606 1008 5660 Monasterium
1060 5607 1296 5675 puellare
1341 5606 1396 5659 S.
1445 5607 1587 5659 Petri
1634 5609 1700 5660 ab
1751 5607 2059 5660 Eleutherio

493 5675 820 5732 Francorum
852 5679 986 5733 duce
1023 5679 1160 5731 intra
1195 5692 1377 5730 muros
1409 5678 1555 5732 urbis
1587 5677 1837 5732 Metensis
1869 5677 2056 5730 condi-

2093 4465 2140 4524 D

2159 3235 2268 3280 tua:
2291 3225 2585 3281 voluntatis
2605 3223 2812 3279 videbis
2833 3223 3103 3280 elTectum.
3128 3222 3298 3278 Porro
3320 3224 3408 3278 illa
3436 3226 3584 3279 inter
3603 3240 3742 3292 spem

2159 3326 2214 3372 et
2275 3327 2476 3371 metum
2531 3315 2705 3386 posita
2735 3355 2750 3378 ,
2797 3322 2962 3384 caput
3009 3329 3170 3382 super
3213 3314 3384 3368 altare
3433 3314 3740 3368 reclinatis:

2160 3407 2322 3471 Ecce,
2346 3406 2444 3470 ait,
2468 3404 2663 3459 ancilla
2687 3403 2918 3469 Domini,
2952 3403 3043 3456 ﬁat
3071 3403 3202 3457 mihi
3232 3404 3533 3460 secundum
3565 3405 3744 3459 volun-

2162 3501 2326 3548 tatem
2360 3491 2494 3560 ejus.
2543 3492 2658 3547 Rex
2692 3507 2824 3547 vero
2845 3491 3002 3561 jussit
3045 3492 3421 3547 sacerdotibus
3462 3501 3525 3547 ut
3570 3494 3740 3548 eleva-

2161 3591 2286 3637 rent
2313 3597 2433 3636 eam
2462 3589 2518 3636 et
2550 3582 2619 3636 ad
2653 3596 2710 3636 se
2746 3581 3122 3650 perducerent.
3174 3581 3292 3649 Quo
3331 3581 3517 3650 facto,
3565 3585 3744 3639 induta

2163 3681 2267 3738 est,
2302 3673 2391 3728 illo
2413 3673 2656 3742 jubente,
2693 3682 2842 3727 veste
2868 3673 3057 3742 regali,
3093 3680 3148 3728 et
3177 3688 3332 3727 sacro
3359 3673 3637 3729 velamine
3663 3691 3746 3730 eo-

2165 3773 2376 3819 ronata.
2403 3763 2633 3818 Intuitus
2660 3771 2840 3816 autem
2863 3778 2980 3816 eam
3015 3779 3107 3816 rex
3138 3763 3443 3833 religiosus,
3477 3765 3617 3818 dixit
3643 3766 3743 3819 illi:

2165 3856 2303 3910 Ecce
2344 3856 2481 3910 meis
2525 3864 2577 3910 te
2610 3854 2812 3923 nuptiis
2843 3864 3237 3924 praeparatam,
3279 3858 3467 3926 sponsi
3515 3857 3750 3913 emlestis

2165 3947 2378 4003 Domini
2406 3946 2575 4001 nostri
2610 3945 2862 4001 videlicet
2884 3944 3008 4000 Jesn
3038 3945 3236 4000 Christi
3279 3947 3416 4002 cedo
3455 3950 3753 4018 complexi-

2168 4038 2284 4095 bus.
2312 4037 2381 4092 Et
2409 4037 2688 4093 dexteram
2716 4035 2833 4105 ejus
2863 4029 3355 4107 comprehenderis,
3382 4042 3573 4107 posuit
3601 4041 3657 4094 in
3679 4041 3753 4094 aL-

2167 4140 2289 4201 tari,
2322 4132 2516 4192 deinde
2547 4131 2794 4186 ecclesiae
2822 4131 2984 4186 limen
3015 4131 3304 4196 excedens,
3343 4131 3612 4203 lacrymis
3638 4134 3752 4187 ais-

2165 4223 2727 4300 conditum-patelecit
2754 4237 3012 4277 amorem.
3039 4221 3168 4276 Post
3204 4223 3316 4277 haec
3351 4225 3576 4278 vocavit
3603 4240 3751 4288 eam,

2165 4329 2219 4376 et
2237 4319 2391 4389 juxta
2421 4335 2480 4375 se
2508 4313 2638 4375 fecit
2667 4312 2720 4366 in
2765 4311 2962 4381 palatio
3002 4313 3258 4376 residere,
3288 4319 3344 4366 et
3372 4313 3537 4368 donis
3565 4314 3753 4383 ingen-

2170 4411 2317 4466 tibus
2359 4411 2676 4466 honoratam
2719 4402 2956 4478 prattulit
2981 4402 3008 4441 δ
3053 4403 3380 4457 monasterio
3428 4404 3753 4457 ancillarum

2165 4502 2261 4557 Dei
2301 4502 2442 4572 quod
2470 4503 2523 4556 in
2555 4502 2758 4556 honore
2798 4495 2946 4556 beati
2989 4493 3132 4548 Petri
3176 4495 3439 4564 principis
3478 4497 3754 4565 apostolo-

2166 4608 2284 4647 rum
2305 4599 2676 4647 constructum
2696 4600 2780 4646 est
2802 4592 2855 4645 in
2881 4585 3200 4646 Metensium
3223 4586 3467 4648 CiVilate,
3491 4586 3586 4640 ubi
3611 4599 3754 4656 gesta

2166 4691 2290 4736 sunt
2317 4682 2566 4737 universa
2597 4697 2716 4751 qum
2741 4683 2985 4752 proxima
3011 4684 3322 4737 narratione
3353 4678 3669 4737 Γειιειωὶῑῖεε
3705 4680 3754 4742 Ιςι

2166 4771 2252 4824 bis
2275 4779 2451 4824 autem
2473 4771 2724 4825 omnibus
2745 4770 3086 4838 perﬁciendis
3109 4782 3291 4826 secuta
3314 4781 3397 4827 est
3421 4774 3606 4841 puella
3632 4790 3754 4828 eon-

2169 4859 2345 4914 silium
2377 4860 2669 4915 beatissimi
2713 4860 2885 4928 Galli,
2925 4862 3016 4930 qui
3045 4875 3162 4916 eam
3191 4863 3422 4917 Domino
3453 4865 3754 4918 auxiliante

2167 4966 2197 5006 a
2224 4951 2485 5006 dmtnonio
2510 4951 2776 5007 liberavit.

2749 5063 2975 5120 CAPUT
3019 5065 3206 5120 XXIII.

2167 5153 2434 5220 Quantum
2463 5171 2527 5208 ex
2550 5154 2645 5227 uiri
2678 5155 2771 5208 Dei
2797 5156 3034 5209 doctrina
3062 5167 3108 5210 et
3139 5157 3385 5226 exemplis
3415 5161 3752 5227 supradictus

2551 5224 2783 5278 Joannes
2812 5227 3037 5279 triennio
3063 5224 3360 5296 profecerit.

2234 5311 2338 5367 Per
2366 5310 2505 5367 idem
2544 5323 2753 5382 tempus
2784 5313 3018 5369 Joannes
3063 5315 3354 5380 diaconus,
3386 5331 3756 5385 perseverans

2169 5441 2279 5542 tum
2317 5476 2422 5542 est,
2451 5469 2535 5542 cui
2566 5469 2813 5542 coenobio
2840 5467 2901 5542 B_.
2930 5468 3218 5542 Waldrada
3243 5472 3563 5542 temporibus
3589 5473 3759 5526 Theo-

2167 5537 2329 5611 derici
2355 5547 2422 5611 et
2453 5539 2810 5611 'I'heodeberti
2857 5538 3040 5594 Callia:
3090 5555 3272 5611 regum
3323 5537 3377 5597 et
3418 5541 3754 5597 Cltildeberti

2172 5610 2312 5678 regis
2344 5609 2570 5664 ﬁliorum
2603 5609 2834 5678 praefuit.
