3978 6310
540 329 646 386 999

1068 322 1459 378 WALAFRIDI
1498 322 1746 379 STRABI
1780 324 1985 381 FULD.
2026 323 2191 381 MON.
2233 323 2390 379 OPP.
2427 321 2607 379 PARS
2644 323 2709 380 ll.
2750 353 2819 364 -—
2855 322 3243 379 HISTORICA.

3662 324 3791 379 ωηο

539 437 679 508 apud
707 436 966 494 Joannem
991 439 1298 507 episcopum
1321 446 1524 508 septem
1547 435 1754 501 diebus,
1781 436 1924 490 inter
1944 436 2112 490 multa
2140 441 2188 500 Α
2217 440 2272 487 et
2298 434 2508 504 accepit
2533 448 2565 487 a
2595 432 2854 489 fratribus
2891 434 3173 503 epistolam
3204 436 3273 491 ad
3312 436 3534 493 beatum
3555 434 3792 501 Gallum,

538 529 831 584 salutifera:
870 529 1253 583 consolationis
1278 528 1438 584 verba
1456 567 1472 592 ,
1502 528 1618 583 lucc
1645 526 1842 596 smpius
1868 526 2110 581 inculca-

538 621 651 674 vit:
678 619 848 686 Quem
881 619 1022 674 Deus
1046 618 1226 690 elegit,
1257 619 1419 673 homo
1439 632 1547 672 non
1576 617 1866 687 despiciet:
1893 617 1988 671 sed
2010 616 2115 671 erit

537 709 779 763 omnium
805 709 1151 763 veneratione
1188 708 1465 773 sublimis,
1499 723 1658 777 quem
1692 707 1929 763 divinum
1958 722 2111 762 com-

536 801 753 855 mendat
762 800 1041 870 judicium.
1063 800 1283 864 Deinde,
1299 809 1520 870 accepta
1541 800 1608 854 ab
1628 814 1693 853 eo
1712 798 2110 864 benedictione,

535 904 786 946 reversus
835 898 919 944 est
954 889 1021 942 ad
1064 889 1313 944 cellulam
1355 906 1530 945 suam.
1586 890 1883 960 Episcopus
1931 898 2111 944 autem

530 979 692 1050 jussit
718 981 803 1037 his
830 981 922 1050 qui
953 981 1113 1035 rebus
1145 980 1402 1050 episcopii
1437 988 1707 1050 prmerant
1742 989 1802 1034 ut
1839 979 1905 1033 ad
1940 980 2112 1034 virum

538 1070 635 1125 Dei
664 1086 786 1125 cum
816 1070 919 1124 sibi
948 1068 1203 1137 subjectis
1238 1071 1517 1134 venirent,
1545 1078 1600 1123 et
1626 1068 1746 1136 ejus
1776 1069 2112 1139 obtempera-

532 1170 656 1216 rent
684 1160 936 1229 jussioni.
968 1159 1098 1215 Post
1121 1161 1236 1216 haec
1260 1169 1408 1215 tanto
1451 1161 1629 1215 studio
1660 1161 1898 1215 Charitas
1929 1171 2110 1216 mutua

535 1255 854 1310 servabatur
899 1254 1172 1323 utrinque,
1207 1263 1266 1307 ut
1294 1254 1555 1322 spiritalis
1596 1253 1803 1323 glutino
1847 1253 2110 1309 clientela:

531 1343 634 1397 sibi
666 1357 880 1412 seurper
907 1343 1259 1407 cohaerentes,
1288 1344 1407 1397 solo
1433 1358 1658 1412 corpore
1684 1343 1997 1398 viderentur
2030 1344 2110 1399 di-

529 1433 652 1487 visi.
680 1433 937 1505 Magister
962 1441 1186 1503 paterna
1219 1433 1597 1494 sollicitudine,
1629 1433 1880 1501 precibus
1901 1444 1954 1488 et
1975 1450 2105 1489 con-

528 1523 651 1581 silio
680 1524 903 1581 salutari
933 1525 1205 1579 matbeten
1245 1524 1558 1590 refovebat;
1594 1525 1681 1579 ille
1714 1540 1846 1580 vero
1883 1534 2107 1595 paterno

528 1614 736 1671 honore
767 1623 822 1670 et
857 1616 1003 1671 omni
1046 1618 1429 1672 necessitatum
1471 1618 1709 1673 subsidio
1743 1617 2105 1672 didascalz-um

527 1708 863 1765 sublevabat.
922 1709 1118 1780 Sicque
1180 1726 1335 1766 sacra
1390 1712 1601 1781 piorum
1654 1711 1886 1765 societas
1944 1720 2104 1766 aucto

525 1800 804 1855 crescebat
848 1800 1080 1865 honore,
1129 1811 1185 1855 et
1227 1800 1580 1870 multiplicato
1624 1802 2103 1857 commendabatur
2132 1783 2174 1842 Β
2204 1792 2349 1839 “1m-

525 1901 732 1944 amore.

1080 1979 1307 2037 CAPL'T
1346 1981 1439 2036 XX
1452 1982 1536 2038 Vl.

529 2085 597 2141 Ut
642 2091 920 2143 transitum
949 2090 1083 2143 beati
1131 2089 1439 2145 Columbnni
1482 2101 1695 2146 sanctus
1734 2090 1921 2147 Cal/ns
1966 2096 2100 2149 sicut

645 2162 755 2236 rius
796 2176 887 2228 per
936 2160 1182 2236 uisionem
1228 2171 1555 2230 cognoverat,
1604 2163 1680 2216 ita
1719 2173 1834 2232 post
1858 2164 2101 2236 discipuli

645 2176 752 2211 nus
796 2176 887 2228 per
936 2176 1182 2213 visionem
1228 2177 1432 2230 cognata

594 2176 905 2298 legationem
938 2229 1136 2298 [actam
1164 2242 1432 2301 comperit.

594 2337 861 2409 Tempore
901 2339 1247 2410 subsequenti
1282 2342 1449 2410 coepit
1486 2341 1749 2397 virtutum
1782 2343 1958 2399 cultor
1979 2344 2097 2400 exi-

522 2430 665 2485 mius
691 2430 986 2485 oratorium
1015 2439 1352 2494 construere,
1379 2434 1764 2489 mansiunculis
1786 2450 1884 2505 per
1906 2451 2097 2507 gyrum

521 2518 801 2588 dispositis
827 2521 895 2575 ad
926 2523 1375 2576 commanendum
1423 2522 1705 2590 fratribus,
1733 2540 1958 2596 quorum
1985 2527 2095 2598 jam

520 2611 802 2668 duodecim
849 2615 1134 2669 mouastici
1178 2618 1464 2672 sanctitate
1501 2619 1761 2688 propositi
1811 2622 2095 2676 roboratus

518 2701 767 2757 doctrina
813 2712 868 2758 et
889 2705 1149 2773 exemplis
1179 2705 1245 2759 ad
1284 2716 1608 2761 aeternorum
1653 2708 1921 2764 desideria
1961 2726 2092 2765 con-

517 2793 726 2849 citavit.
754 2793 997 2859 Quadam
1028 2795 1209 2864 itaque
1237 2796 1346 2862 die,
1374 2798 1502 2851 dum
1542 2807 1666 2867 post
1706 2799 1945 2855 laborem
1974 2818 2091 2857 ma-

518 2884 762 2938 tutinalis
785 2883 942 2939 otlicii
975 2886 1281 2955 quiescendi
1319 2888 1493 2956 gratia
1538 2889 1704 2945 lectos
1730 2905 1857 2947 suos
1888 2894 2093 2949 revise-

519 2981 662 3036 rent,
693 2973 870 3041 primo
898 2974 1132 3029 diluculo
1176 2977 1261 3030 vir
1310 2977 1404 3032 Dei
1454 2980 1664 3034 vocavit
1713 2980 2089 3052 Magnoaldum

516 3060 796 3116 diaconem
822 3078 998 3129 suum,
1023 3065 1206 3120 dicens
1232 3066 1306 3121 illi
1338 3084 1351 3120 :
1378 3066 1589 3124 lnstrue
1611 3085 1778 3126 sacrae
1802 3072 2089 3130 oblationis

522 3149 904 3215 ministerium,
938 3160 998 3206 ut
1023 3154 1225 3222 possint
1266 3155 1449 3210 divina
1481 3157 1597 3213 sine
1642 3159 1900 3216 dilatione
1943 3164 2086 3218 cele-

512 3238 673 3296 brare
702 3243 979 3312 mysteria.
1011 3243 1078 3298 Et
1106 3243 1193 3299 ille
1219 3263 1232 3299 :
1262 3245 1421 3312 Num,
1448 3248 1720 3319 inquit,_tu
1747 3251 1930 3319 Pater,
1963 3256 2091 3311 mis-

519 3344 636 3384 sam
685 3331 1020 3388 eelebrabis?
1063 3333 1208 3390 Dixit
1251 3350 1381 3408 ergo
1426 3339 1494 3394 ad
1539 3339 1687 3395 illum
1717 3342 1885 3398 :Post
1930 3345 2088 3416 hujus

509 3419 724 3490 vigilias
763 3422 941 3477 noctis
985 3425 1209 3493 cognovi
1253 3441 1352 3496 per
1396 3428 1658 3485 visionem
1701 3432 1978 3490 dominum
2030 3445 2087 3492 et

512 3508 730 3565 Patrem
755 3526 934 3566 meum
961 3511 1349 3572 Columbanum
1380 3518 1447 3573 de
1485 3518 1643 3588 huius
1671 3522 1796 3578 vita:
1820 3528 2085 3595 angustiis

515 3598 678 3656 hodie
732 3603 799 3657 ad
851 3604 1085 3671 paradisi
1131 3607 1323 3674 gaudia
1367 3611 1771 3682 commigrasse.
1819 3614 1923 3671 Pro
1965 3617 2084 3686 ejus

510 3691 697 3762 itaque
722 3694 908 3760 requie
957 3693 1283 3751 sacriﬁcium
1332 3698 1522 3755 salutis
1567 3703 1739 3758 debeo
1780 3705 2075 3764 immolare.

511 3778 582 3836 Et
611 3781 768 3849 signo
793 3781 1022 3850 pulsato,
1063 3787 1359 3841 oratorium
1387 3789 1640 3861 ingrcssi,
1669 3807 2081 3864 prostraverunt

508 3885 570 3927 se
590 3870 646 3925 in
675 3871 997 3939 orationem,
1029 3882 1085 3929 et
1112 3890 1393 3948 eruperunt
1413 3882 1607 3940 missas
1640 3901 1801 3957 agere
1819 3899 1875 3945 et
1900 3894 2079 3960 preci-

505 3957 610 4019 bus
638 3962 886 4018 insistere
907 3980 1008 4035 pro
1030 3973 1540 4029 commemoratione
1567 3976 1709 4033 beati
1737 3957 2076 4041 Columbani.

504 4048 699 4107 Finito
728 4067 897 4108 sacrae
941 4055 1242 4115 devotionis
1287 4061 1485 4129 oﬂicio,
1532 4071 1856 4127 venerabilis
1894 4072 2077 4132 Gallus

511 4143 649 4236 dixit
675 4145 739 4199 ad
764 4145 1135 4216 Magnoaldum
1159 4152 1435 4211 diaconem
1468 4175 1480 4211 :
1510 4158 1629 4223 Fili,
1657 4177 1764 4217 non
1792 4164 1885 4219 tibi
1913 4181 2076 4236 grave

499 4233 750 4290 videatur
778 4238 1060 4307 petitionis
1089 4256 1223 4298 metu
1247 4248 1479 4314 pondus,
1505 4252 1599 4305 sed
1629 4254 1810 4323 arripe
1835 4233 1995 4318 viam.
2019 4266 2077 4314 et

499 4321 705 4378 Italiam
745 4326 935 4394 petito,
963 4334 1438 4405 pertransiensque
1465 4354 1636 4408 usque
1685 4321 1756 4397 ad
1797 4357 2073 4404 monaste-

499 4411 640 4466 rium
670 4414 813 4483 quod
840 4416 1065 4473 Bobium
1097 4423 1427 4491 nominatur,
1458 4428 1741 4500 diligenter
1772 4438 2072 4506 perquirito

497 4503 627 4572 quid
681 4514 862 4561 aetum
909 4510 979 4564 sit
1013 4512 1157 4568 circa
1198 4516 1448 4574 abbatem
1496 4538 1696 4579 meum.
1749 4503 1899 4583 Nola
1938 4547 2069 4602 ergo

456 4608 459 4609 '
496 4594 639 4650 diem
662 4605 721 4652 et
753 4598 967 4666 horam,
1011 4612 1070 4657 ut
1116 4606 1161 4659 si
1206 4621 1328 4661 eum
1360 4616 1687 4682 compereris
1726 4633 1846 4673 esse
1879 4594 2070 4676 defun-

450 4766 453 4769 _
498 4694 669 4752 ctum,
720 4692 899 4759 possis
926 4707 1219 4762 agnoscere
1265 4708 1443 4756 utrum
1490 4706 1626 4760 visio
1674 4724 1791 4764 mea
1820 4714 2068 4770 veritatis

494 4772 747 4832 fulciatur
774 4778 992 4835 ell‘ectu.
1028 4782 1151 4840 Haec
1175 4801 1304 4859 ergo
1328 4793 1509 4847 omnia
1564 4797 1792 4854 sollicita
1843 4802 2067 4861 investi-

493 4866 707 4936 gatione
748 4871 1081 4939 perdiscens,
1107 4890 1386 4948 regressus
1424 4886 1700 4944 nuntiabis
1746 4891 1897 4947 mihi.
1944 4895 2067 4950 Dia-

492 4971 661 5013 conus
698 4960 767 5014 ad
810 4963 973 5031 pedes
1012 4954 1254 5038 magistri
1294 4975 1629 5043 provolutus,
1677 4981 1917 5049 ignotum
1959 4988 2063 5042 sibi

491 5048 597 5105 iter
619 5063 740 5107 esse
769 5065 1095 5125 conquestus
1120 5069 1204 5116 est
1224 5081 1238 5116 :
1256 5066 1348 5119 sed
1378 5068 1464 5121 vir
1488 5069 1679 5125 beatus
1708 5048 1839 5130 voce
1865 5076 2061 5133 blanda

492 5154 616 5195 eum
644 5157 714 5197 ne
741 5141 952 5232 timeret
980 5148 1278 5209 admonuit.
1326 5155 1518 5228 Perge,
1546 5161 1819 5232 inquiens,
1863 5177 1919 5222 et
1957 5169 2066 5224 Do-

488 5233 669 5290 minus
703 5229 898 5308 dir'iget
928 5254 1148 5309 gressus
1171 5252 1310 5301 tuos.
1343 5247 1456 5305 Hac
1492 5229 1857 5312 consolatione
1905 5263 2062 5318 robo-

489 5333 639 5382 ratus
666 5326 737 5397 pii
763 5327 1003 5386 doctoris
1022 5333 1274 5391 alumnus
1292 5352 1572 5412 praecepto
1597 5348 1795 5415 paruit,
1825 5360 1876 5406 et
1905 5367 2061 5409 acce-

485 5424 578 5486 pto
603 5418 996 5476 benedictionis
1020 5424 1234 5492 viatico,
1259 5429 1401 5485 viam
1439 5434 1758 5492 festinanter
1770 5452 2058 5513 aggressus

484 5515 588 5603 est.
612 5506 856 5603 cumque
882 5514 1218 5581 pervenisset
1241 5520 1309 5574 ad
1325 5525 1710 5583 monasterium
1733 5540 1792 5586 ut
1807 5506 2053 5603 Volebat,

483 5594 689 5651 invenit
706 5600 888 5654 omnia
904 5601 980 5655 ita
1007 5605 1297 5676 contigisse
1323 5610 1463 5691 sicut
1486 5613 1630 5671 Patri
1655 5632 1755 5674 suo
1779 5635 1879 5691 per
1897 5594 2056 5683 visio;

484 5700 607 5742 nem
639 5687 1135 5752 fuerantrevelata.
1168 5695 1360 5756 Mansit
1388 5684 1566 5761 autem
1611 5707 1681 5765 ibi
1712 5684 1815 5768 una
1873 5728 2050 5791 nocte,

2213 525 2580 581 continentem
2605 525 2899 580 venerandi
2934 527 3221 581 transitum
3246 525 3592 582 Columbani.
3616 526 3721 593 Qui
3740 537 3793 581 et

2210 612 2463 669 baculum
2494 615 2681 684 ipsius,
2722 630 2884 685 quem
2923 615 3083 684 vulgo
3125 616 3453 671 cambottam
3503 615 3607 688 [aL
3643 632 3789 671 cant-

2211 704 2439 767 buttam,
2490 705 2545 759 id
2579 714 2676 770 est,
2719 704 2967 759 baculum
3022 705 3393 778 pastoralem]
3429 716 3662 772 vocant,
3702 721 3796 776 per

2212 808 2432 848 manum
2476 794 2689 850 diaconi
2739 796 3197 861 transmiserunt,
3246 797 3492 851 dicentes
3540 806 3793 852 sanctum

2212 882 2465 938 abbatem
2509 893 2637 939 ante
2665 885 2947 939 transitum
2992 901 3150 941 suum
3179 885 3409 955 jussisse
3454 896 3519 940 ut
3562 904 3666 957 per
3693 888 3792 943 hoc

2211 973 2552 1028 notissimum
2607 973 2804 1044 pignus
2838 973 3025 1031 Gallus
3078 975 3468 1030 absolveretur.
3525 977 3793 1033 Dimissus

2211 1072 2393 1118 autem
2422 1065 2490 1119 ab
2520 1064 2650 1130 illis,
2679 1066 2783 1120 iter
2815 1067 3159 1134 acceleravit,
3188 1076 3243 1122 et
3269 1084 3537 1139 prospere
3584 1070 3645 1125 in
3682 1086 3795 1126 om-

2210 1154 2370 1209 nibus
2392 1169 2580 1224 agens,
2605 1155 2692 1210 dic
2721 1165 2909 1211 octava
2940 1159 3185 1227 pervenit
3208 1159 3275 1212 ad
3314 1159 3604 1214 dominum
3638 1176 3795 1215 suum

2207 1253 2265 1300 et
2314 1244 2552 1308 Patrem,
2595 1246 2778 1303 ferens
2806 1248 3085 1317 epistolam
3132 1250 3435 1316 relationis,
3482 1260 3545 1305 et
3583 1252 3797 1308 absolu-

2208 1334 2369 1388 tionis
2402 1334 2682 1389 indicium.
2720 1335 2884 1391 Lecta
2915 1338 3140 1407 epistola
3176 1350 3401 1396 sanctus
3437 1339 3635 1398 Gallus
3672 1344 3796 1396 eba-

2206 1421 2409 1476 rissimi
2436 1424 2605 1493 patris
2634 1439 2877 1482 amorem
2906 1428 3064 1497 pleno
3104 1430 3345 1486 retinens
3386 1433 3582 1495 corde,
3616 1432 3793 1503 lacry-

2204 1526 2323 1567 mas
2353 1512 2591 1582 profudit
2613 1516 2934 1585 uberrimas,
2965 1528 3021 1573 et
3048 1521 3287 1576 collectis
3310 1521 3585 1578 fratribus
3605 1540 3795 1580 causas

2204 1606 2454 1659 maeroris
2507 1609 2738 1677 aperuit.
2799 1611 3001 1666 Deinde
3054 1614 3188 1667 tanti
3242 1616 3415 1684 patris
3465 1619 3788 1672 memoriam

2203 1695 2454 1765 precibus
2480 1700 2650 1755 sacris
2700 1709 2756 1756 et
2795 1703 3081 1760 sacrificiis
3109 1705 3447 1761 salutaribus
3473 1705 3789 1776 frequenta-

2757 1859 2985 1919 CAPUT
3024 1863 3232 1921 XXV“.

2344 1965 2662 2024 Miraculum
2687 1971 2880 2028 tabula:
2909 1974 3222 2031 incremento
3249 1985 3639 2035 monstramus.

2270 2073 2507 2149 Contigit
2547 2088 2728 2135 autem
2758 2082 2988 2151 quadam
3021 2084 3134 2148 die,
3156 2086 3282 2141 dum
3327 2089 3387 2141 in
3412 2092 3787 2146 construendo

2211 2169 2452 2224 oratorio
2475 2186 2596 2224 cum
2623 2170 2882 2228 fratribus
2902 2174 3194 2242 laboraret,
3224 2186 3285 2232 ut
3320 2180 3508 2233 tabula
3533 2184 3779 2250 quaedam

2201 2259 2396 2327 parieti
2428 2259 2750 2330 imponenda
2780 2262 2997 2319 brevior
3032 2267 3243 2322 caneris
3275 2282 3541 2323 mensura
3573 2272 3781 2340 palm

2200 2363 2321 2404 rum
2350 2360 2583 2421 quatuor
2606 2362 2909 2423 appareret.
2943 2355 3114 2423 Quam
3155 2357 3280 2411 dum
3318 2357 3571 2425 ejusdem
3608 2364 3783 2432 operis

2199 2442 2440 2498 artifices
2492 2445 2692 2501 vellent
2754 2448 3022 2519 adjicere,
3081 2450 3268 2513 beatus
3324 2452 3523 2509 Gallus
3571 2457 3783 2512 virtutis

2198 2546 2358 2601 quam
2390 2532 2443 2587 in
2491 2532 2723 2590 Domino
2769 2537 3002 2593 habebat
3038 2540 3140 2593 siLi
3178 2543 3459 2608 conscius,
3500 2545 3671 2615 jussit
3694 2562 3786 2601 eos

2197 2624 2268 2679 ab
2311 2641 2477 2695 opere
2506 2627 2834 2700 disjungere,
2885 2640 2943 2685 et
2989 2631 3208 2686 domum
3253 2634 3322 2688 ad
3368 2636 3779 2708 percipiendam

2195 2729 2378 2770 secum
2431 2716 2778 2774 refectionem
2808 2736 2970 2790 quam
3010 2720 3269 2780 Dominus
3315 2730 3656 2797 prmparavit
3698 2731 3776 2784 in-

2196 2803 2359 2861 tl'are.
2391 2805 2600 2874 Quibus
2627 2810 2923 2866 secundum
2954 2810 3255 2880 jussionem
3284 2815 3403 2884 ejus
3434 2817 3775 2885 facientibus,

2194 2897 2535 2953 benedictum
2565 2916 2757 2970 panem
2803 2918 2967 2958 manu
3010 2921 3105 2960 sua
3135 2910 3403 2977 porrexit.
3449 2910 3587 2968 Post
3622 2929 3778 2983 prauo

2196 2990 2342 3044 dium
2370 3001 2550 3047 autem
2576 3008 2697 3048 cum
2732 3010 2921 3052 omnes
2946 3013 3012 3068 pa
3023 2999 3152 3055 riter
3175 3016 3313 3070 opus
3338 3014 3658 3074 repeterent
3678 3010 3776 3062 im-

2194 3080 2514 3151 perfectum,
2568 3085 2892 3142 invenerunt
2935 3090 3176 3145 tabulam
3217 3107 3381 3161 quam
3428 3107 3659 3166 propter
3694 3100 3775 3152 sui

2193 3173 2511 3229 brevitatem
2540 3177 2747 3247 pridem
2778 3179 3015 3248 abjicere
3059 3183 3368 3251 voluerunt,
3401 3191 3627 3245 exteris
3662 3207 3775 3246 om-

2197 3262 2359 3319 nibus
2384 3264 2677 3336 longiorem
2710 3282 2962 3324 mensura
2993 3271 3201 3328 dimidii
3232 3276 3420 3345 pedis;
3451 3287 3510 3333 et
3540 3282 3775 3335 admira-

2188 3353 2335 3408 tione
2350 3355 2418 3409 de
2432 3370 2497 3410 eo
2512 3356 2652 3425 quod
2668 3370 2921 3414 evenerat
2936 3360 3140 3428 habita,
3157 3358 3357 3435 lignum
3374 3370 3525 3437 quod
3541 3372 3772 3426 mirabili

2186 3456 2434 3502 creverat
2464 3450 2625 3504 modo
2652 3450 2706 3504 in
2731 3450 2849 3507 loco
2874 3469 2973 3509 suo
3006 3457 3197 3525 parieti
3225 3468 3580 3528 aptaverunt.
3623 3464 3772 3531 Quod

2186 3537 2365 3604 ipsum
2394 3538 2555 3609 longo
2576 3540 2832 3612 deinceps
2859 3553 3096 3616 tempore
3118 3563 3148 3602 a
3174 3549 3426 3607 fidelibus
3447 3558 3768 3625 expetitum,

2183 3627 2413 3683 Domino
2442 3629 2694 3697 faciente,
2736 3634 2977 3692 dentium
3014 3638 3291 3696 doloribus
3320 3641 3625 3702 efﬁcaciter
3655 3666 3768 3705 me-

2181 3715 2431 3784 debatur,
2446 3728 2643 3788 praeter
2664 3724 2873 3794 antiqui
2898 3731 3470 3788 commemorationem
3493 3738 3766 3805 miraculi,

2181 3811 2338 3865 novis
2381 3826 2595 3881 semper
2622 3813 2903 3872 ell‘ectibus
2942 3820 3332 3878 honorandum.
3382 3824 3444 3881 In
3480 3844 3600 3898 quo
3628 3831 3769 3887 facto

2184 3902 2503 3957 meritorum
2532 3903 2649 3972 ejus
2693 3909 3148 3979 magnitudinem,
3178 3922 3236 3969 et
3269 3919 3543 3974 orationis
3576 3937 3766 3994 possu-

2178 4006 2302 4047 mus
2328 4008 2558 4063 pensare
2580 3996 2870 4065 virtutem;
2902 4002 3029 4071 quia
3053 4012 3110 4057 et
3134 4004 3342 4076 lignum
3382 4010 3609 4067 aridum
3637 4029 3766 4070 cou-

2178 4088 2263 4135 tra
2310 4090 2560 4136 naturam
2610 4084 2960 4144 incrementis
2999 4104 3217 4148 auctum
3260 4106 3367 4160 est,
3396 4108 3457 4154 et
3499 4117 3574 4158 ne
3617 4115 3766 4160 vetes

2177 4169 2487 4227 aboleretur
2539 4174 2887 4244 miraculum,
2924 4182 3162 4238 rediviva
3206 4185 3494 4257 signorum
3539 4202 3767 4250 auena.

2177 4262 2323 4317 tione
2350 4277 2566 4335 semper
2590 4273 2677 4321 est
2703 4270 3014 4340 repetitum.

2727 4377 2954 4435 CAPUT
2994 4381 3226 4440 XXVIII.

2178 4461 2295 4527 Qua
2340 4465 2548 4559 ratione
2590 4466 3125 4559 fratribuslatxovio
3170 4480 3499 4559 venierut'bus
3547 4491 3757 4559 satisfe-

2245 4541 2392 4615 cerit,
2434 4546 2480 4615 et
2521 4553 2681 4607 quam
2711 4541 2938 4596 mirabili
2966 4561 3053 4598 eos
3091 4546 3216 4603 doni
3256 4552 3486 4610 celestis
3530 4541 3761 4615 uberis:

2248 4604 2513 4673 refoverit.

2246 4713 2374 4771 Post
2404 4717 2518 4773 haec
2560 4720 2697 4776 abba
2736 4728 3052 4783 monasterii
3095 4733 3237 4800 quod
3276 4733 3591 4796 Luxovinm
3626 4746 3754 4800 diri-

2175 4817 2282 4875 tnr,
2306 4813 2524 4868 nomine
2548 4813 2849 4883 Eustasius,
2874 4836 3036 4891 quem
3061 4823 3215 4880 bona:
3238 4835 3523 4889 memoria:
3544 4835 3757 4893 Colum-

2172 4901 2345 4956 bauus
2377 4903 2554 4957 eidem
2578 4905 2696 4961 loco
2727 4909 2990 4979 praefecit,
3020 4915 3089 4970 ab
3113 4915 3272 4986 hujus
3297 4923 3503 4978 exsilio
3535 4928 3665 4983 vitae
3688 4933 3754 4982 ad

2168 5006 2456 5063 supernam
2502 4998 2732 5066 patriam
2789 5004 3187 5076 commigravit.
3239 5009 3471 5070 Fratres
3518 5033 3654 5089 ergo
3698 5022 3753 5076 in

2166 5084 2353 5138 eodem
2385 5087 2630 5143 emnobio
2652 5093 2928 5148 constituti
2950 5098 3233 5154 consilium
3266 5103 3516 5162 inierunt
3556 5084 3619 5166 ut
3658 5129 3753 5168 ve-

2167 5175 2459 5230 nerabilem
2494 5178 2703 5234 Gallum
2736 5197 3070 5251 revocarent,
3121 5200 3177 5245 et
3221 5191 3339 5263 ejus
3390 5200 3652 5271 regimini
3692 5221 3754 5259 se

2167 5263 2449 5322 subdendo
2475 5272 2881 5329 contraderent.
2927 5276 3188 5334 Miserum
3219 5282 3402 5354 itaque
3421 5263 3526 5345 sex
3558 5291 3756 5350 fratres

2166 5373 2232 5415 ex
2255 5360 2339 5415 his
2368 5361 2457 5431 qui
2487 5361 2555 5417 ab
2578 5361 2835 5421 Hibernia
2873 5380 3155 5438 venerunt,
3193 5377 3284 5443 qui
3320 5380 3616 5447 epistolam
3643 5386 3750 5440 ier-

2165 5461 2291 5507 rent
2331 5455 2703 5511 continentem
2733 5472 2928 5516 causas
2956 5460 3196 5532 ejusdem
3239 5466 3553 5539 legationis.
3585 5474 3755 5546 Igitur

2164 5541 2240 5599 illi
2269 5552 2421 5599 recto
2462 5545 2656 5602 itinere
2686 5563 2808 5603 cum
2837 5551 2903 5606 ad
2935 5553 3035 5607 viri
3083 5552 3180 5610 Del
3222 5555 3414 5615 cellam
3461 5541 3752 5633 pervenis-

2159 5645 2299 5701 sent,
2319 5637 2548 5694 nuntiati
2571 5641 2875 5711 advenisse,
2889 5646 3034 5704 ducti
3065 5653 3272 5708 suntad
3289 5656 3598 5717 orationem
3613 5676 3754 5733 εφη

2160 5727 2402 5801 expleta,
2455 5733 2671 5791 domum
2735 5736 2964 5812 ingressi
3012 5758 3373 5814 porrexerunt
3430 5727 3747 5825 epistola...
