3978 6310
165 309 298 396 iaci

1179 324 1336 382 VITA
1379 322 1436 378 S.
1478 319 1680 378 GALLI
1715 316 2024 373 ABBATIS.
2063 345 2130 356 -—
2166 315 2292 370 LIB.
2334 315 2374 370 I.

3282 312 3419 368 1002

164 455 338 522 Quam
371 456 434 506 ut
469 446 550 503 vir
577 451 797 503 sanctus
824 439 1077 514 perlegit,
1115 437 1252 494 dixit
1293 438 1398 493 illis
1423 454 1435 491 :
1466 436 1577 507 Ego
1613 433 1735 504 qui-
1765 437 1816 495 Α
1843 430 1970 484 vino
1995 429 2203 498 plenos,
2232 436 2286 482 et
2317 425 2506 484 ternos
2535 427 2727 483 farinae
2764 426 2972 484 modios
3009 427 3080 482 ob
3114 436 3225 480 sum
3259 422 3422 478 devo-

163 545 309 606 dem,
345 556 378 596 o
404 539 622 602 fratres,
647 538 813 591 verba
844 533 1130 603 Prophetas
1159 529 1384 600 cupiens
1415 526 1621 582 imitari
1659 524 1741 579 di-

166 632 370 690 centis:
403 629 701 684 Extraneus
732 625 903 696 factus
925 639 1042 677 sum
1076 621 1329 691 fratribus
1356 617 1506 682 meis,
1531 625 1579 671 et
1602 630 1745 685 pere-

165 725 347 795 grinus
394 719 520 791 ﬁliis
555 718 740 772 matris
788 731 916 769 mea:
949 711 1125 786 (Psal.
1176 724 1362 772 vam,
1414 709 1491 778 9),
1528 704 1744 761 deserui

165 821 326 870 notos
371 824 521 866 meos
557 816 614 863 et
656 806 1011 877 propinquos,
1055 809 1110 856 et
1149 809 1210 854 ut
1253 799 1476 853 liberius
1517 795 1744 850 Domino

167 916 383 974 possem
413 913 632 963 vacare,
663 894 969 952 solitudinis
999 891 1134 962 elegi
1165 897 1406 954 secreta;
1436 896 1600 957 utque
1649 901 1743 954 pa-

168 1002 380 1049 rentum
410 999 465 1046 et
490 983 814 1059 prmdio'rum
849 984 1216 1041 dimissionem
1247 991 1565 1052 prmteream
1585 1019 1599 1044 ,
1631 978 1746 1048 epi-

168 1093 420 1156 scopatus
459 1085 722 1138 honorem
769 1087 825 1136 et
857 1077 1073 1133 divitias
1111 1073 1296 1129 mundi
1336 1071 1610 1140 suscipere
1637 1082 1745 1122 non

169 1174 438 1232 consensi.
467 1173 534 1227 Et
562 1187 668 1242 quo
692 1178 852 1241 pacto
881 1175 1001 1239 post
1026 1166 1168 1220 hanc
1193 1163 1650 1219 renuntiationem
1691 1166 1748 1213 et

169 1263 530 1321 voluntariam
571 1267 946 1332 paupertatem
997 1255 1180 1312 sazculi
1227 1253 1545 1322 implicahor
1584 1265 1747 1321 nego-

170 1356 278 1419 tiis,
328 1353 609 1409 exaltabor
657 1349 967 1410 honoribus,
1013 1342 1344 1416 ponderibus
1373 1340 1748 1413 aggravahor?

169 1446 346 1510 Absit,
370 1444 610 1513 inquam,
629 1451 690 1496 ut
715 1440 806 1511 qui
831 1453 1050 1493 manum
1078 1438 1130 1490 in
1146 1433 1388 1490 aratrum
1405 1433 1547 1497 misi,
1563 1430 1748 1487 oculos

170 1538 240 1594 ad
271 1537 456 1592 relicta
500 1543 861 1602 retorqucam,
910 1537 967 1584 et
1009 1528 1150 1582 sicut
1198 1526 1354 1581 canis
1391 1532 1636 1579 revertar
1681 1523 1748 1577 ad

173 1630 454 1685 vomitum.
483 1627 648 1682 Scitis
680 1624 779 1695 ipsi
809 1637 894 1677 me
936 1623 1078 1676 inter
1119 1635 1217 1674 vos
1252 1619 1486 1689 positum
1532 1615 1750 1670 humili-

175 1722 275 1776 tati
302 1733 518 1789 semper
541 1717 748 1772 dedisse
773 1728 993 1784 operam
1025 1719 1078 1766 et
1103 1707 1427 1779 subjectioni
1469 1723 1482 1761 :
1516 1713 1572 1762 et
1614 1720 1745 1774 quo-

1846 520 2009 574 tionis
2035 520 2311 573 indicmm.
2343 518 2549 585 Quibus
2585 534 2707 574 cum
2737 519 3032 589 gratiarum
3064 515 3276 571 actione
3303 527 3421 569 sus-

1845 608 2013 679 ceptis
2035 607 2214 662 cibum
2254 615 2622 677 sumpserunt,
2647 615 2705 662 et
2733 615 2857 676 post
2893 604 3138 676 corporis
3176 601 3424 658 refectio-

1845 715 1990 765 nem,
2011 699 2268 770 spiritalis
2294 698 2547 768 colloquii
2571 698 2800 768 dapibus
2822 699 3031 752 animas
3053 710 3179 752 suas
3199 709 3424 766 pascere

1845 791 2186 846 studuerunt.
2234 777 2474 845 Detinuit
2516 797 2698 844 autem
2736 805 2831 845 eos
2877 791 3066 845 beatus
3107 787 3293 843 Gallus
3326 785 3424 840 ali-

1847 880 2066 952 quantis
2113 896 2298 936 secum
2345 879 2556 944 dicbus,
2607 888 2664 934 et
2700 879 2982 936 charitatis
3029 878 3225 933 intuitu
3274 875 3424 932 omni

1848 972 2202 1026 humanitatis
2261 970 2396 1026 fovit
2439 969 2720 1038 obsequio.
2776 969 3032 1023 Narravit
3090 981 3304 1037 quoque
3357 966 3425 1020 de

1847 1061 2119 1117 communi
2170 1059 2354 1125 Patre,
2400 1059 2561 1113 beato
2597 1058 2850 1113 videlicet
2892 1055 3246 1120 Columbano,
3282 1053 3426 1123 quod

1846 1161 1994 1206 certa
2072 1149 2332 1204 relatione
2402 1148 2683 1203 didicerat.
2756 1147 2958 1203 Deinde
3020 1145 3207 1202 osculo
3265 1143 3421 1213 pacis

1846 1241 2049 1305 oblato,
2078 1240 2283 1294 dimisit
2311 1253 2440 1305 eos;
2467 1238 2621 1294 etilli
2666 1238 3040 1294 benedictione
3077 1237 3210 1291 tanti
3244 1234 3424 1290 Patris

1849 1329 2049 1387 armati
2074 1329 2142 1384 ad
2169 1344 2267 1385 sua
2300 1335 2632 1384 remearunt.

2386 1456 2615 1514 CAPUT
2655 1457 2841 1513 XXIX.

1852 1593 2124 1660 Quomodo
2145 1592 2503 1646 sanctissimus
2529 1589 2691 1645 Pater
2706 1593 2840 1644 inter
2864 1590 3228 1658 wdiﬁcationis
3245 1589 3422 1645 studia

2076 1663 2216 1734 apud
2237 1662 2501 1716 Arbonam
2530 1662 2768 1732 migrari:
2789 1661 2857 1714 ad
2880 1661 3184 1716 Dominum.

178 1813 336 1870 modo
363 1809 584 1866 creditis
607 1808 672 1862 ad
704 1783 838 1862 tanti
880 1802 1129 1860 culminis
1158 1815 1244 1856 me
1270 1799 1551 1871 provocari
1591 1813 1748 1868 posse
1776 1783 1823 1842 Β
1921 1801 2030 1858 Nec
2058 1800 2227 1857 multo
2249 1809 2528 1872 post,cum
2545 1799 2657 1870 jam
2679 1798 2943 1853 bonorum
2967 1795 3206 1853 omnium
3222 1795 3434 1850 Auctor

175 1899 490 1972 fastigium?
530 1898 785 1952 lnnovate
811 1892 1059 1957 consilia,
1100 1891 1355 1945 aliorsum
1386 1904 1482 1944 vos
1513 1887 1705 1942 vertite
1730 1901 1745 1951 ;

177 1991 310 2048 mihi
340 1988 483 2059 quod
511 1987 692 2042 animo
719 1984 886 2041 semel
933 1982 1156 2037 infixum
1195 1988 1300 2046 est,
1345 1978 1604 2033 Dominus
1647 1977 1750 2030 im-

175 2090 388 2138 mutare
417 2094 523 2134 non
568 2077 727 2133 sinet.
779 2074 874 2128 liis
920 2080 975 2126 et
1003 2070 1270 2125 similibus
1314 2068 1494 2123 verbis
1538 2065 1747 2119 animos

175 2187 364 2227 eorum
392 2169 460 2224 ab
495 2181 590 2239 spe
617 2163 1015 2237 impctrationis
1059 2161 1217 2232 hujus
1250 2159 1474 2214 amovit.
1527 2157 1748 2212 \‘ocavit

178 2261 370 2317 deinde
399 2275 564 2314 unum
590 2273 622 2311 e
652 2256 941 2320 fratribus,
979 2261 1180 2308 etcum
1224 2249 1579 2320 intermgavit
1619 2246 1748 2318 quid

176 2361 357 2410 essent
400 2360 640 2421 tempore
680 2346 990 2404 refectionis
1038 2341 1323 2412 sumpturi.
1379 2340 1624 2408 Cumque
1665 2353 1750 2393 rc-

178 2459 437 2516 sponsum
499 2451 645 2497 esset
673 2437 1043 2495 tantummodo
1098 2435 1392 2492 sextarium
1445 2432 1632 2487 farina:
1682 2430 1750 2485 ad

179 2551 337 2590 usum
370 2533 557 2588 haberi
593 2539 931 2593 cunctorum,
952 2525 1118 2598 jussit
1149 2525 1265 2580 ﬁeri
1293 2539 1481 2594 panes,
1523 2523 1706 2577 dicens
1733 2539 1746 2575 :

177 2624 376 2682 Potens
400 2633 484 2679 est
509 2624 650 2678 Deus
682 2636 875 2692 parare
900 2633 1144 2674 mensam
1174 2617 1229 2671 in
1270 2617 1505 2672 deserto.
1539 2615 1750 2669 Etcum

181 2718 399 2773 fecisset
427 2716 576 2770 olera
602 2713 804 2782 colligi,
831 2712 946 2781 ipse
989 2725 1208 2765 sumens
1237 2717 1352 2764 rete
1395 2717 1448 2764 et
1477 2723 1640 2762 unum
1684 2723 1752 2761 ex

181 2809 457 2878 discipulis
485 2807 597 2862 suis
624 2822 744 2862 cum
776 2805 1034 2860 fratribus
1059 2805 1150 2873 qui
1185 2810 1626 2872 supervenerant,
1658 2801 1754 2855 ivit

180 2906 250 2960 ad
286 2903 574 2975 gurgitem,
621 2901 805 2956 dicens
845 2917 858 2953 :
894 2899 1180 2954 Videamus
1216 2907 1398 2952 utrum
1443 2897 1752 2952 misericors

181 2994 442 3049 Dominus
472 2991 679 3059 aliquos
710 2989 909 3043 nostris
951 2989 1080 3042 velit
1115 2988 1527 3044 necessitatibus
1565 2988 1752 3058 largiri

181 3080 492 3154 pisciculos.
523 3077 763 3149 Cumque
785 3077 1158 3147 pervenissent
1198 3076 1264 3130 ad
1294 3077 1577 3148 gurgitem,
1609 3077 1754 3132 vide-

183 3179 312 3226 runt
360 3170 563 3241 piscem
611 3184 864 3239 magnum
915 3168 970 3222 in
1007 3181 1160 3236 aqum
1202 3167 1517 3223 collectione
1562 3175 1753 3222 natan-

184 3274 314 3326 tem,
354 3263 600 3332 duosque
646 3261 795 3315 illum
843 3259 1055 3330 insequi
1111 3259 1299 3324 lutros,
1351 3260 1506 3330 quasi
1561 3273 1756 3330 capere

182 3356 478 3427 fugientem
501 3352 762 3408 volentes.
786 3351 1034 3407 Immisso
1058 3352 1181 3416 reti,
1205 3359 1420 3421 captum
1443 3367 1564 3406 eum
1589 3363 1760 3406 traxe.

186 3454 315 3501 runt
355 3446 422 3500 ad
461 3445 630 3499 littus.
657 3443 900 3499 Habebat
935 3452 1117 3498 autem
1165 3443 1220 3497 in
1271 3443 1602 3513 longitudine
1644 3441 1759 3512 pal-

183 3553 304 3592 mos
324 3535 630 3600 duodecim,
661 3544 716 3589 et
751 3534 806 3588 in
851 3533 1134 3587 latitudine
1169 3542 1419 3602 quatuor.
1453 3533 1568 3599 Quo
1595 3532 1756 3597 facto,

184 3630 314 3686 lutri
344 3621 404 3686 se
423 3629 704 3700 profundis
727 3629 1074 3698 immergunt.
1109 3627 1365 3698 Imposito
1394 3643 1608 3683 rursum
1634 3628 1757 3694 reti,

185 3737 310 3776 cum
333 3722 631 3791 piscatores
660 3718 832 3774 sancti
860 3717 1091 3786 piscium
1118 3716 1354 3772 latebras
1384 3717 1645 3788 pulsando
1676 3718 1759 3772 in-

189 3811 519 3882 quietarent,
547 3810 741 3864 iterato
782 3807 909 3861 lutri
947 3818 1330 3877 apparuerunt,
1365 3808 1590 3877 piscium
1636 3817 1760 3862 tan-

186 3912 303 3957 tam
347 3899 743 3956 multitudinem
771 3898 1132 3967 propellentes
1183 3899 1234 3951 in
1274 3907 1407 3964 rete,
1461 3907 1522 3952 ut
1568 3899 1620 3953 id
1665 3915 1760 3953 sua

191 3992 504 4064 pluralitate
533 4006 627 4060 per
649 3990 767 4044 loca
797 3989 1214 4056 disrumperent.
1259 3989 1448 4043 Prmda
1488 3989 1669 4060 itaque
1695 3991 1762 4044 ad

185 4082 344 4136 littus
366 4080 647 4152 perducta,
676 4079 760 4132 vir
782 4076 1108 4133 discretione
1135 4076 1478 4146 plenissimus
1499 4078 1764 4147 quosdam

187 4173 387 4244 pisces,
427 4168 802 4238 adjuvantibus
829 4167 920 4236 qui
956 4167 1204 4230 aderant,
1253 4183 1438 4222 rursus
1484 4168 1538 4222 in
1569 4183 1762 4236 aquam

187 4262 439 4335 projecit,
484 4268 540 4314 et
584 4258 844 4313 fratribus
887 4257 1066 4312 dixit:
1099 4255 1286 4322 Hodie,
1310 4267 1529 4327 propter
1569 4259 1768 4312 adven-

190 4365 310 4408 tum
353 4361 611 4417 vestrum,
648 4350 950 4406 mirabilem
995 4363 1106 4403 suae
1134 4347 1400 4419 largitatis
1443 4347 1765 4403 evidentiam

1849 1901 1903 1947 et
1929 1893 2259 1964 Propagator
2279 1891 2538 1946 athletam
2563 1905 2718 1945 suum
2745 1888 2812 1943 de
2838 1886 3022 1942 mundi
3049 1898 3220 1956 agone
3248 1883 3431 1938 subla-

1849 1995 1964 2040 tum
1989 1986 2332 2055 prmmiorum
2356 1983 2557 2039 laureis
2578 1981 2739 2036 vellet
2763 1979 3095 2050 perennibus
3124 1979 3392 2032 adornare
3411 2015 3428 2041 ,

1849 2076 2183 2132 Willimarus
2215 2078 2496 2146 presbyter
2530 2075 2756 2128 veniens
2784 2073 2848 2126 ad
2879 2071 3071 2126 cellam
3096 2070 3198 2125 viri
3229 2070 3424 2134 sancti,

1849 2170 2058 2242 rogavit
2085 2185 2208 2224 eum
2241 2175 2301 2223 ut
2338 2182 2522 2223 secum
2552 2165 2901 2236 egrederetur
2941 2163 3010 2217 ad
3051 2169 3328 2225 castrum;
3377 2175 3435 2215 et

1850 2269 1909 2315 ut
1933 2259 2201 2314 obtineret
2230 2258 2370 2326 quod
2392 2254 2593 2320 voluit,
2618 2253 2923 2325 nujusmodi
2954 2266 3084 2308 voce
3110 2250 3272 2306 flebili
3300 2264 3433 2319 que-

1851 2351 2138 2407 rimoniam
2164 2351 2461 2405 submissus
2486 2348 2744 2418 explicuit
2769 2361 2782 2400 :
2807 2345 2935 2409 Cur,
2969 2343 3216 2412 inquiens
3233 2381 3248 2407 ,
3275 2357 3308 2397 o
3333 2342 3435 2395 Pa-

1853 2455 1952 2509 ter,
1983 2457 2090 2507 me,
2121 2442 2212 2511 qui
2247 2451 2457 2496 tuorum
2488 2439 2708 2494 monitis
2733 2438 2998 2492 dictorum
3027 2437 3246 2500 invitor,
3275 2433 3431 2504 quasi

1853 2535 2163 2607 despectum
2193 2533 2525 2604 dereliquisti
2545 2574 2559 2598 ,
2586 2541 2641 2588 et
2667 2532 2926 2587 doctrina:
2967 2538 3072 2584 tuae
3100 2529 3431 2584 salutaribus

1854 2627 2116 2684 institutis
2148 2626 2448 2680 auditorem
2478 2623 2739 2678 fraudasti
2779 2619 3134 2676 benevolum?
3163 2619 3259 2674 Cui
3289 2619 3430 2673 hanc

1853 2720 2214 2791 objectionem
2238 2717 2509 2772 ascribere
2530 2714 2757 2785 possim,
2783 2712 2886 2768 nisi
2915 2719 3256 2782 peccatorum
3285 2725 3431 2765 meo-

1855 2825 1974 2867 rum
2018 2809 2315 2866 fetoribus?
2343 2806 2456 2863 Nisi
2499 2807 2643 2862 enim
2684 2805 2794 2859 vita
2832 2819 2951 2858 mea
2991 2811 3083 2857 tuo
3124 2802 3435 2872 displiceret

1849 2900 2052 2971 judicio
2077 2943 2091 2968 ,
2118 2900 2336 2956 amabili
2380 2914 2466 2954 me
2497 2896 2866 2953 acdificationis
2896 2903 3002 2950 tua:
3043 2909 3150 2948 non
3190 2893 3434 2962 privares

1855 2995 2064 3051 solatio.
2103 2992 2254 3047 Nunc
2285 3006 2412 3062 ergo
2440 2989 2549 3045 noli
2590 3004 2688 3044 nos
2713 3003 2811 3058 pro
2834 2986 3073 3058 peccatis
3095 2985 3297 3040 nostris
3332 2984 3429 3039 ah-

1851 3087 2050 3159 jicere,
2079 3086 2172 3141 sed
2205 3085 2414 3140 Domini
2441 3090 2766 3153 provocatus
2796 3081 3087 3146 mandatis,
3115 3080 3260 3133 viam
3290 3076 3433 3134 veri-

1857 3177 1985 3231 tatis
2007 3174 2437 3230 desiderantibus
2467 3172 2636 3243 aperi,
2669 3180 2723 3227 et
2751 3171 2922 3226 solita:
2954 3170 3108 3226 nobis
3136 3169 3434 3239 benignita-

1857 3267 1926 3321 tis
1954 3280 2150 3320 munus
2196 3263 2466 3333 impende.
2515 3261 2690 3318 Motus
2729 3262 2894 3332 igitur
2935 3262 3040 3317 hoc
3082 3261 3435 3332 supplicantis

1859 3356 2090 3426 alloquio
2116 3357 2334 3426 pietatis
2361 3365 2596 3420 amator,
2623 3354 2897 3410 descendit
2921 3369 3043 3409 cum
3069 3353 3180 3420 illo,
3205 3361 3261 3410 et
3277 3369 3439 3410 vene-

1858 3456 1983 3502 runt
2028 3448 2082 3502 in
2124 3455 2380 3502 castrum.
2413 3447 2614 3503 Vocala
2651 3455 2830 3500 autem
2863 3445 3206 3501 multitudine
3252 3446 3305 3500 in
3347 3446 3436 3500 die

1859 3538 2108 3603 solemni,
2136 3538 2219 3591 vir
2246 3546 2465 3592 sanctus
2492 3536 2890 3607 praedicationis
2925 3534 3208 3592 dulcedine
3247 3536 3435 3591 avido-

1859 3642 1978 3685 rum
2009 3629 2354 3701 (auditorum)
2386 3630 2550 3684 corda
2578 3627 2787 3694 refecit,
2814 3636 2868 3684 et
2898 3634 3046 3682 tanta
3075 3643 3194 3697 qua:
3223 3628 3436 3684 dixerat

1862 3719 2141 3788 sapientia:
2181 3719 2299 3773 luce
2334 3719 2584 3783 vestivit,
2611 3726 2670 3771 ut
2693 3732 2902 3773 summa
2932 3718 3172 3773 omnium
3197 3718 3436 3789 gratula-

1859 3811 2007 3866 tione
2051 3810 2297 3874 auditus,
2328 3819 2383 3865 et
2423 3809 2580 3880 plena
2625 3818 2941 3865 cunctorum
2981 3811 3325 3865 veneratione
3368 3809 3441 3865 sit

1859 3901 2175 3956 honoratus.
2229 3900 2398 3956 Biduo
2441 3901 2622 3968 itaque
2670 3901 2868 3961 ibidem
2909 3900 3070 3955 ducto
3096 3941 3110 3965 ,
3151 3902 3310 3956 tertia
3350 3901 3439 3956 die

1864 3991 2012 4045 febre
2042 4001 2318 4059 correptus
2338 4031 2352 4054 ,
2398 3999 2604 4044 tantum
2648 3989 2698 4042 in
2745 3988 2896 4043 brevi
2924 3989 3042 4059 ejus
3065 3990 3318 4043 violentia
3343 3990 3438 4044 de-

1863 4095 2082 4151 pressus
2111 4088 2224 4146 est,
2251 4088 2307 4134 ut
2329 4094 2429 4134 nec
2455 4080 2522 4132 ad
2544 4079 2733 4132 cellam
2767 4078 2942 4132 redire
2963 4093 3063 4134 nec
3091 4079 3196 4134 cibi
3226 4087 3439 4134 susten-

1866 4172 2098 4228 taculum
2119 4170 2380 4242 potuisset
2404 4171 2700 4240 percipere.
2725 4171 2968 4238 Cumque
2993 4170 3097 4224 hac
3125 4169 3445 4226 infirmitate

1867 4279 1963 4334 per
1987 4263 2101 4317 dies
2125 4261 2526 4331 quatuordccim
2565 4261 2897 4327 laborasset,
2923 4262 3009 4316 die
3049 4272 3203 4316 sexto
3229 4261 3441 4317 decimo

1868 4353 2069 4408 mensis
2088 4352 2342 4417 octobris,
2370 4351 2423 4405 id
2448 4359 2531 4406 est
2559 4366 2668 4406 xvn
2699 4351 2967 4407 Kalendas
2989 4353 3319 4418 novembris,
3347 4367 3446 4408 ex-

190 4443 456 4500 Dominus
479 4440 828 4496 manifestare
857 4439 1108 4538 dignatus
1136 4446 1237 4492 cst.
1272 4437 1349 4490 illi
1388 4445 1609 4492 econtra
1648 4451 1762 4491 mc-
1792 4479 1843 4538 D
1869 4444 2026 4514 pictis
2055 4443 2341 4513 nonaginta
2369 4443 2606 4513 quinque
2640 4445 2794 4500 annis
2822 4459 2934 4500 sua:
2959 4446 3152 4513 aetatis,
3188 4448 3242 4500 in
3282 4462 3442 4502 sene-

191 4534 320 4589 ritis
342 4531 457 4600 ejus
492 4531 636 4602 quod
662 4530 863 4585 factum
899 4524 1076 4583 fuerat
1107 4527 1453 4597 imputantes,
1482 4543 1547 4582 co
1576 4525 1768 4582 alacri-

198 4633 287 4677 ter
329 4629 604 4690 praeeunte
633 4619 852 4673 domum
898 4618 1196 4672 redierunt.
1227 4617 1292 4670 Et
1322 4631 1447 4671 ecce
1486 4617 1639 4686 juxta
1684 4617 1767 4670 in-

192 4713 420 4768 troitum
442 4709 652 4766 cellulze
682 4708 766 4763 vir
791 4723 928 4763 unus
951 4707 1220 4777 apparuit,
1262 4707 1440 4762 ferens
1465 4709 1598 4762 duos
1623 4717 1772 4763 utres

269 4883 294 4910 α
332 4869 409 4924 Ex
445 4868 603 4923 dictis
624 4865 781 4936 hujus
803 4866 994 4936 capitis
1017 4865 1187 4932 initio,
1217 4867 1407 4921 beatus
1432 4865 1615 4922 Gallus
1639 4868 1773 4922 obiit

195 4957 303 4994 non
337 4940 498 4993 multo
519 4949 630 5007 post
651 4938 866 4993 beatum
891 4937 1218 5000 Eustasium,
1241 4953 1399 5005 quem
1419 4954 1559 4991 anno
1580 4939 1682 4993 6‘25
1707 4939 1770 4993 ad

196 5008 765 5080 superosrmigra‘visse
792 5016 1022 5080 constat.
1041 5007 1240 5080 ln_Vita
1269 5008 1437 5061 sancti
1455 5007 1652 5080 Magni,
1683 5024 1774 5062 seu

194 5076 519 5151 Hagnoaldi,
542 5077 726 5151 Gallus
742 5079 898 5133 beato
917 5076 1422 5151 Colu_m_bano_,anno
1443 5076 1772 5151 615‘dcnato,

197 5145 360 5204 antiis
380 5150 642 5228 dpptaxat
667 5149 850 5228 decem
874 5145 1201 5228 superfuisse
1224 5147 1442 5228 dicitur,
1467 5157 1524 5200 ut
1551 5149 1774 5228 proin‘de

195 5234 347 5275 anno
376 5217 479 5272 625
526 5218 721 5272 mundo
751 5213 1044 5272 excessisse
1069 5215 1333 5270 videatur.
1377 5213 1568 5271 Verum
1608 5218 1773 5271 multa

195 5293 347 5347 hunc
369 5289 632 5344 calculum
655 5298 921 5342 evertunt.
940 5287 997 5341 Si
1019 5285 1202 5340 Gallus
1227 5301 1397 5340 annos
1421 5296 1575 5341 natus
1601 5304 1772 5342 nona-

197 5361 352 5433 ginta
397 5359 633 5429 quinque
701 5358 931 5433 decessit
958 5397 973 5421 ,
1013 5356 1137 5433 quis
1166 5363 1342 5433 .pulct
1379 5355 1774 5433 Constan_tiens_i

193 5425 351 5487 clero
379 5425 503 5483 ante
525 5425 694 5481 annos
717 5429 901 5482 decem
926 5427 1135 5482 venisse
1165 5425 1217 5478 in
1241 5435 1498 5489 mentem,
1526 5436 1584 5480 ut
1609 5428 1774 5482 homi-

197 5516 328 5556 nem
361 5498 646 5566 dccrcpita:
682 5499 857 5551 aetatis
892 5497 1033 5551 ultra
1077 5510 1245 5550 annos
1273 5493 1510 5566 quinque
1549 5506 1602 5551 et
1628 5505 1775 5552 octo-

240 5573 350 5624 inta
373 5565 682 5639 provectum
701 5567 752 5620 in
779 5565 958 5639 sedem
977 5581 1222 5639 vacuam,
1251 5565 1326 5618 uti
1362 5582 1520 5639 supra
1561 5582 1676 5638 cap.
1703 5568 1773 5622 22

241 5589 350 5624 "Ila
373 5589 682 5639 pI'OVCCUIIII
701 5589 752 5620 III
779 5589 958 5621 δευειῐι
979 5589 1222 5631 vacuum,
1252 5589 1326 5618 υιι
1362 5589 1520 5636 supra
1561 5589 1676 5638 (Ἤρ.
1705 5589 1773 5622 zz

198 5589 403 5711 ﬁ‘gitur
425 5679 439 5704 ,
500 5636 874 5711 promoveret?
916 5635 1028 5711 l_r_no
1073 5637 1194 5705 quis
1255 5637 1461 5711 c_redat__
1482 5639 1774 5711 monachos

196 5705 569 5767 Luxovienses
590 5715 711 5778 post
737 5706 967 5760 Eustasii
1001 5715 1229 5762 mortem
1254 5707 1318 5762 de
1348 5705 1498 5763 Gallo
1520 5706 1632 5778 jam
1660 5708 1842 5790 fere“:

567 5820 843 5882 Ριτιιοι..
884 5817 1107 5880 CXIV.

1875 4544 2020 4591 ctute
2045 4535 2184 4589 bona
2209 4575 2223 4600 ,
2248 4533 2405 4602 hujus
2433 4535 2554 4588 vita:
2588 4535 2846 4590 liberatus
2869 4535 3139 4606 ergastulo
3159 4575 3175 4602 ,
3205 4536 3447 4592 animam

1874 4625 2083 4678 meritis
2125 4622 2335 4691 plenam
2366 4623 2607 4680 felicibus
2640 4623 2870 4680 reddidit
2913 4625 3070 4680 bonis
3115 4625 3444 4682 inhaesuram

1873 4712 2196 4782 perennibus
2216 4723 2266 4766 ιι.

1875 4869 2207 4940 centenario
2232 4870 2530 4939 cogitasse,
2574 4877 2633 4922 ut
2676 4869 2822 4940 illum
2865 4885 2929 4924 ex
2965 4878 3182 4940 remota
3226 4870 3448 4940 regione

1881 4939 2126 5009 abbatem
2171 4939 2272 4993 sibi
2311 4938 2696 5009 arcesserent?
2721 4939 2920 4992 Deinde
2953 4938 3066 5006 jam
3102 4938 3445 5009 grandaevum

1882 5003 2047 5064 fuisse
2093 5009 2304 5063 Gallum
2352 5025 2415 5063 ac
2462 5011 2628 5080 beato
2670 5003 3000 5080 Cglumbano
3045 5003 3300 5080 magistro
3349 5026 3451 5064 suo

1881 5088 2039 5133 aetate
2077 5079 2408 5146 superiorem
2448 5079 2571 5131 dum
2617 5078 2668 5130 in
2704 5078 2928 5132 Galliam
2957 5078 3102 5130 venit
3130 5078 3311 5135 dicere
3349 5097 3448 5135 ne-

1881 5163 2030 5218 cosse
2059 5158 2142 5202 est
2167 5187 2181 5210 ,
2225 5148 2267 5202 si
2284 5147 2662 5218 inonagcnario
2698 5147 2868 5214 major
2902 5164 3042 5201 anno
3068 5147 3171 5204 625
3204 5158 3452 5204 mortuus

1879 5226 1980 5272 est.
2011 5217 2248 5284 Denique
2269 5217 2477 5272 Gallum
2509 5218 2666 5271 beato
2693 5218 3019 5287 Dagoherto,
3046 5217 3268 5273 Cletarii
3302 5219 3447 5282 filio,

1881 5288 2238 5357 supervixisse
2261 5287 2373 5356 jam
2401 5289 2483 5357 ad,
2503 5301 2622 5354 cap.
2668 5286 3083 5357 “notavimus.
3121 5288 3215 5342 Cui
3251 5289 3328 5342 rei
3359 5305 3451 5342 ar—

1882 5355 2136 5425 gumento
2161 5366 2243 5411 est
2266 5355 2413 5426 quod
2444 5355 2592 5427 Taltp
2618 5357 2695 5427 vir
2719 5356 2935 5411 illustris
2955 5399 2970 5418 ,
3008 5359 3287 5426 Dagoberti
3318 5358 3454 5427 regis

1881 5429 2198 5480 camerarius
2219 5468 2232 5488 ,
2264 5425 2508 5481 sanctum
2540 5425 2752 5480 Gallum
2786 5443 2901 5480 cum
2941 5429 2993 5480 in
3023 5425 3235 5495 corpore
3265 5425 3453 5495 viveret

1881 5495 2110 5551 coluisse
2145 5496 2342 5550 dicitur
2385 5495 2748 5564 (Ratpertus,
2795 5496 2858 5549 de
2901 5493 3120 5549 Casibus
3167 5493 3224 5548 S.
3270 5494 3451 5557 Galli,

1881 5581 1999 5635 cap.
2052 5567 2125 5635 l).
2156 5565 2230 5620 De
2260 5567 2581 5622 auctoritate
2603 5566 2880 5634 scriptoris
2912 5566 3047 5619 Vitae
3072 5565 3241 5619 sancti
3275 5565 3453 5633 Magni

1882 5651 1980 5690 suo
2021 5636 2139 5692 loco
2170 5637 2516 5697 disseremus.
2562 5635 2862 5690 Notandum
2891 5643 3160 5705 porroest
3200 5644 3447 5705 sanctum
3479 5679 3482 5682 .

1853 5782 1856 5785 π
1883 5705 2091 5764 Gallum
2118 5706 2174 5764 in
2202 5707 2430 5766 sinceris
2464 5705 2696 5764 Usuardi
2725 5715 2780 5762 et
2806 5703 3008 5763 Adonis
3031 5703 3445 5791 Martyrologiis,

2933 5820 3010 5881 32
