3978 6310
528 354 668 409 “HS

1099 460 1326 516 CAPUT
1374 460 1544 527 XXX.

495 550 502 557 ’
530 558 594 611 ιί
641 558 815 626 funeri
849 556 965 626 ejus
989 553 1223 626 Joannes
1254 554 1526 626 episcopus
1558 551 1886 626 interfuerit,
1922 559 1970 604 et
1992 564 2117 626 que-

563 620 904 682 madmodum
931 623 1227 695 cognoverit
1254 620 1357 677 non
1387 620 1458 676 ibi
1479 638 1600 676 eum
1621 623 1805 676 debere
1845 620 2074 674 recondi.
2166 638 2175 647 ·

593 740 730 794 Cum
767 736 931 808 igitur
962 734 1202 790 audisset
1231 731 1501 799 Joannes,
1547 731 1980 787 Constantiensis
2016 730 2116 786 Ec-

524 829 704 884 clesia:
733 825 930 898 praesul
950 865 967 892 ,
994 825 1216 880 beatum
1249 821 1463 879 Gallum
1492 822 1631 893 apud
1658 821 1931 877 Arbouam
1963 819 2115 875 inﬁr-

526 920 688 986 mari,
720 919 1019 975 ascendens
1053 915 1358 972 naviculam
1378 955 1393 982 ,
1423 924 1648 986 potuum
1680 922 1735 969 et
1768 914 2012 969 ciborum
2051 927 2115 969 ea

525 1026 708 1066 secum
730 1024 929 1081 genera
956 1008 1078 1063 tulit
1098 1022 1219 1078 qua:
1248 1006 1564 1062 inﬁrmitate
1586 1004 1855 1060 laboranti
1889 1010 2116 1059 noverat

522 1117 855 1173 congruere,
890 1110 951 1155 ut
972 1098 1234 1154 videlicet
1271 1113 1369 1153 sua
1403 1098 1712 1152 visitatione
1743 1096 2118 1151 ﬁdelissimum

523 1192 795 1247 refoveret
818 1191 1073 1245 amicum.
1103 1189 1348 1259 Cumque
1376 1189 1555 1259 portui
1583 1188 1995 1259 propinquaret,
2019 1202 2117 1242 au-

522 1284 658 1338 divit
699 1299 753 1338 in
795 1282 955 1337 domo
996 1278 1299 1351 presbyteri
1344 1279 1619 1350 planctum
1666 1294 1921 1350 magnum
1970 1277 2113 1333 circa

523 1364 686 1430 funus
725 1373 828 1429 viri
857 1373 953 1427 Dei
995 1371 1292 1437 celebrari,
1329 1380 1386 1426 et
1428 1371 1782 1442 interrogavit
1818 1386 1940 1441 qua:
1978 1368 2115 1424 tanti

521 1473 667 1521 esset
688 1480 851 1521 causa
874 1463 1133 1533 ploratus.
1165 1462 1406 1518 Audiens
1431 1471 1610 1517 autem
1640 1459 1850 1517 Gallum
1884 1475 2111 1516 venera-

520 1557 685 1614 bilem
706 1598 721 1623 ,
750 1555 1121 1610 ﬁrmissimum
1151 1551 1677 1608 suae‘familiaritatis
1702 1551 1979 1607 custodem
1998 1592 2013 1618 ,
2049 1551 2117 1608 de

523 1648 687 1720 hujus
711 1645 899 1703 saeculi
931 1644 1228 1718 etnigrasse
1258 1643 1533 1715 periculis,
1568 1643 1715 1699 misit
1741 1658 1797 1699 se
1825 1643 1877 1697 in
1915 1658 2109 1713 aquam

523 1736 723 1809 (neque
751 1735 896 1792 enim
933 1742 1149 1806 poterat
1175 1742 1397 1804 propter
1424 1733 1647 1789 nimium
1673 1733 1912 1790 dolorem
1945 1733 2112 1789 susti-

1067 348 1463 404 WALAFRIDI
1502 346 1750 403 STRABI
1791 346 1991 404 FULD.
2035 344 2201 401 MON.
2244 344 2394 402 OPP.
2436 345 2617 402 PARS
2653 346 2717 403 ll.
2755 376 2825 386 --
2862 344 3255 404 HISTORICA.

3685 351 3819 406 1604

2146 461 2194 521 Λ
2224 471 2345 511 cum
2374 456 2519 513 clero
2548 456 2854 525 huiusmodi
2879 457 3180 513 orationem
3210 458 3361 515 dedit
3392 477 3404 512 :
3430 460 3585 515 Deus
3608 461 3702 529 qui
3730 476 3827 531 per

2219 548 2516 617 potentiam
2553 546 2856 618 majestatis
2881 552 2986 603 tuae
3009 548 3211 618 ubique
3244 556 3393 604 totus
3417 564 3513 613 es,
3537 565 3644 620 pro
3673 552 3821 622 citius

2217 652 2404 693 amore
2434 638 2517 693 vir
2545 638 2648 693 iste
2691 636 2912 707 reliquit
2938 638 3171 707 patriam
3212 653 3399 704 suam,
3449 647 3515 694 ut
3550 650 3820 711 praerepta

2218 736 2313 791 tua
2350 737 2737 797 conservaret;
2768 731 2855 785 fac.
2881 744 3079 800 corpus
3107 729 3225 799 ejus
3260 731 3330 786 ab
3359 732 3446 787 bis
3472 732 3647 801 equis
3667 733 3819 787 inde.

2218 820 2366 877 mitis
2393 819 2518 878 ferri
2549 822 2604 877 in
2636 822 2813 877 locum
2835 835 2998 891 quem
3026 830 3118 876 tua
3138 822 3390 878 voluntas
3409 824 3635 880 meritis
3663 826 3822 897 ipsius

2217 912 2485 982 praevidit.
2508 910 2758 983 Cumque
2779 911 2929 967 ﬁnita
2954 922 3100 969 esset
3128 914 3329 982 oratio,
3353 917 3553 973 cuncti
3578 917 3678 987 qui
3702 918 3821 974 adc-

2220 1010 2363 1070 rant,
2394 1002 2567 1058 Amen
2596 1004 3012 1073 responderunt.

2789 1115 3022 1174 CAPUT
3054 1115 3251 1174 XXXI.

2219 1212 2416 1270 Debilis
2435 1232 2528 1287 per
2547 1216 2966 1272 uestimentorum
2996 1220 3170 1274 sancti
3197 1222 3296 1276 viri
3324 1238 3529 1279 manus
3558 1235 3819 1298 acceptum

2890 1299 3134 1344 sanatus.

2287 1397 2599 1470 Congruum
2639 1400 2854 1456 videtur
2894 1400 2948 1456 in
2978 1402 3083 1458 hoc
3129 1403 3248 1460 loco
3294 1415 3556 1462 relevere
3595 1409 3821 1465 miracu-

2218 1487 2328 1543 lum
2360 1490 2502 1558 quod
2543 1491 2803 1547 Dominus
2842 1491 2989 1548 inter
3031 1494 3115 1548 sui
3163 1494 3506 1553 confessoris
3536 1501 3820 1569 exsequias

2218 1579 2476 1635 exhibere
2490 1580 2743 1651 dignatus
2768 1589 2883 1648 est;
2911 1597 3021 1652 quo
3041 1582 3248 1654 liquido
3265 1586 3483 1641 cunctis
3511 1588 3819 1645 ostenderet

2216 1683 2434 1726 servum
2461 1686 2616 1726 suum
2632 1686 2818 1727 secum
2833 1674 3242 1731 veracitcrtunc
3270 1676 3482 1743 vivere,
3498 1678 3635 1733 dum
3652 1684 3819 1736 carnis

2214 1761 2331 1831 ejus
2345 1777 2567 1819 carcere
2582 1763 2865 1820 liberatur.
2879 1763 3017 1821 Erat
3038 1765 3109 1821 ibi
3125 1768 3344 1838 quidam
3363 1770 3659 1825 mendicus
3684 1781 3817 1827 tanta

519 1845 652 1887 “me
674 1826 1293 1928 (ξίξυθθηθνίθυίθίίιωδ
1319 1826 2115 1928 amf‘gefei)’dfs‘fendfmque
2146 1829 2192 1892 Β
2221 1826 2320 1926 per
2346 1871 2535 1912 omnes
2564 1858 2931 1912 membrorum
2956 1826 3243 1928 junctdras
3270 1860 3569 1917 debilitate
3599 1826 3813 1918 contra?

522 1935 645 1974 cum
693 1919 777 1975 bis
813 1918 908 1989 qui
946 1932 1130 1973 secum
1176 1924 1473 1981 venerant,
1522 1915 1747 1972 intravit
1788 1915 1841 1970 iu
1890 1915 2110 1971 domum

520 2011 846 2081 presbyteri,
877 2009 1090 2079 lugubri
1121 2022 1253 2064 voce
1278 2016 1333 2063 et
1357 2008 1604 2078 corporis
1630 2016 1785 2079 gestu
1818 2020 2111 2062 maerorem

521 2101 705 2157 cordis
749 2101 1047 2156 insinuans.
1096 2099 1305 2155 Invenit
1345 2108 1530 2155 autem
1566 2115 1768 2169 corpus
1804 2099 1906 2154 viri
1937 2098 2111 2153 sancti

522 2190 824 2246 involutum
848 2198 903 2246 et
933 2190 987 2245 in
1027 2189 1204 2246 loculo
1235 2190 1533 2262 repositum
1560 2207 1576 2256 ;
1605 2190 1964 2261 aperiensque
1989 2204 2108 2245 sar-

502 2283 856 2354 .cophagum,
902 2289 959 2338 et
998 2281 1250 2337 exanime
1293 2281 1455 2337 amici
1504 2282 1737 2337 cadaver
1780 2280 2110 2352 inspiciens,

502 2376 822 2431 amariores
846 2389 970 2431 cum
999 2374 1103 2429 hac
1130 2389 1262 2430 voce
1297 2372 1564 2445 lacrymas
1593 2372 1740 2429 dedit
1764 2390 1777 2426 :
1813 2371 1952 2439 Heu,
1982 2371 2106 2437 heu,

430 2465 445 2481 ⁸
508 2468 685 2525 ‘Pater
712 2475 890 2524 amate
914 2506 930 2535 ,
960 2467 1067 2523 heu
1097 2466 1291 2533 doctor
1313 2466 1562 2538 egregie,
1602 2482 1701 2522 cur
1730 2480 1819 2521 me
1856 2466 1922 2521 de
1951 2465 2113 2522 domo

500 2559 689 2628 .patris
714 2558 969 2614 eductum
997 2557 1052 2612 in
1079 2556 1166 2613 his
1189 2556 1446 2627 periculis
1474 2556 1631 2627 quasi
1673 2556 1978 2627 orphanum
2020 2554 2111 2610 di-

500 2649 736 2714 emisisti,
768 2657 822 2705 et
847 2647 1230 2705 conﬁdentiam
1261 2663 1470 2714 meam,
1499 2663 1606 2719 qua
1637 2648 1702 2703 de
1736 2648 1842 2703 tuis
1869 2646 2112 2702 consiliis

516 2739 811 2811 plurimum
848 2739 1275 2811 prmsumebam,
1306 2739 1597 2793 immatura
1649 2747 1824 2795 morte
1872 2738 2111 2808 rupisti?

508 2828 641 2885 Tibi
675 2828 896 2901 quidem
922 2829 977 2883 in
1002 2827 1405 2898 perceptionem
1446 2828 1687 2898 praemii,
1712 2826 1856 2898 quod
1880 2836 1989 2881 tam
2020 2842 2110 2882 ar-

500 2919 709 2974 uenter
742 2901 1122 2982 desiderabas,
1175 2916 1292 2970 haec
1337 2924 1429 2970 tua
1476 2931 1626 2971 mors
1667 2924 1753 2971 est
1799 2914 2108 2982 fructuosa;

504 3009 675 3065 alubis
698 3016 879 3065 autem
910 3006 961 3062 in
989 3014 1064 3061 tot
1090 3005 1446 3062 mundialium
1472 3006 1941 3077 perturbationum
1978 3022 2109 3077 pro-

515 3099 668 3156 cellis
711 3097 1087 3154 laborantibus
1136 3097 1506 3170 multipliciter
1552 3105 1637 3153 est
1682 3097 1950 3153 luctuosa.
2001 3095 2110 3154 Sed

513 3190 609 3261 qui
652 3189 717 3246 de
762 3188 887 3244 vita:
926 3189 1227 3258 corporalis
1275 3189 1672 3261 interruptione
1715 3189 1989 3256 dolemus,
2039 3189 2106 3246 de
2133 3182 2178 3246 C

514 3282 711 3337 anima:
738 3278 1065 3336 immortalis
1093 3279 1342 3336 libertate
1383 3280 1620 3351 gaudere
1656 3279 1942 3347 debemus,
1971 3280 2107 3336 certi

514 3373 645 3444 quia
680 3372 1020 3429 orationibus
1054 3387 1164 3427 non
1194 3371 1411 3427 desinas
1453 3370 1708 3441 adjuvare
1748 3387 1887 3443 quos
1928 3371 2109 3427 consi-

514 3465 588 3521 lio
636 3472 692 3519 et
745 3463 1005 3535 exemplis
1066 3462 1326 3519 roborare
1368 3470 1752 3518 consueveras.
1808 3463 1953 3517 Inter
1992 3460 2109 3516 hmo

504 3556 703 3621 werba,
734 3556 930 3627 prcsby
941 3562 1021 3611 ter
1046 3568 1173 3611 eum
1194 3562 1251 3608 ut
1277 3560 1525 3625 surgeret
1550 3552 1781 3620 monuit,
1809 3560 1869 3607 ut
1897 3566 1996 3623 pro
2020 3566 2108 3605 re-

504 3645 643 3717 quie
685 3644 924 3700 defuncti
964 3643 1307 3700 ambitiosius
1337 3644 1623 3699 Dominum
1653 3654 1989 3715 precaretur.
2023 3642 2110 3697 ln-

516 3743 802 3792 traverunt
831 3736 1012 3805 itaque
1036 3734 1319 3790 ecclesiam
1342 3774 1357 3801 ,
1379 3742 1434 3789 et
1456 3735 1743 3806 episcopus
1769 3750 1869 3805 pro
1896 3733 2109 3789 charis-

517 3827 657 3883 simo
703 3825 970 3881 salutares
1007 3824 1234 3881 hostias
1294 3825 1596 3880 immolavit
1659 3826 1859 3881 amico.
1929 3822 2109 3880 Finito

516 3924 699 3973 autem
744 3915 999 3972 fraterna:
1043 3916 1574 3972 commemorationis
1612 3916 1907 3986 obsequio,
1942 3916 2111 3986 respi-

514 4006 668 4062 ciens
694 4013 834 4076 .post
876 4013 1083 4076 tergum
1111 4044 1128 4070 ,
1173 4004 1309 4059 vidit
1354 4004 1552 4060 fossam
1613 4005 1665 4060 in
1701 4021 1808 4076 qua
1859 4013 2108 4061 sanctum

516 4112 715 4170 corpus
757 4097 986 4152 humare
1026 4096 1299 4151 volebant.
1343 4098 1685 4168 Aceeptaque
1726 4113 1888 4154 cruce
1931 4105 1987 4153 et
2024 4097 2109 4152 his

514 4206 640 4264 qui:
667 4191 941 4263 exsequiis
978 4190 1321 4256 exhibentur,
1369 4190 1705 4245 intraverunt
1739 4188 1979 4253 domum,
2009 4203 2107 4244 νου

506 4283 689 4339 lentes
715 4283 1023 4339 thesaurum
1050 4281 1271 4352 pretiosi
1308 4281 1552 4350 corporis
1577 4280 1644 4335 ad
1671 4280 1849 4335 locum
1875 4280 2107 4351 sepulcri

514 4375 799 4433 deducere.
844 4374 1089 4445 Cumque
1130 4388 1313 4429 arcam
1354 4389 1460 4445 qua
1492 4372 1844 4430 claudebatur
1880 4374 2110 4430 cadaver

509 4467 714 4523 feretro
752 4466 1059 4537 impositum
1078 4506 1095 4532 ,
1125 4466 1194 4520 ad
1224 4462 1425 4520 fossam
1452 4464 1740 4536 sepultura:
1780 4474 2109 4521 conarentur

2214 1954 2355 2012 ctus,
2375 1954 2435 2000 ut
2461 1946 2676 2015 penitus
2703 1946 2849 2002 inter
2872 1947 3007 2003 alias
3031 1963 3143 2003 sua:
3166 1948 3519 2006 inﬁrmitatis
3546 1952 3818 2008 molestias

2215 2034 2425 2091 incessu
2473 2036 2669 2106 pedum
2717 2049 2950 2092 careret.
2994 2038 3131 2094 Huic
3163 2040 3291 2095 dum
3336 2043 3646 2114 presbyter
3675 2045 3815 2100 indu-

2212 2136 2396 2183 menta
2430 2128 2529 2183 viri
2562 2128 2656 2184 Dei
2684 2128 3038 2185 distribueret
3068 2132 3426 2202 pauperibus,
3460 2135 3683 2206 caligas
3711 2136 3813 2205 ejus

2198 2234 2337 2275 cum
2385 2219 2766 2276 calceamentis
2797 2222 2965 2277 dedit.
2998 2220 3307 2294 Statimque
3338 2224 3579 2293 debilis,
3609 2244 3707 2298 pro
3730 2245 3813 2285 ac-

2213 2319 2371 2379 cepto
2430 2326 2653 2367 munere
2693 2327 2906 2367 summo
2962 2314 3200 2384 repletus
3254 2317 3485 2385 gaudio,
3535 2327 3601 2373 ut
3643 2335 3815 2375 sacras

2212 2405 2464 2460 cruribus
2502 2412 2559 2460 et
2597 2405 2798 2476 plantis
2849 2408 3056 2477 aptavit
3092 2410 3341 2475 exuvias,
3367 2425 3470 2480 per
3500 2426 3698 2466 manes
3738 2429 3813 2467 ar-

2212 2501 2365 2549 tuum
2408 2510 2697 2566 compages
2749 2504 2973 2567 repente
3021 2497 3232 2554 solutus
3278 2510 3405 2566 est;
3438 2509 3499 2555 et
3545 2501 3809 2567 exsilieas,

2211 2600 2344 2641 voce
2388 2586 2644 2642 clamavit
2691 2587 2916 2659 ingenti,
2958 2595 3013 2643 et
3059 2590 3266 2660 gratias
3318 2592 3435 2662 egit
3485 2588 3723 2647 Domino
3765 2603 3813 2647 et

2212 2673 2385 2745 Gallo,
2409 2691 2509 2750 per
2536 2677 2691 2747 cujus
2736 2678 2928 2733 merita
2973 2679 3239 2735 redditam
3287 2681 3393 2736 sibi
3424 2682 3653 2737 videbat
3681 2685 3813 2737 sani»

2213 2776 2401 2823 tatem.
2429 2767 2629 2824 Videas
2658 2775 2839 2824 autem
2863 2768 3151 2840 cpiscopus
3175 2780 3232 2826 et
3252 2774 3441 2828 cuncti
3470 2774 3570 2844 qui
3601 2775 3812 2829 aderant

2213 2861 2464 2916 sanitatis
2514 2859 2677 2930 hujus
2725 2863 3071 2929 miraculum,
3101 2866 3437 2923 unanimiter
3478 2868 3811 2940 gloriﬁcave-

2213 2960 2340 3007 runt
2361 2952 2553 3020 Deum,
2577 2963 2748 3023 atque.
2765 2955 3017 3009 dixerunt
3046 2975 3058 3010 :
3083 2956 3370 3014 Manifesta
3394 2960 3610 3017 virtute
3638 2962 3812 3033 dign:-

2212 3052 2299 3098 tus
2330 3052 2413 3100 est
2444 3045 2704 3102 Dominus
2727 3047 2887 3102 hodie
2909 3048 3133 3120 gloriam
3158 3050 3303 3105 servi
3333 3052 3424 3107 sui
3447 3050 3615 3109 ιιοιήε
3636 3065 3807 3109 osten-

2212 3135 2360 3191 dere.
2395 3135 2673 3201 Dederunt
2697 3138 2880 3208 itaque
2908 3140 2959 3193 ei
2983 3141 3075 3211 qui
3100 3151 3325 3198 sanatus
3351 3140 3542 3199 fuerat
3571 3158 3806 3209 cereum,

2209 3234 2264 3281 et
2291 3236 2613 3295 prosecutus
2639 3237 2721 3284 est
2742 3228 2908 3285 funus
2936 3246 3059 3286 cum
3086 3242 3286 3288 caetero
3307 3235 3536 3305 populo.
3566 3233 3684 3292 Hoc
3712 3238 3811 3307 pri-

2208 3332 2356 3372 mum
2405 3318 2616 3387 signum
2644 3328 2767 3389 post
2796 3322 3082 3377 transitum
3131 3323 3250 3393 ejus
3286 3325 3563 3383 Dominus
3603 3328 3672 3382 ad
3710 3342 3810 3381 me-

2210 3410 2440 3464 moriam
2469 3409 2612 3466 illius
2643 3411 2959 3469 declaravit.

2766 3522 2996 3581 CAPUT
3036 3526 3251 3583 XXXII.

2260 3633 2426 3706 Signa
2456 3632 2877 3707 mortiﬁcationis
2907 3636 3021 3708 ejus
3047 3647 3161 3709 post
3188 3639 3394 3694 obitum
3413 3640 3762 3712 deprehensa.

2280 3746 2428 3801 Inter
2480 3744 2698 3801 easdem
2745 3761 2962 3817 quoque
3011 3748 3153 3802 beati
3208 3751 3451 3819 pastoris
3499 3752 3805 3822 exsequias,

2212 3836 2358 3893 aliud
2388 3852 2495 3891 non
2538 3836 2813 3892 mediocre
2842 3838 3151 3894 sanctitatis
3187 3837 3308 3907 ejus
3338 3840 3612 3897 indicium
3643 3856 3805 3914 appa-

2212 3926 2340 3981 ruit.
2374 3925 2575 3982 Habuit
2613 3927 2697 3981 vir
2737 3928 2833 3983 Dei
2859 3928 3151 3998 capsellam
3177 3932 3244 3986 de
3269 3932 3427 3987 corio
3456 3932 3667 3989 factam
3690 3935 3805 3988 diii-

2210 4024 2401 4087 geuter
2430 4026 2719 4083 serratam,
2745 4017 2900 4087 cujus
2941 4019 3146 4074 clavem
3183 4022 3288 4076 sub
3311 4031 3429 4077 tam
3455 4024 3610 4094 vigili
3635 4033 3807 4079 custo-

2212 4106 2300 4161 dia
2327 4108 2440 4177 ipse
2465 4109 2708 4174 retinuit,
2741 4118 2801 4163 ut
2830 4109 3006 4165 nullus
3031 4111 3426 4182 discipulorum
3453 4114 3612 4185 ejus,
3642 4131 3804 4186 quan-

2212 4200 2305 4255 diu
2334 4201 2389 4255 in
2411 4217 2637 4272 corpore
2658 4202 2809 4263 vixit.
2828 4204 2958 4273 quid
2980 4205 3126 4259 intus
3145 4214 3464 4262 servaretur
3479 4222 3805 4278 cogitem

2212 4290 2494 4360 potuisset.
2527 4290 2680 4347 Hanc
2706 4300 2889 4347 autem
2929 4308 2996 4348 ex
3042 4294 3155 4349 suis
3202 4294 3450 4351 humeris
3480 4299 3803 4367 pendentem

2212 4380 2356 4437 ferre
2401 4381 2628 4448 solebat,
2659 4398 2981 4454 quocunque
3017 4384 3331 4439 ambulavit.
3368 4386 3446 4440 At
3471 4388 3571 4444 ubi
3609 4390 3675 4444 de
3709 4388 3801 4442 hac

2210 4472 2321 4529 vita
2352 4475 2623 4546 migravit,
2668 4483 2881 4545 sumpta
2915 4474 3067 4532 clave
3110 4486 3448 4547 aperuerunt
3487 4478 3797 4550 capsellam.

511 4559 759 4625 deferre,
806 4557 967 4614 nullis
1018 4557 1225 4614 Viribus
1270 4572 1497 4628 usquam
1540 4557 1716 4627 POWil
1753 4558 2104 4613 θοηὶιηονεῐίο
2133 4532 2186 4593 D
2210 4574 2266 4623 et
2296 4567 2618 4624 invenerunt
2661 4569 2714 4622 in
2760 4582 2825 4623 ea
2866 4568 3099 4624 cilicium
3142 4569 3527 4636 modicum,et
3559 4582 3797 4628 catenam

511 4653 669 4722 Quod
698 4653 820 4709 novi
850 4664 1021 4723 genus
1050 4647 1299 4706 miraculi
1333 4649 1459 4705 dum
1490 4649 1691 4705 mutuis
1720 4648 1968 4705 mirando
1992 4648 2106 4703 col-

509 4728 710 4814 laquiis
749 4749 1147 4807 retractarent,
1183 4739 1422 4799 Joannes
1476 4740 1761 4810 episcopus
1805 4739 1940 4795 dixit
1990 4757 2002 4792 :
2050 4738 2107 4793 ln

516 4833 741 4890 veritate
789 4847 1059 4903 cognosco
1110 4832 1249 4886 hanc
1295 4830 1526 4901 sepulcri
1573 4829 1753 4885 sedem
1801 4829 1948 4884 Patri
1988 4845 2108 4884 meo

503 4923 665 4997 Callo
687 4940 793 4980 non
818 4924 1051 4995 placere.
1077 4924 1140 4978 Et
1157 4922 1319 4992 jussit
1341 4923 1659 4995 presbytero
1689 4932 1748 4978 ut
1783 4922 1918 4978 duos
1939 4936 2108 4993 equos

511 5016 780 5072 inveniret
817 5017 1133 5080 indomitos,
1167 5026 1221 5072 et
1253 5017 1453 5072 faceret
1483 5015 1770 5072 introduci.
1798 5013 1949 5079 Ouod
1977 5029 2102 5069 cum

512 5108 716 5162 factum
744 5116 919 5175 esset,
950 5117 1260 5164 straverunt
1298 5124 1393 5164 eos
1421 5122 1545 5162 cum
1577 5121 1770 5177 magno
1800 5105 2018 5171 labore,
2049 5112 2104 5161 et

510 5199 577 5253 ad
605 5199 784 5253 locum
810 5197 901 5254 ubi
926 5213 1127 5268 corpus
1157 5196 1699 5266 jacebatduxerunt,
1736 5204 1790 5250 et
1819 5196 2103 5267 episcopus

510 5348 620 5388 non
651 5350 759 5388 xvn
787 5332 1015 5388 Kalend.
1059 5332 1343 5397 Novemb,
1369 5347 1476 5402 quo
1508 5332 1596 5387 die
1623 5347 1653 5386 a
1680 5328 1977 5386 Walafrido
2011 5331 2100 5387 h'c

507 5413 561 5458 et
589 5420 620 5458 a
662 5404 1052 5459 Wandalberto
1095 5402 1432 5463 celebratur,
1464 5403 1557 5457 sed
1586 5418 1621 5456 ι
1650 5402 1866 5457 kalend.
1916 5402 2093 5456 Martii

507 5489 746 5529 memora
756 5475 821 5528 ri.
844 5473 936 5528 Sic
950 5474 1094 5528 enim
1113 5471 1392 5528 Usuardus
1407 5487 1422 5525 :
1439 5472 1751 5526 Alemannia
1763 5471 1933 5528 sancti
1952 5471 2094 5525 Galli

506 5545 792 5614 presbyteri
819 5542 1030 5614 etconf.
1056 5542 1121 5596 Et
1148 5542 1296 5614 Ade:
1323 5541 1389 5596 In
1412 5541 1728 5614 Alemannio
1756 5542 1927 5597 sancti
1952 5540 2095 5614 Galli

507 5611 1033 5683 conffWalal‘ridus
1081 5613 1345 5682 siquidem
1388 5622 1445 5667 et
1482 5611 1904 5683 Wandalbertus
1951 5613 2094 5667 diem

505 5682 687 5737 obitus
708 5699 820 5738 xm
846 5682 1336 5739 Kalend.Novemb.
1366 5682 1787 5747 consignatum;
1824 5682 2098 5739 Usuardus

507 5762 572 5807 eL
586 5754 703 5819 Ade
726 5770 759 5808 ι
786 5752 1009 5809 Kalend.
1026 5754 1201 5812 Martii
1230 5754 1496 5813 collocant
1526 5752 1754 5810 forsitan
1779 5752 2098 5811 clevationis

2210 4674 2408 4715 :eream
2435 4660 2697 4731 sanguine
2722 4675 3021 4731 aspersam.
3060 4659 3266 4716 Deinde
3289 4677 3495 4733 corpus
3517 4664 3796 4735 inspicien-

2208 4757 2293 4806 tes
2341 4752 2604 4822 magistri,
2642 4752 2963 4807 invenerunt
2992 4751 3169 4808 locum
3212 4761 3425 4808 catena:
3480 4755 3579 4811 ubi
3617 4757 3798 4826 sepius

2204 4841 2463 4911 praecingi
2494 4840 2736 4907 solebat,
2764 4856 3094 4912 carnemque
3123 4843 3293 4913 ipsam
3325 4843 3379 4897 in
3410 4844 3554 4902 locis
3576 4858 3798 4918 quatuor

2209 4928 2527 5001 profundius
2556 4938 2747 4986 eatena
2789 4930 3076 4997 sulcatam,
3107 4933 3239 4987 adeo
3267 4939 3327 4986 ut
3356 4935 3427 4989 de
3452 4934 3662 4992 eisdem
3692 4936 3799 4991 vul-

2212 5022 2435 5079 neribus
2479 5038 2641 5078 cruor
2668 5021 2984 5089 decurrens,
3016 5023 3251 5078 cilicium
3276 5038 3375 5094 per
3400 5023 3530 5081 loca
3558 5026 3800 5097 perfude-

2211 5112 2301 5166 rit.
2327 5110 2630 5167 Posuerunt
2654 5120 2835 5166 autem
2865 5111 3153 5183 capsellam
3182 5127 3308 5167 cum
3341 5112 3529 5171 cilicio
3553 5116 3622 5172 ad
3644 5126 3799 5188 caput

2209 5202 2324 5275 ejus
2354 5203 2407 5257 in
2450 5202 2727 5263 feretrum,
2759 5209 2815 5257 et
2857 5203 3278 5274 deportaverunt
3300 5219 3427 5260 cum
3458 5220 3691 5278 corpore
3738 5208 3803 5262 ad

2209 5336 2551 5407 memoriam,
2581 5334 2708 5407 dum
2748 5335 2922 5407 sancti
2966 5335 3103 5407 Galli
3134 5352 3333 5407 corpus
3356 5353 3387 5391 a
3420 5337 3640 5396 Bosone
3664 5340 3802 5396 Cum

2207 5405 2490 5460 stantiensi
2513 5405 2767 5475 episcopo
2786 5406 2839 5460 in
2867 5405 3245 5463 decentiorem
3257 5408 3441 5463 locum
3464 5410 3674 5466 illatum
3694 5422 3801 5467 eSL

2201 5474 2747 5549 quemadmodumin
2778 5476 2870 5531 lib.
2903 5490 3043 5549 seq,
3093 5493 3213 5549 cap.
3257 5477 3316 5545 9,,
3362 5478 3621 5535 refertur.
3656 5482 3807 5538 Obiit

2199 5561 2330 5615 ergo
2344 5556 2563 5617 sanctus
2590 5545 2907 5617 Gallnssvn
2943 5545 3176 5603 Kalend:
3191 5548 3479 5617 Novemb,
3513 5553 3662 5606 circa
3700 5568 3801 5604 ae-

2203 5632 2331 5691 pum
2357 5616 2481 5691 645.
2516 5616 2661 5691 Lege
2688 5615 2908 5691 Iﬁotkeri
2936 5615 3376 5691 Martyrologium
3420 5636 3543 5691 mi
3569 5621 3803 5678 Kalend.

2200 5686 2489 5755 Novemb,
2523 5686 2663 5759 apud
2692 5686 2984 5746 Henricum
3011 5686 3313 5760 Ca'nisiuin,
3341 5699 3473 5747 tom.
3507 5690 3593 5747 Vl.
