3978 6310
158 427 305 484 1005

857 421 1021 477 VITA
1061 421 1118 476 S.
1161 417 1384 475 GALLI.
1427 446 1496 455 --
1533 414 1660 470 LIB.
1698 413 1760 469 II.
1801 410 2004 468 SIGNA
2039 408 2130 467 ΕΟ
2167 405 2458 464 MORTUO
2495 403 2742 462 FACTA.

3287 400 3428 458 {006

157 540 338 596 locum
369 535 724 598 monumenti,
753 538 810 587 et
835 533 1229 611 suspenderunt
1273 531 1387 585 haec
1417 529 1518 583 tria
1552 525 1740 582 morti-
1769 529 1818 586 Α
1845 521 2093 578 miraculi
2117 518 2372 611 patefecit
2403 531 2509 611 qua
2534 516 2675 587 apud
2702 530 2779 611 se
2802 512 3045 570 claritate
3074 512 3296 611 spiritus
3323 513 3431 570 ful-

158 626 430 683 ﬁcatiouis
457 624 574 693 ejus
601 623 795 678 iudicia
817 621 974 692 juxta
1021 621 1284 677 tumulum
1311 620 1380 675 ad
1407 627 1569 690 caput
1589 617 1740 688 ejus;

157 733 259 789 per
290 732 411 786 qua:
437 715 695 784 deinceps
723 715 789 768 ad
815 713 1182 768 ostensionem
1214 713 1528 766 meritorum
1553 710 1740 780 ipsius,

159 807 424 878 plurimas
451 805 707 860 Dominus
731 805 956 858 virtutes
979 804 1066 873 pie
1087 803 1452 873 quaerentibus
1475 801 1742 856 exhibuit.

158 897 282 964 Qua
311 911 376 950 ex
404 910 462 950 re
494 893 794 962 intelligere
824 908 1112 964 possumus
1133 893 1259 961 quia
1286 892 1425 946 idem
1456 891 1556 956 vir,
1589 890 1691 944 etsi
1713 905 1746 944 a

161 991 512 1055 persecutore
553 983 836 1054 sanguinis
883 981 1143 1037 effusione
1173 997 1280 1036 non
1305 990 1390 1036 est
1416 981 1746 1046 immolatus,

162 1077 513 1147 semetipsum
561 1086 738 1131 tamen
769 1075 1000 1132 offerens
1046 1076 1272 1130 Domino
1310 1074 1542 1130 hostiam
1572 1073 1751 1128 vivam

164 1170 219 1224 ia
247 1169 468 1224 odorem
513 1169 816 1236 suavitatis,
841 1177 896 1224 et
920 1184 1138 1223 crucem
1171 1184 1322 1224 suam
1374 1167 1586 1234 tollens,
1613 1181 1748 1238 quo-

163 1261 404 1330 tidieque
447 1259 784 1314 Salvatorem
831 1269 1082 1326 secutus,
1125 1257 1372 1329 martyrii
1415 1259 1655 1314 laborem
1700 1265 1755 1314 et

164 1349 401 1420 palmam
431 1349 710 1405 confessor
736 1351 966 1420 adeptus
993 1357 1094 1405 est.

703 1495 932 1552 CAPUT
968 1496 1203 1551 XXXIII.

168 1602 446 1669 Quomodo
473 1603 537 1658 ab
569 1604 714 1676 equis
743 1606 1011 1729 inglolmitis
1039 1607 1107 1688 ad
1137 1606 1307 1660 locum
1331 1606 1614 1678 sepultura:
1641 1606 1755 1676 ejus

829 1694 854 1729 e
877 1687 1022 1729 atum
1042 1688 1128 1729 811.

829 1687 1022 1730 elatum
1042 1687 1128 1732 sit.

244 1788 539 1858 Postquam
584 1789 846 1844 sanctitas
891 1791 1186 1845 venerandi
1225 1791 1404 1846 Patris
1429 1799 1484 1846 et
1510 1789 1757 1845 miraculi

1844 621 1999 686 geret
2040 611 2220 667 amici.
2272 609 2409 665 Nam
2448 608 2554 664 duo
2593 607 2736 664 cerei
2765 606 2819 661 in
2851 613 3030 662 castro
3069 605 3195 662 dum
3237 621 3432 678 corpus

1845 705 1962 776 ejus
2015 704 2323 761 elevaretur
2375 700 2630 767 accensi,
2662 700 2738 754 ita
2786 699 3040 755 ardentes
3089 698 3252 754 delati
3305 708 3436 758 sunt

1849 814 2020 870 usque
2047 797 2115 852 ad
2137 797 2314 852 locum
2340 794 2646 864 sepulturae.
2668 794 2839 849 Positi
2863 803 3068 858 autem,
3089 808 3230 848 unus
3255 794 3322 848 ad
3345 811 3438 850 ca-

1848 899 1964 964 put,
1997 890 2135 945 alter
2173 889 2239 944 ad
2267 887 2448 959 pedes,
2480 900 2578 956 per
2625 886 2846 957 triginta
2884 886 3140 956 deinceps
3168 885 3284 942 dies
3312 887 3439 958 (mi-

1850 984 2022 1040 rabile
2061 982 2268 1053 dictu!)
2317 996 2427 1036 non
2467 979 2766 1035 deﬁciendo
2809 979 3089 1047 ardebant,
3117 986 3173 1035 et
3198 981 3440 1036 ardendo

1852 1093 1960 1133 non
1987 1076 2330 1132 deﬁciebant.
2377 1074 2447 1129 Et
2473 1081 2532 1127 ut
2553 1082 2949 1129 monstraretur
2971 1075 3071 1129 has
3101 1073 3330 1128 durandi
3359 1073 3440 1128 vi-

1853 1186 1942 1227 res
1967 1185 2105 1226 cerae
2125 1167 2350 1239 liquenti
2381 1166 2593 1222 caelitus
2622 1167 2930 1233 attributas,
2958 1167 3026 1224 de
3053 1169 3170 1239 ejus
3192 1167 3442 1224 miraculi

1855 1263 2085 1318 materia
2124 1261 2368 1332 plurima:
2411 1260 2466 1315 in
2512 1269 2790 1329 posterum
2831 1260 3060 1314 virtutes
3098 1265 3442 1314 emanarunt.

1857 1353 1994 1410 Nam
2019 1354 2326 1425 quicunque
2353 1353 2596 1408 dentium
2637 1351 2846 1421 fatigati
2880 1350 3174 1416 doloribus,
3200 1350 3285 1406 vel
3317 1365 3448 1406 ocu-

1855 1446 2036 1501 lorum
2073 1434 2408 1514 lippitudine,
2436 1442 2521 1497 vel
2558 1443 2768 1496 aurium
2809 1441 3161 1510 prmclusione
3189 1441 3444 1497 laboran-

1860 1545 1959 1600 tes,
1985 1535 2052 1590 de
2073 1535 2274 1591 eisdem
2297 1533 2469 1589 cereis
2494 1532 2768 1604 quippiam
2787 1547 2926 1586 cera:
2953 1530 3212 1596 tulerunt,
3235 1538 3291 1586 et
3315 1531 3449 1586 locis

1859 1643 1982 1698 quae
2009 1627 2314 1699 bujusmodi
2343 1627 2668 1683 tenebantur
2695 1626 3055 1681 incommodis
3101 1633 3448 1695 aptaverunt,

1859 1731 2061 1794 optatae
2089 1721 2340 1778 celeriter
2383 1721 2520 1776 dona
2566 1734 2858 1791 percepere
2900 1717 3107 1773 salutis.
3159 1717 3291 1773 Post
3334 1718 3452 1774 haec

1865 1825 2016 1872 tanta
2061 1815 2234 1869 virtus
2280 1813 2348 1868 ad
2387 1813 2658 1867 sanandos
2701 1811 2868 1865 variis
2901 1809 3314 1865 inﬁrmitatibus
3359 1809 3454 1865 des

171 1880 578 1981 magnimagi?
630 1889 700 1981 et.
734 1882 928 1981 110.”!!!
980 1881 1414 1981 manifesmione,
1447 1881 1752 1952 Signom'"’
1788 1884 1832 1943 Β
1860 1923 2096 1981 pressos,
2125 1907 2269 1977 apud
2295 1905 2604 1976 sepulcrum
2645 1903 2789 1958 beati
2823 1902 2923 1957 viri
2948 1901 3159 1958 cunctis
3201 1901 3328 1956 illuc
3355 1915 3453 1955 νει·

171 1971 385 2027 cunctis
415 1972 505 2041 qui
527 1971 734 2027 funeris
765 1971 882 2041 ejus
913 1972 1211 2028 intererant
1240 1975 1493 2045 negotiis,
1513 1982 1760 2043 patenter

172 2071 390 2116 ostensa
419 2070 536 2130 est,
563 2064 846 2133 episcopus
893 2063 962 2117 ad
1012 2065 1270 2118 feretrum
1325 2064 1574 2128 accessit,
1601 2072 1655 2118 et
1691 2079 1759 2118 ex

174 2166 282 2205 una
336 2164 492 2222 parte
549 2154 678 2207 illud
729 2153 1038 2219 sublevans,
1068 2159 1386 2226 presbytero
1439 2154 1761 2210 altrinsecus

173 2242 516 2309 sustollente,
541 2244 696 2315 equis
747 2247 1109 2316 superposuit,
1152 2256 1206 2301 et
1245 2248 1552 2302 astantibus
1583 2247 1760 2300 dixit:

176 2331 400 2389 Auferte
431 2334 614 2391 frenos
645 2337 710 2391 de
741 2336 1005 2405 capitibus
1028 2352 1239 2401 eorum,
1261 2348 1339 2403 ut,
1363 2337 1614 2392 libertate
1637 2352 1764 2392 con-

175 2438 350 2490 cessa,
382 2441 492 2496 quo
521 2427 780 2481 Dominus
818 2427 1048 2482 voluerit
1081 2436 1329 2498 pergant.
1369 2427 1607 2497 Accepta
1637 2441 1766 2496 ergo

177 2531 338 2592 cruce
373 2525 415 2570 :t
444 2516 716 2582 candelis,
745 2517 981 2586 psalmos
1008 2525 1063 2572 et
1093 2518 1354 2574 melodias
1393 2519 1766 2584 concinentes,

178 2608 282 2664 iter
310 2623 470 2680 agere
505 2617 803 2678 creperum.
839 2608 974 2678 Equi
1005 2619 1184 2664 autem
1213 2610 1267 2663 in
1291 2619 1533 2664 neutram
1559 2618 1770 2679 partem

178 2697 535 2763 declinantes,
567 2705 718 2754 recto
743 2697 936 2752 itinere
964 2708 1323 2767 perrexerunt
1348 2699 1415 2754 ad
1443 2699 1634 2754 cellam
1665 2699 1771 2753 viri

181 2788 296 2843 Dei.
347 2787 463 2854 Quo
490 2803 615 2842 cum
643 2789 1041 2858 pervenissent,
1071 2790 1372 2859 depositum
1399 2798 1482 2843 est
1512 2787 1772 2844 feretrum

179 2887 306 2935 ante
332 2880 648 2935 oratorium.
684 2879 940 2948 Discipuli
989 2888 1169 2935 autem
1208 2881 1344 2951 ejus,
1377 2880 1654 2936 elevantes
1697 2879 1774 2951 pii

184 2971 421 3026 doctoris
464 2972 754 3041 reliquias,
790 2970 1088 3026 intulerunt
1113 2980 1168 3027 et
1197 2981 1323 3028 ante
1361 2972 1530 3027 altare
1577 2987 1773 3043 posue-

185 3069 331 3113 runt.
381 3059 584 3114 Deinde
635 3060 845 3129 pariter
877 3076 998 3115 cum
1036 3062 1291 3131 episcopo
1333 3063 1635 3116 orationem
1681 3078 1778 3133 pro

190 3150 280 3205 illo
307 3149 588 3215 facientes,
621 3151 866 3207 fecerunt
895 3151 1099 3207 fossam
1137 3153 1370 3222 sepulcri
1415 3153 1559 3209 inter
1597 3156 1780 3225 parie-

1864 2001 2159 2063 nientibus,
2177 2006 2232 2053 et
2250 1998 2556 2052 orationum
2582 1994 2699 2064 ejus
2728 1993 2984 2065 suﬁ'ragia
3014 1993 3244 2050 ﬁdeliter
3271 2001 3454 2064 postu-

1864 2091 2104 2146 lantibus
2151 2088 2420 2160 apparuit,
2448 2095 2508 2141 ut
2536 2096 2592 2140 et
2635 2086 2781 2140 fama
2831 2087 2967 2140 tanti
3013 2084 3196 2140 meriti
3244 2084 3456 2140 cunctis

1864 2198 1987 2254 quae
2017 2181 2413 2252 circumpositae
2450 2187 2607 2233 erant
2646 2178 2959 2250 regionibus
2989 2177 3372 2240 innotesceret,
3403 2184 3461 2230 et

1866 2272 2017 2328 locus
2038 2272 2152 2342 ipse
2174 2285 2281 2326 non
2313 2269 2662 2325 mediocriter
2685 2269 3126 2338 frequentaretur
3164 2281 3195 2320 a
3223 2265 3457 2338 populis.

2421 2399 2652 2456 CAPUT
2690 2400 2907 2454 XXXV.

2401 2490 2684 2545 Conclusio
2753 2490 2932 2544 libelli.

1941 2605 2079 2673 Quia
2129 2605 2314 2677 igitur,
2349 2619 2383 2660 ο
2413 2603 2712 2659 beatissimi
2756 2602 2979 2670 Patres,
3005 2603 3118 2659 vita
3144 2612 3198 2658 et
3229 2602 3468 2660 virtutes

1873 2697 2047 2753 sancti
2073 2695 2239 2763 Galli,
2277 2696 2324 2751 si
2352 2696 2407 2750 in
2439 2709 2607 2749 unum
2653 2694 3069 2766 compingantur
3093 2693 3313 2760 librum,
3342 2709 3468 2765 pos-

1874 2799 2002 2846 sunt
2045 2790 2114 2845 ob
2161 2789 2246 2844 sui
2293 2787 2663 2860 prolixitatem
2708 2786 2928 2857 aliquod
2978 2785 3172 2856 legenti
3221 2786 3468 2857 ingerere

1876 2881 2173 2947 fastidium,
2196 2881 2359 2936 statui
2383 2879 2591 2934 duobus
2617 2879 2720 2934 hoc
2737 2893 2871 2949 opus
2893 2877 3090 2934 libellis
3115 2878 3466 2950 distinguere,

1876 2985 1938 3031 ut
1969 2976 2118 3046 prior
2144 2973 2356 3028 illorum
2388 2974 2551 3028 vitam
2581 2971 2697 3041 ejus
2724 2980 2780 3028 et
2802 2979 2955 3027 actus
2984 2985 3155 3041 usque
3186 2969 3258 3026 ad
3293 2970 3472 3041 sepul-

1882 3076 2058 3121 turam
2103 3066 2246 3120 illius
2290 3063 2529 3119 veridica
2572 3063 2833 3118 relatione
2879 3062 3170 3132 perducat;
3216 3075 3473 3132 sequens,

1883 3155 2151 3211 mirabilia
2181 3171 2300 3225 quae
2328 3154 2670 3225 postmodum
2698 3168 2797 3223 pro
2832 3152 3042 3207 meritis
3070 3149 3187 3220 ejus
3213 3152 3477 3208 Dominus

191 3246 297 3293 tem
325 3247 380 3295 et
403 3240 596 3305 altare,
627 3241 808 3311 ibique
829 3243 1080 3313 precibus
1103 3243 1231 3298 huic
1255 3243 1329 3299 rei
1358 3245 1782 3315 congruentibus
1811 3230 1856 3292 (ἶ
1887 3247 2124 3303 ostendit
2149 3265 2160 3299 :
2186 3246 2362 3315 pri-mo
2397 3243 2652 3300 videlicet
2701 3259 2766 3298 ea
2813 3259 2934 3314 qua:
2979 3243 3221 3314 priorum
3268 3242 3337 3297 ad
3378 3256 3478 3300 nos

188 3332 510 3401 praemissis,
546 3334 877 3403 sepelierunt
925 3347 1080 3400 eum;
1117 3335 1476 3405 omnibusque
1523 3336 1626 3388 rite
1653 3350 1785 3389 con-

191 3425 500 3491 summatis,
533 3425 821 3482 multitudo
850 3441 970 3496 qum
998 3427 1067 3481 ad
1099 3427 1232 3481 tanti
1264 3427 1364 3481 viri
1392 3427 1669 3482 concurrit
1695 3442 1787 3480 ex-

194 3514 434 3584 sequias,
452 3515 686 3587 episcopi
715 3516 1087 3573 benedictione
1105 3518 1461 3584 communita,
1480 3518 1544 3571 ad
1570 3517 1786 3587 prepria

195 3604 477 3659 remeavit.

726 3675 955 3732 CAPUT
1007 3676 1244 3732 XXXIV.

535 3769 856 3823 Mirandum
883 3771 939 3824 in
970 3773 1130 3826 cereis
1157 3782 1441 3826 ostensum.

270 3878 406 3934 Dum
433 3879 576 3936 beati
605 3883 848 3950 corporis
884 3883 1197 3938 thesaurum
1233 3883 1360 3938 felix
1388 3885 1538 3940 locus
1566 3885 1708 3938 intra
1731 3899 1790 3938 se

195 3971 565 4038 suscepisset,
609 3971 795 4026 volens
838 3972 1096 4027 Dominus
1141 3975 1206 4028 de
1259 3983 1431 4029 morte
1477 3974 1665 4028 famuli
1709 3973 1792 4028 sui

199 4061 556 4117 manentibus
577 4062 964 4118 consolationis
985 4065 1228 4133 praebere
1253 4064 1536 4130 medelam,
1554 4064 1795 4119 novitate

1891 3339 2094 3408 scripto
2119 3337 2327 3408 perlata
2356 3344 2484 3392 sunt
2510 3343 2747 3402 retexat;
2781 3335 2975 3391 deinde
3001 3351 3122 3406 qua:
3147 3350 3179 3391 a
3207 3335 3481 3405 probatis-

1891 3429 2046 3485 simis
2091 3429 2318 3483 testibus
2365 3427 2622 3492 indicata,
2655 3433 2841 3481 nostra
2896 3433 3058 3481 :etate
3101 3441 3134 3480 a
3180 3424 3480 3481 Gotzberto

1891 3520 2214 3576 charissima
2241 3517 2409 3574 fratre
2437 3517 2634 3572 litteris
2670 3525 2797 3572 sunt
2840 3515 3120 3583 mandata,
3151 3515 3478 3572 subuectat:

1893 3627 1960 3666 ne
2013 3611 2156 3680 quod
2196 3608 2564 3678 particulatim
2605 3607 2868 3678 scriptum
2908 3619 3015 3673 est,
3055 3606 3316 3662 laciniosa
3343 3605 3484 3662 divi-

1889 3703 2041 3757 sione
2064 3699 2424 3771 disjungatur,
2453 3699 2548 3754 sed
2574 3701 2754 3768 potius
2783 3699 2926 3768 quod
2948 3696 3198 3766 junctum
3225 3708 3310 3754 est
3335 3697 3484 3768 pari-

1891 3791 2041 3848 litate
2072 3791 2362 3855 factorum,
2385 3791 2456 3845 sit
2476 3791 2642 3844 etiam
2666 3790 2976 3860 copulatum
2997 3788 3484 3859 comprehensione

1894 3885 2181 3939 dictorum.
2205 3881 2381 3953 Atque
2401 3883 2491 3938 hic
2512 3883 2710 3953 prioris
2731 3882 2894 3938 libelli
2922 3881 3045 3937 ﬁnis
3065 3897 3186 3953 qua:
3204 3881 3508 3952 puemissa'

1897 3983 2024 4028 sunt
2047 3974 2317 4037 terminet,
2345 3981 2400 4027 et
2427 3974 2672 4042 sequenti
2707 3987 2826 4042 quae
2854 3979 3062 4027 restant
3087 3971 3204 4027 sine
3227 3969 3508 4040 praejudi-‘

1899 4064 1985 4118 cio
2011 4062 2515 4132 comprehendenda
2550 4071 2810 4118 reservet.

771 4206 3481 4234 MM

1371 4316 1674 4397 LIBER
1747 4315 2310 4397 SECUNDUS.

925 4491 1006 4536 DE
1042 4493 1382 4538 MIIACULIS
1429 4490 1584 4538 POST
1620 4493 1892 4536 MOBTEM
1935 4491 2123 4535 ΒΕΔΤῙ
2167 4488 2352 4534 GALLI
2394 4490 2721 4532 PATBATIS.

725 4704 951 4762 CAPUT
988 4704 1275 4762 PRIMUM.

286 4841 561 4910 Quomodo
589 4841 760 4895 hostes
792 4838 1088 4910 sepulcrum
1119 4837 1185 4894 B.
1209 4838 1350 4895 Galli
1384 4838 1724 4896 violaverunt.

292 4977 496 5032 Meritis
520 4974 817 5030 beatissimi
847 4973 984 5029 Galli
1016 4976 1256 5045 quotidie
1295 4990 1391 5047 per
1421 4976 1802 5038 miraculorum

213 5072 376 5140 signa
404 5065 738 5122 radiantibus
769 5072 822 5118 et
852 5064 1008 5134 longe
1046 5065 1259 5136 lateque
1295 5064 1801 5139 circumpositorum

215 5177 385 5220 aurea
429 5161 584 5216 famae
627 5175 738 5216 suae
785 5159 1068 5216 dulcedine
1111 5161 1499 5225 mulcentibus,
1528 5179 1650 5219 cum
1691 5163 1804 5234 jam

217 5261 344 5324 post
369 5250 654 5305 transitum
682 5249 798 5318 ejus
827 5250 951 5304 anui
983 5251 1336 5322 quadraginta
1365 5263 1390 5291 α
1422 5250 1650 5307 fuissent
1677 5269 1807 5309 evo-

218 5344 342 5409 luti,
373 5343 517 5398 venit
546 5341 850 5408 Othwinus,
898 5343 1135 5412 partium
1184 5344 1499 5400 earumdem
1546 5353 1811 5416 potestate

296 5491 324 5519 ι
348 5477 406 5533 In
428 5477 658 5547 vulgatis
676 5479 847 5532 sancti
873 5477 1047 5547 Magni
1071 5477 1238 5543 Actis,
1256 5477 1306 5531 id
1327 5487 1448 5546 post
1469 5478 1755 5533 triennium
1778 5493 1809 5534 a

221 5559 407 5607 morte
419 5549 588 5604 sancti
604 5546 742 5602 Galli
763 5546 1024 5604 accidisée
1043 5549 1258 5603 dicitur.
1282 5547 1412 5615 Quae
1425 5549 1578 5609 Acta,
1596 5549 1720 5603 licet
1733 5551 1811 5602 vi-

225 5618 522 5676 tiosissima
569 5619 696 5684 sint,
729 5619 992 5690 rationem
1042 5628 1222 5690 tamen
1255 5620 1499 5690 praebent
1532 5619 1810 5690 dubitandi

224 5707 356 5747 num
397 5689 738 5745 librariorum
763 5688 1181 5744 hallucinatione
1213 5687 1270 5742 in
1293 5687 1576 5744 Walafridi
1603 5698 1811 5744 textum

224 5763 423 5817 menda
449 5761 744 5830 irrepserit.
764 5759 924 5815 Certe
949 5775 1070 5830 cum
1101 5760 1357 5830 in-capite
1383 5760 1648 5830 proximo,
1681 5759 1812 5813 Wa-

226 5831 458 5889 Infridus
487 5829 864 5903 Magnoaldum
890 5844 951 5886 ac
979 5829 1322 5890 Theodorum
1351 5829 1440 5891 isti
1469 5830 1810 5899 impressioni

1823 4705 2161 4778 Dpraeditus
2214 4719 2336 4760 cum
2386 4705 2629 4759 exercitu
2679 4719 2892 4773 magno,
2930 4715 2983 4760 et
3035 4707 3112 4762 ira
3168 4709 3493 4779 intolerabili

1905 4797 2210 4853 concitatus
2267 4795 2568 4851 devastavit
2622 4810 2727 4850 non
2784 4796 3062 4853 minimam
3107 4809 3318 4870 partem
3368 4809 3494 4880 pagi

1906 4889 2000 4960 qui
2053 4888 2123 4945 ab
2180 4885 2522 4942 interﬂuente
2575 4885 2736 4942 ﬂuvio
2799 4887 3067 4960 Turgowe
3133 4895 3490 4968 nominatur,

1907 4977 2324 5035 Constantiense
2384 4992 2598 5048 quoque
2652 4978 2984 5034 territorium
3042 4989 3098 5036 et
3154 4983 3494 5046 Arbonensis

1908 5070 2032 5140 pagi
2071 5067 2305 5124 conﬁnia
2343 5066 2656 5138 depopulari
2695 5068 2860 5136 coepit
2888 5076 2941 5124 et
2980 5071 3103 5142 igne
3141 5077 3491 5135 succendere.

1913 5159 2412 5230 Viros,quicunque
2438 5157 2666 5211 inveniri
2691 5166 3000 5227 potuerunt,
3029 5162 3204 5233 gladio
3226 5169 3494 5236 peremit,

1915 5267 2114 5307 uxores
2142 5259 2194 5306 et
2213 5250 2464 5320 parvulos
2489 5264 2676 5305 eorum
2699 5250 2750 5304 in
2775 5251 3142 5321 captivitatem
3166 5259 3294 5328 egit.
3322 5259 3494 5317 Pecu-

1915 5343 2002 5424 liis
2028 5357 2239 5414 quoque
2269 5349 2325 5396 et
2348 5341 2497 5397 omni
2537 5340 2854 5411 supellectili
2885 5345 3094 5402 sublata
3140 5345 3349 5406 fructus
3376 5366 3496 5408 om-

1918 5478 2236 5552 superstites
2264 5484 2548 5552 memoret,
2564 5484 2884 5552 certumque
2911 5480 3160 5536 videatur
3185 5481 3252 5552 (si
3286 5468 3415 5552 quid
3443 5486 3498 5544 in

1919 5549 2092 5606 sancti
2126 5550 2298 5620 Magni
2327 5549 2549 5623 historia
2575 5549 2686 5623 veri
2713 5549 2816 5620 est)
2860 5565 2954 5606 eos
2997 5552 3152 5620 longe
3181 5549 3367 5623 postea
3405 5555 3500 5612 de-

1919 5623 2139 5687 vixisse,
2173 5619 2380 5676 tantum
2411 5619 2747 5674 intervallum
2782 5637 2811 5674 a
2839 5631 3014 5678 morte
3043 5619 3214 5677 sancti
3247 5621 3385 5679 Galli
3432 5627 3501 5682 ad

1917 5692 2123 5748 cladem
2161 5692 2249 5748 hic
2276 5691 2598 5767 descriptam
2637 5688 2906 5751 efﬂuxisse
2931 5707 3040 5750 non
3067 5701 3262 5764 potest.
3293 5694 3504 5767 Confer

1917 5771 2231 5836 sequentem
2262 5761 2680 5820 adnotationem.
