  <div class='ocr_page' id='page_1' title='image "/cluster/home/n/w/nwhite01/storage/ocr_20150623/114/hvd.32044018909580/511.png"; bbox 0 0 3978 6310; ppageno 0'>
   <div class='ocr_carea' id='block_1_1' title="bbox 491 354 635 418">
    <p class='ocr_par' dir='ltr' id='par_1_1' title="bbox 491 354 635 418">
     <span class='ocr_line' id='line_1_1' title="bbox 491 354 635 418; baseline 0.007 -3"><span class='ocrx_word' id='word_1_1' title='bbox 491 354 635 418; x_wconf 66' lang='lat'><strong>£031</strong></span> 
     </span>
    </p>
   </div>
   <div class='ocr_carea' id='block_1_2' title="bbox 1032 338 2088 417">
    <p class='ocr_par' dir='ltr' id='par_1_2' title="bbox 1032 351 2088 415">
     <span class='ocr_line' id='line_1_2' title="bbox 1032 351 2088 415; baseline 0.002 -2"><span class='ocrx_word' id='word_1_2' title='bbox 1032 354 1426 414; x_wconf 73' lang='lat' dir='ltr'><strong>WALAFRIDI</strong></span> <span class='ocrx_word' id='word_1_3' title='bbox 1465 351 1711 412; x_wconf 79' lang='lat' dir='ltr'><strong>STRABI</strong></span> <span class='ocrx_word' id='word_1_4' title='bbox 1749 352 1951 414; x_wconf 79' lang='lat' dir='ltr'><strong>FULD.</strong></span> <span class='ocrx_word' id='word_1_5' title='bbox 1995 354 2088 415; x_wconf 81' lang='lat' dir='ltr'><strong>MO</strong></span> 
     </span>
    </p>
   </div>
   <div class='ocr_carea' id='block_1_3' title="bbox 2190 338 3208 417">
    <p class='ocr_par' dir='ltr' id='par_1_3' title="bbox 2200 338 3208 417">
     <span class='ocr_line' id='line_1_3' title="bbox 2200 338 3208 417; baseline -0.003 -1"><span class='ocrx_word' id='word_1_6' title='bbox 2200 356 2350 416; x_wconf 70' lang='lat' dir='ltr'><strong>ore.</strong></span> <span class='ocrx_word' id='word_1_7' title='bbox 2390 357 2572 417; x_wconf 80' lang='lat' dir='ltr'><strong>PARS</strong></span> <span class='ocrx_word' id='word_1_8' title='bbox 2611 356 2673 415; x_wconf 79' lang='grc' dir='ltr'><strong>η.</strong></span> <span class='ocrx_word' id='word_1_9' title='bbox 2710 388 2782 400; x_wconf 87' lang='grc'><strong>-</strong></span> <span class='ocrx_word' id='word_1_10' title='bbox 2818 338 3208 415; x_wconf 67' lang='grc' dir='ltr'><strong>Ηιετοῐιιω.</strong></span> 
     </span>
    </p>
   </div>
   <div class='ocr_carea' id='block_1_4' title="bbox 3634 363 3768 421">
    <p class='ocr_par' dir='ltr' id='par_1_4' title="bbox 3634 363 3768 421">
     <span class='ocr_line' id='line_1_4' title="bbox 3634 363 3768 421; baseline 0.045 -6"><span class='ocrx_word' id='word_1_11' title='bbox 3634 363 3768 421; x_wconf 72' lang='grc'><strong>1008</strong></span> 
     </span>
    </p>
   </div>
   <div class='ocr_carea' id='block_1_5' title="bbox 484 469 3769 546">
    <p class='ocr_par' dir='ltr' id='par_1_5' title="bbox 484 469 3769 546">
     <span class='ocr_line' id='line_1_5' title="bbox 484 469 3769 546; baseline -0.001 -15"><span class='ocrx_word' id='word_1_12' title='bbox 484 489 593 531; x_wconf 79' lang='lat' dir='ltr'><strong>nes</strong></span> <span class='ocrx_word' id='word_1_13' title='bbox 616 473 833 546; x_wconf 75' lang='lat' dir='ltr'><strong>penitus</strong></span> <span class='ocrx_word' id='word_1_14' title='bbox 860 470 1107 527; x_wconf 85' lang='lat' dir='ltr'><strong>demoliri</strong></span> <span class='ocrx_word' id='word_1_15' title='bbox 1135 469 1277 528; x_wconf 88' lang='lat' dir='ltr'><strong>fecit.</strong></span> <span class='ocrx_word' id='word_1_16' title='bbox 1310 470 1659 527; x_wconf 83' lang='lat' dir='ltr'><strong>Arbonenses</strong></span> <span class='ocrx_word' id='word_1_17' title='bbox 1696 471 1879 543; x_wconf 86' lang='lat' dir='ltr'><strong>itaque</strong></span> <span class='ocrx_word' id='word_1_18' title='bbox 1918 472 2080 544; x_wconf 83' lang='lat' dir='ltr'><strong>hujus</strong></span> <span class='ocrx_word' id='word_1_19' title='bbox 2107 475 2154 534; x_wconf 83' lang='lat' dir='ltr'><strong>A</strong></span> <span class='ocrx_word' id='word_1_20' title='bbox 2185 480 2245 527; x_wconf 88' lang='lat' dir='ltr'><strong>ut</strong></span> <span class='ocrx_word' id='word_1_21' title='bbox 2267 473 2521 529; x_wconf 86' lang='lat' dir='ltr'><strong>omnibus</strong></span> <span class='ocrx_word' id='word_1_22' title='bbox 2543 473 2704 545; x_wconf 82' lang='lat' dir='ltr'><strong>longo</strong></span> <span class='ocrx_word' id='word_1_23' title='bbox 2730 481 2982 545; x_wconf 71' lang='lat' dir='ltr'><strong>tempore</strong></span> <span class='ocrx_word' id='word_1_24' title='bbox 2997 469 3219 526; x_wconf 83' lang='lat' dir='ltr'><strong>ultionis</strong></span> <span class='ocrx_word' id='word_1_25' title='bbox 3255 486 3310 526; x_wconf 81' lang='lat' dir='ltr'><strong>in</strong></span> <span class='ocrx_word' id='word_1_26' title='bbox 3338 485 3468 527; x_wconf 87' lang='lat' dir='ltr'><strong>eum</strong></span> <span class='ocrx_word' id='word_1_27' title='bbox 3506 473 3769 533; x_wconf 78' lang='lat' dir='ltr'><strong>divinitus</strong></span> 
     </span>
    </p>
   </div>
   <div class='ocr_carea' id='block_1_6' title="bbox 493 562 2076 635">
    <p class='ocr_par' dir='ltr' id='par_1_6' title="bbox 493 562 2076 635">
     <span class='ocr_line' id='line_1_6' title="bbox 493 562 2076 635; baseline -0.003 -13"><span class='ocrx_word' id='word_1_28' title='bbox 493 566 716 624; x_wconf 86' lang='lat' dir='ltr'><strong>terroris</strong></span> <span class='ocrx_word' id='word_1_29' title='bbox 741 563 1078 620; x_wconf 80' lang='lat' dir='ltr'><strong>immanitate</strong></span> <span class='ocrx_word' id='word_1_30' title='bbox 1105 562 1390 635; x_wconf 78' lang='lat' dir='ltr'><strong>compulsi,</strong></span> <span class='ocrx_word' id='word_1_31' title='bbox 1421 578 1545 619; x_wconf 87' lang='lat' dir='ltr'><strong>curn</strong></span> <span class='ocrx_word' id='word_1_32' title='bbox 1565 563 1815 619; x_wconf 90' lang='lat' dir='ltr'><strong>omnibus</strong></span> <span class='ocrx_word' id='word_1_33' title='bbox 1840 580 1965 634; x_wconf 77' lang='lat' dir='ltr'><strong>qua:</strong></span> <span class='ocrx_word' id='word_1_34' title='bbox 1982 565 2076 619; x_wconf 84' lang='lat' dir='ltr'><strong>ba-</strong></span> 
     </span>
    </p>
   </div>
   <div class='ocr_carea' id='block_1_7' title="bbox 483 640 2073 725">
    <p class='ocr_par' dir='ltr' id='par_1_7' title="bbox 483 640 2073 725">
     <span class='ocr_line' id='line_1_7' title="bbox 483 640 2073 725; baseline -0.004 -10"><span class='ocrx_word' id='word_1_35' title='bbox 483 656 697 715; x_wconf 76' lang='lat' dir='ltr'><strong>bebant</strong></span> <span class='ocrx_word' id='word_1_36' title='bbox 733 654 985 725; x_wconf 89' lang='lat' dir='ltr'><strong>fugerunt</strong></span> <span class='ocrx_word' id='word_1_37' title='bbox 1019 653 1072 707; x_wconf 90' lang='lat' dir='ltr'><strong>in</strong></span> <span class='ocrx_word' id='word_1_38' title='bbox 1122 651 1488 718; x_wconf 66' lang='lat' dir='ltr'><strong>solitudinem,</strong></span> <span class='ocrx_word' id='word_1_39' title='bbox 1541 660 1598 707; x_wconf 86' lang='lat' dir='ltr'><strong>et</strong></span> <span class='ocrx_word' id='word_1_40' title='bbox 1636 653 1704 707; x_wconf 83' lang='lat' dir='ltr'><strong>ad</strong></span> <span class='ocrx_word' id='word_1_41' title='bbox 1734 652 1923 707; x_wconf 78' lang='lat' dir='ltr'><strong>cellam</strong></span> <span class='ocrx_word' id='word_1_42' title='bbox 1966 640 2073 708; x_wconf 81' lang='lat' dir='ltr'><strong>viri</strong></span> 
     </span>
    </p>
   </div>
   <div class='ocr_carea' id='block_1_8' title="bbox 490 728 2076 813">
    <p class='ocr_par' dir='ltr' id='par_1_8' title="bbox 490 728 2076 813">
     <span class='ocr_line' id='line_1_8' title="bbox 490 728 2076 813; baseline -0.003 -10"><span class='ocrx_word' id='word_1_43' title='bbox 490 746 588 803; x_wconf 83' lang='lat' dir='ltr'><strong>Dei</strong></span> <span class='ocrx_word' id='word_1_44' title='bbox 626 760 687 801; x_wconf 81' lang='lat' dir='ltr'><strong>se</strong></span> <span class='ocrx_word' id='word_1_45' title='bbox 712 742 1090 808; x_wconf 85' lang='lat' dir='ltr'><strong>contulerunt;</strong></span> <span class='ocrx_word' id='word_1_46' title='bbox 1110 742 1307 799; x_wconf 85' lang='lat' dir='ltr'><strong>deinde</strong></span> <span class='ocrx_word' id='word_1_47' title='bbox 1338 742 1479 798; x_wconf 86' lang='lat' dir='ltr'><strong>facta</strong></span> <span class='ocrx_word' id='word_1_48' title='bbox 1506 742 1563 803; x_wconf 78' lang='lat' dir='ltr'><strong>in</strong></span> <span class='ocrx_word' id='word_1_49' title='bbox 1591 728 1723 813; x_wconf 76' lang='lat' dir='ltr'><strong>agro</strong></span> <span class='ocrx_word' id='word_1_50' title='bbox 1749 743 1922 810; x_wconf 83' lang='lat' dir='ltr'><strong>fovea,</strong></span> <span class='ocrx_word' id='word_1_51' title='bbox 1948 744 2076 799; x_wconf 35' lang='lat' dir='ltr'><strong>abes</strong></span> 
     </span>
    </p>
   </div>
   <div class='ocr_carea' id='block_1_9' title="bbox 486 826 2076 908">
    <p class='ocr_par' dir='ltr' id='par_1_9' title="bbox 486 826 2076 908">
     <span class='ocr_line' id='line_1_9' title="bbox 486 826 2076 908; baseline -0.004 -9"><span class='ocrx_word' id='word_1_52' title='bbox 486 842 796 901; x_wconf 84' lang='lat' dir='ltr'><strong>conderunt</strong></span> <span class='ocrx_word' id='word_1_53' title='bbox 833 837 907 894; x_wconf 87' lang='lat' dir='ltr'><strong>ibi</strong></span> <span class='ocrx_word' id='word_1_54' title='bbox 952 837 1215 908; x_wconf 83' lang='lat' dir='ltr'><strong>quidquid</strong></span> <span class='ocrx_word' id='word_1_55' title='bbox 1253 836 1561 902; x_wconf 85' lang='lat' dir='ltr'><strong>habebant,</strong></span> <span class='ocrx_word' id='word_1_56' title='bbox 1598 845 1653 891; x_wconf 88' lang='lat' dir='ltr'><strong>et</strong></span> <span class='ocrx_word' id='word_1_57' title='bbox 1690 826 1894 891; x_wconf 82' lang='lat' dir='ltr'><strong>fossum</strong></span> <span class='ocrx_word' id='word_1_58' title='bbox 1930 847 2076 892; x_wconf 85' lang='lat' dir='ltr'><strong>terra</strong></span> 
     </span>
    </p>
   </div>
   <div class='ocr_carea' id='block_1_10' title="bbox 486 925 2072 1016">
    <p class='ocr_par' dir='ltr' id='par_1_10' title="bbox 486 925 2072 1016">
     <span class='ocr_line' id='line_1_10' title="bbox 486 925 2072 1016; baseline -0.004 -26"><span class='ocrx_word' id='word_1_59' title='bbox 486 932 867 1016; x_wconf 83' lang='lat' dir='ltr'><strong>cooperientcs</strong></span> <span class='ocrx_word' id='word_1_60' title='bbox 903 945 971 986; x_wconf 89' lang='lat' dir='ltr'><strong>ne</strong></span> <span class='ocrx_word' id='word_1_61' title='bbox 1006 938 1278 986; x_wconf 86' lang='lat' dir='ltr'><strong>secretum</strong></span> <span class='ocrx_word' id='word_1_62' title='bbox 1311 925 1501 986; x_wconf 87' lang='lat' dir='ltr'><strong>eorum</strong></span> <span class='ocrx_word' id='word_1_63' title='bbox 1540 929 2072 999; x_wconf 76' lang='lat' dir='ltr'><strong>deprehenderetur,</strong></span> 
     </span>
    </p>
   </div>
   <div class='ocr_carea' id='block_1_11' title="bbox 490 1022 2075 1097">
    <p class='ocr_par' dir='ltr' id='par_1_11' title="bbox 490 1022 2075 1097">
     <span class='ocr_line' id='line_1_11' title="bbox 490 1022 2075 1097; baseline -0.003 -13"><span class='ocrx_word' id='word_1_64' title='bbox 490 1027 589 1085; x_wconf 87' lang='lat' dir='ltr'><strong>lini</strong></span> <span class='ocrx_word' id='word_1_65' title='bbox 616 1041 801 1083; x_wconf 83' lang='lat' dir='ltr'><strong>semen</strong></span> <span class='ocrx_word' id='word_1_66' title='bbox 825 1027 1056 1097; x_wconf 80' lang='lat' dir='ltr'><strong>desuper</strong></span> <span class='ocrx_word' id='word_1_67' title='bbox 1080 1025 1472 1096; x_wconf 87' lang='lat' dir='ltr'><strong>insperserunt.</strong></span> <span class='ocrx_word' id='word_1_68' title='bbox 1506 1022 1750 1094; x_wconf 83' lang='lat' dir='ltr'><strong>Cumque</strong></span> <span class='ocrx_word' id='word_1_69' title='bbox 1772 1024 1883 1094; x_wconf 90' lang='lat' dir='ltr'><strong>jam</strong></span> <span class='ocrx_word' id='word_1_70' title='bbox 1904 1023 2075 1079; x_wconf 83' lang='lat' dir='ltr'><strong>Arbo-</strong></span> 
     </span>
    </p>
   </div>
   <div class='ocr_carea' id='block_1_12' title="bbox 488 1114 2078 1187">
    <p class='ocr_par' dir='ltr' id='par_1_12' title="bbox 488 1114 2078 1187">
     <span class='ocr_line' id='line_1_12' title="bbox 488 1114 2078 1187; baseline -0.004 -12"><span class='ocrx_word' id='word_1_71' title='bbox 488 1128 719 1179; x_wconf 77' lang='lat' dir='ltr'><strong>nensem</strong></span> <span class='ocrx_word' id='word_1_72' title='bbox 752 1131 947 1187; x_wconf 80' lang='lat' dir='ltr'><strong>pagum</strong></span> <span class='ocrx_word' id='word_1_73' title='bbox 972 1116 1157 1171; x_wconf 90' lang='lat' dir='ltr'><strong>hostes</strong></span> <span class='ocrx_word' id='word_1_74' title='bbox 1177 1114 1591 1178; x_wconf 87' lang='lat' dir='ltr'><strong>desolavissent,</strong></span> <span class='ocrx_word' id='word_1_75' title='bbox 1614 1114 1839 1186; x_wconf 87' lang='lat' dir='ltr'><strong>vestigia</strong></span> <span class='ocrx_word' id='word_1_76' title='bbox 1869 1114 2078 1186; x_wconf 86' lang='lat' dir='ltr'><strong>fugien-</strong></span> 
     </span>
    </p>
   </div>
   <div class='ocr_carea' id='block_1_13' title="bbox 489 1204 2076 1271">
    <p class='ocr_par' dir='ltr' id='par_1_13' title="bbox 489 1204 2076 1271">
     <span class='ocr_line' id='line_1_13' title="bbox 489 1204 2076 1271; baseline -0.004 -6"><span class='ocrx_word' id='word_1_77' title='bbox 489 1210 628 1271; x_wconf 79' lang='lat' dir='ltr'><strong>tium</strong></span> <span class='ocrx_word' id='word_1_78' title='bbox 655 1206 846 1270; x_wconf 87' lang='lat' dir='ltr'><strong>secuti,</strong></span> <span class='ocrx_word' id='word_1_79' title='bbox 869 1215 1141 1262; x_wconf 76' lang='lat' dir='ltr'><strong>venerunt</strong></span> <span class='ocrx_word' id='word_1_80' title='bbox 1160 1207 1229 1261; x_wconf 90' lang='lat' dir='ltr'><strong>ad</strong></span> <span class='ocrx_word' id='word_1_81' title='bbox 1255 1205 1446 1262; x_wconf 85' lang='lat' dir='ltr'><strong>cellam</strong></span> <span class='ocrx_word' id='word_1_82' title='bbox 1471 1206 1645 1261; x_wconf 89' lang='lat' dir='ltr'><strong>sancti</strong></span> <span class='ocrx_word' id='word_1_83' title='bbox 1676 1206 1877 1271; x_wconf 87' lang='lat' dir='ltr'><strong>Patris,</strong></span> <span class='ocrx_word' id='word_1_84' title='bbox 1907 1215 1962 1261; x_wconf 89' lang='lat' dir='ltr'><strong>et</strong></span> <span class='ocrx_word' id='word_1_85' title='bbox 1986 1204 2076 1260; x_wconf 89' lang='lat' dir='ltr'><strong>fu-</strong></span> 
     </span>
    </p>
   </div>
   <div class='ocr_carea' id='block_1_14' title="bbox 488 1297 2078 1376">
    <p class='ocr_par' dir='ltr' id='par_1_14' title="bbox 488 1297 2078 1376">
     <span class='ocr_line' id='line_1_14' title="bbox 488 1297 2078 1376; baseline -0.005 -17"><span class='ocrx_word' id='word_1_86' title='bbox 488 1304 694 1376; x_wconf 66' lang='lat' dir='ltr'><strong>gitivos</strong></span> <span class='ocrx_word' id='word_1_87' title='bbox 743 1315 881 1372; x_wconf 84' lang='lat' dir='ltr'><strong>quos</strong></span> <span class='ocrx_word' id='word_1_88' title='bbox 930 1307 1266 1370; x_wconf 72' lang='lat' dir='ltr'><strong>repererunt</strong></span> <span class='ocrx_word' id='word_1_89' title='bbox 1318 1298 1532 1354; x_wconf 82' lang='lat' dir='ltr'><strong>vinctos</strong></span> <span class='ocrx_word' id='word_1_90' title='bbox 1591 1297 1966 1364; x_wconf 80' lang='lat' dir='ltr'><strong>abduxerunt,</strong></span> <span class='ocrx_word' id='word_1_91' title='bbox 2022 1304 2078 1353; x_wconf 88' lang='lat' dir='ltr'><strong>et</strong></span> 
     </span>
    </p>
   </div>
   <div class='ocr_carea' id='block_1_15' title="bbox 422 1388 2077 1468">
    <p class='ocr_par' dir='ltr' id='par_1_15' title="bbox 422 1388 2077 1468">
     <span class='ocr_line' id='line_1_15' title="bbox 422 1388 2077 1468; baseline -0.005 -15"><span class='ocrx_word' id='word_1_92' title='bbox 422 1438 427 1443; x_wconf 80' lang='grc'><strong><em>.</em></strong></span> <span class='ocrx_word' id='word_1_93' title='bbox 484 1397 718 1468; x_wconf 77' lang='lat' dir='ltr'><strong>juvenes</strong></span> <span class='ocrx_word' id='word_1_94' title='bbox 728 1408 917 1451; x_wconf 86' lang='lat' dir='ltr'><strong>eorum</strong></span> <span class='ocrx_word' id='word_1_95' title='bbox 932 1392 988 1448; x_wconf 88' lang='lat' dir='ltr'><strong>in</strong></span> <span class='ocrx_word' id='word_1_96' title='bbox 1003 1391 1376 1463; x_wconf 79' lang='lat' dir='ltr'><strong>captivitatem</strong></span> <span class='ocrx_word' id='word_1_97' title='bbox 1395 1391 1680 1446; x_wconf 85' lang='lat' dir='ltr'><strong>miserunt.</strong></span> <span class='ocrx_word' id='word_1_98' title='bbox 1701 1388 2077 1447; x_wconf 85' lang='lat' dir='ltr'><strong>Erebonaldus</strong></span> 
     </span>
    </p>
   </div>
   <div class='ocr_carea' id='block_1_16' title="bbox 493 1468 2079 1561">
    <p class='ocr_par' dir='ltr' id='par_1_16' title="bbox 493 1468 2079 1561">
     <span class='ocr_line' id='line_1_16' title="bbox 493 1468 2079 1561; baseline -0.004 -18"><span class='ocrx_word' id='word_1_99' title='bbox 493 1488 595 1561; x_wconf 85' lang='lat' dir='ltr'><strong>(al.</strong></span> <span class='ocrx_word' id='word_1_100' title='bbox 609 1486 880 1558; x_wconf 79' lang='lat' dir='ltr'><strong>Eminus)</strong></span> <span class='ocrx_word' id='word_1_101' title='bbox 899 1493 1100 1548; x_wconf 86' lang='lat' dir='ltr'><strong>autem,</strong></span> <span class='ocrx_word' id='word_1_102' title='bbox 1127 1481 1367 1554; x_wconf 69' lang='lat' dir='ltr'><strong>praefecti</strong></span> <span class='ocrx_word' id='word_1_103' title='bbox 1390 1468 1646 1547; x_wconf 62' lang='lat' dir='ltr'><strong>vicarius,</strong></span> <span class='ocrx_word' id='word_1_104' title='bbox 1666 1496 1788 1537; x_wconf 82' lang='lat' dir='ltr'><strong>cum</strong></span> <span class='ocrx_word' id='word_1_105' title='bbox 1804 1473 1979 1537; x_wconf 84' lang='lat' dir='ltr'><strong>vicina</strong></span> <span class='ocrx_word' id='word_1_106' title='bbox 1994 1496 2079 1536; x_wconf 92' lang='lat' dir='ltr'><strong>so-</strong></span> 
     </span>
    </p>
   </div>
   <div class='ocr_carea' id='block_1_17' title="bbox 491 1568 2079 1640">
    <p class='ocr_par' dir='ltr' id='par_1_17' title="bbox 491 1568 2079 1640">
     <span class='ocr_line' id='line_1_17' title="bbox 491 1568 2079 1640; baseline -0.008 -5"><span class='ocrx_word' id='word_1_107' title='bbox 491 1577 710 1636; x_wconf 82' lang='lat' dir='ltr'><strong>litudini</strong></span> <span class='ocrx_word' id='word_1_108' title='bbox 752 1574 1085 1632; x_wconf 83' lang='lat' dir='ltr'><strong>inbabitaret</strong></span> <span class='ocrx_word' id='word_1_109' title='bbox 1117 1570 1458 1637; x_wconf 84' lang='lat' dir='ltr'><strong>loca,babuit</strong></span> <span class='ocrx_word' id='word_1_110' title='bbox 1490 1586 1578 1626; x_wconf 89' lang='lat' dir='ltr'><strong>res</strong></span> <span class='ocrx_word' id='word_1_111' title='bbox 1599 1569 1841 1640; x_wconf 83' lang='lat' dir='ltr'><strong>ejusdem</strong></span> <span class='ocrx_word' id='word_1_112' title='bbox 1866 1568 2079 1625; x_wconf 68' lang='lat' dir='ltr'><strong>cellula:</strong></span> 
     </span>
    </p>
   </div>
   <div class='ocr_carea' id='block_1_18' title="bbox 495 1662 2080 1736">
    <p class='ocr_par' dir='ltr' id='par_1_18' title="bbox 495 1662 2080 1736">
     <span class='ocr_line' id='line_1_18' title="bbox 495 1662 2080 1736; baseline -0.008 -7"><span class='ocrx_word' id='word_1_113' title='bbox 495 1670 832 1729; x_wconf 82' lang='lat' dir='ltr'><strong>notissimas.</strong></span> <span class='ocrx_word' id='word_1_114' title='bbox 852 1667 904 1725; x_wconf 83' lang='lat' dir='ltr'><strong>is</strong></span> <span class='ocrx_word' id='word_1_115' title='bbox 923 1666 1217 1724; x_wconf 76' lang='lat' dir='ltr'><strong>oratorium</strong></span> <span class='ocrx_word' id='word_1_116' title='bbox 1236 1665 1515 1736; x_wconf 83' lang='lat' dir='ltr'><strong>ingressus</strong></span> <span class='ocrx_word' id='word_1_117' title='bbox 1540 1663 1746 1719; x_wconf 84' lang='lat' dir='ltr'><strong>invenit</strong></span> <span class='ocrx_word' id='word_1_118' title='bbox 1768 1662 2080 1717; x_wconf 79' lang='lat' dir='ltr'><strong>mendicum</strong></span> 
     </span>
    </p>
   </div>
   <div class='ocr_carea' id='block_1_19' title="bbox 487 1753 2082 1835">
    <p class='ocr_par' dir='ltr' id='par_1_19' title="bbox 487 1753 2082 1835">
     <span class='ocr_line' id='line_1_19' title="bbox 487 1753 2082 1835; baseline -0.007 -16"><span class='ocrx_word' id='word_1_119' title='bbox 487 1760 945 1835; x_wconf 80' lang='lat' dir='ltr'><strong>quemdamiutus</strong></span> <span class='ocrx_word' id='word_1_120' title='bbox 959 1758 1425 1828; x_wconf 88' lang='lat' dir='ltr'><strong>sedentem,quem</strong></span> <span class='ocrx_word' id='word_1_121' title='bbox 1446 1756 1587 1811; x_wconf 86' lang='lat' dir='ltr'><strong>bene</strong></span> <span class='ocrx_word' id='word_1_122' title='bbox 1606 1763 1852 1819; x_wconf 79' lang='lat' dir='ltr'><strong>noverat,</strong></span> <span class='ocrx_word' id='word_1_123' title='bbox 1870 1761 1926 1809; x_wconf 90' lang='lat' dir='ltr'><strong>et</strong></span> <span class='ocrx_word' id='word_1_124' title='bbox 1945 1753 2082 1808; x_wconf 84' lang='lat' dir='ltr'><strong>dixit</strong></span> 
     </span>
    </p>
   </div>
   <div class='ocr_carea' id='block_1_20' title="bbox 2180 560 3773 646">
    <p class='ocr_par' dir='ltr' id='par_1_20' title="bbox 2180 560 3773 646">
     <span class='ocr_line' id='line_1_20' title="bbox 2180 560 3773 646; baseline 0.001 -27"><span class='ocrx_word' id='word_1_125' title='bbox 2180 563 2393 619; x_wconf 81' lang='lat' dir='ltr'><strong>collatae</strong></span> <span class='ocrx_word' id='word_1_126' title='bbox 2428 563 2581 636; x_wconf 88' lang='lat' dir='ltr'><strong>signa</strong></span> <span class='ocrx_word' id='word_1_127' title='bbox 2607 570 2887 634; x_wconf 82' lang='lat' dir='ltr'><strong>paterent,</strong></span> <span class='ocrx_word' id='word_1_128' title='bbox 2918 560 3129 619; x_wconf 89' lang='lat' dir='ltr'><strong>cunctis</strong></span> <span class='ocrx_word' id='word_1_129' title='bbox 3307 574 3423 619; x_wconf 72' lang='lat' dir='ltr'><strong>suae</strong></span> <span class='ocrx_word' id='word_1_130' title='bbox 3444 562 3650 620; x_wconf 83' lang='lat' dir='ltr'><strong>diebus</strong></span> <span class='ocrx_word' id='word_1_131' title='bbox 3676 565 3773 621; x_wconf 80' lang='lat' dir='ltr'><strong>hac</strong></span> 
     </span>
    </p>
   </div>
   <div class='ocr_carea' id='block_1_21' title="bbox 2180 652 2958 710">
    <p class='ocr_par' dir='ltr' id='par_1_21' title="bbox 2180 652 2958 710">
     <span class='ocr_line' id='line_1_21' title="bbox 2180 652 2958 710; baseline -0.005 0"><span class='ocrx_word' id='word_1_132' title='bbox 2180 652 2526 710; x_wconf 81' lang='lat' dir='ltr'><strong>deformitate</strong></span> <span class='ocrx_word' id='word_1_133' title='bbox 2550 653 2807 710; x_wconf 83' lang='lat' dir='ltr'><strong>notabilis</strong></span> <span class='ocrx_word' id='word_1_134' title='bbox 2836 653 2958 707; x_wconf 87' lang='lat' dir='ltr'><strong>fuit.</strong></span> 
     </span>
    </p>
   </div>
   <div class='ocr_carea' id='block_1_22' title="bbox 2794 784 3171 842">
    <p class='ocr_par' dir='ltr' id='par_1_22' title="bbox 2794 784 3171 842">
     <span class='ocr_line' id='line_1_22' title="bbox 2794 784 3171 842; baseline -0.003 -1"><span class='ocrx_word' id='word_1_135' title='bbox 2794 784 3025 842; x_wconf 76' lang='lat' dir='ltr'><strong>CAPUT</strong></span> <span class='ocrx_word' id='word_1_136' title='bbox 3074 785 3134 840; x_wconf 83' lang='lat' dir='ltr'><strong>ll.</strong></span> <span class='ocrx_word' id='word_1_137' title='bbox 3164 815 3171 819; x_wconf 68' lang='grc' dir='ltr'><em>ι</em></span> 
     </span>
    </p>
   </div>
   <div class='ocr_carea' id='block_1_23' title="bbox 2274 893 3690 969">
    <p class='ocr_par' dir='ltr' id='par_1_23' title="bbox 2274 893 3690 969">
     <span class='ocr_line' id='line_1_23' title="bbox 2274 893 3690 969; baseline 0.004 -20"><span class='ocrx_word' id='word_1_138' title='bbox 2274 893 2515 960; x_wconf 77' lang='lat' dir='ltr'><strong>Qualiter</strong></span> <span class='ocrx_word' id='word_1_139' title='bbox 2533 894 2675 951; x_wconf 66' lang='lat' dir='ltr'><strong>Boas</strong></span> <span class='ocrx_word' id='word_1_140' title='bbox 2699 896 2975 968; x_wconf 71' lang='lat' dir='ltr'><strong>episcopus</strong></span> <span class='ocrx_word' id='word_1_141' title='bbox 2996 911 3190 967; x_wconf 69' lang='lat' dir='ltr'><strong>corpus</strong></span> <span class='ocrx_word' id='word_1_142' title='bbox 3215 895 3332 966; x_wconf 71' lang='lat' dir='ltr'><strong>ejus</strong></span> <span class='ocrx_word' id='word_1_143' title='bbox 3360 901 3690 969; x_wconf 75' lang='lat' dir='ltr'><strong>repmeril.</strong></span> 
     </span>
    </p>
   </div>
   <div class='ocr_carea' id='block_1_24' title="bbox 2246 1024 3775 1100">
    <p class='ocr_par' dir='ltr' id='par_1_24' title="bbox 2246 1024 3775 1100">
     <span class='ocr_line' id='line_1_24' title="bbox 2246 1024 3775 1100; baseline 0.005 -20"><span class='ocrx_word' id='word_1_144' title='bbox 2246 1024 2487 1081; x_wconf 80' lang='lat' dir='ltr'><strong>Audiens</strong></span> <span class='ocrx_word' id='word_1_145' title='bbox 2508 1024 2942 1085; x_wconf 85' lang='lat' dir='ltr'><strong>Constanticnsis</strong></span> <span class='ocrx_word' id='word_1_146' title='bbox 2968 1025 3226 1085; x_wconf 71' lang='lat' dir='ltr'><strong>Ecclesia:</strong></span> <span class='ocrx_word' id='word_1_147' title='bbox 3264 1024 3468 1100; x_wconf 68' lang='lat' dir='ltr'><strong>praesul</strong></span> <span class='ocrx_word' id='word_1_148' title='bbox 3485 1073 3507 1098; x_wconf 91' lang='lat'><strong>,</strong></span> <span class='ocrx_word' id='word_1_149' title='bbox 3547 1032 3775 1087; x_wconf 75' lang='lat' dir='ltr'><strong>nomine</strong></span> 
     </span>
    </p>
   </div>
   <div class='ocr_carea' id='block_1_25' title="bbox 2176 1116 3773 1188">
    <p class='ocr_par' dir='ltr' id='par_1_25' title="bbox 2176 1116 3773 1188">
     <span class='ocr_line' id='line_1_25' title="bbox 2176 1116 3773 1188; baseline 0.004 -16"><span class='ocrx_word' id='word_1_150' title='bbox 2176 1116 2384 1183; x_wconf 67' lang='lat' dir='ltr'><strong>Bosol,</strong></span> <span class='ocrx_word' id='word_1_151' title='bbox 2414 1117 2723 1188; x_wconf 83' lang='lat' dir='ltr'><strong>sepulcrum</strong></span> <span class='ocrx_word' id='word_1_152' title='bbox 2751 1120 3054 1175; x_wconf 82' lang='lat' dir='ltr'><strong>beatissimi</strong></span> <span class='ocrx_word' id='word_1_153' title='bbox 3085 1118 3222 1177; x_wconf 81' lang='lat' dir='ltr'><strong>Galli</strong></span> <span class='ocrx_word' id='word_1_154' title='bbox 3247 1122 3517 1178; x_wconf 82' lang='lat' dir='ltr'><strong>violatum</strong></span> <span class='ocrx_word' id='word_1_155' title='bbox 3548 1137 3676 1177; x_wconf 86' lang='lat' dir='ltr'><strong>esse</strong></span> <span class='ocrx_word' id='word_1_156' title='bbox 3705 1123 3773 1178; x_wconf 77' lang='lat' dir='ltr'><strong>ab</strong></span> 
     </span>
    </p>
   </div>
   <div class='ocr_carea' id='block_1_26' title="bbox 2176 1208 3775 1284">
    <p class='ocr_par' dir='ltr' id='par_1_26' title="bbox 2176 1208 3775 1284">
     <span class='ocr_line' id='line_1_26' title="bbox 2176 1208 3775 1284; baseline 0.003 -20"><span class='ocrx_word' id='word_1_157' title='bbox 2176 1208 2455 1275; x_wconf 85' lang='lat' dir='ltr'><strong>hostibus,</strong></span> <span class='ocrx_word' id='word_1_158' title='bbox 2505 1209 2823 1281; x_wconf 85' lang='lat' dir='ltr'><strong>nullumque</strong></span> <span class='ocrx_word' id='word_1_159' title='bbox 2855 1212 3185 1270; x_wconf 85' lang='lat' dir='ltr'><strong>remansisse</strong></span> <span class='ocrx_word' id='word_1_160' title='bbox 3221 1215 3274 1268; x_wconf 89' lang='lat' dir='ltr'><strong>in</strong></span> <span class='ocrx_word' id='word_1_161' title='bbox 3302 1214 3502 1269; x_wconf 79' lang='lat' dir='ltr'><strong>cellula</strong></span> <span class='ocrx_word' id='word_1_162' title='bbox 3522 1256 3545 1280; x_wconf 82' lang='lat'><strong>,</strong></span> <span class='ocrx_word' id='word_1_163' title='bbox 3574 1225 3775 1284; x_wconf 69' lang='lat' dir='ltr'><strong>praeter</strong></span> 
     </span>
    </p>
   </div>
   <div class='ocr_carea' id='block_1_27' title="bbox 2175 1298 3776 1374">
    <p class='ocr_par' dir='ltr' id='par_1_27' title="bbox 2175 1298 3776 1374">
     <span class='ocr_line' id='line_1_27' title="bbox 2175 1298 3776 1374; baseline 0.001 -18"><span class='ocrx_word' id='word_1_164' title='bbox 2175 1300 2314 1357; x_wconf 89' lang='lat' dir='ltr'><strong>duos</strong></span> <span class='ocrx_word' id='word_1_165' title='bbox 2338 1299 2540 1357; x_wconf 81' lang='lat' dir='ltr'><strong>fratres</strong></span> <span class='ocrx_word' id='word_1_166' title='bbox 2580 1302 2961 1374; x_wconf 82' lang='lat' dir='ltr'><strong>Magnoaldum</strong></span> <span class='ocrx_word' id='word_1_167' title='bbox 3009 1312 3064 1360; x_wconf 90' lang='lat' dir='ltr'><strong>et</strong></span> <span class='ocrx_word' id='word_1_168' title='bbox 3092 1298 3435 1359; x_wconf 85' lang='lat' dir='ltr'><strong>Theodorum</strong></span> <span class='ocrx_word' id='word_1_169' title='bbox 3457 1346 3478 1370; x_wconf 90' lang='lat'><strong>,</strong></span> <span class='ocrx_word' id='word_1_170' title='bbox 3506 1305 3603 1374; x_wconf 85' lang='lat' dir='ltr'><strong>qui</strong></span> <span class='ocrx_word' id='word_1_171' title='bbox 3636 1304 3776 1359; x_wconf 80' lang='lat' dir='ltr'><strong>sacri</strong></span> 
     </span>
    </p>
   </div>
   <div class='ocr_carea' id='block_1_28' title="bbox 2177 1392 3778 1465">
    <p class='ocr_par' dir='ltr' id='par_1_28' title="bbox 2177 1392 3778 1465">
     <span class='ocr_line' id='line_1_28' title="bbox 2177 1392 3778 1465; baseline 0.001 -16"><span class='ocrx_word' id='word_1_172' title='bbox 2177 1392 2423 1463; x_wconf 85' lang='lat' dir='ltr'><strong>corporis</strong></span> <span class='ocrx_word' id='word_1_173' title='bbox 2449 1394 2705 1465; x_wconf 85' lang='lat' dir='ltr'><strong>reliquias</strong></span> <span class='ocrx_word' id='word_1_174' title='bbox 2736 1394 2944 1450; x_wconf 65' lang='lat' dir='ltr'><strong>annulo</strong></span> <span class='ocrx_word' id='word_1_175' title='bbox 2960 1396 3244 1452; x_wconf 69' lang='lat' dir='ltr'><strong>restituere</strong></span> <span class='ocrx_word' id='word_1_176' title='bbox 3266 1394 3603 1465; x_wconf 84' lang='lat' dir='ltr'><strong>potuissent,</strong></span> <span class='ocrx_word' id='word_1_177' title='bbox 3630 1398 3778 1453; x_wconf 70' lang='lat' dir='ltr'><strong>veni</strong></span> 
     </span>
    </p>
   </div>
   <div class='ocr_carea' id='block_1_29' title="bbox 2179 1486 3777 1553">
    <p class='ocr_par' dir='ltr' id='par_1_29' title="bbox 2179 1486 3777 1553">
     <span class='ocr_line' id='line_1_29' title="bbox 2179 1486 3777 1553; baseline -0.001 -10"><span class='ocrx_word' id='word_1_178' title='bbox 2179 1486 2307 1543; x_wconf 90' lang='lat' dir='ltr'><strong>illuc</strong></span> <span class='ocrx_word' id='word_1_179' title='bbox 2335 1502 2461 1542; x_wconf 91' lang='lat' dir='ltr'><strong>cum</strong></span> <span class='ocrx_word' id='word_1_180' title='bbox 2482 1487 2696 1543; x_wconf 88' lang='lat' dir='ltr'><strong>clericis</strong></span> <span class='ocrx_word' id='word_1_181' title='bbox 2716 1488 2849 1553; x_wconf 89' lang='lat' dir='ltr'><strong>suis,</strong></span> <span class='ocrx_word' id='word_1_182' title='bbox 2868 1497 2924 1544; x_wconf 91' lang='lat' dir='ltr'><strong>et</strong></span> <span class='ocrx_word' id='word_1_183' title='bbox 2944 1488 3152 1543; x_wconf 89' lang='lat' dir='ltr'><strong>invenit</strong></span> <span class='ocrx_word' id='word_1_184' title='bbox 3171 1490 3426 1543; x_wconf 79' lang='lat' dir='ltr'><strong>cellulam</strong></span> <span class='ocrx_word' id='word_1_185' title='bbox 3445 1488 3777 1551; x_wconf 77' lang='lat' dir='ltr'><strong>desolatam,</strong></span> 
     </span>
    </p>
   </div>
   <div class='ocr_carea' id='block_1_30' title="bbox 2179 1578 3777 1651">
    <p class='ocr_par' dir='ltr' id='par_1_30' title="bbox 2179 1578 3777 1651">
     <span class='ocr_line' id='line_1_30' title="bbox 2179 1578 3777 1651; baseline 0.001 -16"><span class='ocrx_word' id='word_1_186' title='bbox 2179 1580 2357 1635; x_wconf 89' lang='lat' dir='ltr'><strong>sancti</strong></span> <span class='ocrx_word' id='word_1_187' title='bbox 2398 1578 2577 1634; x_wconf 89' lang='lat' dir='ltr'><strong>Patris</strong></span> <span class='ocrx_word' id='word_1_188' title='bbox 2623 1594 2826 1651; x_wconf 89' lang='lat' dir='ltr'><strong>corpus</strong></span> <span class='ocrx_word' id='word_1_189' title='bbox 2872 1581 2940 1635; x_wconf 91' lang='lat' dir='ltr'><strong>de</strong></span> <span class='ocrx_word' id='word_1_190' title='bbox 2986 1581 3237 1650; x_wconf 81' lang='lat' dir='ltr'><strong>sepulcro</strong></span> <span class='ocrx_word' id='word_1_191' title='bbox 3271 1581 3551 1649; x_wconf 84' lang='lat' dir='ltr'><strong>ejectum,</strong></span> <span class='ocrx_word' id='word_1_192' title='bbox 3582 1583 3777 1637; x_wconf 77' lang='lat' dir='ltr'><strong>altaria</strong></span> 
     </span>
    </p>
   </div>
   <div class='ocr_carea' id='block_1_31' title="bbox 2180 1673 3780 1746">
    <p class='ocr_par' dir='ltr' id='par_1_31' title="bbox 2180 1673 3780 1746">
     <span class='ocr_line' id='line_1_31' title="bbox 2180 1673 3780 1746; baseline 0.002 -17"><span class='ocrx_word' id='word_1_193' title='bbox 2180 1674 2407 1740; x_wconf 87' lang='lat' dir='ltr'><strong>nudata,</strong></span> <span class='ocrx_word' id='word_1_194' title='bbox 2449 1673 2693 1745; x_wconf 88' lang='lat' dir='ltr'><strong>duosque</strong></span> <span class='ocrx_word' id='word_1_195' title='bbox 2737 1673 2937 1729; x_wconf 81' lang='lat' dir='ltr'><strong>fratres</strong></span> <span class='ocrx_word' id='word_1_196' title='bbox 2967 1674 3059 1745; x_wconf 89' lang='lat' dir='ltr'><strong>qui</strong></span> <span class='ocrx_word' id='word_1_197' title='bbox 3092 1684 3474 1730; x_wconf 77' lang='lat' dir='ltr'><strong>remanserant</strong></span> <span class='ocrx_word' id='word_1_198' title='bbox 3517 1676 3780 1746; x_wconf 78' lang='lat' dir='ltr'><strong>spoliatos</strong></span> 
     </span>
    </p>
   </div>
   <div class='ocr_carea' id='block_1_32' title="bbox 2176 1762 3781 1839">
    <p class='ocr_par' dir='ltr' id='par_1_32' title="bbox 2176 1762 3781 1839">
     <span class='ocr_line' id='line_1_32' title="bbox 2176 1762 3781 1839; baseline 0 -18"><span class='ocrx_word' id='word_1_199' title='bbox 2176 1762 2421 1836; x_wconf 86' lang='lat' dir='ltr'><strong>jacentes</strong></span> <span class='ocrx_word' id='word_1_200' title='bbox 2444 1766 2496 1821; x_wconf 92' lang='lat' dir='ltr'><strong>in</strong></span> <span class='ocrx_word' id='word_1_201' title='bbox 2526 1765 2790 1831; x_wconf 85' lang='lat' dir='ltr'><strong>oratorio,</strong></span> <span class='ocrx_word' id='word_1_202' title='bbox 2814 1774 2868 1822; x_wconf 92' lang='lat' dir='ltr'><strong>et</strong></span> <span class='ocrx_word' id='word_1_203' title='bbox 2881 1766 3305 1835; x_wconf 81' lang='lat' dir='ltr'><strong>magnitudinem</strong></span> <span class='ocrx_word' id='word_1_204' title='bbox 3330 1766 3673 1823; x_wconf 53' lang='lat' dir='ltr'><strong>calamitatis</strong></span> <span class='ocrx_word' id='word_1_205' title='bbox 3692 1784 3781 1839; x_wconf 78' lang='lat' dir='ltr'><strong>ge-</strong></span> 
     </span>
    </p>
   </div>
   <div class='ocr_carea' id='block_1_33' title="bbox 490 1831 3778 1930">
    <p class='ocr_par' dir='ltr' id='par_1_33' title="bbox 490 1831 3778 1930">
     <span class='ocr_line' id='line_1_33' title="bbox 490 1831 3778 1930; baseline -0 -12"><span class='ocrx_word' id='word_1_206' title='bbox 490 1856 571 1912; x_wconf 74' lang='lat' dir='ltr'><strong>illi</strong></span> <span class='ocrx_word' id='word_1_207' title='bbox 601 1873 614 1910; x_wconf 79' lang='grc' dir='ltr'>ε</span> <span class='ocrx_word' id='word_1_208' title='bbox 643 1853 822 1910; x_wconf 69' lang='lat' dir='ltr'><strong>Indica</strong></span> <span class='ocrx_word' id='word_1_209' title='bbox 851 1851 983 1908; x_wconf 74' lang='lat' dir='ltr'><strong>mihi</strong></span> <span class='ocrx_word' id='word_1_210' title='bbox 1012 1850 1102 1906; x_wconf 66' lang='lat' dir='ltr'><strong>tibi</strong></span> <span class='ocrx_word' id='word_1_211' title='bbox 1132 1849 1218 1906; x_wconf 75' lang='lat' dir='ltr'><strong>iSli</strong></span> <span class='ocrx_word' id='word_1_212' title='bbox 1241 1837 1414 1919; x_wconf 51' lang='lat' dir='ltr'><strong>{quos</strong></span> <span class='ocrx_word' id='word_1_213' title='bbox 1443 1857 1555 1903; x_wconf 68' lang='lat' dir='ltr'><strong>13m</strong></span> <span class='ocrx_word' id='word_1_214' title='bbox 1578 1847 1827 1903; x_wconf 65' lang='grc' dir='ltr'><strong>ηυάοεθι</strong></span> <span class='ocrx_word' id='word_1_215' title='bbox 1851 1846 2081 1901; x_wconf 63' lang='lat' dir='ltr'><strong>miseros</strong></span> <span class='ocrx_word' id='word_1_216' title='bbox 2107 1831 2155 1892; x_wconf 76' lang='grc' dir='ltr'><strong>Β</strong></span> <span class='ocrx_word' id='word_1_217' title='bbox 2178 1831 2408 1914; x_wconf 73' lang='lat' dir='ltr'><strong>mitibus</strong></span> <span class='ocrx_word' id='word_1_218' title='bbox 2446 1868 2501 1913; x_wconf 86' lang='lat' dir='ltr'><strong>et</strong></span> <span class='ocrx_word' id='word_1_219' title='bbox 2546 1858 2805 1930; x_wconf 85' lang='lat' dir='ltr'><strong>lacrymis</strong></span> <span class='ocrx_word' id='word_1_220' title='bbox 2846 1831 3231 1929; x_wconf 76' lang='lat' dir='ltr'><strong>protestantes.</strong></span> <span class='ocrx_word' id='word_1_221' title='bbox 3281 1860 3349 1914; x_wconf 81' lang='lat' dir='ltr'><strong>Et</strong></span> <span class='ocrx_word' id='word_1_222' title='bbox 3394 1831 3778 1917; x_wconf 71' lang='lat' dir='ltr'><strong>misericordia</strong></span> 
     </span>
    </p>
   </div>
   <div class='ocr_carea' id='block_1_34' title="bbox 492 1937 2075 2011">
    <p class='ocr_par' dir='ltr' id='par_1_34' title="bbox 492 1937 2075 2011">
     <span class='ocr_line' id='line_1_34' title="bbox 492 1937 2075 2011; baseline -0.007 -8"><span class='ocrx_word' id='word_1_223' title='bbox 492 1946 842 2011; x_wconf 76' lang='lat' dir='ltr'><strong>invenimus,</strong></span> <span class='ocrx_word' id='word_1_224' title='bbox 891 1953 1071 2000; x_wconf 87' lang='lat' dir='ltr'><strong>vestes</strong></span> <span class='ocrx_word' id='word_1_225' title='bbox 1100 1942 1340 1998; x_wconf 88' lang='lat' dir='ltr'><strong>habeant</strong></span> <span class='ocrx_word' id='word_1_226' title='bbox 1381 1940 1648 2010; x_wconf 89' lang='lat' dir='ltr'><strong>repositas</strong></span> <span class='ocrx_word' id='word_1_227' title='bbox 1695 1948 1751 1995; x_wconf 88' lang='lat' dir='ltr'><strong>et</strong></span> <span class='ocrx_word' id='word_1_228' title='bbox 1790 1937 2075 2003; x_wconf 86' lang='lat' dir='ltr'><strong>utensilia,</strong></span> 
     </span>
    </p>
   </div>
   <div class='ocr_carea' id='block_1_35' title="bbox 492 2029 2081 2111">
    <p class='ocr_par' dir='ltr' id='par_1_35' title="bbox 492 2029 2081 2111">
     <span class='ocr_line' id='line_1_35' title="bbox 492 2029 2081 2111; baseline -0.009 -14"><span class='ocrx_word' id='word_1_229' title='bbox 492 2054 800 2111; x_wconf 81' lang='lat' dir='ltr'><strong>aurumque</strong></span> <span class='ocrx_word' id='word_1_230' title='bbox 818 2047 873 2095; x_wconf 88' lang='lat' dir='ltr'><strong>et</strong></span> <span class='ocrx_word' id='word_1_231' title='bbox 888 2044 1193 2107; x_wconf 81' lang='lat' dir='ltr'><strong>argentum,</strong></span> <span class='ocrx_word' id='word_1_232' title='bbox 1216 2050 1446 2105; x_wconf 89' lang='lat' dir='ltr'><strong>quorum</strong></span> <span class='ocrx_word' id='word_1_233' title='bbox 1474 2033 1628 2104; x_wconf 79' lang='lat' dir='ltr'><strong>capia</strong></span> <span class='ocrx_word' id='word_1_234' title='bbox 1650 2032 1911 2086; x_wconf 83' lang='lat' dir='ltr'><strong>hactenus</strong></span> <span class='ocrx_word' id='word_1_235' title='bbox 1939 2029 2081 2084; x_wconf 89' lang='lat' dir='ltr'><strong>frue-</strong></span> 
     </span>
    </p>
   </div>
   <div class='ocr_carea' id='block_1_36' title="bbox 492 2119 2082 2199">
    <p class='ocr_par' dir='ltr' id='par_1_36' title="bbox 492 2119 2082 2199">
     <span class='ocr_line' id='line_1_36' title="bbox 492 2119 2082 2199; baseline -0.009 -10"><span class='ocrx_word' id='word_1_236' title='bbox 492 2132 713 2199; x_wconf 75' lang='lat' dir='ltr'><strong>bantur.</strong></span> <span class='ocrx_word' id='word_1_237' title='bbox 733 2127 835 2184; x_wconf 65' lang='lat' dir='ltr'><strong>ille</strong></span> <span class='ocrx_word' id='word_1_238' title='bbox 863 2124 1145 2198; x_wconf 78' lang='lat' dir='ltr'><strong>respondit</strong></span> <span class='ocrx_word' id='word_1_239' title='bbox 1170 2142 1185 2179; x_wconf 92' lang='lat'><strong>:</strong></span> <span class='ocrx_word' id='word_1_240' title='bbox 1216 2123 1408 2181; x_wconf 85' lang='lat' dir='ltr'><strong>Nonne</strong></span> <span class='ocrx_word' id='word_1_241' title='bbox 1444 2123 1579 2177; x_wconf 90' lang='lat' dir='ltr'><strong>mihi</strong></span> <span class='ocrx_word' id='word_1_242' title='bbox 1612 2121 1806 2177; x_wconf 86' lang='lat' dir='ltr'><strong>melius</strong></span> <span class='ocrx_word' id='word_1_243' title='bbox 1841 2130 1927 2176; x_wconf 89' lang='lat' dir='ltr'><strong>est</strong></span> <span class='ocrx_word' id='word_1_244' title='bbox 1957 2119 2082 2174; x_wconf 89' lang='lat' dir='ltr'><strong>illo-</strong></span> 
     </span>
    </p>
   </div>
   <div class='ocr_carea' id='block_1_37' title="bbox 493 2210 2079 2295">
    <p class='ocr_par' dir='ltr' id='par_1_37' title="bbox 493 2210 2079 2295">
     <span class='ocr_line' id='line_1_37' title="bbox 493 2210 2079 2295; baseline -0.008 -18"><span class='ocrx_word' id='word_1_245' title='bbox 493 2236 621 2280; x_wconf 69' lang='lat' dir='ltr'><strong>rum</strong></span> <span class='ocrx_word' id='word_1_246' title='bbox 638 2218 924 2295; x_wconf 69' lang='lat' dir='ltr'><strong>denudare</strong></span> <span class='ocrx_word' id='word_1_247' title='bbox 938 2225 1185 2280; x_wconf 83' lang='lat' dir='ltr'><strong>secreta,</strong></span> <span class='ocrx_word' id='word_1_248' title='bbox 1207 2229 1371 2285; x_wconf 83' lang='lat' dir='ltr'><strong>quant</strong></span> <span class='ocrx_word' id='word_1_249' title='bbox 1394 2222 1589 2268; x_wconf 72' lang='lat' dir='ltr'><strong>vestrae</strong></span> <span class='ocrx_word' id='word_1_250' title='bbox 1609 2210 1917 2268; x_wconf 85' lang='lat' dir='ltr'><strong>severitatis</strong></span> <span class='ocrx_word' id='word_1_251' title='bbox 1940 2210 2079 2266; x_wconf 89' lang='lat' dir='ltr'><strong>iram</strong></span> 
     </span>
    </p>
   </div>
   <div class='ocr_carea' id='block_1_38' title="bbox 498 2301 2083 2376">
    <p class='ocr_par' dir='ltr' id='par_1_38' title="bbox 498 2301 2083 2376">
     <span class='ocr_line' id='line_1_38' title="bbox 498 2301 2083 2376; baseline -0.008 -7"><span class='ocrx_word' id='word_1_252' title='bbox 498 2308 815 2369; x_wconf 82' lang='lat' dir='ltr'><strong>incurrere?</strong></span> <span class='ocrx_word' id='word_1_253' title='bbox 842 2306 901 2364; x_wconf 89' lang='lat' dir='ltr'><strong>Si</strong></span> <span class='ocrx_word' id='word_1_254' title='bbox 930 2307 1002 2361; x_wconf 90' lang='lat' dir='ltr'><strong>ita</strong></span> <span class='ocrx_word' id='word_1_255' title='bbox 1022 2346 1038 2373; x_wconf 92' lang='lat'><strong>,</strong></span> <span class='ocrx_word' id='word_1_256' title='bbox 1074 2305 1290 2376; x_wconf 90' lang='lat' dir='ltr'><strong>inquit,</strong></span> <span class='ocrx_word' id='word_1_257' title='bbox 1320 2303 1530 2374; x_wconf 84' lang='lat' dir='ltr'><strong>egeris,</strong></span> <span class='ocrx_word' id='word_1_258' title='bbox 1574 2302 1684 2359; x_wconf 91' lang='lat' dir='ltr'><strong>eris</strong></span> <span class='ocrx_word' id='word_1_259' title='bbox 1722 2303 1776 2358; x_wconf 90' lang='lat' dir='ltr'><strong>in</strong></span> <span class='ocrx_word' id='word_1_260' title='bbox 1805 2301 2083 2357; x_wconf 83' lang='lat' dir='ltr'><strong>consortio</strong></span> 
     </span>
    </p>
   </div>
   <div class='ocr_carea' id='block_1_39' title="bbox 498 2392 2081 2472">
    <p class='ocr_par' dir='ltr' id='par_1_39' title="bbox 498 2392 2081 2472">
     <span class='ocr_line' id='line_1_39' title="bbox 498 2392 2081 2472; baseline -0.009 -11"><span class='ocrx_word' id='word_1_261' title='bbox 498 2412 707 2467; x_wconf 88' lang='lat' dir='ltr'><strong>nostro,</strong></span> <span class='ocrx_word' id='word_1_262' title='bbox 739 2410 796 2458; x_wconf 89' lang='lat' dir='ltr'><strong>et</strong></span> <span class='ocrx_word' id='word_1_263' title='bbox 821 2398 1107 2472; x_wconf 89' lang='lat' dir='ltr'><strong>participio</strong></span> <span class='ocrx_word' id='word_1_264' title='bbox 1136 2396 1411 2455; x_wconf 87' lang='lat' dir='ltr'><strong>societatis</strong></span> <span class='ocrx_word' id='word_1_265' title='bbox 1439 2403 1639 2451; x_wconf 59' lang='lat' dir='ltr'><strong>nostra:</strong></span> <span class='ocrx_word' id='word_1_266' title='bbox 1661 2394 1941 2466; x_wconf 79' lang='lat' dir='ltr'><strong>gaudebis.</strong></span> <span class='ocrx_word' id='word_1_267' title='bbox 1965 2392 2081 2460; x_wconf 85' lang='lat' dir='ltr'><strong>Qua</strong></span> 
     </span>
    </p>
   </div>
   <div class='ocr_carea' id='block_1_40' title="bbox 496 2486 2082 2569">
    <p class='ocr_par' dir='ltr' id='par_1_40' title="bbox 496 2486 2082 2569">
     <span class='ocr_line' id='line_1_40' title="bbox 496 2486 2082 2569; baseline -0.005 -18"><span class='ocrx_word' id='word_1_268' title='bbox 496 2494 857 2569; x_wconf 84' lang='lat' dir='ltr'><strong>promissione</strong></span> <span class='ocrx_word' id='word_1_269' title='bbox 878 2488 1190 2564; x_wconf 84' lang='lat' dir='ltr'><strong>persuasus,</strong></span> <span class='ocrx_word' id='word_1_270' title='bbox 1217 2489 1480 2554; x_wconf 75' lang='lat' dir='ltr'><strong>surrexit,</strong></span> <span class='ocrx_word' id='word_1_271' title='bbox 1496 2495 1551 2545; x_wconf 90' lang='lat' dir='ltr'><strong>et</strong></span> <span class='ocrx_word' id='word_1_272' title='bbox 1566 2503 1689 2544; x_wconf 92' lang='lat' dir='ltr'><strong>eum</strong></span> <span class='ocrx_word' id='word_1_273' title='bbox 1714 2487 1781 2543; x_wconf 88' lang='lat' dir='ltr'><strong>ad</strong></span> <span class='ocrx_word' id='word_1_274' title='bbox 1803 2486 2082 2544; x_wconf 87' lang='lat' dir='ltr'><strong>subterra-</strong></span> 
     </span>
    </p>
   </div>
   <div class='ocr_carea' id='block_1_41' title="bbox 495 2576 2084 2656">
    <p class='ocr_par' dir='ltr' id='par_1_41' title="bbox 495 2576 2084 2656">
     <span class='ocr_line' id='line_1_41' title="bbox 495 2576 2084 2656; baseline -0.005 -14"><span class='ocrx_word' id='word_1_275' title='bbox 495 2601 661 2643; x_wconf 83' lang='lat' dir='ltr'><strong>neum</strong></span> <span class='ocrx_word' id='word_1_276' title='bbox 685 2583 839 2639; x_wconf 81' lang='lat' dir='ltr'><strong>duxit</strong></span> <span class='ocrx_word' id='word_1_277' title='bbox 870 2576 1184 2638; x_wconf 77' lang='lat' dir='ltr'><strong>armarium.</strong></span> <span class='ocrx_word' id='word_1_278' title='bbox 1213 2580 1366 2649; x_wconf 84' lang='lat' dir='ltr'><strong>Quod</strong></span> <span class='ocrx_word' id='word_1_279' title='bbox 1387 2594 1509 2636; x_wconf 93' lang='lat' dir='ltr'><strong>cum</strong></span> <span class='ocrx_word' id='word_1_280' title='bbox 1533 2579 1676 2635; x_wconf 89' lang='lat' dir='ltr'><strong>idem</strong></span> <span class='ocrx_word' id='word_1_281' title='bbox 1696 2578 1933 2656; x_wconf 81' lang='lat' dir='ltr'><strong>vicarius</strong></span> <span class='ocrx_word' id='word_1_282' title='bbox 1957 2592 2084 2648; x_wconf 89' lang='lat' dir='ltr'><strong>ape-</strong></span> 
     </span>
    </p>
   </div>
   <div class='ocr_carea' id='block_1_42' title="bbox 497 2672 2082 2747">
    <p class='ocr_par' dir='ltr' id='par_1_42' title="bbox 497 2672 2082 2747">
     <span class='ocr_line' id='line_1_42' title="bbox 497 2672 2082 2747; baseline -0.005 -11"><span class='ocrx_word' id='word_1_283' title='bbox 497 2678 598 2736; x_wconf 85' lang='lat' dir='ltr'><strong>riri</strong></span> <span class='ocrx_word' id='word_1_284' title='bbox 631 2677 881 2742; x_wconf 82' lang='lat' dir='ltr'><strong>fecisset,</strong></span> <span class='ocrx_word' id='word_1_285' title='bbox 914 2675 1123 2747; x_wconf 89' lang='lat' dir='ltr'><strong>species</strong></span> <span class='ocrx_word' id='word_1_286' title='bbox 1170 2689 1306 2746; x_wconf 87' lang='lat' dir='ltr'><strong>quas</strong></span> <span class='ocrx_word' id='word_1_287' title='bbox 1340 2673 1475 2730; x_wconf 88' lang='lat' dir='ltr'><strong>inibi</strong></span> <span class='ocrx_word' id='word_1_288' title='bbox 1514 2672 1718 2744; x_wconf 89' lang='lat' dir='ltr'><strong>reperit</strong></span> <span class='ocrx_word' id='word_1_289' title='bbox 1753 2673 1839 2728; x_wconf 88' lang='lat' dir='ltr'><strong>his</strong></span> <span class='ocrx_word' id='word_1_290' title='bbox 1873 2672 1964 2743; x_wconf 88' lang='lat' dir='ltr'><strong>qui</strong></span> <span class='ocrx_word' id='word_1_291' title='bbox 1992 2686 2082 2728; x_wconf 88' lang='lat' dir='ltr'><strong>se-</strong></span> 
     </span>
    </p>
   </div>
   <div class='ocr_carea' id='block_1_43' title="bbox 500 2755 2082 2834">
    <p class='ocr_par' dir='ltr' id='par_1_43' title="bbox 500 2755 2082 2834">
     <span class='ocr_line' id='line_1_43' title="bbox 500 2755 2082 2834; baseline -0.004 -8"><span class='ocrx_word' id='word_1_292' title='bbox 500 2783 623 2826; x_wconf 86' lang='lat' dir='ltr'><strong>cum</strong></span> <span class='ocrx_word' id='word_1_293' title='bbox 638 2774 815 2833; x_wconf 90' lang='lat' dir='ltr'><strong>erant,</strong></span> <span class='ocrx_word' id='word_1_294' title='bbox 835 2766 975 2822; x_wconf 84' lang='lat' dir='ltr'><strong>facta</strong></span> <span class='ocrx_word' id='word_1_295' title='bbox 1003 2765 1286 2827; x_wconf 85' lang='lat' dir='ltr'><strong>divisione.</strong></span> <span class='ocrx_word' id='word_1_296' title='bbox 1302 2755 1598 2820; x_wconf 83' lang='lat' dir='ltr'><strong>distribuit.</strong></span> <span class='ocrx_word' id='word_1_297' title='bbox 1617 2762 1712 2819; x_wconf 84' lang='lat' dir='ltr'><strong>llis</strong></span> <span class='ocrx_word' id='word_1_298' title='bbox 1739 2763 1811 2818; x_wconf 86' lang='lat' dir='ltr'><strong>ita</strong></span> <span class='ocrx_word' id='word_1_299' title='bbox 1834 2764 2082 2834; x_wconf 87' lang='lat' dir='ltr'><strong>patratis,</strong></span> 
     </span>
    </p>
   </div>
   <div class='ocr_carea' id='block_1_44' title="bbox 496 2856 2086 2932">
    <p class='ocr_par' dir='ltr' id='par_1_44' title="bbox 496 2856 2086 2932">
     <span class='ocr_line' id='line_1_44' title="bbox 496 2856 2086 2932; baseline -0.003 -16"><span class='ocrx_word' id='word_1_300' title='bbox 496 2871 756 2932; x_wconf 84' lang='lat' dir='ltr'><strong>putantes</strong></span> <span class='ocrx_word' id='word_1_301' title='bbox 798 2858 1003 2929; x_wconf 90' lang='lat' dir='ltr'><strong>passim</strong></span> <span class='ocrx_word' id='word_1_302' title='bbox 1053 2857 1159 2913; x_wconf 87' lang='lat' dir='ltr'><strong>tale</strong></span> <span class='ocrx_word' id='word_1_303' title='bbox 1197 2858 1326 2928; x_wconf 89' lang='lat' dir='ltr'><strong>quid</strong></span> <span class='ocrx_word' id='word_1_304' title='bbox 1362 2856 1665 2922; x_wconf 89' lang='lat' dir='ltr'><strong>occultari,</strong></span> <span class='ocrx_word' id='word_1_305' title='bbox 1711 2856 2086 2912; x_wconf 89' lang='lat' dir='ltr'><strong>discurrerunt</strong></span> 
     </span>
    </p>
   </div>
   <div class='ocr_carea' id='block_1_45' title="bbox 497 2946 2080 3022">
    <p class='ocr_par' dir='ltr' id='par_1_45' title="bbox 497 2946 2080 3022">
     <span class='ocr_line' id='line_1_45' title="bbox 497 2946 2080 3022; baseline -0.003 -15"><span class='ocrx_word' id='word_1_306' title='bbox 497 2952 621 3009; x_wconf 84' lang='lat' dir='ltr'><strong>loca</strong></span> <span class='ocrx_word' id='word_1_307' title='bbox 650 2949 861 3022; x_wconf 86' lang='lat' dir='ltr'><strong>singula</strong></span> <span class='ocrx_word' id='word_1_308' title='bbox 902 2949 1073 3020; x_wconf 88' lang='lat' dir='ltr'><strong>signis</strong></span> <span class='ocrx_word' id='word_1_309' title='bbox 1094 2946 1417 3019; x_wconf 89' lang='lat' dir='ltr'><strong>quibusdam</strong></span> <span class='ocrx_word' id='word_1_310' title='bbox 1456 2947 1685 3003; x_wconf 88' lang='lat' dir='ltr'><strong>sollicite</strong></span> <span class='ocrx_word' id='word_1_311' title='bbox 1716 2947 2080 3018; x_wconf 87' lang='lat' dir='ltr'><strong>explorantes.</strong></span> 
     </span>
    </p>
   </div>
   <div class='ocr_carea' id='block_1_46' title="bbox 498 3039 2084 3114">
    <p class='ocr_par' dir='ltr' id='par_1_46' title="bbox 498 3039 2084 3114">
     <span class='ocr_line' id='line_1_46' title="bbox 498 3039 2084 3114; baseline -0.003 -13"><span class='ocrx_word' id='word_1_312' title='bbox 498 3043 757 3114; x_wconf 81' lang='lat' dir='ltr'><strong>Ejusdem</strong></span> <span class='ocrx_word' id='word_1_313' title='bbox 800 3042 877 3098; x_wconf 90' lang='lat' dir='ltr'><strong>rei</strong></span> <span class='ocrx_word' id='word_1_314' title='bbox 906 3041 1079 3114; x_wconf 86' lang='lat' dir='ltr'><strong>gratia</strong></span> <span class='ocrx_word' id='word_1_315' title='bbox 1128 3039 1531 3105; x_wconf 84' lang='lat' dir='ltr'><strong>Erchonaldus,</strong></span> <span class='ocrx_word' id='word_1_316' title='bbox 1564 3039 1855 3111; x_wconf 89' lang='lat' dir='ltr'><strong>assumptis</strong></span> <span class='ocrx_word' id='word_1_317' title='bbox 1898 3056 2084 3096; x_wconf 86' lang='lat' dir='ltr'><strong>secum</strong></span> 
     </span>
    </p>
   </div>
   <div class='ocr_carea' id='block_1_47' title="bbox 496 3130 2084 3209">
    <p class='ocr_par' dir='ltr' id='par_1_47' title="bbox 496 3130 2084 3209">
     <span class='ocr_line' id='line_1_47' title="bbox 496 3130 2084 3209; baseline -0.004 -15"><span class='ocrx_word' id='word_1_318' title='bbox 496 3144 707 3209; x_wconf 83' lang='lat' dir='ltr'><strong>septem</strong></span> <span class='ocrx_word' id='word_1_319' title='bbox 736 3134 941 3207; x_wconf 89' lang='lat' dir='ltr'><strong>pueris,</strong></span> <span class='ocrx_word' id='word_1_320' title='bbox 974 3132 1216 3190; x_wconf 83' lang='lat' dir='ltr'><strong>introivit</strong></span> <span class='ocrx_word' id='word_1_321' title='bbox 1252 3132 1572 3188; x_wconf 87' lang='lat' dir='ltr'><strong>oratorium.</strong></span> <span class='ocrx_word' id='word_1_322' title='bbox 1596 3132 1841 3202; x_wconf 86' lang='lat' dir='ltr'><strong>Cumque</strong></span> <span class='ocrx_word' id='word_1_323' title='bbox 1886 3130 2084 3187; x_wconf 90' lang='lat' dir='ltr'><strong>clausis</strong></span> 
     </span>
    </p>
   </div>
   <div class='ocr_carea' id='block_1_48' title="bbox 2183 1948 3776 2020">
    <p class='ocr_par' dir='ltr' id='par_1_48' title="bbox 2183 1948 3776 2020">
     <span class='ocr_line' id='line_1_48' title="bbox 2183 1948 3776 2020; baseline 0.001 -16"><span class='ocrx_word' id='word_1_324' title='bbox 2183 1957 2385 2015; x_wconf 89' lang='lat' dir='ltr'><strong>motus,</strong></span> <span class='ocrx_word' id='word_1_325' title='bbox 2411 1949 2578 2020; x_wconf 83' lang='lat' dir='ltr'><strong>coepit</strong></span> <span class='ocrx_word' id='word_1_326' title='bbox 2602 1962 2697 2004; x_wconf 91' lang='lat' dir='ltr'><strong>eos</strong></span> <span class='ocrx_word' id='word_1_327' title='bbox 2724 1948 3423 2019; x_wconf 72' lang='lat' dir='ltr'><strong>consolarianultiplicibus</strong></span> <span class='ocrx_word' id='word_1_328' title='bbox 3446 1951 3644 2006; x_wconf 80' lang='lat' dir='ltr'><strong>verbis</strong></span> <span class='ocrx_word' id='word_1_329' title='bbox 3662 1992 3680 2017; x_wconf 94' lang='lat'><strong>,</strong></span> <span class='ocrx_word' id='word_1_330' title='bbox 3715 1950 3776 2005; x_wconf 85' lang='lat' dir='ltr'><strong>il-</strong></span> 
     </span>
    </p>
   </div>
   <div class='ocr_carea' id='block_1_49' title="bbox 2180 2038 3778 2111">
    <p class='ocr_par' dir='ltr' id='par_1_49' title="bbox 2180 2038 3778 2111">
     <span class='ocr_line' id='line_1_49' title="bbox 2180 2038 3778 2111; baseline -0.001 -17"><span class='ocrx_word' id='word_1_331' title='bbox 2180 2038 2287 2094; x_wconf 86' lang='lat' dir='ltr'><strong>lam</strong></span> <span class='ocrx_word' id='word_1_332' title='bbox 2319 2038 2587 2109; x_wconf 83' lang='lat' dir='ltr'><strong>replicans</strong></span> <span class='ocrx_word' id='word_1_333' title='bbox 2613 2038 2915 2094; x_wconf 63' lang='lat' dir='ltr'><strong>Psalmistaz</strong></span> <span class='ocrx_word' id='word_1_334' title='bbox 2961 2040 3292 2094; x_wconf 86' lang='lat' dir='ltr'><strong>sententiam</strong></span> <span class='ocrx_word' id='word_1_335' title='bbox 3333 2056 3447 2111; x_wconf 77' lang='lat' dir='ltr'><strong>qua</strong></span> <span class='ocrx_word' id='word_1_336' title='bbox 3488 2041 3629 2095; x_wconf 82' lang='lat' dir='ltr'><strong>dicit</strong></span> <span class='ocrx_word' id='word_1_337' title='bbox 3666 2055 3685 2094; x_wconf 89' lang='lat'><strong>:</strong></span> <span class='ocrx_word' id='word_1_338' title='bbox 3718 2040 3778 2093; x_wconf 75' lang='grc' dir='ltr'><strong>ι.</strong></span> 
     </span>
    </p>
   </div>
   <div class='ocr_carea' id='block_1_50' title="bbox 2180 2126 3777 2192">
    <p class='ocr_par' dir='ltr' id='par_1_50' title="bbox 2180 2126 3777 2192">
     <span class='ocr_line' id='line_1_50' title="bbox 2180 2126 3777 2192; baseline -0.005 -5"><span class='ocrx_word' id='word_1_339' title='bbox 2180 2127 2518 2187; x_wconf 79' lang='lat' dir='ltr'><strong>tribulatione</strong></span> <span class='ocrx_word' id='word_1_340' title='bbox 2549 2128 2781 2181; x_wconf 84' lang='lat' dir='ltr'><strong>invocavi</strong></span> <span class='ocrx_word' id='word_1_341' title='bbox 2808 2126 3117 2192; x_wconf 82' lang='lat' dir='ltr'><strong>Domiuum,</strong></span> <span class='ocrx_word' id='word_1_342' title='bbox 3137 2136 3184 2180; x_wconf 79' lang='lat' dir='ltr'><strong>et</strong></span> <span class='ocrx_word' id='word_1_343' title='bbox 3209 2127 3487 2181; x_wconf 70' lang='lat' dir='ltr'><strong>exaudiri:</strong></span> <span class='ocrx_word' id='word_1_344' title='bbox 3517 2144 3600 2181; x_wconf 73' lang='lat' dir='ltr'><strong>me</strong></span> <span class='ocrx_word' id='word_1_345' title='bbox 3622 2132 3676 2181; x_wconf 79' lang='lat' dir='ltr'><strong>in</strong></span> <span class='ocrx_word' id='word_1_346' title='bbox 3701 2128 3777 2179; x_wconf 72' lang='lat' dir='ltr'><strong>Ia-</strong></span> 
     </span>
    </p>
   </div>
   <div class='ocr_carea' id='block_1_51' title="bbox 2178 2213 3774 2287">
    <p class='ocr_par' dir='ltr' id='par_1_51' title="bbox 2178 2213 3774 2287">
     <span class='ocr_line' id='line_1_51' title="bbox 2178 2213 3774 2287; baseline -0.003 -13"><span class='ocrx_word' id='word_1_347' title='bbox 2178 2216 2420 2276; x_wconf 31' lang='lat' dir='ltr'><strong>t‘itudine.</strong></span> <span class='ocrx_word' id='word_1_348' title='bbox 2444 2219 2703 2273; x_wconf 78' lang='lat' dir='ltr'><strong>Dominus</strong></span> <span class='ocrx_word' id='word_1_349' title='bbox 2723 2213 2851 2272; x_wconf 79' lang='lat' dir='ltr'><strong>mihi</strong></span> <span class='ocrx_word' id='word_1_350' title='bbox 2869 2217 3105 2287; x_wconf 82' lang='lat' dir='ltr'><strong>adjutor,</strong></span> <span class='ocrx_word' id='word_1_351' title='bbox 3124 2234 3227 2271; x_wconf 85' lang='lat' dir='ltr'><strong>non</strong></span> <span class='ocrx_word' id='word_1_352' title='bbox 3249 2218 3443 2271; x_wconf 83' lang='lat' dir='ltr'><strong>timebo</strong></span> <span class='ocrx_word' id='word_1_353' title='bbox 3463 2219 3598 2283; x_wconf 76' lang='lat' dir='ltr'><strong>quid</strong></span> <span class='ocrx_word' id='word_1_354' title='bbox 3620 2218 3774 2287; x_wconf 74' lang='lat' dir='ltr'><strong>faciat</strong></span> 
     </span>
    </p>
   </div>
   <div class='ocr_carea' id='block_1_52' title="bbox 2182 2296 3777 2385">
    <p class='ocr_par' dir='ltr' id='par_1_52' title="bbox 2182 2296 3777 2385">
     <span class='ocr_line' id='line_1_52' title="bbox 2182 2296 3777 2385; baseline -0.004 -16"><span class='ocrx_word' id='word_1_355' title='bbox 2182 2296 2311 2369; x_wconf 75' lang='lat' dir='ltr'><strong>mihi</strong></span> <span class='ocrx_word' id='word_1_356' title='bbox 2338 2314 2493 2367; x_wconf 80' lang='lat' dir='ltr'><strong>homo</strong></span> <span class='ocrx_word' id='word_1_357' title='bbox 2522 2310 2694 2385; x_wconf 81' lang='lat' dir='ltr'><strong>(Psal.</strong></span> <span class='ocrx_word' id='word_1_358' title='bbox 2725 2311 2919 2382; x_wconf 84' lang='lat' dir='ltr'><strong>cxvn).</strong></span> <span class='ocrx_word' id='word_1_359' title='bbox 2940 2308 3036 2365; x_wconf 86' lang='lat' dir='ltr'><strong>llis</strong></span> <span class='ocrx_word' id='word_1_360' title='bbox 3062 2310 3249 2376; x_wconf 88' lang='lat' dir='ltr'><strong>dictis,</strong></span> <span class='ocrx_word' id='word_1_361' title='bbox 3279 2325 3510 2366; x_wconf 79' lang='lat' dir='ltr'><strong>sumens</strong></span> <span class='ocrx_word' id='word_1_362' title='bbox 3542 2309 3777 2365; x_wconf 73' lang='lat' dir='ltr'><strong>loculum</strong></span> 
     </span>
    </p>
   </div>
   <div class='ocr_carea' id='block_1_53' title="bbox 2184 2400 3775 2475">
    <p class='ocr_par' dir='ltr' id='par_1_53' title="bbox 2184 2400 3775 2475">
     <span class='ocr_line' id='line_1_53' title="bbox 2184 2400 3775 2475; baseline -0.004 -15"><span class='ocrx_word' id='word_1_363' title='bbox 2184 2405 2239 2460; x_wconf 89' lang='lat' dir='ltr'><strong>iu</strong></span> <span class='ocrx_word' id='word_1_364' title='bbox 2275 2420 2381 2475; x_wconf 91' lang='lat' dir='ltr'><strong>quo</strong></span> <span class='ocrx_word' id='word_1_365' title='bbox 2422 2413 2672 2459; x_wconf 88' lang='lat' dir='ltr'><strong>sanctum</strong></span> <span class='ocrx_word' id='word_1_366' title='bbox 2708 2417 2910 2473; x_wconf 87' lang='lat' dir='ltr'><strong>corpus</strong></span> <span class='ocrx_word' id='word_1_367' title='bbox 2944 2402 3067 2456; x_wconf 87' lang='lat' dir='ltr'><strong>erat</strong></span> <span class='ocrx_word' id='word_1_368' title='bbox 3089 2441 3109 2465; x_wconf 92' lang='lat'><strong>,</strong></span> <span class='ocrx_word' id='word_1_369' title='bbox 3148 2400 3332 2471; x_wconf 88' lang='lat' dir='ltr'><strong>posuit</strong></span> <span class='ocrx_word' id='word_1_370' title='bbox 3368 2416 3543 2470; x_wconf 86' lang='lat' dir='ltr'><strong>super</strong></span> <span class='ocrx_word' id='word_1_371' title='bbox 3580 2410 3775 2455; x_wconf 70' lang='lat' dir='ltr'><strong>ten-am</strong></span> 
     </span>
    </p>
   </div>
   <div class='ocr_carea' id='block_1_54' title="bbox 2184 2494 3776 2567">
    <p class='ocr_par' dir='ltr' id='par_1_54' title="bbox 2184 2494 3776 2567">
     <span class='ocr_line' id='line_1_54' title="bbox 2184 2494 3776 2567; baseline -0.004 -14"><span class='ocrx_word' id='word_1_372' title='bbox 2184 2497 2327 2553; x_wconf 87' lang='lat' dir='ltr'><strong>inter</strong></span> <span class='ocrx_word' id='word_1_373' title='bbox 2354 2498 2618 2567; x_wconf 83' lang='lat' dir='ltr'><strong>parietem</strong></span> <span class='ocrx_word' id='word_1_374' title='bbox 2653 2506 2708 2551; x_wconf 92' lang='lat' dir='ltr'><strong>et</strong></span> <span class='ocrx_word' id='word_1_375' title='bbox 2731 2494 2905 2550; x_wconf 87' lang='lat' dir='ltr'><strong>altare</strong></span> <span class='ocrx_word' id='word_1_376' title='bbox 2927 2534 2948 2560; x_wconf 92' lang='lat'><strong>,</strong></span> <span class='ocrx_word' id='word_1_377' title='bbox 2983 2500 3039 2550; x_wconf 86' lang='lat' dir='ltr'><strong>et</strong></span> <span class='ocrx_word' id='word_1_378' title='bbox 3075 2494 3307 2564; x_wconf 84' lang='lat' dir='ltr'><strong>desuper</strong></span> <span class='ocrx_word' id='word_1_379' title='bbox 3325 2533 3345 2558; x_wconf 89' lang='lat'><strong>,</strong></span> <span class='ocrx_word' id='word_1_380' title='bbox 3372 2502 3436 2547; x_wconf 79' lang='lat' dir='ltr'><strong>ut</strong></span> <span class='ocrx_word' id='word_1_381' title='bbox 3464 2494 3644 2547; x_wconf 79' lang='lat' dir='ltr'><strong>moris</strong></span> <span class='ocrx_word' id='word_1_382' title='bbox 3662 2503 3776 2555; x_wconf 74' lang='lat' dir='ltr'><strong>est,</strong></span> 
     </span>
    </p>
   </div>
   <div class='ocr_carea' id='block_1_55' title="bbox 2187 2585 3776 2651">
    <p class='ocr_par' dir='ltr' id='par_1_55' title="bbox 2187 2585 3776 2651">
     <span class='ocr_line' id='line_1_55' title="bbox 2187 2585 3776 2651; baseline -0.004 -5"><span class='ocrx_word' id='word_1_383' title='bbox 2187 2604 2368 2646; x_wconf 88' lang='lat' dir='ltr'><strong>arcam</strong></span> <span class='ocrx_word' id='word_1_384' title='bbox 2421 2589 2673 2644; x_wconf 89' lang='lat' dir='ltr'><strong>altiorem</strong></span> <span class='ocrx_word' id='word_1_385' title='bbox 2721 2587 3063 2651; x_wconf 78' lang='lat' dir='ltr'><strong>construxit,</strong></span> <span class='ocrx_word' id='word_1_386' title='bbox 3095 2585 3296 2641; x_wconf 88' lang='lat' dir='ltr'><strong>fossam</strong></span> <span class='ocrx_word' id='word_1_387' title='bbox 3328 2601 3470 2641; x_wconf 87' lang='lat' dir='ltr'><strong>vero</strong></span> <span class='ocrx_word' id='word_1_388' title='bbox 3502 2596 3649 2640; x_wconf 80' lang='lat' dir='ltr'><strong>terra</strong></span> <span class='ocrx_word' id='word_1_389' title='bbox 3694 2601 3776 2640; x_wconf 81' lang='lat' dir='ltr'><strong>re-</strong></span> 
     </span>
    </p>
   </div>
   <div class='ocr_carea' id='block_1_56' title="bbox 2184 2678 3779 2752">
    <p class='ocr_par' dir='ltr' id='par_1_56' title="bbox 2184 2678 3779 2752">
     <span class='ocr_line' id='line_1_56' title="bbox 2184 2678 3779 2752; baseline -0.001 -19"><span class='ocrx_word' id='word_1_390' title='bbox 2184 2680 2368 2752; x_wconf 88' lang='lat' dir='ltr'><strong>plevit.</strong></span> <span class='ocrx_word' id='word_1_391' title='bbox 2398 2678 2475 2732; x_wconf 90' lang='lat' dir='ltr'><strong>De</strong></span> <span class='ocrx_word' id='word_1_392' title='bbox 2502 2694 2601 2734; x_wconf 91' lang='lat' dir='ltr'><strong>suo</strong></span> <span class='ocrx_word' id='word_1_393' title='bbox 2631 2694 2848 2749; x_wconf 86' lang='lat' dir='ltr'><strong>quoque</strong></span> <span class='ocrx_word' id='word_1_394' title='bbox 2891 2678 3151 2732; x_wconf 81' lang='lat' dir='ltr'><strong>fratribus</strong></span> <span class='ocrx_word' id='word_1_395' title='bbox 3194 2678 3528 2732; x_wconf 83' lang='lat' dir='ltr'><strong>vestimenta</strong></span> <span class='ocrx_word' id='word_1_396' title='bbox 3557 2678 3779 2749; x_wconf 77' lang='lat' dir='ltr'><strong>largitus</strong></span> 
     </span>
    </p>
   </div>
   <div class='ocr_carea' id='block_1_57' title="bbox 2184 2766 3778 2839">
    <p class='ocr_par' dir='ltr' id='par_1_57' title="bbox 2184 2766 3778 2839">
     <span class='ocr_line' id='line_1_57' title="bbox 2184 2766 3778 2839; baseline -0.002 -14"><span class='ocrx_word' id='word_1_397' title='bbox 2184 2778 2289 2834; x_wconf 91' lang='lat' dir='ltr'><strong>est,</strong></span> <span class='ocrx_word' id='word_1_398' title='bbox 2314 2778 2369 2824; x_wconf 91' lang='lat' dir='ltr'><strong>et</strong></span> <span class='ocrx_word' id='word_1_399' title='bbox 2398 2768 2539 2825; x_wconf 90' lang='lat' dir='ltr'><strong>unde</strong></span> <span class='ocrx_word' id='word_1_400' title='bbox 2574 2768 2852 2825; x_wconf 87' lang='lat' dir='ltr'><strong>alerentur</strong></span> <span class='ocrx_word' id='word_1_401' title='bbox 2882 2767 3198 2837; x_wconf 87' lang='lat' dir='ltr'><strong>disponens,</strong></span> <span class='ocrx_word' id='word_1_402' title='bbox 3224 2766 3294 2822; x_wconf 78' lang='lat' dir='ltr'><strong>ad</strong></span> <span class='ocrx_word' id='word_1_403' title='bbox 3320 2769 3668 2839; x_wconf 81' lang='lat' dir='ltr'><strong>episcopium</strong></span> <span class='ocrx_word' id='word_1_404' title='bbox 3695 2783 3778 2822; x_wconf 48' lang='grc' dir='ltr'><strong>τὰ</strong></span> 
     </span>
    </p>
   </div>
   <div class='ocr_carea' id='block_1_58' title="bbox 2185 2860 2405 2937">
    <p class='ocr_par' dir='ltr' id='par_1_58' title="bbox 2185 2860 2405 2937">
     <span class='ocr_line' id='line_1_58' title="bbox 2185 2860 2405 2937; baseline -0.009 -23"><span class='ocrx_word' id='word_1_405' title='bbox 2185 2860 2405 2937; x_wconf 83' lang='lat' dir='ltr'><strong>meavit.</strong></span> 
     </span>
    </p>
   </div>
   <div class='ocr_carea' id='block_1_59' title="bbox 2799 2948 3154 3008">
    <p class='ocr_par' dir='ltr' id='par_1_59' title="bbox 2799 2948 3154 3008">
     <span class='ocr_line' id='line_1_59' title="bbox 2799 2948 3154 3008; baseline -0.006 0"><span class='ocrx_word' id='word_1_406' title='bbox 2799 2949 3027 3008; x_wconf 74' lang='lat' dir='ltr'><strong>CAPUT</strong></span> <span class='ocrx_word' id='word_1_407' title='bbox 3066 2948 3154 3006; x_wconf 82' lang='grc' dir='ltr'>ιιι.</span> 
     </span>
    </p>
   </div>
   <div class='ocr_carea' id='block_1_60' title="bbox 2281 3084 3681 3160">
    <p class='ocr_par' dir='ltr' id='par_1_60' title="bbox 2281 3084 3681 3160">
     <span class='ocr_line' id='line_1_60' title="bbox 2281 3084 3681 3160; baseline -0.002 -16"><span class='ocrx_word' id='word_1_408' title='bbox 2281 3088 2399 3156; x_wconf 81' lang='lat' dir='ltr'><strong>Qua</strong></span> <span class='ocrx_word' id='word_1_409' title='bbox 2419 3099 2577 3160; x_wconf 70' lang='lat' dir='ltr'><strong>pana</strong></span> <span class='ocrx_word' id='word_1_410' title='bbox 2600 3086 2837 3142; x_wconf 77' lang='lat' dir='ltr'><strong>mulctati</strong></span> <span class='ocrx_word' id='word_1_411' title='bbox 2863 3087 2964 3142; x_wconf 75' lang='lat' dir='ltr'><strong>sint</strong></span> <span class='ocrx_word' id='word_1_412' title='bbox 2993 3085 3225 3156; x_wconf 77' lang='lat' dir='ltr'><strong>ejusdem</strong></span> <span class='ocrx_word' id='word_1_413' title='bbox 3245 3084 3349 3140; x_wconf 79' lang='lat' dir='ltr'><strong>laci</strong></span> <span class='ocrx_word' id='word_1_414' title='bbox 3370 3085 3681 3142; x_wconf 76' lang='lat' dir='ltr'><strong>uiolatam.</strong></span> 
     </span>
    </p>
   </div>
   <div class='ocr_carea' id='block_1_61' title="bbox 498 3192 3778 3300">
    <p class='ocr_par' dir='ltr' id='par_1_61' title="bbox 498 3192 3778 3300">
     <span class='ocr_line' id='line_1_61' title="bbox 498 3192 3778 3300; baseline -0.003 -14"><span class='ocrx_word' id='word_1_415' title='bbox 498 3192 656 3287; x_wconf 63' lang='lat' dir='ltr'><strong>osiiis</strong></span> <span class='ocrx_word' id='word_1_416' title='bbox 683 3192 982 3300; x_wconf 67' lang='lat' dir='ltr'><strong>pa’vimenti</strong></span> <span class='ocrx_word' id='word_1_417' title='bbox 1010 3225 1287 3297; x_wconf 84' lang='lat' dir='ltr'><strong>planitiem</strong></span> <span class='ocrx_word' id='word_1_418' title='bbox 1318 3224 1618 3297; x_wconf 88' lang='lat' dir='ltr'><strong>pulsarent,</strong></span> <span class='ocrx_word' id='word_1_419' title='bbox 1649 3224 1719 3281; x_wconf 89' lang='lat' dir='ltr'><strong>ob</strong></span> <span class='ocrx_word' id='word_1_420' title='bbox 1750 3192 1902 3295; x_wconf 75' lang='lat' dir='ltr'><strong>spem</strong></span> <span class='ocrx_word' id='word_1_421' title='bbox 1930 3224 2083 3279; x_wconf 83' lang='lat' dir='ltr'><strong>vide-</strong></span> <span class='ocrx_word' id='word_1_422' title='bbox 2112 3192 2157 3256; x_wconf 81' lang='lat' dir='ltr'><strong>C</strong></span> <span class='ocrx_word' id='word_1_423' title='bbox 2257 3222 2388 3280; x_wconf 85' lang='lat' dir='ltr'><strong>Post</strong></span> <span class='ocrx_word' id='word_1_424' title='bbox 2410 3224 2638 3279; x_wconf 91' lang='lat' dir='ltr'><strong>multum</strong></span> <span class='ocrx_word' id='word_1_425' title='bbox 2668 3238 2798 3279; x_wconf 82' lang='lat' dir='ltr'><strong>vero</strong></span> <span class='ocrx_word' id='word_1_426' title='bbox 2821 3221 3103 3292; x_wconf 85' lang='lat' dir='ltr'><strong>temporis,</strong></span> <span class='ocrx_word' id='word_1_427' title='bbox 3125 3223 3272 3277; x_wconf 87' lang='lat' dir='ltr'><strong>misit</strong></span> <span class='ocrx_word' id='word_1_428' title='bbox 3289 3221 3566 3293; x_wconf 84' lang='lat' dir='ltr'><strong>Pippinus</strong></span> <span class='ocrx_word' id='word_1_429' title='bbox 3587 3223 3778 3290; x_wconf 59' lang='grc' dir='ltr'><strong>πυξοε-</strong></span> 
     </span>
    </p>
   </div>
   <div class='ocr_carea' id='block_1_62' title="bbox 496 3314 2088 3389">
    <p class='ocr_par' dir='ltr' id='par_1_62' title="bbox 496 3314 2088 3389">
     <span class='ocr_line' id='line_1_62' title="bbox 496 3314 2088 3389; baseline -0.002 -14"><span class='ocrx_word' id='word_1_430' title='bbox 496 3321 632 3378; x_wconf 85' lang='lat' dir='ltr'><strong>licet</strong></span> <span class='ocrx_word' id='word_1_431' title='bbox 668 3318 1008 3375; x_wconf 72' lang='lat' dir='ltr'><strong>invenienda:</strong></span> <span class='ocrx_word' id='word_1_432' title='bbox 1039 3316 1313 3389; x_wconf 65' lang='lat' dir='ltr'><strong>pecuniae,</strong></span> <span class='ocrx_word' id='word_1_433' title='bbox 1345 3332 1486 3372; x_wconf 91' lang='lat' dir='ltr'><strong>unus</strong></span> <span class='ocrx_word' id='word_1_434' title='bbox 1516 3314 1729 3372; x_wconf 87' lang='lat' dir='ltr'><strong>illorum</strong></span> <span class='ocrx_word' id='word_1_435' title='bbox 1764 3325 1884 3388; x_wconf 89' lang='lat' dir='ltr'><strong>post</strong></span> <span class='ocrx_word' id='word_1_436' title='bbox 1914 3315 2088 3372; x_wconf 88' lang='lat' dir='ltr'><strong>altare</strong></span> 
     </span>
    </p>
   </div>
   <div class='ocr_carea' id='block_1_63' title="bbox 496 3406 2087 3482">
    <p class='ocr_par' dir='ltr' id='par_1_63' title="bbox 496 3406 2087 3482">
     <span class='ocr_line' id='line_1_63' title="bbox 496 3406 2087 3482; baseline -0.004 -15"><span class='ocrx_word' id='word_1_437' title='bbox 496 3412 743 3475; x_wconf 81' lang='lat' dir='ltr'><strong>veniens,</strong></span> <span class='ocrx_word' id='word_1_438' title='bbox 765 3410 1132 3482; x_wconf 83' lang='lat' dir='ltr'><strong>pavimentum</strong></span> <span class='ocrx_word' id='word_1_439' title='bbox 1156 3407 1443 3479; x_wconf 89' lang='lat' dir='ltr'><strong>percussit;</strong></span> <span class='ocrx_word' id='word_1_440' title='bbox 1469 3415 1523 3462; x_wconf 88' lang='lat' dir='ltr'><strong>et</strong></span> <span class='ocrx_word' id='word_1_441' title='bbox 1543 3406 1769 3462; x_wconf 87' lang='lat' dir='ltr'><strong>audiens</strong></span> <span class='ocrx_word' id='word_1_442' title='bbox 1796 3422 1826 3461; x_wconf 93' lang='lat' dir='ltr'><strong>a</strong></span> <span class='ocrx_word' id='word_1_443' title='bbox 1853 3406 2087 3461; x_wconf 76' lang='lat' dir='ltr'><strong>caritate</strong></span> 
     </span>
    </p>
   </div>
   <div class='ocr_carea' id='block_1_64' title="bbox 499 3493 2087 3566">
    <p class='ocr_par' dir='ltr' id='par_1_64' title="bbox 499 3493 2087 3566">
     <span class='ocr_line' id='line_1_64' title="bbox 499 3493 2087 3566; baseline -0.004 -9"><span class='ocrx_word' id='word_1_444' title='bbox 499 3499 696 3557; x_wconf 88' lang='lat' dir='ltr'><strong>tumuli</strong></span> <span class='ocrx_word' id='word_1_445' title='bbox 719 3499 955 3557; x_wconf 90' lang='lat' dir='ltr'><strong>sonitum</strong></span> <span class='ocrx_word' id='word_1_446' title='bbox 980 3497 1133 3555; x_wconf 89' lang='lat' dir='ltr'><strong>reddi</strong></span> <span class='ocrx_word' id='word_1_447' title='bbox 1159 3512 1174 3551; x_wconf 93' lang='lat'><strong>:</strong></span> <span class='ocrx_word' id='word_1_448' title='bbox 1200 3496 1300 3552; x_wconf 81' lang='lat' dir='ltr'><strong>llic</strong></span> <span class='ocrx_word' id='word_1_449' title='bbox 1324 3506 1403 3552; x_wconf 88' lang='lat' dir='ltr'><strong>est</strong></span> <span class='ocrx_word' id='word_1_450' title='bbox 1429 3537 1443 3561; x_wconf 94' lang='lat'><strong>,</strong></span> <span class='ocrx_word' id='word_1_451' title='bbox 1483 3497 1690 3566; x_wconf 88' lang='lat' dir='ltr'><strong>inquit,</strong></span> <span class='ocrx_word' id='word_1_452' title='bbox 1719 3496 1863 3565; x_wconf 85' lang='lat' dir='ltr'><strong>quod</strong></span> <span class='ocrx_word' id='word_1_453' title='bbox 1891 3493 2087 3566; x_wconf 87' lang='lat' dir='ltr'><strong>oppido</strong></span> 
     </span>
    </p>
   </div>
   <div class='ocr_carea' id='block_1_65' title="bbox 496 3581 2088 3655">
    <p class='ocr_par' dir='ltr' id='par_1_65' title="bbox 496 3581 2088 3655">
     <span class='ocr_line' id='line_1_65' title="bbox 496 3581 2088 3655; baseline -0.007 -7"><span class='ocrx_word' id='word_1_454' title='bbox 496 3589 845 3647; x_wconf 77' lang='lat' dir='ltr'><strong>desideratis.</strong></span> <span class='ocrx_word' id='word_1_455' title='bbox 887 3586 1249 3643; x_wconf 84' lang='lat' dir='ltr'><strong>Aecurrentes</strong></span> <span class='ocrx_word' id='word_1_456' title='bbox 1279 3586 1445 3655; x_wconf 78' lang='lat' dir='ltr'><strong>igitur</strong></span> <span class='ocrx_word' id='word_1_457' title='bbox 1490 3585 1834 3654; x_wconf 90' lang='lat' dir='ltr'><strong>pollinctores</strong></span> <span class='ocrx_word' id='word_1_458' title='bbox 1870 3581 2088 3651; x_wconf 81' lang='lat' dir='ltr'><strong>infesti,</strong></span> 
     </span>
    </p>
   </div>
   <div class='ocr_carea' id='block_1_66' title="bbox 498 3674 2087 3752">
    <p class='ocr_par' dir='ltr' id='par_1_66' title="bbox 498 3674 2087 3752">
     <span class='ocr_line' id='line_1_66' title="bbox 498 3674 2087 3752; baseline -0.006 -16"><span class='ocrx_word' id='word_1_459' title='bbox 498 3685 788 3752; x_wconf 67' lang='lat' dir='ltr'><strong>‘etbperunt</strong></span> <span class='ocrx_word' id='word_1_460' title='bbox 834 3678 1049 3742; x_wconf 87' lang='lat' dir='ltr'><strong>fodere;</strong></span> <span class='ocrx_word' id='word_1_461' title='bbox 1085 3685 1141 3731; x_wconf 88' lang='lat' dir='ltr'><strong>et</strong></span> <span class='ocrx_word' id='word_1_462' title='bbox 1171 3690 1292 3730; x_wconf 91' lang='lat' dir='ltr'><strong>cum</strong></span> <span class='ocrx_word' id='word_1_463' title='bbox 1330 3675 1395 3729; x_wconf 91' lang='lat' dir='ltr'><strong>ad</strong></span> <span class='ocrx_word' id='word_1_464' title='bbox 1421 3674 1652 3729; x_wconf 87' lang='lat' dir='ltr'><strong>loculum</strong></span> <span class='ocrx_word' id='word_1_465' title='bbox 1684 3674 2087 3744; x_wconf 83' lang='lat' dir='ltr'><strong>pervenissent,</strong></span> 
     </span>
    </p>
   </div>
   <div class='ocr_carea' id='block_1_67' title="bbox 503 3761 2091 3834">
    <p class='ocr_par' dir='ltr' id='par_1_67' title="bbox 503 3761 2091 3834">
     <span class='ocr_line' id='line_1_67' title="bbox 503 3761 2091 3834; baseline -0.008 -4"><span class='ocrx_word' id='word_1_466' title='bbox 503 3770 820 3830; x_wconf 74' lang='lat' dir='ltr'><strong>extulerunt</strong></span> <span class='ocrx_word' id='word_1_467' title='bbox 842 3768 1014 3834; x_wconf 88' lang='lat' dir='ltr'><strong>illum,</strong></span> <span class='ocrx_word' id='word_1_468' title='bbox 1039 3767 1281 3822; x_wconf 89' lang='lat' dir='ltr'><strong>dicentes</strong></span> <span class='ocrx_word' id='word_1_469' title='bbox 1306 3781 1318 3819; x_wconf 93' lang='lat'>:</span> <span class='ocrx_word' id='word_1_470' title='bbox 1348 3763 1483 3831; x_wconf 84' lang='lat' dir='ltr'><strong>Quia</strong></span> <span class='ocrx_word' id='word_1_471' title='bbox 1514 3764 1603 3819; x_wconf 90' lang='lat' dir='ltr'><strong>isti</strong></span> <span class='ocrx_word' id='word_1_472' title='bbox 1628 3763 1857 3818; x_wconf 71' lang='lat' dir='ltr'><strong>Rmtiani</strong></span> <span class='ocrx_word' id='word_1_473' title='bbox 1886 3761 2091 3819; x_wconf 86' lang='lat' dir='ltr'><strong>callidi-</strong></span> 
     </span>
    </p>
   </div>
   <div class='ocr_carea' id='block_1_68' title="bbox 503 3855 2091 3927">
    <p class='ocr_par' dir='ltr' id='par_1_68' title="bbox 503 3855 2091 3927">
     <span class='ocr_line' id='line_1_68' title="bbox 503 3855 2091 3927; baseline -0.007 -5"><span class='ocrx_word' id='word_1_474' title='bbox 503 3874 618 3922; x_wconf 86' lang='lat' dir='ltr'><strong>tate</strong></span> <span class='ocrx_word' id='word_1_475' title='bbox 631 3860 866 3919; x_wconf 86' lang='lat' dir='ltr'><strong>naturali</strong></span> <span class='ocrx_word' id='word_1_476' title='bbox 881 3860 1179 3926; x_wconf 87' lang='lat' dir='ltr'><strong>abundant,</strong></span> <span class='ocrx_word' id='word_1_477' title='bbox 1196 3857 1478 3914; x_wconf 86' lang='lat' dir='ltr'><strong>videamus</strong></span> <span class='ocrx_word' id='word_1_478' title='bbox 1494 3872 1560 3911; x_wconf 90' lang='lat' dir='ltr'><strong>ne</strong></span> <span class='ocrx_word' id='word_1_479' title='bbox 1574 3856 1848 3927; x_wconf 87' lang='lat' dir='ltr'><strong>quippiam</strong></span> <span class='ocrx_word' id='word_1_480' title='bbox 1871 3856 1970 3910; x_wconf 92' lang='lat' dir='ltr'><strong>sub</strong></span> <span class='ocrx_word' id='word_1_481' title='bbox 1987 3855 2091 3911; x_wconf 90' lang='lat' dir='ltr'><strong>hac</strong></span> 
     </span>
    </p>
   </div>
   <div class='ocr_carea' id='block_1_69' title="bbox 498 3946 2087 4019">
    <p class='ocr_par' dir='ltr' id='par_1_69' title="bbox 498 3946 2087 4019">
     <span class='ocr_line' id='line_1_69' title="bbox 498 3946 2087 4019; baseline -0.007 -6"><span class='ocrx_word' id='word_1_482' title='bbox 498 3964 633 4013; x_wconf 65' lang='lat' dir='ltr'><strong>arca</strong></span> <span class='ocrx_word' id='word_1_483' title='bbox 654 3953 852 4011; x_wconf 88' lang='lat' dir='ltr'><strong>occulti</strong></span> <span class='ocrx_word' id='word_1_484' title='bbox 874 3960 1171 4008; x_wconf 89' lang='lat' dir='ltr'><strong>remaneat.</strong></span> <span class='ocrx_word' id='word_1_485' title='bbox 1195 3949 1332 4006; x_wconf 84' lang='lat' dir='ltr'><strong>Huic</strong></span> <span class='ocrx_word' id='word_1_486' title='bbox 1359 3948 1649 4019; x_wconf 80' lang='lat' dir='ltr'><strong>sacrilegio</strong></span> <span class='ocrx_word' id='word_1_487' title='bbox 1690 3946 2047 4002; x_wconf 86' lang='lat' dir='ltr'><strong>inservicntcs</strong></span> <span class='ocrx_word' id='word_1_488' title='bbox 2072 3987 2087 4014; x_wconf 91' lang='lat'><strong>,</strong></span> 
     </span>
    </p>
   </div>
   <div class='ocr_carea' id='block_1_70' title="bbox 496 4038 2089 4109">
    <p class='ocr_par' dir='ltr' id='par_1_70' title="bbox 496 4038 2089 4109">
     <span class='ocr_line' id='line_1_70' title="bbox 496 4038 2089 4109; baseline -0.008 -4"><span class='ocrx_word' id='word_1_489' title='bbox 496 4046 708 4105; x_wconf 83' lang='lat' dir='ltr'><strong>invasit</strong></span> <span class='ocrx_word' id='word_1_490' title='bbox 724 4059 818 4102; x_wconf 87' lang='lat' dir='ltr'><strong>eos</strong></span> <span class='ocrx_word' id='word_1_491' title='bbox 845 4044 1040 4099; x_wconf 91' lang='lat' dir='ltr'><strong>horror</strong></span> <span class='ocrx_word' id='word_1_492' title='bbox 1063 4042 1380 4098; x_wconf 89' lang='lat' dir='ltr'><strong>immensus.</strong></span> <span class='ocrx_word' id='word_1_493' title='bbox 1408 4040 1511 4107; x_wconf 85' lang='lat' dir='ltr'><strong>Qui</strong></span> <span class='ocrx_word' id='word_1_494' title='bbox 1538 4040 1590 4094; x_wconf 91' lang='lat' dir='ltr'><strong>in</strong></span> <span class='ocrx_word' id='word_1_495' title='bbox 1614 4038 1794 4109; x_wconf 77' lang='lat' dir='ltr'><strong>fugam</strong></span> <span class='ocrx_word' id='word_1_496' title='bbox 1817 4039 2089 4105; x_wconf 85' lang='lat' dir='ltr'><strong>conversi,</strong></span> 
     </span>
    </p>
   </div>
   <div class='ocr_carea' id='block_1_71' title="bbox 501 4133 2088 4206">
    <p class='ocr_par' dir='ltr' id='par_1_71' title="bbox 501 4133 2088 4206">
     <span class='ocr_line' id='line_1_71' title="bbox 501 4133 2088 4206; baseline -0.006 -10"><span class='ocrx_word' id='word_1_497' title='bbox 501 4139 857 4197; x_wconf 77' lang='lat' dir='ltr'><strong>duinostium</strong></span> <span class='ocrx_word' id='word_1_498' title='bbox 876 4136 1104 4193; x_wconf 89' lang='lat' dir='ltr'><strong>oratorii</strong></span> <span class='ocrx_word' id='word_1_499' title='bbox 1134 4134 1331 4206; x_wconf 87' lang='lat' dir='ltr'><strong>singuli</strong></span> <span class='ocrx_word' id='word_1_500' title='bbox 1360 4148 1741 4204; x_wconf 83' lang='lat' dir='ltr'><strong>praeoccupare</strong></span> <span class='ocrx_word' id='word_1_501' title='bbox 1761 4133 2088 4200; x_wconf 89' lang='lat' dir='ltr'><strong>niterentur,</strong></span> 
     </span>
    </p>
   </div>
   <div class='ocr_carea' id='block_1_72' title="bbox 510 4227 2145 4304">
    <p class='ocr_par' dir='ltr' id='par_1_72' title="bbox 510 4227 2145 4304">
     <span class='ocr_line' id='line_1_72' title="bbox 510 4227 2145 4304; baseline -0.006 -13"><span class='ocrx_word' id='word_1_502' title='bbox 510 4235 724 4291; x_wconf 89' lang='lat' dir='ltr'><strong>insania</strong></span> <span class='ocrx_word' id='word_1_503' title='bbox 768 4231 982 4304; x_wconf 86' lang='lat' dir='ltr'><strong>agitati,</strong></span> <span class='ocrx_word' id='word_1_504' title='bbox 1027 4230 1329 4301; x_wconf 85' lang='lat' dir='ltr'><strong>evaginalis</strong></span> <span class='ocrx_word' id='word_1_505' title='bbox 1357 4228 1548 4298; x_wconf 88' lang='lat' dir='ltr'><strong>gladiis</strong></span> <span class='ocrx_word' id='word_1_506' title='bbox 1576 4227 1807 4283; x_wconf 88' lang='lat' dir='ltr'><strong>invicem</strong></span> <span class='ocrx_word' id='word_1_507' title='bbox 1829 4242 1888 4283; x_wconf 90' lang='lat' dir='ltr'><strong>se</strong></span> <span class='ocrx_word' id='word_1_508' title='bbox 1912 4227 2094 4283; x_wconf 89' lang='lat' dir='ltr'><strong>conci—</strong></span> <span class='ocrx_word' id='word_1_509' title='bbox 2139 4256 2145 4261; x_wconf 84' lang='lat'><strong><em>~</em></strong></span> 
     </span>
    </p>
   </div>
   <div class='ocr_carea' id='block_1_73' title="bbox 506 4316 2092 4387">
    <p class='ocr_par' dir='ltr' id='par_1_73' title="bbox 506 4316 2092 4387">
     <span class='ocr_line' id='line_1_73' title="bbox 506 4316 2092 4387; baseline -0.005 -7"><span class='ocrx_word' id='word_1_510' title='bbox 506 4328 726 4381; x_wconf 83' lang='lat' dir='ltr'><strong>derunt.</strong></span> <span class='ocrx_word' id='word_1_511' title='bbox 755 4321 1129 4378; x_wconf 82' lang='lat' dir='ltr'><strong>Erchonaldus</strong></span> <span class='ocrx_word' id='word_1_512' title='bbox 1154 4333 1304 4384; x_wconf 87' lang='lat' dir='ltr'><strong>vero,</strong></span> <span class='ocrx_word' id='word_1_513' title='bbox 1334 4317 1494 4387; x_wconf 86' lang='lat' dir='ltr'><strong>hujus</strong></span> <span class='ocrx_word' id='word_1_514' title='bbox 1530 4325 1722 4373; x_wconf 91' lang='lat' dir='ltr'><strong>auctor</strong></span> <span class='ocrx_word' id='word_1_515' title='bbox 1747 4317 1988 4384; x_wconf 90' lang='lat' dir='ltr'><strong>sceleris,</strong></span> <span class='ocrx_word' id='word_1_516' title='bbox 2020 4316 2092 4372; x_wconf 83' lang='lat' dir='ltr'><strong>ti-</strong></span> 
     </span>
    </p>
   </div>
   <div class='ocr_carea' id='block_1_74' title="bbox 506 4408 2095 4486">
    <p class='ocr_par' dir='ltr' id='par_1_74' title="bbox 506 4408 2095 4486">
     <span class='ocr_line' id='line_1_74' title="bbox 506 4408 2095 4486; baseline -0.008 -12"><span class='ocrx_word' id='word_1_517' title='bbox 506 4432 663 4474; x_wconf 89' lang='lat' dir='ltr'><strong>more</strong></span> <span class='ocrx_word' id='word_1_518' title='bbox 689 4421 936 4486; x_wconf 82' lang='lat' dir='ltr'><strong>cogente,</strong></span> <span class='ocrx_word' id='word_1_519' title='bbox 966 4411 1155 4467; x_wconf 88' lang='lat' dir='ltr'><strong>volens</strong></span> <span class='ocrx_word' id='word_1_520' title='bbox 1181 4408 1401 4465; x_wconf 80' lang='lat' dir='ltr'><strong>exsilire</strong></span> <span class='ocrx_word' id='word_1_521' title='bbox 1426 4411 1535 4480; x_wconf 83' lang='lat' dir='ltr'><strong>per‘</strong></span> <span class='ocrx_word' id='word_1_522' title='bbox 1554 4408 1753 4464; x_wconf 89' lang='lat' dir='ltr'><strong>ostium</strong></span> <span class='ocrx_word' id='word_1_523' title='bbox 1773 4447 1789 4475; x_wconf 93' lang='lat'><strong>,</strong></span> <span class='ocrx_word' id='word_1_524' title='bbox 1820 4417 1981 4478; x_wconf 88' lang='lat' dir='ltr'><strong>caput</strong></span> <span class='ocrx_word' id='word_1_525' title='bbox 2005 4423 2095 4463; x_wconf 88' lang='lat' dir='ltr'><strong>su-</strong></span> 
     </span>
    </p>
   </div>
   <div class='ocr_carea' id='block_1_75' title="bbox 505 4497 2092 4579">
    <p class='ocr_par' dir='ltr' id='par_1_75' title="bbox 505 4497 2092 4579">
     <span class='ocr_line' id='line_1_75' title="bbox 505 4497 2092 4579; baseline -0.005 -18"><span class='ocrx_word' id='word_1_526' title='bbox 505 4502 846 4579; x_wconf 89' lang='lat' dir='ltr'><strong>perliminari</strong></span> <span class='ocrx_word' id='word_1_527' title='bbox 893 4500 1064 4565; x_wconf 90' lang='lat' dir='ltr'><strong>illisit,</strong></span> <span class='ocrx_word' id='word_1_528' title='bbox 1093 4508 1148 4554; x_wconf 92' lang='lat' dir='ltr'><strong>et</strong></span> <span class='ocrx_word' id='word_1_529' title='bbox 1176 4498 1243 4552; x_wconf 88' lang='lat' dir='ltr'><strong>ad</strong></span> <span class='ocrx_word' id='word_1_530' title='bbox 1266 4506 1468 4552; x_wconf 90' lang='lat' dir='ltr'><strong>terram</strong></span> <span class='ocrx_word' id='word_1_531' title='bbox 1492 4497 1798 4560; x_wconf 90' lang='lat' dir='ltr'><strong>concidens,</strong></span> <span class='ocrx_word' id='word_1_532' title='bbox 1825 4498 2092 4553; x_wconf 90' lang='lat' dir='ltr'><strong>alienatus</strong></span> 
     </span>
    </p>
   </div>
   <div class='ocr_carea' id='block_1_76' title="bbox 509 4587 2085 4668">
    <p class='ocr_par' dir='ltr' id='par_1_76' title="bbox 509 4587 2085 4668">
     <span class='ocr_line' id='line_1_76' title="bbox 509 4587 2085 4668; baseline -0.006 -14"><span class='ocrx_word' id='word_1_533' title='bbox 509 4605 693 4654; x_wconf 85' lang='lat' dir='ltr'><strong>mente</strong></span> <span class='ocrx_word' id='word_1_534' title='bbox 714 4594 951 4668; x_wconf 89' lang='lat' dir='ltr'><strong>jacebat.</strong></span> <span class='ocrx_word' id='word_1_535' title='bbox 981 4591 1225 4660; x_wconf 88' lang='lat' dir='ltr'><strong>Cumque</strong></span> <span class='ocrx_word' id='word_1_536' title='bbox 1251 4604 1283 4643; x_wconf 89' lang='lat' dir='ltr'><strong>a</strong></span> <span class='ocrx_word' id='word_1_537' title='bbox 1311 4588 1423 4643; x_wconf 88' lang='lat' dir='ltr'><strong>suis</strong></span> <span class='ocrx_word' id='word_1_538' title='bbox 1458 4587 1846 4659; x_wconf 87' lang='lat' dir='ltr'><strong>perduceretur</strong></span> <span class='ocrx_word' id='word_1_539' title='bbox 1874 4591 2085 4659; x_wconf 82' lang='lat' dir='ltr'><strong>adpro-</strong></span> 
     </span>
    </p>
   </div>
   <div class='ocr_carea' id='block_1_77' title="bbox 507 4680 2095 4760">
    <p class='ocr_par' dir='ltr' id='par_1_77' title="bbox 507 4680 2095 4760">
     <span class='ocr_line' id='line_1_77' title="bbox 507 4680 2095 4760; baseline -0.005 -15"><span class='ocrx_word' id='word_1_540' title='bbox 507 4689 653 4760; x_wconf 91' lang='lat' dir='ltr'><strong>pria,</strong></span> <span class='ocrx_word' id='word_1_541' title='bbox 677 4686 846 4742; x_wconf 89' lang='lat' dir='ltr'><strong>nimia</strong></span> <span class='ocrx_word' id='word_1_542' title='bbox 874 4683 1189 4740; x_wconf 84' lang='lat' dir='ltr'><strong>infirmitate</strong></span> <span class='ocrx_word' id='word_1_543' title='bbox 1215 4690 1270 4738; x_wconf 90' lang='lat' dir='ltr'><strong>et</strong></span> <span class='ocrx_word' id='word_1_544' title='bbox 1307 4681 1463 4737; x_wconf 88' lang='lat' dir='ltr'><strong>novis</strong></span> <span class='ocrx_word' id='word_1_545' title='bbox 1489 4680 1767 4738; x_wconf 90' lang='lat' dir='ltr'><strong>doloribus</strong></span> <span class='ocrx_word' id='word_1_546' title='bbox 1792 4684 1958 4752; x_wconf 74' lang='lat' dir='ltr'><strong>cmpit</strong></span> <span class='ocrx_word' id='word_1_547' title='bbox 2001 4700 2095 4738; x_wconf 79' lang='lat' dir='ltr'><strong>ur-</strong></span> 
     </span>
    </p>
   </div>
   <div class='ocr_carea' id='block_1_78' title="bbox 509 4765 2098 4851">
    <p class='ocr_par' dir='ltr' id='par_1_78' title="bbox 509 4765 2098 4851">
     <span class='ocr_line' id='line_1_78' title="bbox 509 4765 2098 4851; baseline -0.004 -18"><span class='ocrx_word' id='word_1_548' title='bbox 509 4778 647 4851; x_wconf 90' lang='lat' dir='ltr'><strong>geri.</strong></span> <span class='ocrx_word' id='word_1_549' title='bbox 688 4776 826 4832; x_wconf 89' lang='lat' dir='ltr'><strong>Toto</strong></span> <span class='ocrx_word' id='word_1_550' title='bbox 873 4765 1057 4844; x_wconf 82' lang='lat' dir='ltr'><strong>itaque</strong></span> <span class='ocrx_word' id='word_1_551' title='bbox 1086 4773 1254 4843; x_wconf 90' lang='lat' dir='ltr'><strong>ipsius</strong></span> <span class='ocrx_word' id='word_1_552' title='bbox 1292 4772 1419 4827; x_wconf 91' lang='lat' dir='ltr'><strong>anni</strong></span> <span class='ocrx_word' id='word_1_553' title='bbox 1474 4770 1743 4826; x_wconf 91' lang='lat' dir='ltr'><strong>curriculo</strong></span> <span class='ocrx_word' id='word_1_554' title='bbox 1788 4770 2098 4827; x_wconf 89' lang='lat' dir='ltr'><strong>fortissimis</strong></span> 
     </span>
    </p>
   </div>
   <div class='ocr_carea' id='block_1_79' title="bbox 512 4861 2097 4943">
    <p class='ocr_par' dir='ltr' id='par_1_79' title="bbox 512 4861 2097 4943">
     <span class='ocr_line' id='line_1_79' title="bbox 512 4861 2097 4943; baseline -0.004 -18"><span class='ocrx_word' id='word_1_555' title='bbox 512 4875 822 4943; x_wconf 70' lang='lat' dir='ltr'><strong>maceratus</strong></span> <span class='ocrx_word' id='word_1_556' title='bbox 851 4864 1137 4931; x_wconf 88' lang='lat' dir='ltr'><strong>molestiis,</strong></span> <span class='ocrx_word' id='word_1_557' title='bbox 1175 4862 1495 4934; x_wconf 88' lang='lat' dir='ltr'><strong>capillorum</strong></span> <span class='ocrx_word' id='word_1_558' title='bbox 1524 4861 1729 4917; x_wconf 88' lang='lat' dir='ltr'><strong>honore</strong></span> <span class='ocrx_word' id='word_1_559' title='bbox 1765 4870 1820 4917; x_wconf 90' lang='lat' dir='ltr'><strong>et</strong></span> <span class='ocrx_word' id='word_1_560' title='bbox 1844 4863 1982 4918; x_wconf 88' lang='lat' dir='ltr'><strong>cutis</strong></span> <span class='ocrx_word' id='word_1_561' title='bbox 2007 4879 2097 4918; x_wconf 93' lang='lat' dir='ltr'><strong>su-</strong></span> 
     </span>
    </p>
   </div>
   <div class='ocr_carea' id='block_1_80' title="bbox 512 4954 2100 5032">
    <p class='ocr_par' dir='ltr' id='par_1_80' title="bbox 512 4954 2100 5032">
     <span class='ocr_line' id='line_1_80' title="bbox 512 4954 2100 5032; baseline -0.003 -17"><span class='ocrx_word' id='word_1_562' title='bbox 512 4958 735 5032; x_wconf 78' lang='lat' dir='ltr'><strong>perﬁcie</strong></span> <span class='ocrx_word' id='word_1_563' title='bbox 765 4956 1046 5027; x_wconf 86' lang='lat' dir='ltr'><strong>spoliatus,</strong></span> <span class='ocrx_word' id='word_1_564' title='bbox 1076 4956 1241 5012; x_wconf 87' lang='lat' dir='ltr'><strong>etiam</strong></span> <span class='ocrx_word' id='word_1_565' title='bbox 1266 4954 1557 5027; x_wconf 89' lang='lat' dir='ltr'><strong>digitorum</strong></span> <span class='ocrx_word' id='word_1_566' title='bbox 1582 4968 1788 5026; x_wconf 85' lang='lat' dir='ltr'><strong>ungues</strong></span> <span class='ocrx_word' id='word_1_567' title='bbox 1813 4955 2014 5009; x_wconf 86' lang='lat' dir='ltr'><strong>amisit.</strong></span> <span class='ocrx_word' id='word_1_568' title='bbox 2032 4956 2100 5011; x_wconf 84' lang='lat' dir='ltr'><strong>Et</strong></span> 
     </span>
    </p>
   </div>
   <div class='ocr_carea' id='block_1_81' title="bbox 520 5084 2102 5155">
    <p class='ocr_par' dir='ltr' id='par_1_81' title="bbox 520 5084 2102 5155">
     <span class='ocr_line' id='line_1_81' title="bbox 520 5084 2102 5155; baseline -0.005 -7"><span class='ocrx_word' id='word_1_569' title='bbox 520 5084 529 5093; x_wconf 85' lang='grc'><strong>’</strong></span> <span class='ocrx_word' id='word_1_570' title='bbox 588 5106 616 5135; x_wconf 81' lang='grc' dir='ltr'>ι</span> <span class='ocrx_word' id='word_1_571' title='bbox 643 5092 743 5148; x_wconf 82' lang='lat' dir='ltr'><strong>llic</strong></span> <span class='ocrx_word' id='word_1_572' title='bbox 768 5091 1026 5147; x_wconf 85' lang='lat' dir='ltr'><strong>adversus</strong></span> <span class='ocrx_word' id='word_1_573' title='bbox 1056 5087 1341 5143; x_wconf 86' lang='lat' dir='ltr'><strong>Walafridi</strong></span> <span class='ocrx_word' id='word_1_574' title='bbox 1372 5084 1640 5143; x_wconf 88' lang='lat' dir='ltr'><strong>calculum</strong></span> <span class='ocrx_word' id='word_1_575' title='bbox 1680 5084 1971 5141; x_wconf 88' lang='lat' dir='ltr'><strong>Goldastus</strong></span> <span class='ocrx_word' id='word_1_576' title='bbox 2003 5099 2102 5155; x_wconf 81' lang='lat' dir='ltr'><strong>op-</strong></span> 
     </span>
    </p>
   </div>
   <div class='ocr_carea' id='block_1_82' title="bbox 516 5155 2104 5237">
    <p class='ocr_par' dir='ltr' id='par_1_82' title="bbox 516 5155 2104 5237">
     <span class='ocr_line' id='line_1_82' title="bbox 516 5155 2104 5237; baseline -0.006 -17"><span class='ocrx_word' id='word_1_577' title='bbox 516 5165 682 5237; x_wconf 81' lang='lat' dir='ltr'><strong>ponit</strong></span> <span class='ocrx_word' id='word_1_578' title='bbox 704 5163 1071 5237; x_wconf 78' lang='lat' dir='ltr'><strong>liermanuum</strong></span> <span class='ocrx_word' id='word_1_579' title='bbox 1094 5160 1481 5237; x_wconf 35' lang='lat' dir='ltr'><strong>Cpntﬂrqetum‘,</strong></span> <span class='ocrx_word' id='word_1_580' title='bbox 1519 5164 1581 5237; x_wconf 84' lang='lat' dir='ltr'><strong>ut</strong></span> <span class='ocrx_word' id='word_1_581' title='bbox 1610 5156 1702 5233; x_wconf 87' lang='lat' dir='ltr'><strong>qui</strong></span> <span class='ocrx_word' id='word_1_582' title='bbox 1737 5155 1935 5237; x_wconf 78' lang='lat' dir='ltr'><strong>Bosoni</strong></span> <span class='ocrx_word' id='word_1_583' title='bbox 1963 5155 2104 5211; x_wconf 86' lang='lat' dir='ltr'><strong>Con-</strong></span> 
     </span>
    </p>
   </div>
   <div class='ocr_carea' id='block_1_83' title="bbox 517 5227 2102 5303">
    <p class='ocr_par' dir='ltr' id='par_1_83' title="bbox 517 5227 2102 5303">
     <span class='ocr_line' id='line_1_83' title="bbox 517 5227 2102 5303; baseline -0.006 -11"><span class='ocrx_word' id='word_1_584' title='bbox 517 5227 803 5292; x_wconf 68' lang='lat' dir='ltr'><strong>stautiensi</strong></span> <span class='ocrx_word' id='word_1_585' title='bbox 827 5229 1384 5303; x_wconf 16' lang='lat' dir='ltr'><strong>episcopo‘E‘rntidum</strong></span> <span class='ocrx_word' id='word_1_586' title='bbox 1423 5227 1569 5282; x_wconf 90' lang='lat' dir='ltr'><strong>dicat</strong></span> <span class='ocrx_word' id='word_1_587' title='bbox 1602 5227 1934 5303; x_wconf 73' lang='lat' dir='ltr'><strong>successisse</strong></span> <span class='ocrx_word' id='word_1_588' title='bbox 1949 5241 2102 5303; x_wconf 86' lang='lat' dir='ltr'><strong>_an_no</strong></span> 
     </span>
    </p>
   </div>
   <div class='ocr_carea' id='block_1_84' title="bbox 518 5295 2103 5375">
    <p class='ocr_par' dir='ltr' id='par_1_84' title="bbox 518 5295 2103 5375">
     <span class='ocr_line' id='line_1_84' title="bbox 518 5295 2103 5375; baseline -0.008 -14"><span class='ocrx_word' id='word_1_589' title='bbox 518 5307 647 5373; x_wconf 76' lang='lat'><strong>736,</strong></span> <span class='ocrx_word' id='word_1_590' title='bbox 671 5320 779 5375; x_wconf 90' lang='lat' dir='ltr'><strong>quo</strong></span> <span class='ocrx_word' id='word_1_591' title='bbox 806 5295 950 5375; x_wconf 79' lang='lat' dir='ltr'><strong>anno</strong></span> <span class='ocrx_word' id='word_1_592' title='bbox 978 5295 1030 5356; x_wconf 81' lang='lat' dir='ltr'><strong>in</strong></span> <span class='ocrx_word' id='word_1_593' title='bbox 1058 5299 1204 5375; x_wconf 54' lang='lat' dir='ltr'><strong>vivis.</strong></span> <span class='ocrx_word' id='word_1_594' title='bbox 1229 5314 1349 5375; x_wconf 81' lang='lat' dir='ltr'><strong>esse</strong></span> <span class='ocrx_word' id='word_1_595' title='bbox 1385 5296 1692 5375; x_wconf 88' lang='lat' dir='ltr'><strong>non_potuit</strong></span> <span class='ocrx_word' id='word_1_596' title='bbox 1874 5336 1889 5361; x_wconf 93' lang='lat'><strong>,</strong></span> <span class='ocrx_word' id='word_1_597' title='bbox 1918 5296 1963 5375; x_wconf 75' lang='lat' dir='ltr'><strong>si</strong></span> <span class='ocrx_word' id='word_1_598' title='bbox 1990 5297 2103 5355; x_wconf 77' lang='lat' dir='ltr'><strong>cla-</strong></span> 
     </span>
    </p>
   </div>
   <div class='ocr_carea' id='block_1_85' title="bbox 516 5365 2103 5438">
    <p class='ocr_par' dir='ltr' id='par_1_85' title="bbox 516 5365 2103 5438">
     <span class='ocr_line' id='line_1_85' title="bbox 516 5365 2103 5438; baseline -0.007 -6"><span class='ocrx_word' id='word_1_599' title='bbox 516 5365 644 5433; x_wconf 71' lang='lat' dir='ltr'><strong>deni</strong></span> <span class='ocrx_word' id='word_1_600' title='bbox 667 5365 734 5431; x_wconf 73' lang='lat' dir='ltr'><strong>ab</strong></span> <span class='ocrx_word' id='word_1_601' title='bbox 771 5374 1022 5431; x_wconf 84' lang='lat' dir='ltr'><strong>Otliwino</strong></span> <span class='ocrx_word' id='word_1_602' title='bbox 1058 5370 1258 5424; x_wconf 89' lang='lat' dir='ltr'><strong>illatam</strong></span> <span class='ocrx_word' id='word_1_603' title='bbox 1283 5367 1397 5437; x_wconf 89' lang='lat' dir='ltr'><strong>jam</strong></span> <span class='ocrx_word' id='word_1_604' title='bbox 1424 5365 1883 5438; x_wconf 85' lang='lat' dir='ltr'><strong>episcopusvidit.</strong></span> <span class='ocrx_word' id='word_1_605' title='bbox 1919 5365 2103 5438; x_wconf 75' lang='lat' dir='ltr'><strong>Longe</strong></span> 
     </span>
    </p>
   </div>
   <div class='ocr_carea' id='block_1_86' title="bbox 515 5436 2101 5507">
    <p class='ocr_par' dir='ltr' id='par_1_86' title="bbox 515 5436 2101 5507">
     <span class='ocr_line' id='line_1_86' title="bbox 515 5436 2101 5507; baseline -0.009 -3"><span class='ocrx_word' id='word_1_606' title='bbox 515 5447 749 5503; x_wconf 80' lang='lat' dir='ltr'><strong>validius</strong></span> <span class='ocrx_word' id='word_1_607' title='bbox 783 5449 1159 5507; x_wconf 79' lang='lat' dir='ltr'><strong>argumentum</strong></span> <span class='ocrx_word' id='word_1_608' title='bbox 1201 5436 1409 5494; x_wconf 88' lang='lat' dir='ltr'><strong>desumi</strong></span> <span class='ocrx_word' id='word_1_609' title='bbox 1455 5436 1637 5507; x_wconf 80' lang='lat' dir='ltr'><strong>posset</strong></span> <span class='ocrx_word' id='word_1_610' title='bbox 1681 5437 1952 5507; x_wconf 69' lang='lat' dir='ltr'><strong>abaetate</strong></span> <span class='ocrx_word' id='word_1_611' title='bbox 1985 5436 2101 5507; x_wconf 52' lang='lat' dir='ltr'><strong>na,</strong></span> 
     </span>
    </p>
   </div>
   <div class='ocr_carea' id='block_1_87' title="bbox 518 5505 2100 5588">
    <p class='ocr_par' dir='ltr' id='par_1_87' title="bbox 518 5505 2100 5588">
     <span class='ocr_line' id='line_1_87' title="bbox 518 5505 2100 5588; baseline -0.008 -15"><span class='ocrx_word' id='word_1_612' title='bbox 518 5516 732 5588; x_wconf 88' lang='lat' dir='ltr'><strong>guoaldi</strong></span> <span class='ocrx_word' id='word_1_613' title='bbox 759 5525 814 5569; x_wconf 86' lang='lat' dir='ltr'><strong>et</strong></span> <span class='ocrx_word' id='word_1_614' title='bbox 848 5505 1141 5588; x_wconf 65' lang='lat' dir='ltr'><strong>Theodori,</strong></span> <span class='ocrx_word' id='word_1_615' title='bbox 1173 5508 1344 5567; x_wconf 89' lang='lat' dir='ltr'><strong>sancti</strong></span> <span class='ocrx_word' id='word_1_616' title='bbox 1380 5505 1518 5588; x_wconf 28' lang='lat' dir='ltr'><strong>Ca‘lli</strong></span> <span class='ocrx_word' id='word_1_617' title='bbox 1555 5506 1975 5588; x_wconf 65' lang='lat' dir='ltr'><strong>discipulorum,</strong></span> <span class='ocrx_word' id='word_1_618' title='bbox 2008 5505 2100 5575; x_wconf 89' lang='lat' dir='ltr'><strong>qui</strong></span> 
     </span>
    </p>
   </div>
   <div class='ocr_carea' id='block_1_88' title="bbox 517 5574 2100 5650">
    <p class='ocr_par' dir='ltr' id='par_1_88' title="bbox 517 5574 2100 5650">
     <span class='ocr_line' id='line_1_88' title="bbox 517 5574 2100 5650; baseline -0.009 -5"><span class='ocrx_word' id='word_1_619' title='bbox 517 5574 588 5645; x_wconf 67' lang='grc' dir='ltr'><strong>ἕο]</strong></span> <span class='ocrx_word' id='word_1_620' title='bbox 621 5597 871 5643; x_wconf 89' lang='lat' dir='ltr'><strong>octavum</strong></span> <span class='ocrx_word' id='word_1_621' title='bbox 903 5583 1155 5638; x_wconf 65' lang='lat' dir='ltr'><strong>saeculum</strong></span> <span class='ocrx_word' id='word_1_622' title='bbox 1182 5578 1463 5650; x_wconf 72' lang='lat' dir='ltr'><strong>pervenire</strong></span> <span class='ocrx_word' id='word_1_623' title='bbox 1490 5574 1869 5650; x_wconf 70' lang='lat' dir='ltr'><strong>nequiverunt.</strong></span> <span class='ocrx_word' id='word_1_624' title='bbox 1892 5574 2100 5650; x_wconf 48' lang='lat' dir='ltr'><strong>ferrum</strong></span> 
     </span>
    </p>
   </div>
   <div class='ocr_carea' id='block_1_89' title="bbox 518 5645 2103 5729">
    <p class='ocr_par' dir='ltr' id='par_1_89' title="bbox 518 5645 2103 5729">
     <span class='ocr_line' id='line_1_89' title="bbox 518 5645 2103 5729; baseline -0.01 -15"><span class='ocrx_word' id='word_1_625' title='bbox 518 5657 664 5729; x_wconf 78' lang='lat' dir='ltr'><strong>apud</strong></span> <span class='ocrx_word' id='word_1_626' title='bbox 690 5656 1068 5729; x_wconf 70' lang='lat' dir='ltr'><strong>Hermanumn</strong></span> <span class='ocrx_word' id='word_1_627' title='bbox 1098 5645 1204 5706; x_wconf 79' lang='lat' dir='ltr'><strong>non</strong></span> <span class='ocrx_word' id='word_1_628' title='bbox 1240 5648 1412 5729; x_wconf 83' lang='lat' dir='ltr'><strong>Boso_,</strong></span> <span class='ocrx_word' id='word_1_629' title='bbox 1582 5645 2103 5729; x_wconf 60' lang='lat' dir='ltr'><strong>Audonitts_§riifri-</strong></span> 
     </span>
    </p>
   </div>
   <div class='ocr_carea' id='block_1_90' title="bbox 524 5716 2102 5788">
    <p class='ocr_par' dir='ltr' id='par_1_90' title="bbox 524 5716 2102 5788">
     <span class='ocr_line' id='line_1_90' title="bbox 524 5716 2102 5788; baseline -0.008 -5"><span class='ocrx_word' id='word_1_630' title='bbox 524 5716 652 5783; x_wconf 69' lang='lat' dir='ltr'><strong>d&#39;um</strong></span> <span class='ocrx_word' id='word_1_631' title='bbox 688 5726 941 5781; x_wconf 85' lang='lat' dir='ltr'><strong>habuisse</strong></span> <span class='ocrx_word' id='word_1_632' title='bbox 978 5733 1350 5777; x_wconf 86' lang='lat' dir='ltr'><strong>successorem</strong></span> <span class='ocrx_word' id='word_1_633' title='bbox 1376 5717 1573 5788; x_wconf 82' lang='lat' dir='ltr'><strong>legitur</strong></span> <span class='ocrx_word' id='word_1_634' title='bbox 1598 5734 1611 5771; x_wconf 90' lang='lat'><strong>:</strong></span> <span class='ocrx_word' id='word_1_635' title='bbox 1632 5730 1740 5788; x_wconf 78' lang='lat' dir='ltr'><strong>nec</strong></span> <span class='ocrx_word' id='word_1_636' title='bbox 1768 5718 1812 5770; x_wconf 90' lang='lat' dir='ltr'><strong>si</strong></span> <span class='ocrx_word' id='word_1_637' title='bbox 1841 5716 1999 5788; x_wconf 84' lang='lat' dir='ltr'><strong>aliter</strong></span> <span class='ocrx_word' id='word_1_638' title='bbox 2026 5716 2102 5770; x_wconf 87' lang='lat' dir='ltr'><strong>le-</strong></span> 
     </span>
    </p>
   </div>
   <div class='ocr_carea' id='block_1_91' title="bbox 526 5787 2102 5872">
    <p class='ocr_par' dir='ltr' id='par_1_91' title="bbox 526 5787 2102 5872">
     <span class='ocr_line' id='line_1_91' title="bbox 526 5787 2102 5872; baseline -0.006 -19"><span class='ocrx_word' id='word_1_639' title='bbox 526 5806 761 5872; x_wconf 84' lang='lat' dir='ltr'><strong>geretur,</strong></span> <span class='ocrx_word' id='word_1_640' title='bbox 785 5792 1082 5852; x_wconf 71' lang='lat' dir='ltr'><strong>Walafrido</strong></span> <span class='ocrx_word' id='word_1_641' title='bbox 1100 5787 1601 5865; x_wconf 66' lang='lat' dir='ltr'><strong>pracferendaessct</strong></span> <span class='ocrx_word' id='word_1_642' title='bbox 1627 5787 1920 5844; x_wconf 87' lang='lat' dir='ltr'><strong>llcrmanni</strong></span> <span class='ocrx_word' id='word_1_643' title='bbox 1944 5787 2102 5859; x_wconf 81' lang='lat' dir='ltr'><strong>longe</strong></span> 
     </span>
    </p>
   </div>
   <div class='ocr_carea' id='block_1_92' title="bbox 2189 3312 3774 3382">
    <p class='ocr_par' dir='ltr' id='par_1_92' title="bbox 2189 3312 3774 3382">
     <span class='ocr_line' id='line_1_92' title="bbox 2189 3312 3774 3382; baseline -0.004 -10"><span class='ocrx_word' id='word_1_644' title='bbox 2189 3316 2380 3372; x_wconf 90' lang='lat' dir='ltr'><strong>domus</strong></span> <span class='ocrx_word' id='word_1_645' title='bbox 2410 3315 2438 3355; x_wconf 72' lang='grc' dir='ltr'><strong>ι’</strong></span> <span class='ocrx_word' id='word_1_646' title='bbox 2475 3314 2775 3371; x_wconf 81' lang='lat' dir='ltr'><strong>exercitum</strong></span> <span class='ocrx_word' id='word_1_647' title='bbox 2803 3313 3080 3382; x_wconf 85' lang='lat' dir='ltr'><strong>copiosum</strong></span> <span class='ocrx_word' id='word_1_648' title='bbox 3109 3312 3179 3366; x_wconf 87' lang='lat' dir='ltr'><strong>ad</strong></span> <span class='ocrx_word' id='word_1_649' title='bbox 3223 3312 3625 3367; x_wconf 79' lang='lat' dir='ltr'><strong>devastandam</strong></span> <span class='ocrx_word' id='word_1_650' title='bbox 3650 3314 3774 3365; x_wconf 77' lang='lat' dir='ltr'><strong>Ma-</strong></span> 
     </span>
    </p>
   </div>
   <div class='ocr_carea' id='block_1_93' title="bbox 2187 3398 3774 3473">
    <p class='ocr_par' dir='ltr' id='par_1_93' title="bbox 2187 3398 3774 3473">
     <span class='ocr_line' id='line_1_93' title="bbox 2187 3398 3774 3473; baseline -0.003 -11"><span class='ocrx_word' id='word_1_651' title='bbox 2187 3420 2510 3462; x_wconf 89' lang='lat' dir='ltr'><strong>mannorum</strong></span> <span class='ocrx_word' id='word_1_652' title='bbox 2536 3398 2897 3473; x_wconf 70' lang='lat' dir='ltr'><strong>provinciam,</strong></span> <span class='ocrx_word' id='word_1_653' title='bbox 2917 3411 2973 3458; x_wconf 91' lang='lat' dir='ltr'><strong>et</strong></span> <span class='ocrx_word' id='word_1_654' title='bbox 2998 3403 3195 3458; x_wconf 88' lang='lat' dir='ltr'><strong>iterato</strong></span> <span class='ocrx_word' id='word_1_655' title='bbox 3217 3401 3567 3457; x_wconf 84' lang='lat' dir='ltr'><strong>Francorum</strong></span> <span class='ocrx_word' id='word_1_656' title='bbox 3589 3403 3774 3457; x_wconf 78' lang='lat' dir='ltr'><strong>ditieni</strong></span> 
     </span>
    </p>
   </div>
   <div class='ocr_carea' id='block_1_94' title="bbox 2188 3495 3778 3571">
    <p class='ocr_par' dir='ltr' id='par_1_94' title="bbox 2188 3495 3778 3571">
     <span class='ocr_line' id='line_1_94' title="bbox 2188 3495 3778 3571; baseline -0.003 -15"><span class='ocrx_word' id='word_1_657' title='bbox 2188 3497 2598 3571; x_wconf 73' lang='lat' dir='ltr'><strong>subjugandam.</strong></span> <span class='ocrx_word' id='word_1_658' title='bbox 2632 3496 2875 3568; x_wconf 88' lang='lat' dir='ltr'><strong>Cumque</strong></span> <span class='ocrx_word' id='word_1_659' title='bbox 2901 3506 3044 3554; x_wconf 89' lang='lat' dir='ltr'><strong>terra</strong></span> <span class='ocrx_word' id='word_1_660' title='bbox 3093 3506 3202 3553; x_wconf 88' lang='lat' dir='ltr'><strong>tota</strong></span> <span class='ocrx_word' id='word_1_661' title='bbox 3242 3495 3430 3553; x_wconf 86' lang='lat' dir='ltr'><strong>hostili</strong></span> <span class='ocrx_word' id='word_1_662' title='bbox 3467 3505 3778 3554; x_wconf 64' lang='lat' dir='ltr'><strong>contem</strong></span> 
     </span>
    </p>
   </div>
   <div class='ocr_carea' id='block_1_95' title="bbox 2191 3588 3777 3660">
    <p class='ocr_par' dir='ltr' id='par_1_95' title="bbox 2191 3588 3777 3660">
     <span class='ocr_line' id='line_1_95' title="bbox 2191 3588 3777 3660; baseline -0.003 -15"><span class='ocrx_word' id='word_1_663' title='bbox 2191 3601 2279 3646; x_wconf 91' lang='lat' dir='ltr'><strong>tur</strong></span> <span class='ocrx_word' id='word_1_664' title='bbox 2326 3591 2543 3646; x_wconf 90' lang='lat' dir='ltr'><strong>incursu</strong></span> <span class='ocrx_word' id='word_1_665' title='bbox 2573 3630 2590 3656; x_wconf 94' lang='lat'><strong>,</strong></span> <span class='ocrx_word' id='word_1_666' title='bbox 2641 3589 2785 3647; x_wconf 83' lang='lat' dir='ltr'><strong>avidi</strong></span> <span class='ocrx_word' id='word_1_667' title='bbox 2814 3588 3113 3659; x_wconf 65' lang='lat' dir='ltr'><strong>praedones</strong></span> <span class='ocrx_word' id='word_1_668' title='bbox 3159 3588 3543 3644; x_wconf 79' lang='lat' dir='ltr'><strong>Arboucnsem</strong></span> <span class='ocrx_word' id='word_1_669' title='bbox 3589 3602 3777 3660; x_wconf 69' lang='lat' dir='ltr'><strong>pagum</strong></span> 
     </span>
    </p>
   </div>
   <div class='ocr_carea' id='block_1_96' title="bbox 2189 3679 3778 3755">
    <p class='ocr_par' dir='ltr' id='par_1_96' title="bbox 2189 3679 3778 3755">
     <span class='ocr_line' id='line_1_96' title="bbox 2189 3679 3778 3755; baseline -0.003 -18"><span class='ocrx_word' id='word_1_670' title='bbox 2189 3690 2574 3755; x_wconf 83' lang='lat' dir='ltr'><strong>percurrentes</strong></span> <span class='ocrx_word' id='word_1_671' title='bbox 2615 3681 2684 3736; x_wconf 88' lang='lat' dir='ltr'><strong>ad</strong></span> <span class='ocrx_word' id='word_1_672' title='bbox 2707 3679 2900 3735; x_wconf 90' lang='lat' dir='ltr'><strong>cellam</strong></span> <span class='ocrx_word' id='word_1_673' title='bbox 2925 3680 3025 3734; x_wconf 90' lang='lat' dir='ltr'><strong>viri</strong></span> <span class='ocrx_word' id='word_1_674' title='bbox 3058 3679 3156 3736; x_wconf 87' lang='lat' dir='ltr'><strong>Dei</strong></span> <span class='ocrx_word' id='word_1_675' title='bbox 3183 3689 3494 3745; x_wconf 87' lang='lat' dir='ltr'><strong>venerunt,</strong></span> <span class='ocrx_word' id='word_1_676' title='bbox 3533 3690 3594 3735; x_wconf 80' lang='lat' dir='ltr'><strong>et</strong></span> <span class='ocrx_word' id='word_1_677' title='bbox 3621 3694 3778 3751; x_wconf 81' lang='lat' dir='ltr'><strong>quos-</strong></span> 
     </span>
    </p>
   </div>
   <div class='ocr_carea' id='block_1_97' title="bbox 2191 3768 3779 3841">
    <p class='ocr_par' dir='ltr' id='par_1_97' title="bbox 2191 3768 3779 3841">
     <span class='ocr_line' id='line_1_97' title="bbox 2191 3768 3779 3841; baseline -0.004 -14"><span class='ocrx_word' id='word_1_678' title='bbox 2191 3786 2406 3841; x_wconf 87' lang='lat' dir='ltr'><strong>cunque</strong></span> <span class='ocrx_word' id='word_1_679' title='bbox 2435 3772 2635 3826; x_wconf 89' lang='lat' dir='ltr'><strong>ibidem</strong></span> <span class='ocrx_word' id='word_1_680' title='bbox 2676 3770 3001 3824; x_wconf 86' lang='lat' dir='ltr'><strong>invenerunt</strong></span> <span class='ocrx_word' id='word_1_681' title='bbox 3030 3768 3191 3838; x_wconf 89' lang='lat' dir='ltr'><strong>(nam</strong></span> <span class='ocrx_word' id='word_1_682' title='bbox 3230 3770 3391 3825; x_wconf 87' lang='lat' dir='ltr'><strong>multi</strong></span> <span class='ocrx_word' id='word_1_683' title='bbox 3433 3769 3569 3824; x_wconf 82' lang='lat' dir='ltr'><strong>illuc</strong></span> <span class='ocrx_word' id='word_1_684' title='bbox 3596 3768 3779 3825; x_wconf 67' lang='lat' dir='ltr'><strong>confu-</strong></span> 
     </span>
    </p>
   </div>
   <div class='ocr_carea' id='block_1_98' title="bbox 2192 3861 3783 3936">
    <p class='ocr_par' dir='ltr' id='par_1_98' title="bbox 2192 3861 3783 3936">
     <span class='ocr_line' id='line_1_98' title="bbox 2192 3861 3783 3936; baseline -0.002 -18"><span class='ocrx_word' id='word_1_685' title='bbox 2192 3873 2381 3936; x_wconf 88' lang='lat' dir='ltr'><strong>gerant</strong></span> <span class='ocrx_word' id='word_1_686' title='bbox 2416 3870 2695 3932; x_wconf 86' lang='lat' dir='ltr'><strong>sperantes</strong></span> <span class='ocrx_word' id='word_1_687' title='bbox 2725 3861 2779 3916; x_wconf 93' lang='lat' dir='ltr'><strong>in</strong></span> <span class='ocrx_word' id='word_1_688' title='bbox 2814 3861 2910 3916; x_wconf 86' lang='lat' dir='ltr'><strong>Dei</strong></span> <span class='ocrx_word' id='word_1_689' title='bbox 2939 3861 3319 3916; x_wconf 79' lang='lat' dir='ltr'><strong>misericordia</strong></span> <span class='ocrx_word' id='word_1_690' title='bbox 3356 3870 3415 3917; x_wconf 89' lang='lat' dir='ltr'><strong>et</strong></span> <span class='ocrx_word' id='word_1_691' title='bbox 3457 3862 3783 3932; x_wconf 69' lang='lat' dir='ltr'><strong>patrociniis</strong></span> 
     </span>
    </p>
   </div>
   <div class='ocr_carea' id='block_1_99' title="bbox 2193 3949 3783 4024">
    <p class='ocr_par' dir='ltr' id='par_1_99' title="bbox 2193 3949 3783 4024">
     <span class='ocr_line' id='line_1_99' title="bbox 2193 3949 3783 4024; baseline -0.003 -18"><span class='ocrx_word' id='word_1_692' title='bbox 2193 3951 2364 4006; x_wconf 87' lang='lat' dir='ltr'><strong>sancti</strong></span> <span class='ocrx_word' id='word_1_693' title='bbox 2392 3949 2566 4024; x_wconf 90' lang='lat' dir='ltr'><strong>illius)</strong></span> <span class='ocrx_word' id='word_1_694' title='bbox 2599 3951 2802 4006; x_wconf 87' lang='lat' dir='ltr'><strong>duxere</strong></span> <span class='ocrx_word' id='word_1_695' title='bbox 2831 3950 3091 4020; x_wconf 83' lang='lat' dir='ltr'><strong>captivos.</strong></span> <span class='ocrx_word' id='word_1_696' title='bbox 3122 3950 3377 4020; x_wconf 88' lang='lat' dir='ltr'><strong>Quinque</strong></span> <span class='ocrx_word' id='word_1_697' title='bbox 3407 3960 3601 4005; x_wconf 85' lang='lat' dir='ltr'><strong>autem</strong></span> <span class='ocrx_word' id='word_1_698' title='bbox 3624 3964 3783 4019; x_wconf 73' lang='lat' dir='ltr'><strong>supra</strong></span> 
     </span>
    </p>
   </div>
   <div class='ocr_carea' id='block_1_100' title="bbox 2192 4042 3782 4114">
    <p class='ocr_par' dir='ltr' id='par_1_100' title="bbox 2192 4042 3782 4114">
     <span class='ocr_line' id='line_1_100' title="bbox 2192 4042 3782 4114; baseline -0.003 -15"><span class='ocrx_word' id='word_1_699' title='bbox 2192 4044 2477 4099; x_wconf 84' lang='lat' dir='ltr'><strong>memorati</strong></span> <span class='ocrx_word' id='word_1_700' title='bbox 2498 4043 2761 4114; x_wconf 86' lang='lat' dir='ltr'><strong>principis</strong></span> <span class='ocrx_word' id='word_1_701' title='bbox 2784 4042 3045 4098; x_wconf 87' lang='lat' dir='ltr'><strong>satellites</strong></span> <span class='ocrx_word' id='word_1_702' title='bbox 3075 4042 3303 4111; x_wconf 83' lang='lat' dir='ltr'><strong>ingressi</strong></span> <span class='ocrx_word' id='word_1_703' title='bbox 3329 4042 3639 4096; x_wconf 82' lang='lat' dir='ltr'><strong>oratorium</strong></span> <span class='ocrx_word' id='word_1_704' title='bbox 3662 4082 3679 4105; x_wconf 93' lang='lat'><strong>,</strong></span> <span class='ocrx_word' id='word_1_705' title='bbox 3711 4056 3782 4094; x_wconf 63' lang='lat' dir='ltr'><strong>re</strong></span> 
     </span>
    </p>
   </div>
   <div class='ocr_carea' id='block_1_101' title="bbox 2191 4126 3783 4204">
    <p class='ocr_par' dir='ltr' id='par_1_101' title="bbox 2191 4126 3783 4204">
     <span class='ocr_line' id='line_1_101' title="bbox 2191 4126 3783 4204; baseline -0.002 -17"><span class='ocrx_word' id='word_1_706' title='bbox 2191 4141 2452 4204; x_wconf 87' lang='lat' dir='ltr'><strong>pereront</strong></span> <span class='ocrx_word' id='word_1_707' title='bbox 2481 4133 2558 4187; x_wconf 90' lang='lat' dir='ltr'><strong>ibi</strong></span> <span class='ocrx_word' id='word_1_708' title='bbox 2581 4133 2842 4202; x_wconf 88' lang='lat' dir='ltr'><strong>quasdam</strong></span> <span class='ocrx_word' id='word_1_709' title='bbox 2872 4130 3096 4187; x_wconf 89' lang='lat' dir='ltr'><strong>ancillas</strong></span> <span class='ocrx_word' id='word_1_710' title='bbox 3120 4129 3360 4198; x_wconf 86' lang='lat' dir='ltr'><strong>ejusdem</strong></span> <span class='ocrx_word' id='word_1_711' title='bbox 3386 4126 3493 4186; x_wconf 84' lang='lat' dir='ltr'><strong>loci</strong></span> <span class='ocrx_word' id='word_1_712' title='bbox 3519 4146 3644 4186; x_wconf 86' lang='lat' dir='ltr'><strong>cum</strong></span> <span class='ocrx_word' id='word_1_713' title='bbox 3665 4144 3783 4201; x_wconf 72' lang='lat' dir='ltr'><strong>par-</strong></span> 
     </span>
    </p>
   </div>
   <div class='ocr_carea' id='block_1_102' title="bbox 2192 4220 3784 4291">
    <p class='ocr_par' dir='ltr' id='par_1_102' title="bbox 2192 4220 3784 4291">
     <span class='ocr_line' id='line_1_102' title="bbox 2192 4220 3784 4291; baseline -0.002 -13"><span class='ocrx_word' id='word_1_714' title='bbox 2192 4220 2335 4278; x_wconf 90' lang='lat' dir='ltr'><strong>vulis</strong></span> <span class='ocrx_word' id='word_1_715' title='bbox 2374 4236 2604 4286; x_wconf 90' lang='lat' dir='ltr'><strong>earum,</strong></span> <span class='ocrx_word' id='word_1_716' title='bbox 2630 4231 2687 4275; x_wconf 90' lang='lat' dir='ltr'><strong>et</strong></span> <span class='ocrx_word' id='word_1_717' title='bbox 2736 4235 2855 4291; x_wconf 84' lang='lat' dir='ltr'><strong>quae</strong></span> <span class='ocrx_word' id='word_1_718' title='bbox 2897 4228 3075 4276; x_wconf 83' lang='lat' dir='ltr'><strong>essent</strong></span> <span class='ocrx_word' id='word_1_719' title='bbox 3115 4221 3427 4291; x_wconf 79' lang='lat' dir='ltr'><strong>percontati</strong></span> <span class='ocrx_word' id='word_1_720' title='bbox 3456 4230 3612 4275; x_wconf 85' lang='lat' dir='ltr'><strong>sunt.</strong></span> <span class='ocrx_word' id='word_1_721' title='bbox 3660 4220 3784 4287; x_wconf 55' lang='lat' dir='ltr'><strong>ut:</strong></span> 
     </span>
    </p>
   </div>
   <div class='ocr_carea' id='block_1_103' title="bbox 2194 4310 3783 4386">
    <p class='ocr_par' dir='ltr' id='par_1_103' title="bbox 2194 4310 3783 4386">
     <span class='ocr_line' id='line_1_103' title="bbox 2194 4310 3783 4386; baseline -0.003 -15"><span class='ocrx_word' id='word_1_722' title='bbox 2194 4315 2323 4371; x_wconf 92' lang='lat' dir='ltr'><strong>dum</strong></span> <span class='ocrx_word' id='word_1_723' title='bbox 2360 4331 2419 4371; x_wconf 86' lang='lat' dir='ltr'><strong>se</strong></span> <span class='ocrx_word' id='word_1_724' title='bbox 2447 4316 2514 4370; x_wconf 90' lang='lat' dir='ltr'><strong>de</strong></span> <span class='ocrx_word' id='word_1_725' title='bbox 2545 4310 2746 4370; x_wconf 87' lang='lat' dir='ltr'><strong>familia</strong></span> <span class='ocrx_word' id='word_1_726' title='bbox 2778 4315 2947 4386; x_wconf 90' lang='lat' dir='ltr'><strong>ipsius</strong></span> <span class='ocrx_word' id='word_1_727' title='bbox 2984 4313 3157 4370; x_wconf 91' lang='lat' dir='ltr'><strong>sancti</strong></span> <span class='ocrx_word' id='word_1_728' title='bbox 3187 4328 3309 4369; x_wconf 89' lang='lat' dir='ltr'><strong>esse</strong></span> <span class='ocrx_word' id='word_1_729' title='bbox 3336 4314 3743 4382; x_wconf 75' lang='lat' dir='ltr'><strong>proclamarem</strong></span> <span class='ocrx_word' id='word_1_730' title='bbox 3764 4350 3783 4373; x_wconf 89' lang='lat'><strong>.</strong></span> 
     </span>
    </p>
   </div>
   <div class='ocr_carea' id='block_1_104' title="bbox 2195 4405 3784 4478">
    <p class='ocr_par' dir='ltr' id='par_1_104' title="bbox 2195 4405 3784 4478">
     <span class='ocr_line' id='line_1_104' title="bbox 2195 4405 3784 4478; baseline -0.003 -14"><span class='ocrx_word' id='word_1_731' title='bbox 2195 4408 2300 4464; x_wconf 85' lang='lat' dir='ltr'><strong>hoc</strong></span> <span class='ocrx_word' id='word_1_732' title='bbox 2320 4423 2348 4463; x_wconf 91' lang='lat' dir='ltr'><strong>a</strong></span> <span class='ocrx_word' id='word_1_733' title='bbox 2370 4408 2720 4478; x_wconf 60' lang='lat' dir='ltr'><strong>praedonibus</strong></span> <span class='ocrx_word' id='word_1_734' title='bbox 2735 4407 3022 4463; x_wconf 78' lang='lat' dir='ltr'><strong>audierunt</strong></span> <span class='ocrx_word' id='word_1_735' title='bbox 3041 4426 3053 4461; x_wconf 88' lang='lat'><strong>:</strong></span> <span class='ocrx_word' id='word_1_736' title='bbox 3069 4405 3246 4471; x_wconf 84' lang='lat' dir='ltr'><strong>Exite,</strong></span> <span class='ocrx_word' id='word_1_737' title='bbox 3267 4407 3637 4475; x_wconf 84' lang='lat' dir='ltr'><strong>egredimini;</strong></span> <span class='ocrx_word' id='word_1_738' title='bbox 3665 4421 3784 4460; x_wconf 76' lang='lat' dir='ltr'><strong>san-</strong></span> 
     </span>
    </p>
   </div>
   <div class='ocr_carea' id='block_1_105' title="bbox 2196 4501 3784 4574">
    <p class='ocr_par' dir='ltr' id='par_1_105' title="bbox 2196 4501 3784 4574">
     <span class='ocr_line' id='line_1_105' title="bbox 2196 4501 3784 4574; baseline -0.001 -16"><span class='ocrx_word' id='word_1_739' title='bbox 2196 4513 2345 4558; x_wconf 91' lang='lat' dir='ltr'><strong>ctum</strong></span> <span class='ocrx_word' id='word_1_740' title='bbox 2387 4518 2547 4572; x_wconf 90' lang='lat' dir='ltr'><strong>quem</strong></span> <span class='ocrx_word' id='word_1_741' title='bbox 2597 4503 2779 4559; x_wconf 89' lang='lat' dir='ltr'><strong>dicitis</strong></span> <span class='ocrx_word' id='word_1_742' title='bbox 2827 4502 3159 4574; x_wconf 90' lang='lat' dir='ltr'><strong>ignoramus.</strong></span> <span class='ocrx_word' id='word_1_743' title='bbox 3199 4501 3268 4556; x_wconf 85' lang='lat' dir='ltr'><strong>Et</strong></span> <span class='ocrx_word' id='word_1_744' title='bbox 3309 4501 3668 4556; x_wconf 74' lang='lat' dir='ltr'><strong>abduxerunt</strong></span> <span class='ocrx_word' id='word_1_745' title='bbox 3700 4514 3784 4555; x_wconf 71' lang='lat' dir='ltr'><strong>eas</strong></span> 
     </span>
    </p>
   </div>
   <div class='ocr_carea' id='block_1_106' title="bbox 2200 4595 3785 4668">
    <p class='ocr_par' dir='ltr' id='par_1_106' title="bbox 2200 4595 3785 4668">
     <span class='ocr_line' id='line_1_106' title="bbox 2200 4595 3785 4668; baseline -0.003 -15"><span class='ocrx_word' id='word_1_746' title='bbox 2200 4597 2441 4668; x_wconf 87' lang='lat' dir='ltr'><strong>captivas</strong></span> <span class='ocrx_word' id='word_1_747' title='bbox 2467 4596 2519 4651; x_wconf 93' lang='lat' dir='ltr'><strong>in</strong></span> <span class='ocrx_word' id='word_1_748' title='bbox 2550 4596 2859 4652; x_wconf 84' lang='lat' dir='ltr'><strong>Franciam.</strong></span> <span class='ocrx_word' id='word_1_749' title='bbox 2901 4596 3101 4651; x_wconf 83' lang='lat' dir='ltr'><strong>Eodem</strong></span> <span class='ocrx_word' id='word_1_750' title='bbox 3129 4611 3262 4650; x_wconf 87' lang='lat' dir='ltr'><strong>vero</strong></span> <span class='ocrx_word' id='word_1_751' title='bbox 3283 4610 3455 4661; x_wconf 86' lang='lat' dir='ltr'><strong>anno,</strong></span> <span class='ocrx_word' id='word_1_752' title='bbox 3481 4611 3513 4650; x_wconf 82' lang='lat' dir='ltr'><strong>a</strong></span> <span class='ocrx_word' id='word_1_753' title='bbox 3544 4595 3785 4666; x_wconf 80' lang='lat' dir='ltr'><strong>malignis</strong></span> 
     </span>
    </p>
   </div>
   <div class='ocr_carea' id='block_1_107' title="bbox 2201 4685 3785 4759">
    <p class='ocr_par' dir='ltr' id='par_1_107' title="bbox 2201 4685 3785 4759">
     <span class='ocr_line' id='line_1_107' title="bbox 2201 4685 3785 4759; baseline -0.004 -16"><span class='ocrx_word' id='word_1_754' title='bbox 2201 4688 2480 4759; x_wconf 88' lang='lat' dir='ltr'><strong>spiritibus</strong></span> <span class='ocrx_word' id='word_1_755' title='bbox 2519 4688 2720 4759; x_wconf 88' lang='lat' dir='ltr'><strong>arrepti</strong></span> <span class='ocrx_word' id='word_1_756' title='bbox 2766 4696 2821 4742; x_wconf 88' lang='lat' dir='ltr'><strong>et</strong></span> <span class='ocrx_word' id='word_1_757' title='bbox 2863 4694 3106 4742; x_wconf 88' lang='lat' dir='ltr'><strong>amentes</strong></span> <span class='ocrx_word' id='word_1_758' title='bbox 3135 4685 3336 4748; x_wconf 86' lang='lat' dir='ltr'><strong>effecti,</strong></span> <span class='ocrx_word' id='word_1_759' title='bbox 3379 4685 3516 4739; x_wconf 84' lang='lat' dir='ltr'><strong>nudi</strong></span> <span class='ocrx_word' id='word_1_760' title='bbox 3562 4687 3785 4741; x_wconf 84' lang='lat' dir='ltr'><strong>cireum-</strong></span> 
     </span>
    </p>
   </div>
   <div class='ocr_carea' id='block_1_108' title="bbox 2201 4776 3786 4848">
    <p class='ocr_par' dir='ltr' id='par_1_108' title="bbox 2201 4776 3786 4848">
     <span class='ocr_line' id='line_1_108' title="bbox 2201 4776 3786 4848; baseline -0.001 -17"><span class='ocrx_word' id='word_1_761' title='bbox 2201 4792 2417 4848; x_wconf 89' lang='lat' dir='ltr'><strong>quaque</strong></span> <span class='ocrx_word' id='word_1_762' title='bbox 2445 4779 2860 4843; x_wconf 87' lang='lat' dir='ltr'><strong>discurrebant;</strong></span> <span class='ocrx_word' id='word_1_763' title='bbox 2899 4786 2954 4833; x_wconf 90' lang='lat' dir='ltr'><strong>et</strong></span> <span class='ocrx_word' id='word_1_764' title='bbox 2977 4777 3288 4847; x_wconf 85' lang='lat' dir='ltr'><strong>ubicunque</strong></span> <span class='ocrx_word' id='word_1_765' title='bbox 3322 4776 3493 4831; x_wconf 86' lang='lat' dir='ltr'><strong>urbes</strong></span> <span class='ocrx_word' id='word_1_766' title='bbox 3524 4776 3618 4833; x_wconf 84' lang='lat' dir='ltr'><strong>vel</strong></span> <span class='ocrx_word' id='word_1_767' title='bbox 3644 4776 3786 4829; x_wconf 82' lang='lat' dir='ltr'><strong>vicus</strong></span> 
     </span>
    </p>
   </div>
   <div class='ocr_carea' id='block_1_109' title="bbox 2201 4866 3789 4940">
    <p class='ocr_par' dir='ltr' id='par_1_109' title="bbox 2201 4866 3789 4940">
     <span class='ocr_line' id='line_1_109' title="bbox 2201 4866 3789 4940; baseline -0.003 -18"><span class='ocrx_word' id='word_1_768' title='bbox 2201 4868 2431 4940; x_wconf 84' lang='lat' dir='ltr'><strong>ingressi</strong></span> <span class='ocrx_word' id='word_1_769' title='bbox 2473 4877 2599 4924; x_wconf 87' lang='lat' dir='ltr'><strong>sunt</strong></span> <span class='ocrx_word' id='word_1_770' title='bbox 2618 4910 2634 4933; x_wconf 87' lang='lat'><em>.</em></span> <span class='ocrx_word' id='word_1_771' title='bbox 2665 4870 2939 4924; x_wconf 90' lang='lat' dir='ltr'><strong>cruciatus</strong></span> <span class='ocrx_word' id='word_1_772' title='bbox 2961 4868 3045 4923; x_wconf 89' lang='lat' dir='ltr'><strong>sui</strong></span> <span class='ocrx_word' id='word_1_773' title='bbox 3076 4883 3267 4922; x_wconf 86' lang='lat' dir='ltr'><strong>causas</strong></span> <span class='ocrx_word' id='word_1_774' title='bbox 3307 4867 3643 4921; x_wconf 81' lang='lat' dir='ltr'><strong>retexebaut</strong></span> <span class='ocrx_word' id='word_1_775' title='bbox 3668 4907 3689 4928; x_wconf 84' lang='lat'><strong>,</strong></span> <span class='ocrx_word' id='word_1_776' title='bbox 3716 4866 3789 4918; x_wconf 76' lang='lat' dir='ltr'><strong>di-</strong></span> 
     </span>
    </p>
   </div>
   <div class='ocr_carea' id='block_1_110' title="bbox 2201 4957 3791 5028">
    <p class='ocr_par' dir='ltr' id='par_1_110' title="bbox 2201 4957 3791 5028">
     <span class='ocr_line' id='line_1_110' title="bbox 2201 4957 3791 5028; baseline -0.002 -15"><span class='ocrx_word' id='word_1_777' title='bbox 2201 4968 2386 5015; x_wconf 86' lang='lat' dir='ltr'><strong>centes</strong></span> <span class='ocrx_word' id='word_1_778' title='bbox 2414 4974 2429 5013; x_wconf 89' lang='lat'><strong>:</strong></span> <span class='ocrx_word' id='word_1_779' title='bbox 2460 4958 2641 5015; x_wconf 87' lang='lat' dir='ltr'><strong>Gallus</strong></span> <span class='ocrx_word' id='word_1_780' title='bbox 2662 4960 2832 5016; x_wconf 90' lang='lat' dir='ltr'><strong>abbas</strong></span> <span class='ocrx_word' id='word_1_781' title='bbox 2856 4974 2956 5014; x_wconf 85' lang='lat' dir='ltr'><strong>nos</strong></span> <span class='ocrx_word' id='word_1_782' title='bbox 2982 4958 3146 5014; x_wconf 87' lang='lat' dir='ltr'><strong>habet</strong></span> <span class='ocrx_word' id='word_1_783' title='bbox 3174 4957 3387 5028; x_wconf 88' lang='lat' dir='ltr'><strong>ligatos.</strong></span> <span class='ocrx_word' id='word_1_784' title='bbox 3428 4957 3501 5011; x_wconf 79' lang='lat' dir='ltr'><strong>Et</strong></span> <span class='ocrx_word' id='word_1_785' title='bbox 3535 4973 3665 5012; x_wconf 84' lang='lat' dir='ltr'><strong>cum</strong></span> <span class='ocrx_word' id='word_1_786' title='bbox 3696 4957 3791 5010; x_wconf 75' lang='lat' dir='ltr'><strong>hac</strong></span> 
     </span>
    </p>
   </div>
   <div class='ocr_carea' id='block_1_111' title="bbox 2204 5083 3793 5160">
    <p class='ocr_par' dir='ltr' id='par_1_111' title="bbox 2204 5083 3793 5160">
     <span class='ocr_line' id='line_1_111' title="bbox 2204 5083 3793 5160; baseline -0.006 -14"><span class='ocrx_word' id='word_1_787' title='bbox 2204 5090 2524 5160; x_wconf 88' lang='lat' dir='ltr'><strong>posterioris</strong></span> <span class='ocrx_word' id='word_1_788' title='bbox 2542 5087 2879 5160; x_wconf 51' lang='lat' dir='ltr'><strong>auctoritas.</strong></span> <span class='ocrx_word' id='word_1_789' title='bbox 2910 5086 2967 5160; x_wconf 73' lang='lat' dir='ltr'><strong>in</strong></span> <span class='ocrx_word' id='word_1_790' title='bbox 2991 5083 3793 5160; x_wconf 66' lang='lat' dir='ltr'><strong>episcoporum_Cons_f_an_tiea-</strong></span> 
     </span>
    </p>
   </div>
   <div class='ocr_carea' id='block_1_112' title="bbox 2204 5155 3792 5230">
    <p class='ocr_par' dir='ltr' id='par_1_112' title="bbox 2204 5155 3792 5230">
     <span class='ocr_line' id='line_1_112' title="bbox 2204 5155 3792 5230; baseline -0.004 -17"><span class='ocrx_word' id='word_1_791' title='bbox 2204 5155 2346 5222; x_wconf 64' lang='lat' dir='ltr'><strong>&#39;sium</strong></span> <span class='ocrx_word' id='word_1_792' title='bbox 2377 5161 2640 5230; x_wconf 91' lang='lat' dir='ltr'><strong>catalogo,</strong></span> <span class='ocrx_word' id='word_1_793' title='bbox 2666 5174 2826 5228; x_wconf 86' lang='lat' dir='ltr'><strong>quem</strong></span> <span class='ocrx_word' id='word_1_794' title='bbox 2841 5157 3060 5230; x_wconf 81' lang='lat' dir='ltr'><strong>Gabriel</strong></span> <span class='ocrx_word' id='word_1_795' title='bbox 3074 5155 3362 5230; x_wconf 67' lang='lat' dir='ltr'><strong>Bucelinus</strong></span> <span class='ocrx_word' id='word_1_796' title='bbox 3378 5155 3792 5230; x_wconf 73' lang='lat' dir='ltr'><strong>Benedictinus,</strong></span> 
     </span>
    </p>
   </div>
   <div class='ocr_carea' id='block_1_113' title="bbox 2204 5225 3795 5292">
    <p class='ocr_par' dir='ltr' id='par_1_113' title="bbox 2204 5225 3795 5292">
     <span class='ocr_line' id='line_1_113' title="bbox 2204 5225 3795 5292; baseline -0.004 -9"><span class='ocrx_word' id='word_1_797' title='bbox 2204 5229 2290 5284; x_wconf 82' lang='lat' dir='ltr'><strong>vir</strong></span> <span class='ocrx_word' id='word_1_798' title='bbox 2318 5225 2607 5285; x_wconf 77' lang='lat' dir='ltr'><strong>multorum</strong></span> <span class='ocrx_word' id='word_1_799' title='bbox 2637 5225 2921 5292; x_wconf 81' lang='lat' dir='ltr'><strong>librorum,</strong></span> <span class='ocrx_word' id='word_1_800' title='bbox 2947 5226 3239 5286; x_wconf 84' lang='lat' dir='ltr'><strong>ordinavit,</strong></span> <span class='ocrx_word' id='word_1_801' title='bbox 3266 5225 3548 5284; x_wconf 78' lang='lat' dir='ltr'><strong>Boso,:tlio</strong></span> <span class='ocrx_word' id='word_1_802' title='bbox 3578 5226 3795 5292; x_wconf 49' lang='lat' dir='ltr'><strong>utimini;</strong></span> 
     </span>
    </p>
   </div>
   <div class='ocr_carea' id='block_1_114' title="bbox 2205 5291 3794 5371">
    <p class='ocr_par' dir='ltr' id='par_1_114' title="bbox 2205 5291 3794 5371">
     <span class='ocr_line' id='line_1_114' title="bbox 2205 5291 3794 5371; baseline -0.007 -16"><span class='ocrx_word' id='word_1_803' title='bbox 2205 5300 2513 5356; x_wconf 88' lang='lat' dir='ltr'><strong>Obihardus</strong></span> <span class='ocrx_word' id='word_1_804' title='bbox 2538 5298 2653 5371; x_wconf 90' lang='lat' dir='ltr'><strong>(seu</strong></span> <span class='ocrx_word' id='word_1_805' title='bbox 2684 5291 2998 5367; x_wconf 85' lang='lat' dir='ltr'><strong>Obbaldus),</strong></span> <span class='ocrx_word' id='word_1_806' title='bbox 3032 5305 3156 5371; x_wconf 79' lang='lat' dir='ltr'><strong>post</strong></span> <span class='ocrx_word' id='word_1_807' title='bbox 3187 5293 3454 5371; x_wconf 62' lang='lat' dir='ltr'><strong>Joannem</strong></span> <span class='ocrx_word' id='word_1_808' title='bbox 3478 5296 3627 5349; x_wconf 84' lang='lat' dir='ltr'><strong>beati</strong></span> <span class='ocrx_word' id='word_1_809' title='bbox 3657 5291 3794 5371; x_wconf 63' lang='lat' dir='ltr'><strong>Ealéi</strong></span> 
     </span>
    </p>
   </div>
   <div class='ocr_carea' id='block_1_115' title="bbox 2203 5363 3796 5441">
    <p class='ocr_par' dir='ltr' id='par_1_115' title="bbox 2203 5363 3796 5441">
     <span class='ocr_line' id='line_1_115' title="bbox 2203 5363 3796 5441; baseline -0.005 -18"><span class='ocrx_word' id='word_1_810' title='bbox 2203 5370 2526 5441; x_wconf 71' lang='lat' dir='ltr'><strong>discipulum</strong></span> <span class='ocrx_word' id='word_1_811' title='bbox 2546 5363 2883 5441; x_wconf 48' lang='lat' dir='ltr'><strong>‘recensetur,</strong></span> <span class='ocrx_word' id='word_1_812' title='bbox 2914 5363 3077 5437; x_wconf 82' lang='lat' dir='ltr'><strong>atque</strong></span> <span class='ocrx_word' id='word_1_813' title='bbox 3104 5367 3245 5441; x_wconf 78' lang='lat' dir='ltr'><strong>inter</strong></span> <span class='ocrx_word' id='word_1_814' title='bbox 3275 5364 3543 5441; x_wconf 64' lang='lat' dir='ltr'><strong>Bosoncm</strong></span> <span class='ocrx_word' id='word_1_815' title='bbox 3579 5363 3796 5441; x_wconf 81' lang='lat' dir='ltr'><strong>et_Ern-</strong></span> 
     </span>
    </p>
   </div>
   <div class='ocr_carea' id='block_1_116' title="bbox 2206 5434 3802 5511">
    <p class='ocr_par' dir='ltr' id='par_1_116' title="bbox 2206 5434 3802 5511">
     <span class='ocr_line' id='line_1_116' title="bbox 2206 5434 3802 5511; baseline -0.004 -18"><span class='ocrx_word' id='word_1_816' title='bbox 2206 5434 2403 5495; x_wconf 73' lang='lat' dir='ltr'><strong>friduiu</strong></span> <span class='ocrx_word' id='word_1_817' title='bbox 2428 5440 2663 5511; x_wconf 87' lang='lat' dir='ltr'><strong>episcopi</strong></span> <span class='ocrx_word' id='word_1_818' title='bbox 2701 5453 2827 5504; x_wconf 82' lang='lat' dir='ltr'><strong>sex,</strong></span> <span class='ocrx_word' id='word_1_819' title='bbox 2856 5434 3165 5508; x_wconf 81' lang='lat' dir='ltr'><strong>postremus</strong></span> <span class='ocrx_word' id='word_1_820' title='bbox 3182 5434 3469 5491; x_wconf 87' lang='lat' dir='ltr'><strong>Audonius</strong></span> <span class='ocrx_word' id='word_1_821' title='bbox 3502 5450 3602 5490; x_wconf 82' lang='lat' dir='ltr'><strong>seu</strong></span> <span class='ocrx_word' id='word_1_822' title='bbox 3625 5434 3802 5487; x_wconf 78' lang='lat' dir='ltr'><strong>Ausc-</strong></span> 
     </span>
    </p>
   </div>
   <div class='ocr_carea' id='block_1_117' title="bbox 2209 5511 2685 5567">
    <p class='ocr_par' dir='ltr' id='par_1_117' title="bbox 2209 5511 2685 5567">
     <span class='ocr_line' id='line_1_117' title="bbox 2209 5511 2685 5567; baseline -0.002 -2"><span class='ocrx_word' id='word_1_823' title='bbox 2209 5512 2331 5566; x_wconf 90' lang='lat' dir='ltr'><strong>nius</strong></span> <span class='ocrx_word' id='word_1_824' title='bbox 2357 5511 2685 5567; x_wconf 89' lang='lat' dir='ltr'><strong>inseruntur.</strong></span> 
     </span>
    </p>
   </div>
   <div class='ocr_carea' id='block_1_118' title="bbox 2278 5575 3264 5652">
    <p class='ocr_par' dir='ltr' id='par_1_118' title="bbox 2278 5575 3264 5652">
     <span class='ocr_line' id='line_1_118' title="bbox 2278 5575 3264 5652; baseline -0.005 -17"><span class='ocrx_word' id='word_1_825' title='bbox 2278 5582 2306 5621; x_wconf 71' lang='lat' dir='ltr'><strong>b</strong></span> <span class='ocrx_word' id='word_1_826' title='bbox 2336 5579 2538 5651; x_wconf 85' lang='lat' dir='ltr'><strong>Nempe</strong></span> <span class='ocrx_word' id='word_1_827' title='bbox 2581 5581 2854 5652; x_wconf 85' lang='lat' dir='ltr'><strong>Pippinus,</strong></span> <span class='ocrx_word' id='word_1_828' title='bbox 2882 5577 3060 5634; x_wconf 88' lang='lat' dir='ltr'><strong>Caroli</strong></span> <span class='ocrx_word' id='word_1_829' title='bbox 3087 5575 3264 5652; x_wconf 59' lang='lat' dir='ltr'><strong>Magni</strong></span> 
     </span>
    </p>
   </div>
   <div class='ocr_carea' id='block_1_119' title="bbox 2206 5647 3276 5721">
    <p class='ocr_par' dir='ltr' id='par_1_119' title="bbox 2206 5647 3276 5721">
     <span class='ocr_line' id='line_1_119' title="bbox 2206 5647 3276 5721; baseline -0.002 -16"><span class='ocrx_word' id='word_1_830' title='bbox 2206 5650 2310 5705; x_wconf 61' lang='lat'><strong>745</strong></span> <span class='ocrx_word' id='word_1_831' title='bbox 2330 5647 2701 5707; x_wconf 58' lang='lat' dir='ltr'><strong>Alamanniae]</strong></span> <span class='ocrx_word' id='word_1_832' title='bbox 2722 5664 3060 5721; x_wconf 78' lang='lat' dir='ltr'><strong>Oppugtiasse</strong></span> <span class='ocrx_word' id='word_1_833' title='bbox 3081 5647 3276 5703; x_wconf 71' lang='lat' dir='ltr'><strong>fertur.</strong></span> 
     </span>
    </p>
   </div>
   <div class='ocr_carea' id='block_1_120' title="bbox 2206 5717 3218 5795">
    <p class='ocr_par' dir='ltr' id='par_1_120' title="bbox 2206 5717 3218 5795">
     <span class='ocr_line' id='line_1_120' title="bbox 2206 5717 3218 5795; baseline -0.008 -16"><span class='ocrx_word' id='word_1_834' title='bbox 2206 5723 2477 5780; x_wconf 75' lang='lat' dir='ltr'><strong>\‘alesium</strong></span> <span class='ocrx_word' id='word_1_835' title='bbox 2510 5722 2563 5778; x_wconf 92' lang='lat' dir='ltr'><strong>in</strong></span> <span class='ocrx_word' id='word_1_836' title='bbox 2585 5721 2714 5781; x_wconf 71' lang='lat' dir='ltr'><strong>iter.</strong></span> <span class='ocrx_word' id='word_1_837' title='bbox 2744 5717 2941 5779; x_wconf 73' lang='lat' dir='ltr'><strong>Franc.</strong></span> <span class='ocrx_word' id='word_1_838' title='bbox 2968 5717 3060 5775; x_wconf 83' lang='lat' dir='ltr'><strong>lib.</strong></span> <span class='ocrx_word' id='word_1_839' title='bbox 3094 5733 3218 5795; x_wconf 79' lang='lat' dir='ltr'><strong>xxv.</strong></span> 
     </span>
    </p>
   </div>
   <div class='ocr_carea' id='block_1_121' title="bbox 3364 5574 3803 5642">
    <p class='ocr_par' dir='ltr' id='par_1_121' title="bbox 3364 5574 3803 5642">
     <span class='ocr_line' id='line_1_121' title="bbox 3364 5574 3803 5642; baseline -0.016 -11"><span class='ocrx_word' id='word_1_840' title='bbox 3364 5582 3472 5639; x_wconf 90' lang='lat' dir='ltr'><strong>ter,</strong></span> <span class='ocrx_word' id='word_1_841' title='bbox 3510 5574 3605 5642; x_wconf 89' lang='lat' dir='ltr'><strong>qui</strong></span> <span class='ocrx_word' id='word_1_842' title='bbox 3655 5586 3803 5626; x_wconf 79' lang='lat' dir='ltr'><strong>auro</strong></span> 
     </span>
    </p>
   </div>
   <div class='ocr_carea' id='block_1_122' title="bbox 3368 5644 3803 5718">
    <p class='ocr_par' dir='ltr' id='par_1_122' title="bbox 3368 5644 3803 5718">
     <span class='ocr_line' id='line_1_122' title="bbox 3368 5644 3803 5718; baseline -0.014 -17"><span class='ocrx_word' id='word_1_843' title='bbox 3368 5660 3444 5718; x_wconf 65' lang='lat' dir='ltr'><strong>rge</strong></span> <span class='ocrx_word' id='word_1_844' title='bbox 3463 5644 3803 5701; x_wconf 65' lang='lat' dir='ltr'><strong>Hadr-lancea</strong></span> 
     </span>
    </p>
   </div>
  </div>
