3978 6310
217 328 348 401 1009

908 330 1073 389 rm
1107 329 1169 390 s.
1196 328 1441 389 GALLI-
1462 360 1534 372 —
1566 328 1699 385 LIB.
1737 328 1802 387 ιι.
1841 327 2046 388 SIGNA
2079 331 2171 391 so
2192 332 2501 393 nomen
2540 316 2799 393 FACTA.

3314 318 3455 393 imo

214 441 491 501 criminum
527 444 730 501 misera
764 445 1283 501 commemoratione
1320 458 1575 523 suorum,
1609 443 1779 498 vitam
1805 442 1856 507 Α
1883 459 2028 509 mus,
2055 443 2199 501 beati
2227 446 2327 501 viri
2359 434 2590 512 meritis,
2620 455 2682 501 ut
2714 446 2855 502 sicut
2888 446 3105 502 famulis
3138 460 3254 516 ejus
3291 447 3345 503 iu
3383 448 3460 505 si-

214 532 493 591 iufeliciter
510 532 770 591 ducentes
790 533 1041 591 flebiliter
1064 533 1324 590 ﬁnierunt

278 706 284 712 λ
806 641 1049 700 CAPUT
1073 643 1162 700 IV.

277 736 392 805 Quo
420 733 678 793 miraculo
710 735 857 809 pullo
889 752 1047 809 super
1074 735 1264 809 lectum
1292 736 1462 791 sancti
1499 735 1712 791 incensa

745 807 1101 878 redintegrata
1122 807 1216 861 sit.

276 920 392 977 Alio
411 928 677 991 tempore,
703 919 962 977 diaconus
981 910 1201 992 quidam
1217 905 1434 976 nomine
1450 919 1784 990 Stephanus,

213 1014 332 1069 dum
361 1013 416 1067 in
432 1011 682 1082 ejusdem
706 1012 889 1069 Patris
923 1013 1093 1069 sancti
1122 1012 1356 1068 ecclesia
1384 1011 1627 1068 custodis
1663 1010 1787 1065 fun-

210 1112 421 1177 geretur
446 1102 653 1169 cilicio,
690 1105 924 1175 quadam
950 1118 1175 1175 vespera
1216 1104 1497 1159 incensam
1542 1103 1784 1159 oratorio

212 1195 444 1252 inferens
479 1197 794 1262 candelam,
828 1198 1009 1269 posuit
1035 1212 1159 1252 eam
1194 1211 1360 1266 supra
1398 1195 1783 1252 candelabrum

205 1283 353 1354 juxta
391 1284 535 1340 beati
563 1285 669 1342 viri
709 1285 1065 1356 sepulcrum;
1094 1300 1218 1355 quae
1241 1300 1275 1340 a
1308 1280 1631 1341 rectitudine
1668 1292 1783 1341 sta-

213 1381 554 1443 utsvvergeus
589 1374 646 1428 in
690 1382 905 1444 partem
931 1416 946 1440 ,
976 1375 1176 1430 ardens
1201 1374 1403 1430 cecidit
1442 1390 1606 1445 super
1630 1388 1783 1429 aram

210 1462 460 1533 sepulcri.
490 1462 660 1535 Cujus
684 1465 898 1522 ardoris
929 1464 1181 1521 violentia
1224 1479 1388 1520 unam
1426 1464 1786 1534 compreheno

209 1552 339 1608 deus
366 1552 596 1625 pallam,
642 1570 815 1624 usque
846 1556 914 1611 ad
952 1555 1298 1611 medietatem
1338 1556 1663 1621 exussit,.et
1707 1554 1786 1609 ita

211 1644 465 1700 restincta
489 1653 603 1709 est,
627 1646 766 1701 nihil
794 1646 954 1710 lecto,
986 1645 1118 1701 nihil
1143 1645 1337 1701 baculo
1356 1646 1448 1717 qui
1474 1646 1530 1701 in
1560 1660 1627 1701 eo
1648 1660 1787 1716 pen-

209 1734 389 1800 debat,
423 1735 509 1790 vel
536 1735 659 1792 aliis
702 1730 1111 1792 linteaminibus
1149 1751 1316 1807 super
1354 1736 1662 1806 sepulcrum
1691 1751 1788 1791 er-

211 1827 394 1897 pansis
413 1825 650 1883 inferens
678 1826 934 1883 Iasionis.
960 1827 1079 1895 Qua
1108 1843 1175 1883 es
1204 1843 1264 1882 re
1291 1827 1567 1900 colligi-tur
1590 1828 1658 1882 ad
1687 1828 1785 1883 de-

210 1918 557 1974 clarationem
604 1919 865 1976 virtutum
910 1920 1053 1976 beati
1107 1921 1210 1976 viri
1252 1920 1434 1991 potius
1495 1935 1661 1991 quam
1717 1918 1789 1974 ad

210 2010 464 2065 damnum
488 2009 647 2066 rebus
667 2008 787 2080 ejus
808 2010 1145 2067 inferendum
1168 2012 1318 2067 idem
1332 2012 1581 2067 evenisse
1607 2011 1792 2067 inccn-

210 2102 377 2160 dium.
401 2099 559 2167 Quia,
583 2108 649 2156 ut
675 2103 729 2157 in
760 2103 1117 2172 sequentibus
1133 2110 1379 2173 apparet,
1404 2102 1604 2174 pallam
1627 2117 1790 2172 quam

211 2191 351 2247 levis
385 2190 606 2246 flamma
651 2191 936 2256 diminuit,
966 2192 1145 2248 virtus
1187 2191 1475 2248 manifesta
1530 2191 1788 2247 restituit.

214 2283 370 2340 Mane
406 2284 588 2353 itaque
612 2276 1029 2351 facto,fratres,
1051 2280 1350 2341 oratorium
1374 2284 1627 2355 ingressi,
1661 2282 1793 2353 quid

214 2376 415 2430 factum
439 2373 618 2430 fuerat
639 2374 1026 2443 pervidet-unt,
1053 2382 1109 2428 et
1134 2374 1493 2429 admiratione
1536 2388 1645 2428 non
1684 2372 1795 2427 mi-

214 2466 362 2521 nima
386 2474 513 2521 sunt
538 2463 792 2535 perculsi.
813 2463 997 2519 Tertia
1024 2478 1156 2519 vero
1183 2463 1435 2529 die,cum
1465 2462 1533 2518 ad
1565 2461 1794 2517 matuti-

214 2557 335 2614 nale
358 2572 568 2613 conven
592 2564 715 2612 rent
734 2554 990 2621 ofﬁcium;
1022 2557 1345 2613 invenerunt
1373 2556 1426 2610 in
1448 2558 1690 2611 oratorio
1710 2570 1798 2611 ce-

216 2665 343 2706 reos
365 2650 651 2716 articulos,
697 2657 757 2705 et
788 2650 925 2705 duos
963 2647 1195 2719 juvenes
1228 2657 1469 2715 stantes,
1521 2664 1688 2703 unum
1728 2648 1798 2703 ad

212 2748 437 2812 caputet
459 2740 692 2796 alterum
714 2740 782 2796 ad
809 2740 998 2812 pedes,
1030 2739 1399 2807 distendentes
1429 2740 1572 2795 inter
1600 2754 1658 2796 se
1684 2739 1799 2810 pal-

216 2830 321 2885 lam
349 2845 470 2901 quae
495 2818 704 2901 pridem
731 2831 908 2887 fuerat
935 2831 1077 2904 ignis
1109 2839 1316 2903 attacta
1345 2831 1657 2903 vaporibus.
1685 2831 1800 2889 Hoc

213 2921 353 2986 viso,
386 2921 582 2976 timore
604 2921 772 2976 nimio
799 2921 1102 2987 conterriti,
1125 2937 1251 2996 cum
1279 2920 1558 2978 celeritate
1570 2922 1798 2994 egressi,

211 3013 286 3067 ad
309 3010 534 3067 lectu!os
571 3012 868 3067 redierunt.
892 3012 1136 3083 Cumque
1159 3027 1221 3069 se
1248 3013 1601 3081 collocarent,
1627 3013 1801 3070 eccle—

217 3093 661 3173 size'campanum
684 3102 945 3171 insonuit,
968 3113 1023 3159 et
1043 3105 1213 3160 auditi
1241 3113 1368 3161 sunt
1390 3107 1496 3162 duo
1513 3106 1687 3171 chori,
1718 3107 1803 3162 in-

214 3186 477 3251 credibili
503 3193 885 3251 alternantium
933 3211 1293 3266 personarum
1349 3196 1633 3253 dulcedine
1676 3211 1802 3268 per-

216 3292 540 3355 strepentes.
577 3283 750 3356 [gitur
773 3285 861 3342 die
882 3285 975 3341 illa
1000 3301 1346 3358 nequaquam
1374 3287 1495 3342 ausi
1519 3296 1648 3343 sunt
1672 3302 1801 3343 ora-

219 3377 420 3443 torium
468 3376 717 3436 introire.
758 3377 858 3435 Die
899 3390 1086 3436 autem
1131 3381 1403 3451 sequenti,
1432 3389 1559 3437 ante
1604 3382 1805 3439 ostium

214 3473 336 3542 ejus
361 3473 693 3530 unanimiter
712 3475 1041 3547 conglobati,
1073 3485 1486 3547 prostraverunt
1515 3494 1575 3535 se
1599 3479 1651 3534 in
1677 3494 1808 3535 ora-

217 3565 419 3620 tionem
446 3580 461 3629 ;
486 3571 545 3620 et
584 3580 706 3620 cum
752 3566 1158 3634 surrexissent,
1195 3583 1327 3629 cum,
1360 3583 1561 3640 magno
1611 3569 1807 3625 timore

217 3656 485 3712 intrantes
520 3655 843 3712 invenerunt
886 3657 1084 3728 pallam
1103 3673 1268 3729 quam
1308 3659 1506 3728 partim
1548 3659 1689 3730 ignis
1720 3675 1808 3716 as-

213 3753 525 3816 sumpscrat
546 3761 717 3817 super
743 3746 944 3803 lectum
984 3762 1311 3817 expansum,
1354 3748 1496 3804 sicut
1535 3748 1688 3819 prius
1712 3764 1806 3805 ex-

215 3833 385 3904 pandi
406 3834 636 3900 solebat,
667 3835 812 3890 nulla
836 3836 1233 3894 imminutionis
1257 3837 1545 3894 habentem
1574 3838 1802 3905 indicia;

215 3923 318 3979 sed
345 3923 529 3995 potius
560 3923 905 3980 latitudinem
930 3925 1015 3980 vel
1056 3925 1446 3996 longitudinem
1493 3925 1611 3995 ejus
1642 3929 1805 3983 trium

214 4021 441 4093 auctam
483 4029 605 4071 esse
638 4014 1008 4083 magnitudine
1032 4016 1365 4072 cubitorum.
1397 4016 1567 4086 Hujus
1588 4020 1809 4090 perspi-

214 4107 429 4162 cuitate
451 4108 698 4163 miraculi
727 4109 926 4165 hilares
954 4108 1106 4174 facti,
1131 4109 1530 4165 benedixeruut
1555 4110 1806 4177 Demino,

214 4197 317 4278 qui
359 4204 469 4252 tam
499 4197 801 4254 manifestis
830 4199 1020 4271 gratia:
1047 4199 1340 4256 virtutibus
1365 4199 1507 4256 servi
1563 4200 1648 4257 sui
1691 4216 1807 4256 me-

218 4289 332 4345 rita
353 4288 632 4347 declarare
655 4290 909 4364 dignatus
933 4298 1036 4347 est.

849 4445 1077 4505 CAPUT
1118 4447 1182 4501 ν.

568 4618 571 4621 _
665 4555 988 4614 Hiraculum
1023 4558 1195 4614 ratione
1231 4559 1363 4614 avis.

218 4706 221 4709 ι
292 4673 445 4732 Idem
483 4672 812 4745 Stephanus,
844 4673 974 4729 dum
1013 4673 1247 4745 quodam
1290 4681 1531 4744 tempore
1559 4688 1681 4728 cum
1724 4673 1809 4730 his

211 4767 319 4839 qui
353 4765 515 4822 simul
545 4764 770 4821 aderant
796 4779 1020 4821 carnem
1055 4766 1121 4821 ad
1156 4765 1562 4836 percipiendum
1599 4766 1655 4820 in
1708 4779 1807 4820 cu-

205 4860 437 4931 jusdam
473 4873 696 4915 accessu
730 4855 923 4927 jejunii
957 4872 1064 4914 non
1092 4857 1340 4922 haberet,
1374 4857 1579 4913 resedit
1603 4856 1658 4912 in
1694 4857 1810 4914 cel-

212 4949 371 5015 lula,
419 4947 488 5003 de
528 4947 721 5003 eadem
772 4946 1019 5018 penuria
1049 4963 1175 5002 cum
1235 4946 1449 5003 caeteris
1507 4945 1807 5003 locuturus.

215 5041 475 5110 Dumque
519 5052 771 5095 sermone
806 5037 959 5094 vario
1000 5039 1337 5109 paupertatis
1384 5038 1577 5093 solatia
1619 5047 1809 5095 mutuo

211 5130 623 5195 ministrarent,
656 5129 774 5185 avis
809 5127 1056 5200 quaedam
1101 5130 1298 5199 ignotae
1333 5128 1522 5185 formae
1564 5130 1811 5185 consedit
1844 5140 1849 5143 ‘

207 5222 274 5279 in
311 5220 520 5276 limine.
549 5219 702 5278 Unus
726 5220 1077 5276 assidentiunt
1105 5228 1305 5276 torrem
1330 5220 1398 5276 de
1425 5221 1555 5292 igne
1570 5221 1807 5292 rapiens,

208 5312 414 5368 alitem
441 5311 725 5383 percussit.
749 5310 920 5381 Cujus
943 5326 1139 5368 carnes
1164 5312 1292 5367 dum
1320 5311 1433 5367 suis
1460 5312 1647 5368 usibus
1673 5318 1813 5383 pm‘

209 5409 535 5475 parassent,
567 5400 934 5458 incredibilem
961 5401 1173 5473 saporis
1196 5399 1535 5457 dulcedinem
1566 5401 1619 5456 in
1649 5409 1813 5473 gustu-

207 5507 420 5551 earam
459 5490 962 5562 deprehenderunt;
1013 5489 1337 5547 facientibus
1382 5490 1505 5555 hoc,
1546 5501 1605 5546 ut
1635 5492 1812 5547 credi—

296 5644 325 5671 ιι
360 5629 417 5702 Id
440 5636 525 5686 est
547 5629 749 5702 circulo
771 5610 949 5702 careo.
979 5629 1087 5694 Sic,
1123 5629 1144 5686 l
1166 5630 1393 5702 Regum,
1417 5644 1551 5693 xvn,
1580 5627 1643 5702 18
1673 5614 1811 5702 ade-4

208 5718 343 5758 cent
374 5699 827 5775 femellas_casei.
857 5700 1208 5775 Septuaginta
1237 5699 1805 5775 ἥιώβηιτρνφαλύδεςε

204 5769 398 5848 quam
421 5786 608 5832 vocem
631 5769 776 5832 Gaza
803 5769 944 5843 apud
959 5769 1299 5833 Aristotelem
1324 5769 1669 5843 forma‘giiiem
1699 5772 1823 5831 red-‘

1885 534 2242 591 militudinem
2266 536 2475 605 antiqui
2504 535 2751 591 miraculi
2778 552 2884 607 quo
2909 534 3135 610 populus
3160 537 3253 592 Dei
3280 544 3461 593 cotur-
3542 582 3551 591 .

1883 624 2064 680 nicum
2092 624 2346 680 carnibus
2375 625 2428 680 in
2457 626 2745 683 solitudine
2773 635 2858 681 est
2886 625 3141 690 refectus,
3170 627 3284 683 avis
3311 627 3479 706 ineo-7

1882 715 2031 786 gutta
2073 715 2236 770 missa
2275 724 2373 779 est,
2415 716 2489 770 ita
2527 731 2692 786 sapor
2728 724 3031 787 procuratae
3073 717 3285 773 crelitus
3322 732 3464 779 escae

1884 818 2038 861 nam:
2064 805 2363 862 dulcedinis
2389 804 2841 862 delectamentum
2870 808 3114 865 haberet.

2492 917 2723 975 CAPUT
2770 919 2854 976 Vl.

2106 1025 2185 1082 De
2208 1026 2475 1099 signorum
2501 1027 2674 1082 sancti
2708 1028 2807 1083 viri
2832 1028 3236 1101 multiplicitate.

1956 1137 2130 1195 Tanta
2168 1148 2347 1195 autem
2381 1148 2471 1196 est
2502 1140 2885 1196 miraculorum
2923 1142 3075 1212 copia
3119 1156 3261 1213 quae.
3286 1142 3469 1198 Domio.

1885 1240 1989 1281 nus
2021 1219 2161 1295 apud
2204 1224 2468 1284 tumulum
2504 1222 2622 1293 ejus
2655 1224 2885 1281 diversis
2921 1227 3251 1299 temporibus
3283 1235 3468 1282 ostenq

1887 1318 2005 1384 dit,
2059 1326 2119 1372 ut
2165 1331 2272 1371 non
2318 1315 2479 1372 facile
2527 1314 2798 1372 scribendi
2845 1316 3025 1371 studio
3078 1316 3466 1386 comprehendi

1886 1411 2059 1482 possit
2084 1431 2091 1438 ι
2121 1425 2187 1466 ex
2210 1408 2407 1481 quibus
2431 1418 2653 1480 propter
2684 1407 3071 1481 abundantiam
3105 1408 3279 1477 multa
3302 1406 3469 1467 omits

1889 1509 2104 1567 tuutur;
2160 1515 2332 1570 pauca
2366 1514 2497 1555 vero
2534 1507 2590 1555 et
2622 1498 2993 1554 eminentiora
3014 1505 3475 1571 propter.mem0s

1889 1594 2025 1648 riam
2053 1591 2288 1662 posteris
2316 1588 2801 1647 commendandam
2835 1587 2963 1643 huic
2998 1587 3315 1660 inseruntur
3340 1600 3477 1669 opu:

1891 1681 2059 1755 scuto.
2094 1679 2296 1736 Prteter
2320 1689 2658 1735 mortuorum
2680 1677 2825 1733 enim
2854 1676 3323 1732 resuscitationem
3352 1690 3475 1749 cor-

1819 1792 1863 1852 Β
1893 1789 2110 1844 porum,
2133 1781 2451 1828 caeterarum
2482 1770 2857 1826 intlrmitatum
2884 1769 3119 1843 remedia
3142 1767 3473 1841 creberrima

1892 1866 2021 1921 inibi
2052 1866 2303 1936 largitate
2326 1880 2358 1919 a
2380 1863 2609 1919 Domino
2631 1861 2869 1932 pnestita
2896 1869 3022 1916 sunt
3044 1868 3099 1916 et
3122 1865 3470 1934 praestantur.

1892 1959 2169 2029 Siquidem
2197 1966 2252 2014 et
2280 1956 2592 2013 daemoniaci
2618 1954 2834 2017 ibidem,
2858 1961 2931 2029 et
2978 1953 3313 2025 languentes
3345 1957 3476 2029 sunt

1892 2049 2142 2111 recreati,
2170 2048 2380 2103 aurium
2400 2047 2637 2104 claustra
2666 2053 2926 2109 reserata,
2943 2041 3479 2117 oculortrrn.deters:e

1891 2140 2172 2212 caligines,
2212 2146 2485 2196 mutorum
2517 2135 2741 2192 exclusa
2786 2134 3021 2200 silentia,
3052 2130 3480 2211 paralyticorum

1894 2229 2167 2285 eliminata
2191 2226 2442 2285 defectio.
2475 2225 2582 2282 Sed
2606 2233 2662 2281 et
2687 2224 2995 2297 quicunque
3022 2223 3215 2302 anima:
3238 2220 3481 2299 velfeore

1893 2320 2044 2392 poris
2091 2317 2415 2375 necessitate
2458 2324 2684 2373 coactus
2716 2313 2821 2372 fide
2860 2315 3071 2385 integra
3112 2312 3259 2391 apud
3289 2310 3479 2383 sepula

1896 2425 2049 2466 crum
2078 2408 2222 2465 beati
2235 2406 2374 2464 Galli
2398 2405 2715 2464 instantiam
2741 2403 3004 2460 orationis
3028 2400 3360 2483 exsequitur,
3378 2402 3481 2478 θος

1896 2499 2047 2554 mino
2082 2496 2411 2557 confessoris
2450 2496 2535 2551 sui
2572 2495 2763 2550 merita
2805 2492 3214 2565 comprobante.
3253 2506 3486 2567 precum

1896 2604 2119 2657 suarum
2167 2588 2475 2644 nullatenus
2520 2585 2704 2643 fructu
2748 2586 3017 2656 privatur,
3065 2598 3256 2659 verum
3308 2583 3485 2661 etiam.

1898 2685 2017 2740 sine
2066 2682 2339 2759 tarditate
2365 2681 2558 2737 divina:
2600 2679 2868 2752 largitatis
2918 2678 3159 2735 sentiens
3203 2676 3345 2733 dona
3385 2676 3481 2731 lue-

1902 2783 2065 2830 tatur.

2496 2865 2727 2925 CAPUT
2762 2864 2871 2924 Ἧι.

1938 2980 2213 3049 Quomodo
2232 2979 2514 3036 donarium
2540 2988 2721 3035 sancto
2749 2977 3088 3048 deferendum
3113 2976 3179 3032 ab
3204 2976 3465 3033 incendio.-

2479 3052 2545 3105 sit
2570 3059 2906 3104 reservatum.
2964 3053 2969 3057 ‘

1829 3154 1874 3217 ο
1977 3140 2245 3212 Tempore
2272 3141 2437 3213 igitur
2460 3138 2805 3197 Carlomauni
2852 3136 3283 3208 majorisdomus,
3313 3136 3484 3193 mira-

1907 3237 2090 3294 culum
2121 3234 2387 3291 memoria
2413 3234 2633 3304 dignum
2651 3247 2751 3303 per
2779 3231 2970 3286 merita
3000 3229 3172 3285 sancti
3200 3227 3378 3303 Patris
3403 3226 3487 3283 ef-

1907 3327 2134 3394 fectum,
2182 3326 2311 3381 huic
2359 3325 2508 3395 operi
2558 3322 2799 3379 inserere
2843 3320 2978 3376 utile
3012 3319 3341 3390 iudicamus.
3392 3318 3488 3372 Vir

1906 3420 2124 3491 quidam
2149 3417 2509 3490 pauperculus
2535 3416 2590 3471 in
2615 3430 2754 3487 pago
2788 3414 2880 3485 qui
2904 3411 3373 3483 Perahtoltespara
3404 3410 3488 3465 di-

1902 3504 2070 3580 citur,
2097 3526 2165 3567 ex
2193 3508 2710 3567 summa'devotione
2732 3522 2855 3563 cum
2880 3519 3050 3562 uxore
3075 3520 3170 3559 sua
3198 3502 3265 3559 ad
3293 3496 3488 3583 cellam

1907 3603 2051 3660 beati
2075 3602 2212 3659 Galli
2238 3587 2399 3659 causa
2439 3591 2701 3657 orationis
2729 3612 3026 3670 properare
3056 3590 3342 3667 disposuit.
3378 3584 3490 3650 Cu;

1900 3692 1992 3765 jus
2017 3693 2313 3749 intentione
2337 3690 2660 3757 devotionis,
2683 3690 2807 3745 dum
2835 3686 3032 3743 mulier
3050 3685 3305 3758 pallulam
3321 3697 3489 3756 quam

1908 3785 1963 3842 in
1995 3784 2114 3841 loco
2142 3783 2387 3840 ablatura
2422 3792 2561 3849 erat,
2602 3789 2917 3837 contextam
2952 3778 3275 3851 paravisset,
3315 3766 3492 3833 invol-J

1908 3876 1988 3930 vit
2033 3891 2153 3931 eam
2187 3873 2431 3931 formclta
2454 3886 2481 3914 α
2518 3888 2680 3938 cem,
2717 3886 2879 3941 quam
2920 3869 3358 3925 simul‘oblatum
3407 3867 3490 3922 ira

1910 3968 2205 4038 cogitabat,
2232 3967 2365 4022 etin
2396 3980 2520 4021 arca
2550 3981 2647 4019 sua
2679 3964 2821 4019 inter
2846 3962 2949 4017 alia
2977 3962 3299 4017 vestimenta
3329 3955 3491 4029 repo-é

1910 4060 2037 4116 suit.
2061 4058 2298 4130 Contigit
2326 4067 2526 4122 autem,
2553 4057 2679 4112 dum
2716 4055 2797 4111 ire
2817 4062 3095 4125 pararent,
3127 4055 3345 4109 domum
3370 4046 3493 4108 illo;

1911 4163 2031 4204 rum
2060 4163 2182 4222 cum
2210 4148 2461 4203 omnibus
2486 4162 2607 4216 qua:
2637 4144 2776 4200 infra
2807 4144 2953 4200 illam
2984 4153 3141 4200 erant
3177 4138 3340 4199 rebus
3370 4138 3494 4215 igne

1912 4239 2164 4298 cremari.
2203 4239 2447 4309 Cumque
2471 4237 2807 4311 consumptis
2837 4236 3091 4293 erunibus
3122 4234 3335 4292 damma
3367 4250 3478 4292 ces-
3556 4247 3566 4263 ι

1913 4340 2068 4411 sonte
2090 4330 2325 4401 sopitum
2352 4329 2539 4387 fuisset
2567 4329 2899 4393 incendium,
2930 4326 3385 4399 emperuut-inter
3412 4324 3495 4379 fa-

1804 4410 1807 4415 r
1910 4410 2158 4481 villarum
2198 4422 2442 4480 cumulos
2490 4423 2946 4478 ferramentorum
2978 4416 3252 4491 reliquias
3295 4417 3495 4489 qumri-

1834 4534 1886 4595 ῃ
1913 4527 2050 4573 tare.
2093 4516 2161 4571 Et
2188 4529 2316 4571 ecce
2345 4514 2625 4585 inveniunt
2671 4512 2893 4586 (mirum
2921 4512 3126 4582 dictu!)
3161 4502 3342 4594 ceram
3376 4508 3496 4580 pal-

1910 4608 2020 4664 lula
2049 4606 2339 4663 involutam
2370 4606 2513 4660 inter
2540 4605 2753 4661 cineres
2774 4610 2829 4660 et
2852 4604 3135 4667 carbones,
3164 4591 3406 4671 nihilque
3441 4600 3496 4655 in

1914 4699 1994 4756 eis
2022 4698 2255 4754 laesionis
2288 4696 2555 4769 apparuit,
2585 4711 2706 4752 cum
2739 4695 2910 4767 ipsam
2937 4709 3121 4750 arcam
3151 4700 3208 4749 et
3231 4691 3497 4764 quidquid

1915 4791 2060 4847 aliud
2094 4791 2150 4847 in
2192 4789 2281 4845 illa
2334 4789 2629 4859 repositum
2668 4795 2788 4842 erat
2821 4786 3036 4857 penitus
3070 4778 3499 4854 consumpsisset

1915 4883 2244 4940 incendium.
2280 4879 2408 4937 Viso
2443 4879 2611 4951 igitur
2650 4886 2813 4933 tanta:
2846 4876 3064 4932 virtutis
3108 4873 3417 4939 miraculo,
3441 4880 3498 4928 et

1916 4973 2310 5031 benedixerunt
2336 4970 2467 5037 Deo,
2497 4979 2554 5025 et
2577 4968 2702 5024 iter
2738 4967 2879 5038 quod
2925 4967 3325 5038 disposuerant,
3369 4978 3497 5035 per-

1912 5071 2162 5137 egerunt.
2194 5064 2260 5121 Et
2284 5069 2569 5117 narrantes
2618 5059 2891 5118 fratribus
2908 5073 3029 5130 quae
3046 5066 3213 5131 gesta
3241 5056 3495 5120 fuerant,

1913 5154 2225 5212 obtulerunt
2259 5152 2565 5218 donarium,
2596 5152 2741 5223 quod
2776 5150 2903 5207 huic
2939 5159 3062 5207 voto
3092 5156 3491 5213 consecratum,

1915 5249 1970 5305 in
2006 5246 2272 5318 supremis
2323 5260 2427 5300 non
2456 5252 2671 5317 poterat
2716 5243 2895 5316 perire
2922 5243 3200 5314 periculis.
3252 5241 3494 5295 Servata)

1915 5348 2041 5394 sunt
2068 5345 2246 5393 autem
2275 5335 2347 5392 ibi
2373 5334 2576 5390 e:edem
2604 5350 2690 5388 res
2722 5334 2776 5387 in
2807 5331 3175 5389 testimonium
3200 5336 3324 5401 post
3352 5326 3496 5383 futu-

1917 5433 2013 5501 ris,
2042 5448 2210 5503 usque
2240 5429 2309 5486 ad
2334 5437 2573 5501 tempora
2598 5426 2843 5484 Otlimari
2873 5425 3101 5482 abbatis.

1919 5637 2075 5701 didit,
2108 5651 2213 5707 qua
2240 5647 2378 5707 voce
2401 5630 2614 5707 ‘Franci
2658 5640 2713 5687 et
2756 5630 2871 5688 Itali
2926 5628 3220 5703 etiamnum
3274 5638 3495 5681 caseum

1918 5703 2202 5783 appellant.
2237 5705 2364 5764 Haec
2390 5703 2699 5764 Goldastus.
