3978 6310
474 372 610 432 {Oli

1060 478 1288 536 CAPUT
1327 477 1458 537 VIII.

511 575 776 633 Correctio
808 571 927 649 ejus
963 573 1055 643 qui
1090 572 1369 696 caballluatl
1397 589 1550 645 quem
1588 580 1799 629 voverat
1838 570 2031 642 fraude

1159 660 1213 696 re
1236 660 1347 696 mut
1376 683 1390 696 .

1159 660 1390 697 retmuu.

546 756 733 829 Neque
777 755 908 811 illud
952 753 1167 810 silentio
1206 754 1639 824 praetereundum
1671 751 1888 808 videtur
1915 751 2059 823 quod

474 852 531 908 in
568 850 881 923 supradicto
917 861 1057 920 pago
1094 845 1428 916 temporibus
1460 844 1672 916 Pippini
1713 845 1858 915 regis
1887 845 2062 900 conti-

475 945 622 1016 gisse
677 942 934 999 refertur.
991 939 1224 1009 Quidam
1289 938 1376 994 vir
1433 938 1655 993 nomine
1698 935 2061 1002 Willimarus,

475 1036 629 1107 gravi
678 1033 992 1091 inﬁrmitate
1036 1032 1347 1102 depressus,
1394 1032 1494 1087 sub
1536 1028 1958 1103 votoxpromisit
2003 1043 2062 1085 se

475 1140 673 1197 equum
705 1123 885 1179 vivum
918 1123 1161 1192 duosque
1186 1121 1376 1187 boves,
1402 1122 1445 1177 si
1477 1121 1720 1192 pristinae
1755 1120 2064 1179 restituere-

472 1208 566 1271 tur
614 1214 856 1279 sanitati,
886 1213 955 1269 ad
994 1212 1281 1269 ecclesiam
1314 1211 1477 1267 ‘beati
1524 1211 1663 1268 Galli
1711 1212 2057 1268 donaturum.

474 1305 719 1376 Cumque
757 1305 847 1361 illa
874 1305 961 1361 die
988 1303 1413 1369 confortarelur,
1440 1312 1496 1358 ct
1520 1304 1733 1375 plenam
1765 1304 2061 1375 recepisset

476 1395 815 1466 sopitatem,
859 1392 1086 1466 contigit
1119 1403 1182 1449 ut
1209 1408 1333 1448 cum
1368 1393 1669 1448 Bicthilone
1709 1393 1930 1449 domino
1964 1410 2066 1450 suo

475 1501 642 1543 causa
669 1486 936 1543 orationis
965 1486 1031 1541 ad
1058 1484 1304 1541 cellulam
1330 1485 1504 1541 sancti
1533 1485 1632 1539 viri
1660 1485 1848 1541 eodem
1875 1494 2063 1542 vectus

475 1592 618 1647 equo
671 1577 901 1632 veniret.
951 1575 1119 1646 Igitur
1168 1590 1291 1631 cum
1340 1583 1462 1644 post
1517 1575 1820 1631 orationem
1872 1589 2064 1631 onmes

476 1666 554 1723 illi
578 1668 673 1739 qui
700 1667 862 1724 simul
891 1667 1224 1722 advenerant
1249 1666 1478 1738 digressi
1517 1683 1624 1722 non
1667 1667 1827 1738 longe
1876 1674 2062 1723 essent

478 1759 548 1817 ab
570 1758 823 1826 ecclesia,
854 1772 1026 1830 equus
1052 1773 1212 1830 quem
1253 1773 1485 1829 sponsor
1511 1758 1747 1815 inﬁdelis
1774 1767 2060 1831 postquam

476 1858 701 1906 voverat
747 1849 937 1906 fraude
988 1849 1234 1915 retinuit,
1269 1852 1492 1920 repente
1516 1850 1820 1905 substitit:
1849 1860 1905 1906 et
1934 1850 2062 1906 licet
2089 1832 2133 1891 Β

477 1958 605 1999 eum
638 1958 820 2000 sessor
850 1941 1159 1999 calcaribus
1181 1950 1403 2013 urgeret
1431 1956 1496 1997 ac
1524 1942 1843 1999 verberibus
1871 1941 2062 2012 fatiga-

475 2045 583 2102 ret,
633 2050 902 2107 nusquam
929 2034 1107 2105 potuit
1150 2033 1501 2089 commoveri.
1538 2032 1802 2089 Videntes
1838 2035 1944 2089 hoc
1968 2034 2062 2104 qui

476 2128 726 2195 aderant,
756 2135 1041 2199 coeperunt
1078 2126 1354 2197 inquirere
1381 2124 1543 2196 hujus
1571 2124 1820 2181 miraculi
1845 2140 2058 2180 causas.

476 2219 550 2275 At
577 2220 688 2287 ille,
719 2219 1039 2277 confusione
1061 2219 1223 2291 digna
1252 2218 1806 2289 correptus,prodidit
1830 2225 2064 2285 reatum,

478 2317 536 2365 et
551 2294 810 2367 fraudem
840 2326 1005 2380 quam
1044 2309 1100 2365 in
1127 2314 1255 2366 veto
1281 2308 1486 2365 fecerat
1521 2307 1804 2365 confessus
1828 2308 2060 2379 aperuit.

478 2399 709 2458 Rcversi
758 2411 937 2458 autem
984 2416 1173 2458 omnes
1221 2402 1447 2473 pariter,
1494 2416 1694 2471 equum
1749 2398 2067 2456 obtulerunt

477 2492 547 2548 ad
576 2492 741 2549 limen
766 2492 1040 2559 ecclesiae,
1067 2501 1141 2560 et,
1169 2490 1545 2549 benedictione
1569 2501 1846 2565 percepta,
1874 2492 1942 2547 ad
1969 2506 2065 2547 sua

477 2583 598 2638 sine
642 2583 929 2640 obstaculo
977 2585 1275 2640 redierunt.
1314 2584 1373 2639 In
1417 2599 1527 2655 quo
1571 2584 1734 2648 facto,
1782 2592 1838 2639 et
1884 2584 2063 2638 divina

477 2674 675 2745 pietas,
707 2681 762 2730 et
788 2675 960 2731 sancti
988 2674 1092 2730 viri
1119 2675 1291 2730 virtus
1322 2676 1594 2746 apparuit,
1621 2676 1747 2730 dum
1778 2675 1825 2730 is
1850 2674 1940 2744 qui
1968 2690 2067 2743 per

479 2779 540 2818 se
570 2764 892 2835 resipiscere
923 2763 1113 2831 noluit,
1136 2779 1234 2835 per
1258 2766 1653 2839 corrcptionem
1681 2764 1747 2819 ad
1772 2765 2067 2820 correctio-

479 2869 606 2911 nem
628 2855 903 2929 pervenit.

1095 2947 1327 3004 CAPUT
1361 2947 1448 3003 IX.

659 3062 795 3118 Cera
821 3063 885 3118 de
905 3064 1047 3135 furto
1081 3064 1257 3118 oblata
1284 3065 1339 3119 in
1364 3062 1591 3135 lapidem
1615 3077 1889 3121 conversa.

549 3174 682 3231 Illud
709 3190 927 3246 quoque
961 3174 1278 3239 miraculum
1308 3176 1452 3248 quod
1477 3183 1673 3247 quarto
1700 3191 1845 3232 anno
1870 3174 2060 3232 Carlo-
2088 3187 2133 3250 ρ

478 3265 666 3327 manui
694 3266 836 3338 regis
864 3267 917 3321 in
941 3281 1081 3338 pago
1110 3264 1264 3336 cujus
1289 3282 1451 3337 supra
1478 3267 1807 3324 mentionem
1837 3266 2065 3323 fecimus

481 3358 729 3429 contigit,
768 3358 900 3414 libet
937 3358 1216 3415 memoriae
1256 3357 1658 3415 commendare.
1693 3357 2063 3428 Paupereulus

483 3448 725 3518 quidam,
764 3446 923 3517 juxta
951 3450 1156 3522 regiam
1184 3450 1583 3519 possessionem
1614 3465 1735 3521 qua:
1757 3450 2065 3506 Romnwila

482 3537 702 3604 dicitur,
730 3552 1099 3603 commanens,
1127 3541 1254 3596 dum
1283 3541 1351 3596 ad
1378 3539 1571 3596 cellam
1595 3540 1771 3597 sancti
1797 3541 1899 3595 viri
1926 3540 2066 3597 Galli

480 3640 711 3701 pergere
744 3630 1024 3697 voluisset,
1052 3646 1156 3687 nec
1183 3631 1412 3686 haberet
1447 3631 1650 3702 aliquid
1694 3632 1837 3701 quod
1873 3632 1943 3687 ob
1967 3632 2073 3687 den

483 3718 719 3774 votionis
762 3719 1021 3775 indicium
1073 3718 1204 3774 illuc
1246 3719 1460 3776 deferre
1507 3721 1805 3791 potuisset,
1854 3721 2069 3777 diabolo

482 3805 728 3860 suadenti
758 3806 1126 3872 consentiens,
1162 3808 1362 3863 atrium
1401 3808 1680 3879 cujusdam
1710 3808 1892 3865 divitis
1924 3810 2069 3865 irru-

482 3897 583 3969 pit,
618 3906 673 3953 et
698 3898 880 3953 alvoar
920 3914 1041 3956 cum
1073 3899 1231 3956 melle
1270 3911 1327 3956 ct
1354 3902 1545 3972 apibus
1578 3900 1766 3958 furtim
1796 3903 2069 3972 auferens,

481 3989 667 4045 intulit
692 3990 874 4046 domui
907 4006 1036 4047 suae.
1083 3991 1290 4063 Apibus
1315 3993 1509 4049 deinde
1552 3993 1856 4062 exstinctis,
1884 4010 2069 4051 ceram

484 4080 742 4148 confecit,
772 4090 827 4136 et
856 4097 962 4137 non
999 4081 1168 4138 multo
1200 4091 1324 4154 post
1362 4084 1504 4139 inter
1539 4084 1748 4141 vicinos
1778 4094 1835 4141 et
1863 4086 2073 4142 amicos

484 4186 610 4229 cum
648 4175 753 4232 hoc
790 4174 992 4231 furtivo
1029 4191 1254 4232 munere
1308 4178 1375 4232 ad
1421 4177 1705 4234 ecclesiam
1742 4179 2072 4236 venerabilis

484 4267 623 4325 Galli
665 4269 928 4340 perrexit.
960 4268 1203 4340 Cumque
1240 4271 1437 4343 singuli
1474 4272 1617 4343 quod
1648 4271 1957 4327 obtulerant
1982 4279 2070 4327 at-

482 4360 761 4425 tulissent,
804 4361 852 4417 is
889 4361 982 4431 qui
1018 4370 1210 4419 contra
1251 4362 1334 4420 fas
1363 4363 1559 4420 oll‘erre
1582 4364 1753 4419 voluit
1788 4365 1854 4420 de
1883 4365 2071 4436 rapina

483 4454 792 4521 donarium,
829 4469 1012 4510 ceram
1044 4457 1248 4526 reperit
1293 4457 1348 4511 in
1384 4456 1580 4527 lapidis
1608 4456 1884 4512 durissimi
1926 4457 2072 4528 rigo-

481 4559 603 4602 rem
628 4552 911 4599 mutatam.
954 4544 1162 4617 Ingenti
1194 4546 1378 4615 itaque
1413 4546 1609 4601 timore
1636 4545 1942 4617 perculsus,
1974 4547 2068 4601 uni
2098 4557 2150 4617 1)

484 4649 670 4691 eorum
700 4635 792 4707 qui
823 4650 1008 4691 secum
1036 4645 1298 4691 venerant
1329 4644 1539 4691 reatum
1591 4651 1746 4691 suum
1785 4635 2072 4692 confessus

481 4734 585 4780 est.
621 4723 724 4793 Qui
764 4725 959 4781 deinde
996 4740 1120 4781 cum
1157 4724 1471 4783 custodibus
1503 4725 1746 4783 ecclesiae
1774 4740 1895 4796 quae
1929 4725 2072 4783 facta

483 4813 706 4870 fuerant
742 4817 1043 4883 indicaret,
1063 4816 1211 4872 fama
1233 4814 1401 4886 hujus
1420 4816 1667 4872 miraculi
1699 4817 1836 4873 mira
1876 4816 2070 4874 celeri-

486 4915 599 4962 tate
625 4908 841 4963 cunctis
869 4909 1122 4965 innotuit.

1107 5020 1335 5079 CAPUT
1373 5021 1441 5077 Χ.

488 5132 862 5190 Pronuntiatio
894 5137 1165 5207 scriptoris
1204 5136 1268 5192 de
1296 5136 1551 5207 qualitate
1587 5136 1757 5207 operis
1795 5132 2071 5203 assumpti.

558 5246 854 5321 Descriptis
881 5250 966 5308 his
988 5267 1107 5323 quae
1133 5251 1436 5323 priscorum
1467 5251 1685 5307 solertia
1713 5250 1781 5306 de
1807 5251 1936 5315 vita,
1966 5249 2072 5305 line

484 5353 540 5400 et
567 5343 858 5401 virtutibus
884 5345 1031 5401 beati
1059 5343 1200 5399 Galli
1234 5344 1301 5402 ad
1328 5360 1430 5400 nos
1458 5359 1627 5416 usque
1657 5344 1860 5413 scripto
1890 5351 2073 5398 trans-

482 5436 654 5502 misit,
681 5438 807 5493 hinc
835 5452 897 5491 ea
930 5436 1071 5507 stylo
1107 5435 1562 5505 comprehendere
1596 5435 1922 5491 tentabimus
1947 5448 2069 5502 quae

482 5540 513 5580 a
546 5525 874 5584 ﬁdelissimis
912 5527 1140 5582 testibus
1185 5525 1439 5591 indicata,
1474 5541 1507 5581 a
1533 5526 1855 5582 charissimo
1894 5523 2081 5579 fratre.

482 5613 778 5689 Comperto
825 5618 1022 5676 litteris
1066 5625 1193 5674 sunt
1243 5618 1521 5673 mandata.
1567 5617 1625 5673 In
1654 5618 1853 5689 quibus
1889 5617 2065 5688 primo

557 5769 582 5796 ι·
621 5755 775 5812 Anno
801 5756 903 5811 710
937 5757 989 5812 id
1020 5753 1220 5812 factum
1258 5751 1429 5811 refert
1466 5753 1839 5824 Hepidannus,
1884 5770 2072 5811 mona-

486 5827 619 5886 cltus
647 5825 1047 5885 San-Gallensis
1085 5827 1138 5885 in
1169 5826 1364 5884 Annal.
1406 5825 1496 5882 Sic
1528 5842 1655 5882 vero
1690 5827 1976 5896 ltatpertus
2006 5826 2060 5882 in

1004 365 1399 423 WALAFRIDl
1439 363 1687 422 STRABI
1722 362 1926 422 FULD.
1967 357 2133 418 ΜΘΝ.
2171 357 2324 418 OPP.
2363 357 2546 418 rans
2580 359 2646 419 Il.
2684 391 2756 404 —
2788 359 3182 424 HISTORICA.

3623 372 3759 429 ibi!

2082 480 2134 540 Α
2159 474 2433 546 quomodo
2455 474 2539 531 vel
2560 475 2777 547 quando
2800 477 2856 533 in
2881 480 3133 537 coenobio
3157 480 3299 537 beati
3320 478 3464 538 Galli
3492 454 3760 557 regularis

2162 566 2290 622 vitae
2318 564 2566 622 instituta
2595 568 2804 623 servari
2830 569 3145 640 erupissent,
3173 571 3382 643 liquido
3402 574 3755 633 declaratur:

2159 657 2359 714 deinde
2384 659 2581 727 quibus
2616 659 2899 716 miraculis
2925 659 3166 730 ejusdem
3191 662 3375 719 Patris
3404 666 3590 720 virtus
3632 682 3759 723 cnn-

2160 748 2264 805 ctis
2287 747 2571 819 etl‘ulserit,
2596 750 2953 821 probabiliter
2977 754 3282 824 exponitur,
3311 762 3766 817 commemoratis

2159 840 2367 911 pariter
2395 840 2729 912 singulorum
2759 857 2884 912 qua:
2922 843 3341 900 introducuntur
3367 849 3762 905 assertoribus.

2161 931 2292 1000 Quae
2333 932 2538 990 idcirco
2576 934 2733 991 novis
2756 935 3058 993 dictionum
3095 938 3466 1008 positionibus
3503 943 3766 1001 ordinare

2161 1025 2452 1091 voluimus,
2487 1034 2548 1082 ut
2576 1043 2700 1083 cum
2744 1029 3020 1099 prioribus
3063 1030 3302 1102 aliquam
3338 1032 3765 1091 similitude

2162 1116 2455 1175 locutionis
2490 1118 2744 1186 habeant,
2777 1129 2833 1177 et
2858 1123 3142 1178 brevitatis
3181 1116 3512 1196 compendio
3551 1128 3765 1182 succin-

2162 1221 2271 1276 cta,
2304 1206 2601 1268 fastidiosis
2636 1210 2932 1268 lectoribus
2961 1228 3195 1270 onerosa
3223 1231 3333 1271 non
3372 1216 3537 1272 tiant.
3580 1216 3767 1288 Siqui-

2162 1304 2284 1360 dem
2332 1307 2553 1380 notniua
2598 1318 2788 1362 eorum
2833 1306 2925 1375 qui
2973 1307 3387 1381 scribendorum
3438 1299 3622 1366 testes
3644 1322 3768 1368 sunt

2160 1396 2245 1451 vel
2270 1395 2512 1464 fuerunt,
2538 1406 2762 1469 propter
2787 1400 2869 1454 sui
2897 1397 3229 1464 barbariem,
3257 1415 3326 1455 ne
3347 1398 3537 1454 Latini
3566 1416 3768 1457 sermo-

2162 1487 2250 1542 nis
2288 1487 2532 1543 inﬁciant
2557 1488 2842 1555 honorem,
2870 1493 3369 1561 praetermittimus;
3414 1491 3669 1551 scientes
3709 1493 3771 1550 de

2162 1580 2392 1645 veritate
2415 1579 2683 1637 dictorum
2720 1596 2753 1636 a
2783 1581 3033 1638 ﬁdelibus
3071 1599 3182 1639 nou
3207 1600 3333 1641 esse
3362 1585 3769 1651 dubitandum;

2163 1670 2366 1742 quippe
2397 1671 2487 1740 qui
2528 1682 2728 1727 norunt
2759 1672 2892 1727 nihil
2922 1671 3115 1728 horum
3147 1690 3271 1745 qua:
3309 1675 3619 1732 referimus
3664 1677 3773 1731 Deo

2166 1759 2499 1829 impossibile
2524 1775 2666 1824 esse,
2697 1761 2749 1816 in
2777 1776 2886 1831 quo
2910 1760 3245 1834 ﬁtquidquid
3270 1781 3374 1835 per
3406 1777 3643 1821 sanctos
3672 1767 3777 1821 mi-

2162 1851 2407 1907 rabiliter
2435 1861 2490 1908 et
2517 1852 2855 1909 laudabiliter
2882 1853 2960 1909 ﬁt.
2990 1854 3099 1911 Sed
3126 1866 3181 1911 et
3208 1856 3255 1911 si
3290 1857 3420 1927 quis
3447 1861 3777 1913 earumdem

2162 1959 2345 2000 rerum
2374 1953 2542 2001 testes
2566 1959 2729 2000 nosse
2752 1946 3047 2011 desiderat,
3078 1947 3133 2002 in
3162 1948 3588 2019 conscriptione
3613 1965 3774 2019 quam

2163 2034 2441 2105 sequimur
2479 2035 2680 2105 poterit
2723 2034 2986 2092 invenire.
3036 2036 3349 2094 luseramus
3383 2054 3616 2109 quoque
3653 2022 3780 2096 huic

2164 2125 2315 2195 operi
2364 2125 2622 2181 nonnulla
2668 2140 2792 2195 quae
2830 2142 2941 2181 non
2978 2129 3262 2198 scriptura:
3300 2131 3658 2194 testimonio,
3683 2130 3776 2185 sed

2166 2217 2451 2272 veracium
2496 2218 2739 2274 virorum
2775 2218 3041 2275 relatione
3097 2220 3414 2275 didicimus.
3476 2220 3541 2276 In
3580 2223 3779 2291 quibus

2163 2308 2447 2374 omnibus,
2478 2316 2739 2379 quantum
2781 2309 2850 2365 ad
2890 2325 2993 2366 nos
3021 2310 3238 2377 attinet,
3272 2311 3543 2366 veritatis
3577 2311 3775 2367 lineam

2165 2411 2386 2454 servare
2435 2397 2793 2464 studebimus,
2845 2413 3024 2470 neque
3076 2414 3174 2468 per
3206 2415 3459 2456 amorem
3508 2399 3640 2456 falsi
3680 2401 3771 2454 ali-

2165 2485 2295 2556 quid
2322 2486 2390 2542 de
2419 2495 2613 2543 nostro
2644 2487 2967 2550 inserentes,
3004 2502 3181 2558 neque
3216 2503 3315 2559 per
3360 2489 3636 2544 invidiam
3661 2491 3775 2544 veri

2167 2578 2444 2649 quippiam
2475 2593 2539 2634 ex
2566 2586 2692 2633 voto
2746 2578 3002 2635 celantes.
3044 2579 3113 2634 Et
3137 2580 3267 2648 quia
3304 2596 3412 2637 nos
3443 2581 3655 2652 scripta
3685 2583 3773 2637 vel

2165 2669 2311 2725 dicta
2356 2671 2637 2741 sequimur
2672 2670 2900 2726 aliorum
2920 2713 2935 2737 ,
2966 2672 3034 2727 ad
3074 2673 3195 2737 illos
3220 2675 3427 2730 veritas
3460 2691 3673 2742 rerum,
3702 2676 3767 2732 ad

2166 2774 2266 2815 nos
2325 2761 2563 2831 pertinet
2599 2760 2914 2820 abbreviato
2953 2762 3249 2821 dietionum
3283 2772 3340 2821 et
3383 2765 3654 2823 adunatio
3685 2782 3771 2823 ra-

2169 2849 2406 2910 tionem.

2699 3029 2703 3033 .
2776 2984 3005 3044 CAPUT
3046 2984 3136 3043 XI.

2170 3095 2624 3165 Quemadmodum
2670 3098 2928 3169 Pippiuus
2976 3101 3216 3155 eumdem
3266 3101 3444 3156 locum
3509 3099 3771 3158 Otium

2413 3185 2528 3223 cum
2554 3169 2822 3239 privilegio
2853 3182 2899 3223 et
2924 3171 3075 3225 donis
3106 3172 3520 3226 commendarit.

2239 3320 2368 3377 Post
2403 3320 2694 3377 venerandi
2729 3321 2935 3385 Patris,
2967 3323 3112 3378 beati
3150 3324 3406 3380 videlicet
3445 3324 3592 3381 Galli
3642 3341 3770 3382 coo-

2167 3412 2392 3470 fessoris
2413 3414 2632 3478 Christi,
2666 3413 2953 3485 gloriosam
2974 3414 3771 3487 depositionem,quotidianas

2169 3507 2425 3563 excubias
2461 3507 2602 3577 apud
2632 3507 2772 3561 sacri
2814 3508 3060 3576 corporis
3097 3508 3217 3577 ejus
3256 3510 3524 3580 reliquias
3552 3513 3765 3583 quddam

2169 3598 2404 3668 religiosi
2444 3597 2651 3663 clerici,
2682 3597 2771 3652 vel
2806 3598 3154 3669 discipulatus
3182 3599 3313 3669 ejus
3341 3604 3640 3668 memoria,
3686 3602 3771 3657 vel

2171 3687 2355 3743 divino
2383 3701 2566 3741 amore
2596 3686 2845 3741 succensi
2861 3702 2956 3756 per
2982 3687 3148 3743 multa
3178 3703 3448 3745 annorum
3472 3693 3767 3755 curricula,

2173 3778 2379 3833 scilicet
2401 3778 2557 3847 quasi
2578 3792 2607 3832 a
2641 3778 2974 3849 temporibus
3001 3778 3288 3850 Dagoberti
3321 3782 3470 3852 regis
3498 3799 3675 3853 usque
3699 3784 3763 3837 ad

2172 3869 2421 3924 Carolum
2461 3877 2674 3939 patrem
2712 3868 3060 3924 Carlomanni
3087 3879 3142 3924 et
3170 3871 3524 3941 Pippini,'ad
3564 3873 3771 3928 laudem

2172 3961 2377 4018 Christi
2419 3962 2888 4017 administrabant.
2939 3962 3112 4035 Igitur
3150 3979 3273 4019 cum
3316 3963 3466 4021 {arua
3508 3966 3767 4022 virtutum

2172 4067 2309 4123 quas
2330 4052 2589 4108 Dominus
2608 4067 2706 4123 per
2726 4051 3054 4109 confessoris
3082 4054 3162 4108 sui
3191 4055 3387 4110 merita
3413 4056 3507 4125 pie
3533 4073 3768 4127 quaren-

2175 4145 2319 4201 tibus
2343 4145 2607 4201 exhibere
2633 4145 2883 4216 dignatus
2906 4151 3013 4211 est,
3038 4145 3194 4218 longe
3220 4146 3441 4216 lateque
3469 4149 3769 4218 circumpo~

2172 4238 2399 4294 sitorum
2422 4238 2682 4295 mulceret
2702 4253 2861 4294 aures
2875 4239 3215 4309 pepulerunt,
3234 4247 3525 4310 ceperunt
3537 4241 3769 4309 undique

2174 4328 2339 4384 alacri
2363 4330 2644 4385 devotione
2679 4329 2747 4383 ad
2781 4330 2919 4383 tanti
2947 4330 3126 4384 Patris
3164 4328 3429 4401 sullragia
3451 4331 3768 4401 postulanda

2174 4436 2538 4487 concurrere,
2572 4422 2930 4493 eumdemque
2969 4421 3144 4477 locum
3185 4423 3255 4477 ob
3287 4438 3403 4477 sua:
3443 4424 3769 4479 diuturnita-

2177 4522 2283 4571 tem
2312 4514 2587 4570 memoria:
2621 4512 3003 4584 multiplicibus
3042 4514 3358 4569 substantia:
3383 4522 3444 4569 et
3472 4516 3767 4585 possessio-

2178 4621 2308 4661 num
2351 4605 2684 4675 ampliflcare
2721 4605 2979 4671 donariis.
3009 4604 3253 4675 Cumque
3282 4621 3370 4661 res
3393 4605 3501 4661 hac
3529 4606 3769 4679 largitate

2176 4698 2414 4755 ﬁdelium
2451 4697 2684 4765 collatae,
2724 4697 3075 4768 aliquantulm
3111 4699 3514 4755 monachorum
3551 4716 3767 4772 congre-

2176 4788 2377 4860 gationi
2416 4788 2730 4844 viderentur
2761 4798 3048 4860 suppetere
3076 4789 3343 4860 potuisse,
3380 4787 3773 4846 Waldramnns

2175 4879 2423 4949 quidam,
2468 4878 2536 4933 ad
2577 4879 2730 4950 cujus
2771 4888 3055 4949 paternam
3087 4880 3513 4950 possessionem
3562 4882 3767 4937 termini

2174 4977 2342 5045 vastae
2371 4969 2681 5026 solitudinis
2703 4970 2754 5024 in
2787 4971 2983 5040 quibus
3007 4971 3088 5025 vir
3115 4970 3209 5026 Dei
3232 4970 3431 5027 cellam
3455 4981 3769 5028 construe

2179 5069 2266 5117 rat
2293 5062 2564 5132 pertinere
2612 5062 2964 5128 videbantur,
2993 5062 3184 5118 videns
3210 5077 3301 5123 res
3328 5063 3567 5119 collatas
3597 5082 3627 5120 a
3654 5066 3769 5134 qui-

2175 5156 2405 5213 husdam
2427 5157 2907 5229 prtesumptoribus
2930 5157 3237 5213 inordinate
3259 5157 3488 5211 tractari
3513 5197 3539 5219 ι
3566 5156 3772 5225 religio-

2175 5267 2297 5307 sum
2322 5253 2610 5323 quemdam
2632 5254 3041 5324 presbyterum,
3063 5252 3389 5309 Othmarum
3413 5251 3659 5311 nomine.
3686 5248 3775 5301 cui

2176 5357 2444 5398 summam
2481 5343 2793 5409 earumdem
2828 5344 3196 5399 committeret
3237 5357 3453 5406 rerum,
3480 5357 3511 5395 a
3557 5341 3771 5394 Victore

2177 5442 2308 5490 tunc
2349 5434 2693 5491 Curiensium
2730 5435 2928 5491 comite
2960 5435 3303 5507 impetravit,
3349 5444 3405 5499 et
3443 5435 3494 5490 ei
3523 5432 3772 5488 cellulam

2177 5540 2298 5581 eum
2324 5526 2576 5582 omnibus
2603 5525 2669 5581 ad
2699 5541 2820 5583 eam
2868 5527 3266 5598 pertinentibus
3292 5525 3701 5582 commendavit
3720 5533 3772 5574 ι.

2175 5614 2525 5674 Postmodum
2573 5619 2801 5675 consilio
2844 5619 3122 5691 cujusdam
3167 5619 3327 5675 ducis
3365 5618 3589 5673 nomine
3638 5611 3772 5671 Nebl

2181 5753 2274 5810 lib.
2299 5771 2322 5809 ιη
2346 5755 2411 5810 de
2437 5756 2617 5812 Casib.
2646 5755 2703 5811 S.
2733 5755 2894 5820 Galli,
2918 5769 3035 5825 cap.
3072 5755 3109 5809 2
3135 5772 3148 5807 :
3185 5773 3201 5805 ι
3240 5753 3485 5808 Tallonis
3505 5751 3651 5825 ﬁlius
3675 5750 3771 5825 fuit

2171 5825 2425 5883 Thieltolt
2469 5827 2644 5900 (Talto
2678 5821 3146 5900 Dagoberti’regis
3184 5824 3516 5880 camerarius
3544 5821 3773 5892 fuerat}l
