3978 6310
214 389 346 445 1015

910 382 1066 439 VITA
1109 384 1168 439 S.
1210 382 1434 439 GALLI.
1466 411 1538 424 --
1568 374 1703 437 LIB.
1740 380 1804 436 Il.
1844 377 2047 436 SIGNA
2082 379 2175 439 ΕΟ
2212 381 2504 443 MORTUO
2541 384 2790 443 FACTA.

3333 387 3473 447 wit
3558 342 3565 355 ’

205 514 512 576 persuasus,
559 496 629 553 ad
674 496 955 568 prmfutum
1003 499 1298 569 principem
1349 498 1601 555 Carolum
1654 513 1779 554 cum
1808 497 1855 558 A
1885 493 2178 552 Othmarus
2206 498 2345 555 abba
2372 500 2607 560 donatus
2632 503 2841 560 solatiis
2867 514 2923 560 et
2952 505 3275 564 sublimatus
3296 511 3470 569 bono—

205 593 390 654 eodem
411 594 554 648 duce
574 590 905 661 properavit,
943 592 1153 663 ipsique
1173 593 1415 648 eamdem
1440 593 1631 650 cellam
1655 609 1781 665 pro.

201 685 446 761 prietatis
466 681 588 752 jure
622 684 970 749 contradidit,
999 692 1056 739 et
1082 694 1140 738 ut
1159 684 1477 740 Otbmarum
1503 686 1782 757 presbyte-

204 796 319 838 rum
366 778 538 836 eidem
576 778 698 834 loco
725 779 1059 850 praeﬁceret,
1090 780 1354 836 exoravit.
1395 779 1653 835 Annuens
1682 793 1780 850 pe-

202 871 376 928 titioni
407 868 526 939 ejus
556 870 825 941 princeps,
862 869 1125 926 Otltmaro
1161 872 1227 926 ad
1250 871 1592 941 praesentiam
1623 884 1782 925 suam

200 971 390 1020 vocato
435 961 613 1017 locum
660 963 1077 1027 commendavit,
1110 970 1166 1017 et
1209 970 1271 1018 ut
1308 960 1609 1030 regularem
1647 959 1777 1017 inibi

197 1058 358 1112 vitam
381 1055 672 1114 instituere
698 1055 942 1111 studeret
960 1054 1232 1125 prmcepit.
1258 1054 1359 1122 Qui
1390 1068 1675 1124 regressus
1692 1068 1782 1107 ar-

198 1149 362 1220 ripuit
390 1147 571 1204 statim
599 1149 729 1203 boni
755 1148 989 1218 pastoris
1014 1148 1187 1212 initia,
1216 1155 1271 1203 et
1300 1147 1538 1216 undique
1562 1134 1779 1201 versum

197 1236 499 1296 habitacula
550 1238 940 1294 monachorum
991 1240 1181 1295 usibus
1224 1254 1461 1311 congrua
1519 1238 1780 1308 dispusite

191 1338 534 1395 construens,
581 1329 821 1399 ejusdem
872 1330 1049 1385 sancti
1081 1338 1281 1386 statum
1318 1329 1421 1385 loci
1456 1330 1779 1386 utilitatibus

190 1421 415 1479 diversis
435 1421 665 1491 aptavit.
693 1420 799 1475 Sed
827 1436 951 1475 cum
968 1419 1079 1487 jam
1104 1420 1281 1476 dictus
1302 1420 1554 1489 princeps
1575 1428 1780 1489 tempo-

179 1510 371 1572 raliter
395 1510 671 1583 regnandi
689 1519 744 1567 et
771 1511 982 1565 vivendi
1011 1508 1169 1565 tinent
1198 1510 1447 1575 fecisset,
1473 1510 1681 1566 duobus
1712 1511 1777 1564 ti—

186 1602 273 1658 Iiis
299 1601 673 1657 Carlomanno
709 1610 764 1656 et
801 1600 1027 1671 Pippino
1067 1594 1592 1657 administrationem
1627 1602 1779 1671 regni

187 1694 427 1762 reliquit.
467 1690 869 1747 Carlomannus
911 1692 1093 1762 itaque
1126 1705 1422 1762 paucorum
1458 1691 1779 1747 decursibus

184 1783 415 1840 evolutis
447 1797 740 1846 annorum,
777 1784 847 1839 ob
884 1798 1125 1838 amorem
1150 1783 1303 1853 regni
1325 1782 1584 1847 caelestis,
1609 1797 1779 1838 scccu-

1883 592 2053 658 ribus,
2082 595 2472 651 monasterium
2504 596 2657 653 laetus
2685 600 3018 670 regreditur;
3044 609 3099 655 et
3128 616 3195 658 ex
3222 601 3315 658 illo
3339 612 3471 661 tent-

1878 700 2013 756 pore
2049 688 2363 743 monasticae
2388 689 2511 745 vita:
2549 691 2603 746 in
2648 692 2898 749 cmunbio
2934 695 3105 751 sancti
3140 695 3278 753 Galli
3309 713 3469 754 exor-

1880 777 2026 831 dium
2056 777 2275 847 quidem
2311 780 2494 849 cmpit,
2520 792 2870 854 augmentum
2900 792 3081 842 autem
3107 796 3162 842 et
3197 788 3485 860 profectus-

1879 865 2147 939 hodieque
2171 869 2512 925 laudabiliter
2534 873 2746 929 dilatari
2779 891 2887 931 non
2914 876 3147 935 desinit.

2475 1002 2705 1062 CAPUT
2746 1007 2860 1063 X-Il.

1880 1126 2127 1195 Qualiter
2160 1134 2569 1202 pratsat'entibus
2596 1134 2833 1207 Victoris
2861 1139 3131 1195 incursum
3169 1143 3374 1207 nouli:
3396 1148 3477 1200 δίε

2272 1220 2431 1274 guunt
2465 1207 2532 1259 sit
2569 1206 2819 1263 divinitus
2864 1210 3069 1265 datum.

1952 1309 2239 1369 Praemisso
2300 1316 2611 1372 narratione
2669 1334 2779 1389 qua
2830 1321 3277 1391 comprehensum
3334 1327 3470 1382 satis

1878 1422 2009 1464 vere
2052 1410 2343 1477 credimus,
2390 1413 2663 1481 quomodo
2706 1428 2862 1471 sacer
2909 1415 3060 1473 locus
3107 1417 3467 1475 immanitatis

1879 1501 2219 1573 privilegium
2253 1505 2536 1571 meruerit,
2580 1513 2634 1560 et
2672 1522 2780 1576 quo
2811 1508 2863 1562 in
2894 1515 3137 1580 tempore
3177 1511 3466 1567 coenobiall

1880 1591 2143 1663 dignitate
2170 1594 2242 1649 sit
2271 1594 2584 1663 adornatus,
2616 1597 2838 1654 liberius
2856 1597 2968 1667 jam
2993 1600 3058 1655 ad
3083 1600 3466 1657 miraculorum

1879 1683 2021 1740 beati
2051 1685 2189 1740 Galli
2232 1689 2806 1744 commemorationem
2843 1690 3043 1762 stylum
3073 1693 3463 1749 convertimus.

1882 1775 2090 1840 Victor,
2117 1777 2394 1834 Curiensis
2424 1777 2611 1835 metite
2636 1795 2840 1846 comes,
2879 1782 3034 1853 cujus
3061 1784 3308 1853 superius
3336 1784 3468 1841 feel-

185 1875 312 1931 laris
337 1876 527 1947 gloriae
554 1891 802 1946 pompam
834 1876 1083 1946 deposuit
1108 1889 1165 1943 ας
1199 1886 1255 1932 et
1284 1892 1408 1931 eum
1436 1890 1600 1932 causa
1634 1877 1771 1946 quie-

1884 1880 2006 1921 mus
2032 1868 2383 1942 mentionem,
2420 1885 2542 1926 cmn
2574 1872 2999 1928 innumerabiles
3028 1876 3168 1943 apud
3201 1876 3464 1933 tumulum

182 1965 336 2021 tioris
369 1966 500 2021 vitae
541 1965 769 2020 Romam
800 1966 1064 2030 tenderet,
1098 1967 1152 2021 in
1193 1966 1447 2021 viciniam
1479 1964 1774 2035 supradicti

183 2053 287 2110 loci
317 2055 634 2121 deveniens,
663 2055 728 2110 ad
764 2055 905 2110 idem
946 2057 1334 2113 monasterium
1363 2071 1529 2111 causa
1569 2057 1772 2133 oratio-

184 2144 268 2198 nis
288 2146 522 2203 accessit
545 2163 558 2200 :
584 2147 916 2215 audiensque
936 2146 1169 2202 assiduis
1189 2147 1466 2218 signorum
1487 2146 1777 2202 virtutibus

181 2236 429 2293 eumdem
457 2239 637 2294 locum
664 2252 765 2307 pro
797 2237 937 2293 beati
965 2238 1068 2292 viri
1095 2239 1304 2294 meritis
1338 2253 1367 2293 a
1398 2237 1628 2293 Domino
1657 2236 1776 2291 illu-

184 2328 365 2391 strari,
404 2328 610 2384 dixisse
641 2327 813 2383 fertur
841 2346 856 2381 :
884 2328 1087 2385 Tenuis
1128 2329 1346 2398 quidem
1382 2329 1471 2383 hic
1508 2328 1659 2383 locus
1693 2338 1779 2384 est

185 2415 460 2484 facultate,
487 2419 580 2473 sed
609 2434 708 2487 pro
739 2418 951 2473 meritis
975 2420 1119 2473 beati
1141 2418 1280 2475 Galli
1307 2417 1508 2475 celebri
1530 2417 1776 2474 diﬂ'ama-

183 2517 271 2562 tus
288 2524 528 2565 rumore.
556 2509 801 2580 Cumque
823 2509 982 2564 vellet
1002 2510 1200 2565 ibidem
1217 2508 1535 2580 degentibus
1557 2509 1775 2580 aliquod

183 2613 296 2655 sua:
324 2599 595 2671 largitatis
620 2599 868 2656 conferre
908 2599 1195 2665 solatium,
1224 2601 1320 2656 sed
1369 2607 1698 2655 retractaret
1743 2615 1774 2655 a

184 2691 417 2759 negotiis
456 2706 516 2746 se
556 2690 707 2762 regni
758 2690 1087 2761 disjunctum
1126 2690 1346 2761 explere
1383 2705 1491 2746 non
1531 2690 1775 2759 potuisse

179 2780 326 2848 quod
353 2781 715 2847 voluit,fratri
741 2782 1017 2852 rescripsit
1043 2790 1101 2837 ut
1126 2782 1207 2837 sui
1238 2782 1447 2838 amoris
1473 2782 1670 2837 intuitu
1697 2782 1775 2838 ei-

178 2868 306 2925 dem
349 2873 680 2928 monasterio
724 2872 941 2942 aliquod
998 2874 1158 2943 regia:
1199 2873 1467 2943 largitatis
1521 2872 1772 2929 solatium

178 2956 501 3028 dignaretur
522 2962 854 3031 impendere.
870 2960 1003 3016 Cum
1030 2962 1194 3033 igitur
1213 2962 1283 3017 ab
1296 2961 1561 3018 Otbmaro
1574 2960 1773 3017 abbate

178 3061 567 3119 prmsentatam
595 3054 851 3123 Pippinus
872 3054 1124 3125 princeps
1141 3055 1440 3125 accepisset
1463 3054 1765 3124 epistolam,

180 3154 434 3198 annuens
460 3143 707 3214 petitioni
729 3143 1003 3209 fraterna,
1020 3144 1258 3200 libellum
1271 3159 1430 3215 quem
1448 3144 1771 3200 Benedictus

1878 1958 2053 2012 sancti
2080 1957 2217 2013 Galli
2249 1975 2348 2029 per
2383 1962 2574 2016 merita
2616 1962 2785 2033 ipsius
2825 1964 3052 2021 virtutes
3086 1966 3299 2022 ostendi
3342 1980 3467 2025 cre-

1877 2046 2115 2105 berrime
2137 2052 2430 2115 didicisset,
2456 2055 2655 2111 invidia
2680 2067 3003 2130 perurgente
3028 2068 3176 2115 tanta
3201 2064 3489 2118 novarum).

1877 2140 2240 2205 generositate
2261 2143 2517 2198 virtutum
2542 2154 2785 2201 nostram
2816 2156 3035 2217 gentem
3064 2148 3309 2220 insigniri
3338 2165 3465 2219 per-

1878 2227 2076 2296 dol’uit;
2123 2238 2177 2285 et
2215 2240 2275 2287 ut
2318 2240 2444 2290 tunc
2486 2233 2630 2291 fama
2660 2235 2996 2308 vulgaverat,
3022 2239 3257 2295 latenter
3298 2241 3467 2296 voluit

1876 2333 1975 2388 per
1996 2320 2176 2377 abdita
2214 2324 2381 2379 eremi
2417 2328 2787 2396 supervenire,
2815 2337 2870 2382 et
2898 2329 3123 2399 pretiosi
3150 2332 3465 2387 thesaurum

1875 2412 2146 2481 corporis,
2183 2413 2362 2483 siquo
2399 2425 2559 2484 pacto
2585 2417 2851 2487 potuisset
2889 2418 3126 2475 auferre.
3156 2420 3275 2488 Qua
3312 2421 3467 2476 mali-

1878 2500 2001 2555 tiosi
2042 2502 2274 2573 raptoris
2306 2504 2606 2562 intentione
2632 2516 2928 2578 comperta,
2954 2509 3007 2563 lii
3029 2511 3122 2580 qui
3149 2512 3203 2566 in
3233 2512 3488 2570 circuitu.

1877 2591 2025 2647 cellte
2054 2593 2156 2647 viri
2183 2593 2274 2649 Dei
2300 2599 2736 2665 commanebant,
2763 2601 3078 2657 custodibus
3102 2603 3347 2673 vicissim,
3367 2619 3472 2675 per

1879 2689 2084 2737 turmas
2117 2685 2425 2754 deputatis;
2456 2690 2704 2742 eumdem
2744 2689 2921 2744 locum
2962 2691 3032 2745 ab
3062 2691 3248 2747 ltostili
3284 2692 3473 2749 iocur.

1877 2774 2049 2841 sione,
2086 2791 2153 2831 ne
2175 2777 2425 2834 videlicet
2453 2787 2559 2834 tam
2583 2781 2734 2835 cbari
2768 2780 2976 2853 fulgore
3005 2785 3287 2856 margariti
3309 2801 3466 2842 care-

1876 2876 2019 2934 rent,
2064 2870 2212 2924 omni
2263 2872 2557 2943 sagacitate
2601 2872 2887 2931 defensare
2934 2878 3242 2933 studebant.
3294 2878 3468 2949 Igitur

1873 2973 1998 3014 cum
2041 2961 2274 3030 quadam
2317 2970 2477 3018 nocte
2523 2966 2777 3022 custodes
2806 2967 2857 3022 in
2905 2969 3217 3025 summitate
3261 2972 3468 3027 montis

1876 3047 1966 3116 qui
1991 3052 2321 3107 monasterio
2349 3052 2785 3122 superimminet,
2809 3056 2877 3110 ad
2900 3066 3185 3128 suspectos
3213 3059 3466 3116 incursus

1875 3141 2077 3195 annali
2114 3143 2415 3197 residerent
2453 3147 2867 3214 praecavendos,
2894 3161 3022 3202 casu
3054 3147 3231 3204 lucem
3257 3165 3289 3205 e
3324 3150 3477 3206 coelo

178 3228 347 3285 Pater
386 3236 453 3289 de
485 3233 878 3290 cmuobitarum
919 3234 1330 3290 conversatione
1367 3244 1769 3305 composuerat,
1800 3215 1847 3277 C
1878 3233 2065 3287 venire
2106 3249 2171 3289 ac
2221 3234 2385 3290 totius
2431 3236 2673 3292 ecclesia:
2713 3238 3039 3308 perfundere
3085 3241 3289 3296 muenia
3335 3259 3466 3299 cono

177 3321 359 3377 eidem
380 3324 562 3379 abbati
595 3323 926 3389 tradidit,-et
952 3324 1060 3379 alia
1084 3324 1244 3395 regiae
1274 3325 1553 3393 dignitatis
1575 3325 1777 3396 imper-

180 3413 323 3469 tiens
354 3416 523 3482 dona,
555 3416 607 3471 id
637 3416 688 3472 ei
723 3416 824 3472 sub
863 3416 1010 3472 omni
1054 3416 1334 3487 diligentia
1365 3416 1601 3486 injunxit
1633 3425 1691 3472 ut
1719 3417 1774 3472 in

177 3501 297 3557 loco
317 3505 420 3560 sibi
433 3506 833 3573 commendato,
856 3508 921 3562 ad
939 3507 1268 3578 supplendas
1283 3508 1426 3563 beati
1448 3507 1586 3563 Galli
1608 3523 1777 3564 excu-

177 3591 320 3661 bias,
361 3582 631 3669 regularis
672 3599 917 3653 ordinem
965 3600 1271 3655 institueret
1310 3601 1451 3654 vitae.
1496 3601 1674 3671 Atque
1713 3610 1773 3657 ut

175 3686 369 3747 melius
408 3702 595 3763 posset
621 3693 764 3761 quod
788 3691 1080 3762 jubebatur
1107 3691 1339 3758 ellicere,
1384 3694 1658 3749 concessit
1688 3693 1777 3749 illi

170 3783 440 3848 quosdam
475 3786 790 3839 tributarios
812 3785 879 3839 de
912 3785 1105 3840 eodem
1142 3800 1301 3857 pago,
1336 3794 1395 3840 ut
1429 3793 1484 3841 et
1517 3785 1623 3841 illis
1651 3786 1765 3842 col-

168 3869 550 3928 laboranLibus
594 3872 835 3928 ollicinas
892 3872 1125 3928 fratrum
1182 3875 1367 3931 usibus
1432 3878 1769 3933 necessarias

167 3970 543 4028 construeret,
569 3971 623 4017 et
652 3963 934 4033 vectigalia
956 3977 1077 4033 qua:
1103 3964 1383 4019 annuatim
1407 3966 1572 4035 regiis
1595 3967 1768 4020 reddi-

168 4050 310 4107 tibus
352 4053 571 4110 inferre
610 4055 897 4119 debebant,
936 4055 1004 4109 ad
1039 4055 1493 4110 sustentationem
1534 4055 1764 4110 fratrum

167 4142 266 4198 sub
316 4147 844 4202 commemoratione
872 4146 1141 4218 largitatis
1182 4146 1300 4216 ejus
1343 4147 1768 4204 habereulntcr

165 4241 365 4292 cetera
396 4253 637 4309 'quoque
683 4254 793 4293 sua:
836 4238 1218 4294 munificentiae
1264 4240 1510 4302 donaria.
1542 4251 1768 4313 rogante

166 4323 383 4394 abbate,
443 4344 606 4383 unum
642 4345 960 4400 eampanum
995 4331 1062 4384 ad
1088 4331 1260 4386 sancti
1294 4331 1405 4386 loci
1437 4332 1585 4387 dedit
1609 4347 1768 4387 orna-

168 4427 317 4487 tum;
359 4425 508 4495 quod
534 4424 600 4478 ad
633 4441 804 4495 usque
832 4434 1028 4479 nostra:
1062 4427 1239 4480 astatis
1291 4436 1530 4496 tempora
1570 4427 1621 4480 in
1655 4441 1766 4482 cm-

169 4510 332 4569 uobio
374 4516 568 4571 eodem
617 4530 717 4585 pro
766 4516 1027 4571 memoria
1054 4515 1440 4570 beneﬁciorum
1481 4514 1597 4583 ejus
1637 4531 1764 4586 per-

170 4605 395 4662 mansit.
434 4606 502 4661 Et
529 4621 595 4661 ne
625 4604 939 4675 cujusquam
970 4607 1203 4660 avaritia
1237 4606 1370 4661 tanti
1413 4606 1763 4662 incrementis

168 4691 466 4753 obsisteret
512 4697 661 4763 boni,
700 4698 969 4752 diuturnae
999 4696 1271 4754 ﬁrmitatis
1300 4697 1582 4769 epistolam
1636 4698 1762 4754 fecit

168 4790 472 4856 conscribi,
516 4799 570 4844 et
614 4798 673 4844 ut
725 4789 891 4845 moris
926 4798 1043 4855 est,.
1075 4789 1467 4859 circumspecta
1517 4791 1761 4847 roborari

168 4881 410 4948 cautela,
439 4884 545 4952 quo
566 4882 825 4951 deinceps
845 4888 952 4935 tam
980 4882 1095 4950 ipse
1115 4880 1206 4952 qui
1235 4881 1423 4936 aderat
1448 4896 1612 4953 quam
1643 4897 1755 4939 suc-

169 4981 421 5029 cessores
449 4974 567 5043 ejus
604 4974 744 5028 idem
774 4974 1160 5027 monasterium
1190 4987 1287 5041 per
1323 4974 1526 5043 regiam
1554 4974 1766 5030 obtine-

171 5071 295 5116 rent
340 5069 744 5129 auctoritatem,
789 5075 843 5119 et
886 5065 1085 5120 nullius
1122 5064 1376 5120 violentia
1416 5064 1609 5134 pressi,
1640 5064 1769 5121 solis

172 5163 358 5213 rerum
412 5159 758 5230 principibus
795 5155 1156 5225 subjacerent.
1208 5157 1302 5214 llis
1342 5160 1505 5229 regiae
1552 5159 1767 5229 pietatis

169 5305 330 5375 9'lius
375 5311 656 5367 Titietonis
712 5310 853 5366 ﬁlius
895 5308 1066 5375 Pollo,
1104 5308 1343 5366 Pollonis
1388 5318 1569 5365 autem
1625 5311 1777 5369 filius

170 5371 544 5453 Waldpertus,
571 5382 660 5452 qui
679 5382 863 5453 genuit
880 5371 1303 5453 Waltramnnm,
1327 5382 1438 5450 ipse
1462 5397 1590 5438 vero
1613 5381 1764 5439 Wal-

171 5448 421 5507 ll'umnus
448 5448 622 5509 locum
659 5448 821 5507 istum
848 5452 900 5506 in
931 5451 1184 5507 omnibus
1220 5453 1290 5505 ob
1321 5448 1559 5507 amorem
1587 5454 1759 5509 sancti

172 5513 314 5594 Galli
340 5538 540 5593 augere
555 5523 889 5594 desiderans,
912 5523 1324 5594 regularemque
1342 5522 1471 5575 inibi
1497 5524 1660 5594 vitam
1686 5524 1763 5578 in-

173 5587 403 5663 stituere
414 5587 662 5663 cupiens,
678 5587 1002 5649 Otbmarum
1014 5587 1255 5648 sanctum
1284 5594 1456 5663 virum
1474 5608 1501 5646 a
1522 5593 1757 5659 Victore,

178 5654 366 5734 limite
401 5654 678 5719 Curicnsis
718 5664 933 5728 comite,
960 5665 1289 5734 impetravit,
1318 5662 1505 5734 eique
1568 5654 1758 5719 cellam

174 5730 456 5791 praefatam
487 5751 609 5788 cum
646 5734 896 5788 omnibus
924 5735 989 5787 ad
1034 5730 1149 5788 eam
1192 5730 1583 5801 pertinentibus
1614 5750 1758 5787 com-

176 5805 475 5868 mendarit,
523 5808 882 5875 abbatemquc
910 5805 1207 5861 constituit.
1246 5803 1436 5860 Postea
1463 5819 1592 5860 vero
1631 5815 1755 5861 tem-

1879 3331 2189 3391 spexerunt.
2240 3322 2665 3381 lmmeusitatem
2710 3328 2892 3398 itaque
2940 3328 3161 3386 luminis
3188 3331 3461 3400 admirati;

1876 3412 1942 3466 ad
1972 3412 2257 3467 ecclesiam
2307 3414 2467 3469 citius
2509 3427 2905 3474 concurrerunt
2952 3435 2969 3474 :
3009 3428 3065 3476 ct
3109 3420 3237 3475 dum
3269 3423 3464 3492 trepidi

1874 3508 2273 3574 stupentesque
2298 3504 2500 3560 ibidem
2527 3508 2805 3563 constituti
2838 3509 3084 3565 eumdem
3124 3508 3466 3569 intuerentur

1873 3591 2239 3662 splendorem,
2273 3593 2531 3663 paulatim
2570 3611 2630 3652 se
2673 3597 2766 3652 lux
2806 3600 3075 3655 submissa
3116 3600 3462 3672 recolligens,

1875 3681 2039 3736 astris
2067 3682 2347 3737 inseritur.
2368 3683 2439 3738 At
2460 3684 2535 3739 illi
2561 3687 2679 3742 viso
2705 3687 2967 3743 miraculo
2989 3698 3212 3760 agentes
3232 3686 3463 3750 Domino

1873 3773 2099 3842 gratias,
2124 3775 2299 3830 securi
2328 3774 2394 3830 ad
2426 3777 2642 3847 propria
2667 3788 2997 3849 remearunt,
3028 3782 3315 3839 credentes
3339 3800 3466 3847 core

1870 3880 1972 3935 pus
1998 3866 2098 3921 viri
2120 3866 2212 3922 Dei
2235 3884 2336 3938 per
2357 3869 2463 3924 vim
2491 3869 2557 3925 ab
2580 3885 2646 3927 eo
2669 3871 2790 3927 loco
2810 3873 3041 3930 minimo
3055 3874 3257 3931 auferri
3281 3893 3460 3948 posse,

1871 3973 2030 4026 quem
2055 3959 2132 4013 illi
2160 3960 2421 4015 Dominus
2446 3972 2571 4017 ante
2594 3963 2787 4018 saecula
2815 3965 3083 4033 praevidit,
3112 3974 3167 4021 et
3191 3982 3303 4023 suae
3332 3969 3465 4022 illu-

1871 4049 2153 4105 strationis
2193 4051 2399 4105 honore
2437 4051 2768 4121 temporibus
2811 4054 2928 4109 istis
2957 4055 3254 4111 decoravit.
3307 4057 3465 4114 Unde

1872 4139 2032 4193 datur
2083 4142 2307 4212 intelligi
2358 4144 2543 4212 quanti
2593 4144 2751 4214 apud
2792 4146 2963 4200 Deum
3019 4147 3199 4203 meriti
3236 4149 3320 4203 vir
3359 4150 3460 4204 ista

1871 4227 2054 4295 fuerit,
2088 4232 2243 4303 cujus
2271 4232 2559 4303 sepultura:
2607 4232 2783 4289 locum
2821 4236 3038 4293 caelitus
3072 4237 3299 4310 contigit
3341 4239 3464 4294 illu-

1873 4322 2032 4377 strari
2070 4340 2082 4376 :
2115 4332 2174 4377 ut
2213 4323 2461 4379 videlicet
2505 4322 2685 4379 lumen
2717 4341 2825 4396 quo
2854 4327 2983 4398 ejus
3013 4328 3193 4383 anima
3219 4327 3461 4399 perfecte

1870 4410 2153 4467 fruebatur
2179 4413 2231 4467 in
2256 4413 2430 4480 etnlis,
2456 4414 2619 4468 etiam
2644 4424 2857 4472 mortuo
2877 4419 3092 4487 corpori
3121 4433 3229 4476 non
3254 4419 3465 4477 deesset
3524 4440 3531 4449 ο

1872 4500 1925 4557 in
1957 4502 2139 4560 terris.

2463 4595 2691 4654 CAPUT
2728 4598 2855 4654 Xlll

1876 4692 1994 4759 Qua
2036 4695 2488 4750 αηὶηιαιιυεηίοηε
2538 4697 2679 4752 idem
2724 4715 2757 4752 a
2799 4714 2900 4754 sua
2943 4693 3351 4772 prazoumptione
3391 4710 3462 4757 sit

2521 4784 2808 4839 repressus.

1946 4876 2186 4933 Audiens
2213 4878 2395 4950 itaque
2417 4893 2601 4935 comes
2623 4879 2912 4950 praedictus
2939 4895 2970 4934 a
2997 4880 3133 4936 cella
3160 4882 3334 4938 sancti
3355 4882 3459 4939 viri

1877 4967 2194 5026 discessisse
2235 4970 2508 5037 custodes,
2543 4971 2767 5041 cupiens
2797 4987 2925 5027 suos
2958 4970 3177 5043 explere
3210 4981 3463 5042 conatus,

1874 5062 2114 5118 virorum
2156 5062 2371 5117 turbam
2403 5065 2715 5132 assumpsit,
2754 5072 2816 5119 ut
2842 5065 2986 5134 quod
3013 5064 3156 5121 male
3188 5065 3461 5138 cogitave-

1873 5162 1977 5219 rat,
2009 5154 2290 5225 repentino
2321 5163 2377 5210 et
2401 5155 2589 5210 latenti
2618 5163 2959 5226 perpetraret
2985 5170 3230 5214 accessu.
3257 5156 3459 5214 Verum

1869 5319 2001 5375 pore
2036 5303 2369 5375 procedente
2408 5312 2572 5375 atque
2613 5313 2756 5361 statu
2801 5307 3115 5363 monasterii
3156 5306 3213 5362 in
3262 5305 3454 5375 melius

1869 5373 2205 5445 proliciente,
2231 5373 2499 5445 praefatus
2521 5375 2890 5433 Waltramnus
2917 5378 3166 5434 eumdem
3204 5373 3467 5432 abbatem

1874 5445 2195 5500 Otbmarum
2233 5446 2461 5516 Pippino
2487 5447 2599 5516 regi
2624 5449 2992 5517 prtesentavit,
3020 5457 3152 5517 εις..
3189 5445 3281 5516 qui
3317 5446 3459 5517 idem

1872 5517 2265 5590 monasterium
2300 5514 2405 5590 per
2441 5514 3009 5590 annosjquadraginta
3036 5514 3274 5590 feliciter
3284 5514 3463 5590 rexit,

1872 5585 2215 5643 Waltramno
2240 5587 2501 5658 praedic-to
2532 5585 2724 5659 viginti
2750 5585 2905 5646 anuis
2933 5587 3185 5645 solatium
3220 5585 3296 5642 illi
3319 5599 3461 5658 prte-

1871 5664 2071 5713 stante.
2114 5677 2131 5709 ι

1942 5738 1966 5768 ε
2000 5730 2155 5785 Anno
2184 5725 2389 5785 scilicet
2422 5727 2546 5798 745,
2589 5730 2669 5788 uti
2702 5730 2843 5788 idem
2873 5728 3220 5802 llepidannus
3250 5725 3457 5786 scribit.
