3978 6310
465 363 629 420 1015

485 487 613 556 quia
654 495 761 538 non
805 493 916 536 suae
950 475 1253 534 devotionis
1294 474 1515 530 utilitati
1564 471 1902 542 prospiciens
1924 509 1939 535 ,
1967 467 2064 524 sed
2091 469 2145 528 Α

486 579 676 634 alienze
702 571 974 630 felicitatis
1003 568 1334 641 profectibus
1362 566 1608 622 invidens
1635 565 1689 619 id
1719 561 2059 628 moliebatur,

486 667 581 724 Dei
610 673 743 720 nutu
771 664 878 720 cito
903 675 1182 732 repressus
1220 659 1386 714 fuisse
1408 656 1771 726 cognoscitur.
1813 653 1948 708 Nam
1971 666 2062 707 eo-

485 759 610 814 dem
637 763 914 810 momento
941 767 1048 823 quo
1077 752 1181 806 iter
1214 750 1343 805 illud
1369 762 1655 819 aggressus
1677 752 1782 811 est,
1816 745 1883 799 de
1922 756 2062 812 equo

483 849 571 906 cui
586 847 852 903 insidebat
870 843 1096 908 corruit,
1111 855 1351 910 coxaqne
1372 839 1516 894 illius
1531 853 1595 892 eo
1625 851 1756 892 casu
1783 833 2061 890 confracta

485 947 591 1006 est,
631 937 861 993 Domino
888 935 1034 990 beati
1067 933 1169 993 viri
1195 933 1386 988 merita
1416 931 1471 986 in
1501 932 1603 986 hoc
1626 943 1841 999 quoque
1879 942 2061 980 remu-

486 1034 712 1082 nerante
738 1066 753 1091 ,
797 1041 864 1080 ne
906 1039 940 1080 a
972 1022 1090 1078 loco
1127 1037 1285 1092 quem
1318 1021 1430 1090 ipse
1459 1020 1697 1090 elegerat
1734 1015 2059 1080 auferretur,

487 1133 652 1188 quem
697 1116 764 1172 de
805 1115 1010 1171 ultimis
1053 1113 1323 1168 Hiberniae
1351 1110 1546 1166 finibus
1570 1111 1636 1164 ad
1663 1108 1892 1163 salutem
1919 1106 2060 1160 πηιιί-

486 1217 667 1264 torum
703 1205 888 1261 Raetiae
926 1204 1233 1261 destinavit.
1269 1203 1338 1256 Et
1362 1201 1524 1256 vicini
1553 1199 1771 1268 quidem
1804 1198 2064 1254 exhibue-

485 1305 615 1352 runt
643 1294 962 1352 excubando
985 1309 1094 1348 sua:
1113 1291 1414 1347 devotionis
1441 1289 1730 1359 obsequia:
1746 1289 1888 1343 Deus
1912 1301 2059 1352 vero,

489 1394 809 1443 cunctorum
842 1393 1025 1440 custos
1061 1383 1345 1447 bonorum,
1385 1381 1460 1436 ibi
1503 1380 1668 1436 etiam
1709 1380 1778 1433 ad
1807 1393 2062 1433 coercen-

490 1479 617 1534 dum
640 1485 914 1547 raptorem
934 1473 1194 1543 vigilavit,
1231 1473 1323 1529 ubi
1353 1472 1654 1527 sollicitudo
1676 1471 2060 1526 alteruantium

487 1583 597 1624 non
625 1566 796 1624 adfuit
815 1564 1153 1635 pepulerunt.
1181 1564 1246 1618 Et
1274 1564 1377 1620 hoc
1404 1562 1620 1633 quidem
1643 1561 1774 1632 egit,
1807 1568 1864 1614 ut
1891 1560 2064 1614 credi—

485 1674 630 1725 mus,
683 1673 753 1713 ne
790 1656 974 1711 fideles
1012 1655 1192 1726 populi
1237 1656 1489 1710 thesauro
1523 1669 1684 1724 quem
1730 1651 2061 1707 ferventibus

485 1746 680 1804 studiis
697 1745 1008 1802 ambiebant
1033 1745 1433 1805 fraudarentur,
1466 1751 1521 1797 et
1548 1757 1614 1796 ne
1642 1742 1689 1796 is
1707 1741 1797 1810 qui
1831 1757 1925 1810 per
1950 1756 2062 1795 ma-

485 1840 658 1896 litiam
690 1839 794 1894 hoc
829 1838 995 1892 decus
1024 1839 1288 1906 attingere
1319 1833 1508 1898 voluit,
1540 1848 1649 1887 suae
1689 1830 2062 1902 perversitatis

486 1933 755 2002 potiretur
774 1928 1001 1994 effectu;
1022 1927 1396 1999 pmcipueque
1413 1939 1726 1996 prvecavens
1746 1917 1837 1990 'ne,
1866 1923 2064 1978 ablatis

487 2021 660 2076 sancti
688 2020 789 2076 viri
813 2019 1077 2089 reliquiis,
1105 2015 1494 2071 monachorum
1517 2021 1766 2070 catervas
1787 2028 1906 2082 quae
1930 2011 2062 2066 inibi

488 2112 738 2167 laudibus
777 2111 872 2164 Dei
916 2110 1196 2165 serviturze
1238 2115 1413 2172 erant,
1461 2107 1648 2162 deesse
1707 2106 2060 2174 contingeret.

489 2203 676 2273 Itaque
699 2216 882 2258 comes
909 2207 1191 2269 correptus
1221 2204 1276 2254 et
1317 2198 1533 2262 domum
1565 2212 1596 2252 a
1633 2195 1846 2251 famulis
1885 2209 2066 2265 repor-

492 2303 660 2361 tatus,
685 2309 784 2366 per
807 2293 977 2347 multa
1007 2299 1246 2360 tempora
1279 2289 1462 2344 nimiis
1490 2288 1765 2345 doloribus
1789 2297 1872 2343 est
1897 2289 2066 2358 agita-

492 2396 623 2442 tus:
662 2393 723 2440 ut
762 2383 1084 2451 intellfgeret
1113 2381 1302 2437 saltem
1341 2395 1408 2434 ex
1437 2393 1594 2449 poena
1633 2393 1796 2448 quam
1835 2377 2066 2448 superbe

491 2478 545 2532 id
582 2474 900 2546 cogitaverit
935 2473 1077 2544 (μιθιί
1111 2471 1224 2528 suis
1258 2470 1462 2526 viribus
1491 2467 1624 2526 efﬁci
1668 2468 1909 2539 potuisse
1949 2481 2067 2522 cre-

491 2566 673 2622 debat.

1083 2653 1306 2712 CAPUT
1344 2651 1481 2708 XIV.

561 2791 895 2863 Paralyticus
921 2805 1089 2844 circus
1125 2799 1169 2842 et
1209 2787 1398 2842 surdus
1439 2785 1577 2841 beati
1618 2782 1758 2838 Galli
1796 2783 1995 2867 meritis

1152 2870 1389 2912 sanatus.

561 2997 698 3065 Quia
725 2995 905 3066 igitur,
930 2993 1159 3049 Domino
1195 2991 1549 3054 custodiente,
1576 2989 1651 3058 pii
1681 2988 1913 3058 pastoris
1941 2975 2067 3042 cor;

488 3106 591 3163 pus
633 3105 667 3144 a
694 3089 1009 3143 devotarnm
1039 3085 1203 3154 septis
1249 3082 1426 3138 ovium
1478 3080 1676 3135 auferri
1729 3095 1832 3134 non
1868 3078 2066 3151 potuit,

491 3183 712 3253 dignum
773 3177 876 3232 fuit
934 3184 994 3231 ut
1029 3173 1304 3230 miraculis
1345 3172 1503 3227 fidem
1536 3169 1858 3224 facientibus
1895 3168 2068 3223 virtus
2097 3171 2141 3234 C

489 3271 814 3327 meritorum
830 3267 945 3338 ejus
971 3267 1166 3323 ibidem
1189 3264 1396 3320 cunctis
1417 3263 1702 3318 manifeste
1723 3261 2067 3316 claresceret.

492 3363 723 3430 Quidam
770 3373 1003 3429 namque
1035 3357 1103 3412 de
1147 3356 1324 3411 vicino
1353 3353 1472 3426 (aL,
1510 3351 1725 3423 l‘ucino)
1771 3351 2066 3416 territorio,

491 3467 614 3507 cum
639 3449 891 3504 diuturna
911 3445 1258 3518 aegrotatione
1284 3451 1505 3499 vexatus
1534 3441 1672 3496 lecto
1699 3440 2068 3505 decumberet,

491 3541 815 3609 su‘hrepente
863 3537 1090 3592 humore
1141 3534 1364 3599 nocivo,
1417 3531 1695 3588 oculorum
1747 3531 1928 3586 lumen
1975 3545 2070 3584 au-

488 3624 986 3699 riumque‘sen'sum
1027 3623 1227 3678 amisit.
1262 3623 1463 3677 Deinde
1493 3621 1693 3693 plantis
1739 3621 1934 3691 pedum
1978 3634 2066 3674 re-

489 3723 650 3777 tortis
701 3721 768 3774 ad
809 3727 988 3782 nates,
1026 3724 1175 3770 tanta
1222 3714 1505 3783 depressus
1525 3722 1608 3769 est
1647 3712 1984 3776 infirmitate,
2010 3718 2071 3765 ut

492 3814 562 3868 de
599 3811 716 3867 solo
751 3805 1062 3879 pectusculo
1107 3804 1230 3859 vitae
1261 3811 1539 3858 manarent
1592 3802 1800 3872 fugacis
1851 3801 2065 3855 indicia.

494 3903 599 3971 Qui
636 3917 667 3956 a
701 3900 815 3955 suis
853 3895 920 3954 ad
949 3895 1331 3952 monasterium
1363 3891 1609 3948 vehiculo
1658 3891 1895 3956 delatus,
1941 3891 2068 3946 dum

492 3995 800 4070 petentibus
833 3992 1022 4049 amicis
1055 3991 1109 4046 in
1140 3989 1367 4045 ecclesia
1393 3987 1534 4043 beati
1569 3985 1702 4042 Galli
1747 3985 1906 4039 unius
1943 3997 2068 4054 spa-

490 4091 628 4145 tium
660 4087 832 4143 noctis
873 4085 1070 4140 ducere
1098 4080 1396 4153 permissus
1421 4093 1450 4132 a
1487 4077 1708 4133 custode
1736 4076 1949 4140 fuisset,
1979 4088 2069 4129 so-

489 4180 682 4249 lusque
720 4173 919 4231 ibidem
955 4180 1329 4244 pernoctaret,
1381 4169 1523 4224 circa
1566 4167 1825 4238 gallorum
1853 4173 2070 4220 cantum

494 4273 550 4326 in
575 4269 753 4326 subito
781 4265 978 4324 mentis
1005 4278 1228 4320 excessu
1250 4268 1480 4332 quatuor
1508 4260 1650 4314 viros
1677 4255 2075 4313 candidissimis

495 4363 713 4416 indutos
743 4357 981 4414 vestibus
1027 4353 1324 4412 oratorium
1358 4351 1586 4406 introire
1629 4347 1925 4419 conspexit.
1972 4347 2075 4414 Qui

498 4453 626 4506 dum
656 4448 814 4503 altari
860 4446 1255 4516 appropiantes,
1285 4441 1590 4498 diutissime
1639 4439 1782 4494 dulci
1831 4437 2076 4493 modula-

998 354 1377 414 WALAFRIDI
1417 353 1664 411 STRABI
1700 350 1909 409 FULD.
1950 345 2115 405 MON.
2159 344 2314 403 OPP.
2353 343 2533 402 PARS
2571 343 2637 401 II.
2674 373 2745 387 -—
2780 342 3171 401 HISTORICA.

3612 344 3756 400 1016

2731 459 2958 517 CAPUT
2989 458 3106 516 XV.

2239 573 2514 642 Quomodo
2547 572 2834 627 Otiimarua
2866 573 2996 624 abba
3035 571 3099 624 ab
3138 571 3334 642 iniquis
3372 572 3697 641 primatibus

2783 643 2851 696 sit
2878 642 3122 712 amictus.

2233 762 2404 833 Igitur
2430 761 2723 818 0thmarus
2745 758 2907 823 abba,
2929 772 3053 813 eum
3082 756 3265 812 multis
3284 759 3446 814 annis
3475 759 3626 814 idem
3648 774 3759 816 cm-

2163 855 2384 910 nobium
2432 863 2654 908 strenue
2685 852 2952 916 rexisset,
2982 851 3353 921 possessiones
3393 851 3572 920 ipsius
3621 851 3758 917 loci,

2164 947 2430 1018 religiosis
2487 946 2794 1016 quibusque
2843 945 3273 1013 circumquaque
3317 942 3652 1012 degentibus
3694 944 3760 997 ob

2164 1051 2405 1091 amorem
2446 1035 2714 1090 mercedis
2761 1041 2977 1088 aeternae
3024 1032 3252 1101 plurima
3313 1046 3428 1085 suae
3491 1031 3761 1101 largitatis

2164 1125 2306 1180 dona
2334 1123 2759 1187 conferentibus,
2788 1123 2841 1177 in
2875 1129 3083 1176 tantum
3118 1119 3493 1190 amplificavit,
3525 1131 3592 1175 ut
3629 1120 3761 1175 infra

2162 1231 2364 1285 paucos
2420 1230 2621 1280 annos,
2654 1221 2974 1283 suppetente
3005 1212 3338 1267 exteriorum
3376 1212 3541 1279 copia
3583 1227 3761 1265 rerum

2163 1316 2218 1360 et
2241 1307 2367 1360 vita:
2417 1303 2534 1373 ejus
2562 1304 2900 1358 clarescente
2929 1301 3192 1356 munditia
3213 1341 3228 1365 ,
3260 1301 3568 1355 multorum
3611 1299 3762 1354 Pater

2163 1393 2419 1448 existeret
2445 1391 2854 1446 monachorum.
2885 1389 3126 1444 Comites
3171 1403 3306 1442 vero
3334 1388 3566 1456 quidam
3590 1387 3764 1440 Wari-

2163 1502 2265 1540 nus
2289 1492 2344 1540 et
2383 1483 2738 1538 Ruodbardus
2760 1495 2808 1548 α,
2831 1483 2923 1552 qui
2951 1481 3115 1537 totius
3155 1480 3269 1535 fere
3293 1480 3390 1551 (al.
3435 1481 3599 1549 tunc)
3647 1481 3764 1534 Ala-

2163 1575 2394 1631 manniae
2436 1590 2623 1630 curam
2673 1574 3157 1639 administrabant,
3199 1588 3322 1628 cum
3367 1571 3517 1626 infra
3550 1573 3764 1627 ditionis

2164 1681 2274 1722 suae
2305 1667 2564 1721 terminos
2589 1665 3082 1720 ecclesiasticarum
3106 1679 3214 1718 non
3240 1663 3533 1717 minimam
3559 1673 3762 1733 partem

2165 1771 2346 1810 rerum
2373 1771 2483 1810 sua:
2514 1755 2861 1825 proprietatis
2892 1753 3134 1808 dominio
3171 1767 3270 1821 per
3297 1753 3614 1821 potentiam
3644 1753 3763 1806 sub-

2091 1818 2138 1878 B
2159 1850 2330 1919 jicere
2358 1849 2694 1912 niterentur,
2736 1846 3031 1901 maximam
3065 1845 3132 1899 de
3161 1843 3406 1912 ejusdem
3447 1845 3764 1898 monasterii

2163 1939 2598 2011 possessionibus
2627 1947 2834 2009 partem
2858 1938 3076 1993 sibimet
3103 1936 3489 1990 vindicarunt.
3513 1935 3651 1989 Nam
3677 1936 3763 1988 tri-

2165 2034 2293 2088 buta
2319 2047 2439 2101 qua:
2477 2032 2635 2087 bonae
2664 2031 2939 2086 memoria
2969 2028 3228 2098 Pippinus
3253 2028 3468 2082 eisdem
3505 2027 3760 2081 fratribus

2167 2129 2527 2184 concesserat,
2561 2119 2921 2182 abstulerunt,
2956 2117 3171 2185 aliaque
3202 2115 3616 2186 quamplurima
3645 2131 3755 2184 qua:

2166 2228 2234 2266 ex
2262 2211 2552 2266 donatione
2578 2211 2934 2281 quorumdam
2964 2208 3338 2279 religiosorum
3369 2209 3556 2263 eidem
3587 2222 3761 2261 cano-

2164 2305 2255 2360 hio
2293 2303 2520 2358 fuerant
2564 2303 2900 2366 contradita,
2947 2316 3057 2355 sua:
3085 2299 3415 2368 rapacitatis
3448 2300 3760 2352 abstraxere

2167 2397 2464 2469 protervia.
2494 2395 2720 2464 Insuper
2759 2395 2933 2463 ipsum
2971 2393 3130 2446 etiam
3169 2392 3426 2445 abbatem
3455 2431 3472 2455 ,
3508 2406 3634 2444 cum
3669 2405 3761 2458 pro

2168 2489 2272 2544 hac
2301 2503 2358 2542 re
2400 2485 2542 2557 apud
2568 2485 2862 2556 principem
2895 2483 3014 2538 illos
3049 2488 3383 2544 accusasset,
3414 2480 3657 2533 vinculis
3683 2481 3758 2531 in-

2161 2577 2449 2648 iecerunt,
2485 2583 2542 2630 et
2579 2576 2633 2629 in
2668 2573 2957 2643 quamdam
3006 2572 3182 2626 Rheni
3217 2570 3466 2624 ﬂuminis
3505 2570 3760 2630 insulam,

2162 2666 2318 2737 juxta
2346 2665 2522 2720 locum
2549 2663 2643 2733 qui
2677 2662 2826 2718 Stein
2861 2662 3091 2725 dicitur,
3125 2661 3178 2713 in
3213 2659 3532 2714 custodiam
3560 2658 3758 2727 relega-

2168 2767 2316 2814 runt.
2360 2756 2463 2812 Ubi
2491 2771 2612 2810 cum
2644 2755 2980 2824 aliquantum
3013 2751 3273 2820 temporis
3310 2749 3417 2804 sub
3448 2749 3757 2802 arctissinia

2174 2846 2508 2904 districtione
2538 2845 2829 2899 mansisset
2847 2882 2869 2907 ,
2894 2843 2959 2898 de
2986 2856 3208 2897 carcere
3236 2839 3402 2907 hujus
3422 2842 3556 2894 vita:
3577 2840 3643 2893 ad
3672 2838 3758 2892 1:2—

2170 2939 2344 3008 titiam
2387 2935 2765 3006 commigravit
2803 2933 3078 2989 caelestem
3108 2971 3125 2998 ,
3160 2931 3394 3000 expletis
3439 2946 3558 2984 nou
3589 2931 3759 2983 minus

2169 3029 2522 3100 quadraginta
2570 3026 2728 3080 annis
2784 3023 3060 3092 regiminis
3098 3022 3218 3086 sui,
3252 3036 3362 3090 quo
3407 3022 3590 3074 sancti
3622 3020 3760 3072 illius

2172 3120 2272 3175 loci
2327 3127 2528 3175 statum
2584 3127 2640 3172 et
2687 3117 2915 3186 gloriam
2974 3114 3224 3170 nobiliter
3279 3113 3648 3184 ampliﬁcavit
3708 3121 3759 3165 et

2176 3215 2347 3270 auxit.

2755 3299 2980 3356 CAPUT
3021 3299 3156 3354 XVI.

2249 3434 2490 3503 Qualiter
2514 3432 2812 3489 earumdem
2841 3432 3088 3503 instinctu
3124 3430 3376 3503 Sidonius
3420 3431 3702 3500 episcopi:

2584 3504 2823 3558 eumdem
2853 3502 3023 3555 locum
3061 3502 3327 3554 invaserit.

2242 3641 2356 3698 Hoc
2390 3641 2572 3710 itaque
2602 3639 2677 3694 ita
2717 3638 2876 3693 rebus
2906 3638 3158 3693 humanis
3183 3639 3493 3704 subtracto,
3521 3641 3758 3709 pnedicti

2172 3731 2400 3787 comites
2426 3728 2669 3784 sublatas
2703 3728 2874 3783 sancti
2901 3727 3003 3782 loci
3035 3729 3408 3797 possessiones
3440 3731 3762 3792 retinentes,

2169 3823 2429 3879 Joannem
2465 3821 2753 3890 quemdam
2786 3821 3109 3875 monachum
3148 3822 3214 3874 de
3255 3821 3514 3888 proximo
3571 3837 3754 3875 mona-

2171 3913 2338 3968 sterio
2368 3912 2422 3966 in
2450 3908 2568 3979 eius
2612 3911 2791 3965 locum
2836 3911 3267 3979 subrogaverunt
3297 3928 3308 3962 :
3343 3925 3410 3965 ac
3451 3912 3676 3972 deinde,
3707 3921 3760 3964 ut

2169 4020 2280 4060 sua:
2321 4002 2623 4074 tyrannidis
2663 4001 2869 4056 crimen
2910 4009 3360 4070 augmentarent,
3418 4001 3706 4056 Sidonium
3733 4004 3758 4040 δ

2169 4094 2598 4151 Constantiensis
2650 4093 2906 4148 Ecclesiae
2970 4091 3257 4162 przesulcm
3315 4092 3658 4164 instigarunt
3707 4087 3764 4146 ιιι

2175 4186 2316 4242 idem
2341 4184 2734 4240 monasterium
2759 4183 3016 4253 episcopii
3063 4181 3309 4252 partibus
3341 4183 3624 4250 subjicere
3651 4193 3760 4238 stn-

2176 4275 2347 4331 deret.
2374 4275 2448 4330 Et
2487 4276 2591 4330 hoc
2634 4273 2835 4329 idcirco
2872 4273 3119 4328 fecerunt
3143 4280 3200 4324 ut
3227 4286 3294 4325 eo
3325 4271 3624 4335 licentius,
3656 4274 3762 4342 ipso

2177 4365 2668 4421 machinationibus
2691 4379 2876 4420 eorum
2908 4363 3144 4428 favente,
3173 4378 3236 4416 ea
3267 4378 3388 4431 quae
3425 4361 3634 4430 injuste
3653 4365 3761 4418 abs-

2182 4456 2444 4520 tulerant,
2493 4457 2728 4512 retinere
2759 4455 3080 4525 potuissent.
3130 4453 3382 4507 Pontifex
3440 4454 3617 4524 igitur
3653 4470 3762 4524 cum

497 4527 705 4598 minum
728 4539 1084 4595 alternatione
1111 4536 1486 4600 concinerent,
1515 4547 1656 4588 unus
1677 4545 1866 4586 eorum
1907 4529 2070 4585 laudi-

2183 4547 2523 4602 suasionibus
2551 4562 2737 4601 eorum
2763 4546 2992 4600 libenter
3013 4544 3284 4614 praeberet
3311 4560 3634 4609 assensum,
3664 4562 3764 4598 mo-

499 4634 602 4688 bus
629 4630 796 4686 finitis
834 4628 901 4683 ad
932 4627 1179 4682 lecticam
1226 4625 1280 4679 in
1327 4639 1433 4694 qua
1471 4623 1696 4679 clinicus
1724 4620 2078 4676 decumbebat

501 4723 798 4803 accedens:
835 4719 993 4786 Quid,
1044 4718 1237 4787 inquit,
1269 4725 1465 4771 causas
1509 4721 1622 4778 est,
1649 4728 1682 4768 ο
1710 4712 1888 4776 homo,
1939 4709 2081 4780 quod

501 4815 592 4869 hic
640 4800 846 4884 pernox
888 4811 1230 4866 tenebrarum
1277 4807 1531 4877 transigis
1579 4805 1726 4862 solus
1765 4800 2082 4858 horrorem?

505 4903 678 4958 Crede
708 4893 934 4964 tantum,
987 4909 1042 4954 et
1070 4900 1281 4954 ab'hac
1323 4898 1636 4952 infirmitate
1673 4895 1929 4962 deinceps
1975 4892 2084 4947 eris

482 5006 748 5049 securus.
789 4992 930 5063 Ergo
973 5006 1139 5046 sanus
1181 5003 1448 5060 exsurge,
1488 4988 1622 5042 liber
1673 4985 1949 5056 egredere.
1980 4981 2082 5050 Qui

508 5089 755 5159 protinus
783 5093 1036 5156 Surgens,
1077 5092 1130 5141 et
1151 5084 1297 5140 omni
1327 5083 1600 5138 debilitate
1629 5081 1876 5137 submota
1905 5091 2087 5149 egres-

509 5195 624 5245 sus,
657 5179 725 5233 ad
750 5192 878 5233 suos
904 5191 1069 5233 sanus
1094 5175 1381 5231 abscessit.
2053 5185 2056 5187 λ

582 5345 607 5372 ι
646 5330 994 5402 Hepidannus
1038 5331 1105 5386 ad
1136 5347 1224 5386 an.
1252 5331 1394 5385 758:
1418 5348 1436 5380 ‹
1471 5325 1749 5402 Warinus,
1771 5325 1953 5402 inquit
1980 5366 1995 5389 ,
2029 5331 2085 5378 et

507 5395 870 5456 Ruodhardus
913 5403 1128 5456 beatum
1177 5408 1231 5454 et
1276 5407 1523 5454 sanctum
1561 5399 1736 5450 virum
1764 5395 2081 5452 Othmarnm

512 5473 697 5553 multis
726 5471 938 5553 injuriis
965 5470 1269 5551 amigebant
1293 5487 1306 5522 :
1334 5471 1450 5550 ipse
1479 5482 1606 5553 vero
1633 5467 1822 5536 plenus
1844 5467 2080 5553 dieLrum,

511 5541 702 5612 plenus
729 5531 890 5595 etiam
915 5531 1547 5612 sanctitatemeritorum,
1562 5531 1908 5612 de'angnstiis
1928 5531 2085 5600 hujus

511 5605 912 5681 vitaeqeripitur,
935 5620 1096 5679 atque
1124 5609 1176 5662 in
1205 5608 1376 5681 insula
1403 5608 1577 5681 Rheni
1597 5605 1830 5681 fluminis
1855 5618 1974 5681 quae
1998 5618 2088 5655 vo-

513 5672 847 5763 caturASt'cin.
859 5672 1107 5763 sepultus
1134 5687 1235 5763 e‘st.
1272 5697 1290 5729 ι
1320 5678 1403 5763 ρο
1541 5675 1918 5763 ΟιΙυηανοζδιιο
1947 5672 2081 5763 Ipsa.

588 5749 616 5792 δ
655 5747 730 5805 De
751 5764 814 5806 eo
835 5750 905 5804 ita
924 5740 1036 5821 iam
1053 5748 1300 5806 laudatus
1320 5746 1664 5820 Hepidannus
1692 5763 1702 5799 :
1733 5764 1750 5797 ‹
1781 5745 1938 5800 Anno
1959 5740 2082 5811 746,

2184 4636 2480 4690 nasterium
2534 4636 2840 4704 ingressus,
2893 4633 3090 4688 fratres
3145 4635 3459 4704 opprimere
3511 4644 3574 4688 et
3622 4649 3764 4688 eum-

2184 4727 2306 4781 dem
2352 4726 2529 4780 locum
2571 4725 2832 4795 episcopii
2872 4725 3032 4780 rebus
3086 4725 3349 4794 subjicere
3399 4725 3630 4779 molitus
3669 4732 3764 4779 est.

2183 4817 2352 4871 Porro
2379 4815 2596 4881 fratres,
2626 4817 2752 4870 dum
2788 4816 3040 4886 potentia:
3072 4815 3213 4869 illius
3242 4799 3505 4869 resistere
3533 4832 3644 4869 non
3681 4831 3764 4868 au-

2187 4907 2410 4969 derent,
2453 4905 2760 4960 maluerunt
2791 4909 2905 4973 ejus
2937 4904 3128 4959 ditioni
3156 4918 3349 4972 parere
3377 4919 3547 4972 quam
3579 4913 3657 4958 tot
3680 4903 3766 4957 ad-

2183 4995 2534 5050 versitatibus
2560 4994 2846 5063 implicari.
2881 4991 2986 5047 Sed
3018 4992 3297 5060 sequentia
3339 4992 3580 5060 probant
3613 5003 3766 5060 quam

2186 5100 2443 5157 perverse
2463 5084 2651 5155 egerit,
2681 5085 2772 5152 qui
2814 5098 2910 5152 per
2939 5082 3180 5136 avaritiae
3208 5081 3464 5136 morbum
3491 5083 3638 5136 sacri
3667 5078 3767 5134 loci

2189 5175 2532 5247 privilegium
2556 5189 2718 5229 ausus
2741 5183 2823 5228 est
2851 5173 3072 5228 violare.

2189 5328 2464 5394 Sidonius,
2490 5329 2770 5397 episcopus
2799 5327 3224 5385 Constantiensis
3243 5327 3501 5381 Ecclesia:
3525 5335 3583 5380 et
3607 5327 3772 5379 abbas

2188 5400 2391 5468 Augize,
2432 5400 2645 5452 beatum
2694 5399 3006 5452 Othmarum
3041 5398 3093 5450 in
3144 5398 3350 5468 synodo
3387 5397 3458 5451 de
3505 5397 3772 5468 adulterio

2190 5464 2502 5522 accusatum
2530 5470 2821 5531 damnavit,
2855 5485 2975 5522 mox
3001 5464 3222 5522 missum
3250 5469 3302 5521 in
3331 5468 3583 5522 exsilium
3606 5483 3621 5530 ;
3647 5485 3665 5516 ι
3685 5464 3774 5532 qui

2193 5537 2470 5603 Sidonius,
2501 5537 2761 5593 Othmaro
2790 5539 2983 5592 abbate
3014 5547 3248 5598 mortuo,
3284 5557 3300 5587 ι
3347 5537 3774 5591 administratio-

2191 5623 2315 5662 nem
2350 5609 2582 5662 ctenobii
2612 5628 2626 5658 ι
2659 5612 2828 5664 sancti
2865 5609 3001 5663 Galli
3031 5624 3172 5664 anno
3201 5608 3303 5663 757
3337 5625 3356 5660 ι
3387 5623 3487 5678 per
3512 5608 3621 5661 vim
3654 5620 3773 5660 sus-

2179 5677 2395 5748 cepisse
2435 5699 2452 5732 ι
2486 5679 2682 5734 dicitur
