3978 6310
212 377 338 437 1017

798 476 1024 535 CAPUT
1055 475 1213 531 XVII.

251 607 398 672 Quod
423 604 672 654 damnum
707 595 761 648 in
797 593 946 674 rebus
973 592 1206 674 suispro
1233 588 1414 644 eadem
1459 585 1745 642 temeritate

845 670 1144 716 incurrerit.

280 782 476 838 Fertur
495 775 759 846 siquidem
783 773 1031 829 eumdem
1057 771 1368 841 episcopum
1399 764 1690 836 aliquando
1717 763 1786 817 ad

870 362 1029 421 VITA
1063 361 1122 419 S.
1162 359 1384 418 GALLI.
1427 390 1496 401 —
1531 357 1659 414 LIB.
1700 356 1764 411 Il.
1806 351 2009 410 SIGNA
2049 354 2139 412 EO
2177 355 2470 414 MORTUO
2507 352 2754 410 FACTA.

3331 357 3467 413 1018

1810 474 1861 532 Α
1889 467 1956 523 ad
1985 469 2222 523 vicinum
2253 468 2674 533 monasterium,
2721 468 2864 536 quod
2897 465 3048 520 Anva
3072 479 3098 507 ι
3138 467 3467 532 nominatur,

1885 560 1970 615 cui
1998 568 2054 615 et
2091 566 2214 614 tunc
2238 566 2467 629 praeerat
2487 599 2502 623 ,
2535 558 2824 628 perductus
2849 564 2949 612 est.
2982 555 3083 611 Ubi
3109 558 3270 611 etiam
3295 558 3470 629 ingra-

1886 659 2140 706 vescente
2166 649 2453 718 languore,
2484 657 2694 703 tantum
2732 648 2950 703 sibimet
2987 647 3374 703 famulantibus
3399 649 3470 704 ob

1887 743 2109 798 nimium
2154 741 2380 796 fetorem
2421 739 2779 795 intolerabilis
2820 739 2997 794 factus
3034 749 3150 806 est,
3182 749 3241 794 ut
3265 741 3313 794 ei
3353 738 3470 812 jam

213 875 318 928 iter
337 867 530 926 hostile
559 866 662 922 sibi
687 866 755 920 de
784 864 955 934 ipsius
983 860 1299 917 monasterii
1342 857 1644 927 sumptibus
1675 854 1789 908 via-

1911 851 2027 890 bene
2073 833 2251 888 nullus
2301 833 2558 902 obsequia
2609 832 2919 900 impendere
2975 831 3133 886 solito
3183 833 3466 901 potuisset.

215 962 376 1016 ticum
400 955 696 1030 przeparari
733 953 982 1022 iussisse.
1005 952 1158 1019 Quod
1189 951 1314 1005 dum
1348 948 1547 1002 fratres
1566 954 1788 1016 praeter-

214 1048 427 1103 mittere
464 1061 572 1101 non
601 1043 897 1107 auderent,
944 1057 1007 1096 ea
1061 1054 1181 1110 quae
1222 1039 1373 1110 jussa
1406 1034 1622 1090 fuerant
1664 1033 1790 1088 navi

214 1135 463 1206 imposita
492 1147 592 1204 per
631 1131 987 1203 quorumdam
1013 1144 1206 1184 manus
1230 1128 1457 1182 fratrum
1485 1126 1553 1180 ad
1581 1124 1794 1194 episco-

213 1241 341 1299 pum
362 1224 806 1279 transmiserunt.
840 1219 1084 1290 Cumque
1129 1219 1222 1288 qui
1266 1217 1418 1271 missi
1449 1215 1665 1270 fuerant
1692 1229 1792 1268 na-

213 1317 396 1388 vigare
421 1315 748 1386 coepissent,
775 1313 890 1366 avis
918 1308 1165 1380 quaedam
1184 1347 1199 1373 ,
1225 1315 1287 1362 ut
1311 1321 1452 1376 saepe
1479 1305 1581 1375 ipsi
1614 1301 1793 1358 testati

213 1413 362 1471 sunt,
392 1413 519 1459 ante
547 1419 644 1460 eos
666 1401 932 1472 apparuit,
957 1407 1012 1454 et
1037 1398 1195 1468 quasi
1216 1397 1444 1452 ducatus
1462 1397 1542 1451 eis
1563 1393 1796 1450 ofﬁcium

211 1505 360 1552 esset
383 1494 678 1566 praebitura
698 1533 714 1560 ,
759 1491 904 1547 facili
947 1490 1175 1561 praeibat
1210 1488 1414 1546 Nolatu.
1445 1487 1512 1542 Et
1546 1486 1674 1540 dum
1701 1499 1798 1553 per

211 1587 379 1642 totius
428 1585 588 1640 lacus
632 1582 952 1638 vastitatem
995 1580 1166 1650 ipsius
1202 1579 1475 1649 incognito
1518 1583 1799 1631 uterentur

209 1676 440 1739 ducatu,
472 1687 746 1745 prospero
795 1671 1014 1726 tandem
1055 1682 1310 1724 successu
1356 1667 1422 1721 ad
1451 1673 1666 1736 portum
1705 1679 1802 1720 ve-

206 1764 455 1828 nientes,
516 1762 646 1832 quid
693 1762 810 1816 haec
849 1773 1002 1814 nova:
1029 1758 1182 1814 ducis
1209 1756 1467 1826 obsequia
1511 1752 1801 1825 portende-

209 1861 332 1908 rent
359 1852 742 1906 mirabantur:
771 1849 984 1918 illisque
1022 1861 1185 1918 quam
1229 1854 1438 1915 partem
1476 1849 1685 1913 peteret
1713 1841 1799 1894 di-

209 1943 444 2014 ligenter
469 1941 790 1997 notantibus
809 1979 825 2006 ,
853 1939 1071 1994 domum
1107 1935 1396 2007 quamdam
1423 1933 1593 1987 littori
1629 1930 1801 1986 conti-

209 2035 372 2106 gitam
392 2071 408 2099 ,
439 2032 502 2087 in
543 2046 651 2101 qua
681 2045 768 2085 res
799 2026 1024 2098 praefato
1049 2025 1230 2081 itineri
1253 2033 1391 2094 apta:
1420 2022 1798 2083 servabantur,

212 2121 458 2179 intravit.
493 2119 687 2174 Mirum
719 2119 896 2174 dictu!
934 2132 1059 2172 mox
1090 2115 1334 2172 eamdem
1369 2112 1558 2168 cellam
1587 2108 1802 2164 ﬂamma

215 2212 545 2281 corripiens,
573 2211 629 2265 in
657 2209 823 2264 altum
862 2207 1128 2278 prorupit,
1153 2214 1212 2282 et
1236 2204 1418 2260 omnia
1447 2218 1568 2274 qua:
1605 2201 1802 2256 ibidem

214 2308 477 2370 congesta
534 2297 781 2364 fuerant,
841 2298 1054 2368 penitus
1114 2293 1482 2362 consumpsit,
1551 2298 1610 2346 ut
1668 2287 1805 2344 nihil

216 2403 411 2444 eorum
446 2387 670 2442 omnino
703 2387 829 2442 huic
873 2384 1122 2441 incendio
1160 2389 1485 2452 superesset.
1509 2380 1806 2447 Fiebatque

211 2477 364 2551 justo
390 2476 487 2531 Dei
505 2474 736 2545 judicio,
766 2484 827 2528 ut
848 2474 938 2543 qui
966 2473 1140 2526 aliena
1167 2487 1264 2541 per
1285 2469 1581 2540 potentiam
1611 2480 1808 2537 rapue-

220 2575 330 2636 rat,
357 2567 478 2623 suis
503 2580 602 2638 per
631 2579 918 2636 supernam
937 2561 1204 2630 justitiam
1227 2560 1588 2615 fraudaretur.

793 2675 1020 2732 CAPUT
1059 2674 1240 2730 XVIII.

223 2773 346 2838 Qua
376 2771 647 2827 severitate
689 2770 940 2895 fratribth
974 2770 1251 2851 institerit,
1287 2777 1335 2823 et
1375 2784 1532 2838 quam
1585 2766 1809 2837 turpiter

915 2850 1172 2895 ecesseru.

915 2850 1172 2896 ecessertt.

295 2931 568 2999 Tempore
591 2942 802 2998 quoque
841 2927 968 2994 alio,
1009 2927 1150 2982 idem
1181 2926 1465 2996 episcopus
1506 2926 1574 2980 ad
1614 2938 1804 2979 mona-

221 3019 458 3076 sterium
479 3019 726 3084 veniens,
759 3018 885 3072 dam
911 3016 1142 3086 quadam
1171 3016 1424 3070 violentia
1453 3016 1701 3070 eumdem
1730 3013 1808 3068 lo-

223 3125 352 3166 cum
408 3109 680 3179 episcopio
728 3107 1027 3176 subjicere,
1097 3122 1312 3176 suaeque
1368 3106 1640 3178 tyrannidi
1698 3121 1804 3160 non

223 3200 638 3256 consentientes
669 3201 965 3255 monachos
989 3199 1141 3268 quasi
1163 3198 1313 3268 justo
1338 3197 1567 3254 rebelles
1592 3195 1809 3264 injuriis

223 3294 654 3351 multiformibus
696 3294 910 3351 allicere
952 3294 1302 3360 teutavisset,
1349 3292 1497 3347 Tello
1557 3292 1806 3362 quidam,

222 3385 512 3442 Curiensis
555 3385 809 3442 Ecclesia:
837 3385 1030 3458 praesul
1053 3426 1068 3452 ,
1103 3386 1251 3440 misit
1295 3387 1362 3440 ad
1389 3399 1510 3439 eum
1537 3382 1811 3439 humiliter

222 3478 552 3549 deprecans,
579 3485 637 3532 ut
668 3479 748 3533 sui
776 3477 979 3534 amoris
1006 3491 1187 3541 causa,
1219 3475 1474 3546 quoniam
1497 3472 1810 3530 eorumdem

203 3569 466 3646 fratrum
519 3567 684 3639 aliqui
735 3566 1219 3640 consanguinitatis
1263 3565 1480 3621 vinculo
1531 3565 1606 3619 illi
1657 3570 1815 3618 erant

223 3656 537 3727 conjuncti,
583 3657 651 3712 ab
684 3671 870 3712 eorum
899 3664 1138 3712 cessaret
1165 3655 1404 3724 injuriis,
1449 3655 1692 3724 nihilque
1731 3654 1815 3708 iu-

222 3750 503 3806 commodi
546 3750 640 3804 Dei
681 3749 895 3805 famulis
926 3751 1212 3820 irrogaret.
1253 3749 1424 3816 Quam
1465 3748 1809 3818 petitionem,

218 3848 420 3904 furore
471 3854 736 3910 dictante,
782 3846 1013 3912 superbe
1054 3852 1437 3909 contemnens,
1471 3841 1813 3898 remandavit

219 3956 280 3996 se
315 3939 469 3993 illius
509 3937 760 4006 precibus
787 3935 932 3990 nullo
957 3943 1114 4004 pacto
1154 3949 1542 3989 consensurum
1563 3975 1577 3998 ,
1622 3949 1811 3988 verum

220 4027 614 4086 resistentibus
642 4025 873 4081 celerem
904 4040 1002 4094 pro
1029 4033 1341 4094 contemptu
1389 4025 1662 4078 illaturum
1698 4025 1814 4078 vin-

219 4125 459 4179 dictam.
505 4120 574 4174 Et
625 4134 753 4174 mox
782 4117 1079 4172 oratorium
1128 4115 1273 4172 beati
1315 4113 1452 4171 Galli
1485 4112 1815 4170 confessoris

219 4216 384 4288 quasi
423 4221 674 4268 oraturus
715 4210 1050 4281 ingreditur,
1081 4216 1134 4264 et
1166 4217 1291 4263 ante
1340 4222 1491 4262 aram
1522 4206 1692 4276 ipsius
1720 4219 1815 4259 no-

221 4308 363 4363 mini
400 4311 776 4360 consecratam
801 4300 1078 4366 consistit;
1111 4299 1310 4370 quique
1342 4298 1409 4352 ad
1447 4297 1675 4353 salutem
1708 4311 1815 4351 non

224 4396 554 4454 merebatur
583 4392 780 4457 audiri,
806 4390 1124 4446 afflictiones
1151 4405 1288 4460 quas
1318 4389 1438 4445 aliis
1463 4405 1520 4445 se
1550 4389 1815 4458 irregatu-

1889 925 2005 980 Tali
2051 925 2232 994 itaque
2284 937 2442 994 poena
2505 923 2819 987 mulltatus,
2867 937 2988 976 cum
3031 922 3132 976 hoc
3178 920 3471 976 factionum

1891 1031 2109 1072 suarum
2134 1014 2355 1084 praemio
2385 1021 2506 1081 post
2533 1011 2740 1081 aliquot
2780 1013 2896 1066 dies
2923 1013 2988 1066 de
3022 1011 3206 1066 cloaca
3229 1011 3472 1081 corporis

1893 1105 2140 1176 spiritum
2163 1102 2454 1158 exhalavit.
2569 1095 2584 1110 ”

2466 1215 2693 1272 CAPUT
2731 1215 2874 1270 XIX.

2039 1310 2357 1367 Miraculum
2394 1310 2450 1362 in
2487 1310 2673 1379 sagina
2713 1324 2988 1377 porcorum
3014 1307 3331 1362 exhibitura.

1965 1401 2188 1457 Peracta
2234 1399 2601 1470 superioribus
2653 1399 2940 1453 sententiis
2998 1398 3260 1453 relatione
3294 1438 3310 1463 ,
3368 1411 3477 1475 qua

1897 1508 1998 1548 nos
2044 1493 2178 1547 satis
2203 1507 2330 1547 vere
2366 1491 2841 1562 comprehendisse
2887 1490 3159 1545 credimus
3205 1491 3478 1560 quomodo

1899 1596 2052 1638 sacer
2071 1581 2220 1637 locus
2241 1597 2337 1650 per
2361 1582 2556 1637 merita
2599 1582 2744 1636 beati
2772 1581 2912 1636 Galli
2934 1582 3007 1636 sit
3062 1581 3377 1636 diffamatus
3419 1589 3477 1635 et

1899 1672 2330 1744 possessionibus
2357 1673 2635 1738 dilatatus,
2684 1687 2899 1727 necnon
2945 1671 3141 1741 quibus
3187 1671 3260 1726 sit
3311 1670 3478 1725 male-

1899 1765 2142 1820 volorum
2172 1765 2529 1834 quorumdam
2560 1762 2930 1819 molitionibus
2949 1761 3248 1831 impetitus,
3273 1770 3328 1816 et
3347 1776 3470 1830 quae

1901 1855 2160 1924 quosdam
2185 1855 2548 1908 humiliaverit
2576 1853 2741 1918 ultio;
2778 1869 2922 1908 nunc
2953 1854 3328 1922 replicandum
3353 1866 3478 1906 esse

1903 1961 2190 2000 censemus
2217 1955 2418 2014 quanta
2452 1946 2642 1999 beatus
2665 1945 2743 1998 vir
2782 1944 3031 2014 praesidia
3062 1945 3163 1999 sibi
3210 1942 3477 1998 famulan-

1903 2034 2046 2089 tibus
2070 2034 2137 2088 ad
2181 2051 2269 2089 res
2299 2050 2425 2089 suas
2446 2034 2828 2089 custodiendas
2853 2033 2938 2088 vel
2965 2032 3332 2088 defendendas
3386 2047 3481 2088 ac-

1902 2127 2230 2191 commodet,
2274 2141 2488 2196 quaque
2513 2126 2836 2181 auctoritate
2889 2125 3368 2195 sepostulantihus
3427 2131 3484 2178 et

1903 2219 1969 2274 de
1995 2233 2053 2273 se
2097 2219 2548 2288 praesumeutibus
2592 2216 2911 2271 multiformi
2963 2230 3162 2287 genere
3209 2215 3472 2269 virtutum

1904 2316 2208 2372 succurrat,
2258 2307 2487 2362 Domino
2528 2307 2847 2361 meritorum
2885 2303 3002 2374 ejus
3058 2304 3485 2375 magnitudinem

1905 2399 2182 2467 signorum
2229 2398 2546 2452 assiduitate
2585 2396 2906 2451 mortalibus
2948 2394 3280 2450 declarantc.
3332 2391 3476 2460 Quo-

1905 2487 2029 2541 dam
2061 2495 2299 2556 tempore
2323 2486 2450 2540 dum
2481 2486 2743 2541 sterilitas
2779 2494 2937 2539 terra:
2969 2485 3184 2554 fructus
3227 2483 3483 2538 arborum

1906 2593 2013 2632 non
2037 2576 2209 2631 solum
2239 2576 2442 2645 porcis,
2476 2575 2572 2630 sed
2606 2576 2768 2630 etiam
2815 2575 3154 2629 silvestribus
3208 2574 3362 2639 feris,
3399 2573 3487 2630 vel

1905 2667 2277 2722 animantibus
2303 2666 2628 2736 denegaret,
2677 2666 2748 2719 ita
2795 2673 2855 2719 ut
2893 2666 2949 2718 in
3005 2659 3267 2736 proxiiuB
3314 2665 3485 2720 eremi

1905 2759 2152 2829 partibus
2180 2772 2447 2827 nusquam
2482 2755 2666 2827 sagina
2699 2765 2881 2826 posset
2911 2755 3159 2819 inveniri,
3203 2770 3307 2825 qua
3359 2770 3488 2810 sues

1906 2850 1999 2920 qui
2029 2849 2082 2904 in
2120 2864 2249 2904 usus
2289 2847 2602 2903 monasterii
2656 2847 3039 2901 nutriebantur
3091 2846 3240 2916 pasci
3282 2845 3488 2916 potuis.

1907 2948 2047 3005 seut,
2082 2939 2292 2995 occulto
2319 2938 2552 3008 quodam
2578 2937 2809 3008 impulsu
2835 2952 2966 3008 grex
3016 2937 3206 2992 suillus
3235 2951 3333 3008 per
3393 2934 3487 2990 sil-

1911 3047 2098 3085 varum
2130 3031 2248 3085 avia
2275 3030 2438 3085 celeri
2463 3045 2626 3084 cursu
2650 3029 2816 3098 erepit
2865 3029 3177 3094 abscedere,
3239 3037 3488 3082 transva-

1914 3123 2147 3190 datoque
2175 3119 2350 3174 Rheni
2374 3118 2606 3172 fluminis
2631 3119 2805 3182 alveo,
2867 3117 3172 3171 remotioris
3206 3115 3373 3170 eremi
3403 3128 3488 3169 se-

1912 3218 2056 3265 creta
2079 3208 2404 3281 penetravit.
2427 3206 2696 3262 Subulcus
2722 3215 2900 3260 autem
2929 3205 3161 3260 subitam
3201 3204 3286 3259 sui
3325 3218 3486 3273 peco-

1913 3299 1988 3354 ris
2018 3298 2199 3369 fugam
2229 3298 2476 3359 miratus,
2505 3295 2765 3366 cvcstigio
2809 3295 3133 3363 insequitur,
3173 3302 3228 3347 et
3270 3306 3488 3362 gregem

1914 3406 2074 3461 quem
2102 3405 2322 3460 pessum
2360 3388 2437 3442 ire
2475 3387 2716 3458 putabat,
2743 3385 2947 3455 reperit
2975 3383 3361 3454 copiosissimis
3387 3397 3487 3452 pa-

1914 3483 2058 3541 scuis
2089 3482 2487 3536 immorantcm.
2513 3479 2755 3548 Cumque
2779 3478 2919 3535 viam
2942 3477 3199 3532 redeundi
3231 3476 3488 3540 nesciret,

1915 3576 2114 3632 mansit
2150 3575 2246 3640 ibi,
2300 3573 2567 3629 fructibus
2605 3573 2858 3627 arborum
2916 3580 2972 3626 et
3008 3571 3264 3625 carnibus
3327 3569 3484 3623 victi-

1915 3676 2054 3734 tans,
2086 3667 2257 3722 donec
2281 3682 2409 3738 grex
2433 3673 2577 3720 totus
2624 3663 2827 3718 affatim
2870 3661 3119 3716 carnibus
3171 3667 3480 3731 gravaretu.

1913 3761 2112 3816 obesis.
2140 3759 2328 3829 Itaque
2356 3759 2574 3814 domum
2607 3756 2783 3812 redire
2831 3755 3073 3825 cupiens,
3121 3754 3285 3824 cmpit
3330 3752 3490 3807 anxie

1913 3853 2151 3924 cogitare
2178 3867 2282 3921 quo
2313 3851 2528 3919 ingenio
2555 3850 2796 3917 ignotum
2825 3847 2929 3903 iter
2949 3847 3168 3919 aggredi
3191 3845 3481 3916 potuisset.

1913 3945 2080 3999 Nocte
2118 3944 2280 4012 igitur
2307 3942 2538 4011 quadam
2563 3940 2697 3993 vidit
2736 3939 2789 3992 in
2834 3939 3041 3992 somnio
3091 3952 3278 3992 senem
3303 3951 3490 4004 quem.

1916 4034 2039 4088 dam
2063 4031 2343 4086 reverendi
2372 4030 2589 4084 habitus
2635 4037 2690 4083 et
2734 4029 2932 4092 vultus,
2975 4027 3170 4082 canitie
3211 4027 3492 4081 venerabi—

1916 4124 2046 4188 lem,
2073 4121 2342 4176 dicentem
2372 4119 2473 4173 sibi
2507 4137 2519 4171 :
2553 4117 2713 4184 Quia,
2743 4125 2800 4170 ut
2836 4117 3013 4182 video,
3043 4116 3192 4186 porci
3222 4131 3359 4186 quos
3406 4129 3490 4170 se-

1914 4211 2117 4282 queris,
2161 4209 2393 4264 ubertim
2439 4215 2566 4262 sunt
2619 4207 2867 4276 saginati,
2909 4207 3020 4276 jam
3072 4205 3249 4262 redire
3279 4214 3487 4276 parato.

1915 4302 2018 4368 Qui
2061 4301 2187 4356 dum
2230 4297 2583 4368 responderet
2621 4313 2678 4352 se
2724 4297 2870 4351 viam
2927 4297 3138 4352 nescire
3180 4296 3316 4351 dixit
3359 4296 3432 4350 illi
3472 4311 3487 4349 :

1917 4389 2163 4445 Scrofam
2211 4405 2372 4457 quam
2421 4396 2564 4444 totus
2615 4404 2746 4460 grex
2798 4389 2951 4458 quasi
2985 4389 3284 4444 ductricem
3335 4388 3491 4459 sequi

226 4504 353 4546 rum
403 4485 712 4555 iuraverat.
759 4482 1099 4538 convenienli
1151 4481 1282 4537 satis
1328 4480 1528 4535 talione
1583 4478 1808 4548 recepit.
1837 4505 1891 4567 Β
1916 4483 2072 4548 solet,
2111 4485 2320 4547 caedito,
2347 4491 2402 4538 et
2425 4498 2746 4552 quocunque
2773 4483 2860 4536 illa
2895 4482 3253 4552 praecesserit,
3285 4483 3493 4537 tendito

225 4579 369 4634 Nam
400 4575 658 4631 intestina
680 4572 795 4642 ejus
821 4587 970 4627 more
1010 4572 1298 4643 sartaginis
1325 4571 1433 4642 igni
1461 4570 1811 4640 superpositae

226 4671 450 4726 fervere
475 4673 789 4735 coeperunt,
818 4671 874 4718 et
913 4671 1023 4717 tam
1063 4664 1194 4719 dira:
1237 4664 1504 4718 viscerum
1544 4663 1810 4717 torsiones

228 4761 392 4815 illum
421 4743 736 4813 invaserunt
759 4753 1057 4822 extemplo,
1091 4763 1150 4807 ut
1175 4753 1290 4808 sine
1319 4753 1547 4807 aliorum
1578 4751 1812 4806 admini-

229 4851 360 4909 culo
388 4860 731 4916 nequaquam
767 4843 947 4914 egredi
978 4844 1269 4914 potuisset,
1302 4843 1394 4898 sed
1421 4843 1587 4914 (quod
1631 4844 1811 4898 dicere

230 4939 428 5014 pudet)
478 4937 682 5009 egestio
726 4943 933 4990 naturae
973 4935 1116 5005 turpi
1181 4936 1379 5005 impetu
1425 4949 1810 5005 prorumpens,

232 5048 366 5089 cum
407 5035 648 5084 astantes
686 5025 855 5080 nimio
896 5023 1066 5080 fetore
1092 5033 1374 5095 gravaret,
1413 5025 1530 5079 sine
1563 5039 1714 5079 mora
1747 5024 1817 5079 ab

233 5119 474 5177 ecclesia
503 5115 706 5186 ejectns
730 5156 745 5182 ,
784 5114 1028 5170 vehiculo
1056 5131 1164 5184 quo
1191 5115 1452 5170 decedere
1493 5114 1820 5169 monasterio

235 5215 450 5281 posset,
474 5207 613 5262 sicut
640 5213 943 5275 rogaverat,
970 5213 1053 5260 est
1073 5204 1373 5274 impositus.
1407 5203 1603 5274 Sicque
1633 5205 1822 5260 immo-

239 5303 438 5356 derato
464 5296 660 5362 fluore,
690 5306 894 5350 natura:
931 5295 1318 5350 consuetudine
1367 5310 1590 5360 carens,
1621 5296 1733 5350 vasi
1767 5295 1820 5350 in

238 5390 394 5462 quod
422 5397 604 5458 egesta
632 5385 925 5451 defluerent
953 5385 1327 5456 supersedens,
1356 5400 1606 5456 egressus
1626 5394 1731 5452 est,
1762 5394 1818 5442 et

317 5532 347 5561 ι
370 5520 517 5573 Auva
551 5520 928 5573 monasterium
955 5533 1047 5574 seu
1076 5517 1266 5587 Augia,
1302 5517 1462 5588 vulgo
1501 5518 1815 5587 Richcnow,

241 5591 312 5646 de
341 5605 448 5659 tluu
477 5603 637 5659 supra
679 5590 733 5643 iu
760 5590 1050 5659 Observat.
1069 5589 1296 5657 praeviis.
1327 5589 1635 5658 Ratpertus,
1672 5590 1761 5644 lib.
1798 5608 1815 5646 ι

241 5661 315 5715 de
342 5658 519 5730 easib,
536 5658 703 5724 Galli,
733 5673 851 5730 cap.
882 5658 918 5712 2
942 5677 954 5712 :
989 5677 1007 5711 ι
1036 5658 1165 5730 Post
1193 5660 1308 5714 haec
1336 5673 1488 5726 vero,
1518 5661 1706 5730 inquit,
1735 5660 1817 5716 Si-

243 5731 460 5800 donius,
490 5727 914 5787 Constantieusis
953 5728 1169 5801 praesul,
1219 5730 1308 5802 qui
1340 5737 1394 5788 et
1432 5727 1814 5788 monasterium

1917 4589 2181 4647 gressum.
2213 4572 2367 4640 Quod
2402 4573 2528 4628 dum
2568 4573 2658 4627 ille
2692 4573 2914 4639 faceret,
2943 4581 3000 4628 et
3020 4561 3349 4644 prmeuntem
3375 4574 3495 4629 dili-

1918 4671 2105 4734 genter
2124 4671 2464 4732 sequeretur,
2491 4663 2609 4719 sine
2636 4678 2820 4718 errore
2840 4664 2906 4718 ad
2932 4665 3335 4728 monasterium,
3362 4678 3496 4719 cuu-

1917 4756 2018 4809 ctis
2039 4753 2179 4808 aliud
2211 4755 2632 4823 suspicantibus,
2661 4769 2728 4809 ex
2757 4755 2974 4824 opinato
3003 4754 3268 4824 pervenit.
3295 4754 3493 4822 Qua-in

1917 4859 1977 4898 re
2009 4844 2137 4914 quid
2177 4843 2322 4897 aliud
2366 4860 2530 4914 quam
2561 4845 2704 4899 beati
2737 4843 2874 4899 Galli
2921 4847 3113 4900 merita
3160 4846 3491 4912 claruerunt,

1918 4936 2045 4990 dum
2066 4935 2133 4990 ad
2160 4951 2289 4991 usus
2310 4937 2412 4991 sibi
2447 4935 2825 4992 famulantium
2853 4938 3096 5008 ignotum
3128 4939 3494 4993 animantibus

1916 5035 2131 5094 pastum
2179 5025 2437 5090 ostendit,
2474 5036 2531 5081 et
2578 5041 2642 5083 ea
2694 5042 2884 5083 rursus
2920 5028 3152 5083 mirabili
3191 5029 3379 5084 ordine
3426 5026 3493 5082 ad

1916 5117 2133 5188 propria
2163 5117 2478 5172 revocavit?

2506 5204 2733 5262 CAPUT
2786 5206 2904 5261 XX.

1919 5369 1922 5372 ῃ
1992 5291 2230 5357 Qualiter
2257 5293 2557 5366 deprehensi
2583 5297 2685 5349 sint
2712 5298 2802 5367 qui
2826 5298 3032 5352 stabula
3063 5299 3418 5353 incenderunt.

1992 5386 2183 5442 Frater
2227 5388 2442 5458 quidam
2487 5387 2726 5458 ejusdem
2767 5393 3077 5448 monasterii
3123 5394 3493 5465 possessiones

1921 5521 2063 5604 quod
2098 5521 2244 5604 Anuva
2275 5524 2582 5604 nominatur
2610 5527 2662 5582 in
2695 5544 2803 5604 sua
2831 5539 3095 5604 potestate
3129 5531 3393 5604 habebat,
3413 5531 3493 5584 in-

1923 5595 2240 5676 stigantibus
2268 5596 2563 5676 comitibus
2598 5600 2765 5676 coepit
2793 5595 3060 5669 inquirere
3106 5601 3493 5676 monasterium

1923 5672 2163 5721 nostrum
2194 5674 2248 5721 et
2267 5670 2319 5722 in
2344 5675 2660 5736 potestatem
2683 5670 3022 5741 episcopatus
3046 5671 3306 5743 redigere,
3339 5689 3356 5724 ι
3383 5681 3492 5726 etc.
