3978 6310
506 318 645 388 una

1042 337 1434 396 WALAFRIDI
1474 341 1721 399 STRABI
1760 339 1965 401 rem.
2002 343 2168 403 non.
2207 346 2357 404 ore.
2396 348 2577 408 PARS
2613 351 2676 408 ιι.
2708 322 2785 397 li
2820 336 3219 419 Hismara.“

3659 367 3799 425 ιζ)Ξο

499 447 768 512 quasdam
811 447 913 503 sub
956 462 1053 502 sua
1099 465 1229 504 cura
1272 451 1496 518 habens,
1541 454 1594 509 in
1625 455 1858 525 quodam
1905 471 2084 512 remo-
2114 461 2163 521 Α
2190 475 2332 516 rum.
2378 461 2500 517 Mox
2535 480 2728 522 manus
2773 479 2963 539 aperta
3004 473 3240 543 gladium
3274 480 3548 549 depostﬁt.
3573 480 3688 552 Qui
3730 484 3794 538 ob

502 533 626 589 tiori
648 534 765 591 loco
791 535 861 599 ob
886 540 1215 594 nutrimenta
1237 557 1492 611 pecorum
1521 545 1730 600 stabula
1761 549 2087 615 construxit,

497 632 551 677 et
596 623 705 680 illic
731 627 1187 697 quamplurimum
1238 630 1345 687 feni
1386 633 1705 690 recondidit.
1756 637 1872 691 Duo
1906 637 2088 707 itaque

498 708 768 785 homines,
797 719 1060 775 diabolica
1086 722 1325 795 instigati
1364 728 1734 796 persuasione,
1769 730 1959 785 eadem
1995 747 2086 787 re-

494 806 755 873 pusitoria
803 826 927 866 cum
970 810 1221 870 omnibus
1250 832 1369 886 quae
1423 819 1553 875 inibi
1610 831 1865 894 congesta
1909 834 2085 894 erant,

494 908 660 953 noctu
708 900 817 970 igni
864 904 1110 974 apposito
1172 908 1588 966 succenderunt.
1647 911 1753 968 Sed
1810 914 1935 969 dum
1970 916 2083 987 jam

493 1007 631 1061 pene
663 1001 776 1048 toto
809 1009 953 1050 anno
986 996 1146 1066 hujus
1188 1010 1440 1060 auctores
1480 1003 1609 1061 facti
1648 1006 1904 1075 laterent,
1944 1027 2084 1068 unus

495 1098 705 1147 eorum,
753 1094 1007 1156 arreptus
1036 1104 1065 1141 a
1114 1090 1402 1159 daemonio,
1425 1096 1590 1165 erepit
1622 1113 1721 1168 per
1764 1100 1939 1155 vicina
1971 1102 2083 1159 dis-

496 1187 710 1228 currere
756 1175 899 1243 loca,
947 1178 1158 1248 publice
1204 1183 1549 1250 proclamans
1587 1204 1600 1240 :
1649 1187 1871 1244 Stabula
1922 1206 2083 1262 peco-

492 1278 610 1318 rum
642 1266 784 1322 beati
812 1267 949 1324 Galli
980 1274 1258 1337 succendi,
1297 1284 1350 1329 et
1380 1277 1499 1332 ideo
1530 1294 1686 1335 versa
1716 1283 1832 1337 vice
1859 1283 1927 1338 ab
1965 1286 2081 1355 ipso

489 1354 834 1414 invisibiliter
880 1361 1162 1418 incendor.
1206 1363 1342 1420 Cum
1386 1368 1571 1440 itaque
1616 1372 1856 1428 divinum
1910 1375 1963 1429 in
2015 1393 2081 1431 eo

487 1446 845 1504 continuatim
882 1450 1147 1521 judicium
1196 1464 1515 1525 putesceret,
1548 1460 1840 1531 pluresque
1877 1465 2081 1536 impor-

489 1536 638 1591 tunis
672 1535 789 1606 ejus
815 1538 1144 1599 clamoribus
1179 1546 1448 1605 concitati
1467 1563 1566 1617 per
1598 1550 1716 1606 loca
1755 1535 1966 1625 singula
2009 1555 2078 1610 ad

487 1622 595 1680 hoc
637 1626 949 1686 miserabile
994 1633 1365 1700 spectaculum
1411 1640 1796 1705 convenirent,
1848 1622 2079 1714 rogavit

484 1727 674 1771 omnes
714 1725 773 1772 ut
819 1717 938 1789 ejus
988 1721 1233 1778 incendia
1282 1727 1699 1799 restinguerent.
1741 1732 1852 1789 lllis
1892 1744 2073 1790 autem

2194 552 2563 611 testimonium
2618 558 2867 615 miraculi
2927 560 2981 616 in
3036 564 3230 621 eodem
3292 566 3414 624 loco
3468 586 3790 643 suspensus,

2191 643 2360 699 multo
2391 654 2634 718 tempore
2663 651 2735 706 ibi
2782 656 3107 723 permansit,
3156 658 3502 719 invasorihus
3526 666 3790 724 ecclesia-

2190 736 2451 793 sticarum
2481 756 2661 797 rerum
2690 746 2899 814 grande
2927 748 3139 806 timoris
3166 755 3379 821 pondus
3414 756 3722 816 incutiens.

2754 879 2984 938 CAPUT
3034 884 3200 941 XXII.

2433 965 2607 1032 Quam
2648 972 2897 1042 perjurus
2937 977 3216 1033 vindictam
3244 984 3541 1051 pertulerit.

2255 1073 2582 1155 Frumoldus
2625 1081 2846 1150 quidam
2884 1087 3107 1144 nomine
3149 1091 3217 1148 de
3260 1099 3619 1164 possessione
3659 1119 3790 1174 qna-

2183 1164 2307 1220 dam
2334 1166 2579 1238 ejusdem
2609 1176 2923 1232 monasterii
2953 1181 3181 1239 ancillas
3204 1183 3341 1242 duas
3371 1189 3422 1245 vi
3447 1164 3707 1258 abstulit.
3736 1208 3788 1253 et

2182 1272 2297 1312 sua:
2331 1262 2580 1319 servituti
2630 1266 2880 1336 subjecit.
2917 1270 2969 1327 ls
3009 1276 3078 1329 ab
3124 1277 3393 1337 advocato
3429 1299 3537 1354 pro
3577 1288 3785 1345 eisdem

2180 1345 2398 1404 feminis
2444 1353 2642 1424 sepius
2682 1357 3075 1432 interpellatus,
3110 1370 3333 1426 tandem
3361 1345 3605 1431 censura
3633 1377 3782 1447 judi-

2179 1451 2303 1492 eum
2331 1452 2552 1498 coactus
2575 1454 2659 1501 est
2687 1458 2748 1502 ut
2773 1465 2871 1506 eas
2895 1454 2980 1508 vel
3014 1461 3346 1518 monasterio
3378 1464 3671 1533 redderet,
3702 1470 3786 1527 vel

2179 1542 2277 1583 suo
2295 1527 2406 1598 juri
2427 1547 2551 1589 cum
2579 1551 2921 1600 sacramento
2942 1545 2995 1600 in
3016 1546 3173 1603 altari
3195 1555 3371 1609 sancti
3392 1555 3538 1611 Galli
3559 1527 3783 1628 peracto

2179 1616 2445 1677 ﬁrmaret.
2502 1623 2690 1696 Itaque
2749 1633 2979 1688 avaritia
3045 1637 3357 1708 impellente
3402 1616 3778 1713 juramentlu

2174 1711 2588 1783 parvipendeus,
2628 1727 3016 1780 monasterium
3058 1744 3182 1785 cum
3233 1735 3348 1789 suis
3404 1711 3569 1803 adiit,
3619 1750 3676 1794 et
3723 1752 3782 1798 et

484 1808 733 1863 certatim
765 1810 820 1865 in
846 1827 966 1866 eum
997 1829 1195 1883 aquam
1228 1817 1588 1888 mittentibus,
1619 1837 1781 1893 pmna
1812 1826 2074 1883 divinitus
2106 1819 2147 1877 Β
2175 1799 2528 1871 diiudicatur"
2564 1806 2764 1898 mm"
2796 1814 3057 1873 audam"
3093 1824 3325 1893 peregi“
3361 1824 3473 1880 sed
3511 1843 3616 1898 pm
3650 1846 3780 1886 eo"

404 1904 415 1921 ’
481 1896 629 1952 illata
681 1901 932 1959 humanis
978 1906 1188 1962 viribus
1230 1911 1510 1982 exstingui
1562 1929 1669 1969 non
1709 1918 1904 1985 potuit.
1957 1919 2073 1975 Non

480 1989 669 2056 paucis
685 1989 879 2048 deinde
904 1993 1093 2050 diebus
1114 1998 1321 2053 exactis
1346 1999 1398 2053 in
1422 2001 1526 2056 hoc
1547 2003 1842 2059 miserabili
1874 2023 2076 2088 genere

482 2085 874 2138 tormentorum
917 2085 1144 2142 insanus
1172 2088 1339 2142 vitam
1371 2090 1567 2146 ﬁnivit.
1598 2092 1751 2150 Alter
1789 2111 1920 2153 vero
1947 2085 2071 2154 cum

480 2168 565 2222 sui
594 2171 818 2228 sceleris
847 2174 1052 2231 socium
1084 2178 1179 2233 tali
1202 2181 1448 2236 cruciatu
1476 2183 1702 2241 vidisset
1728 2186 2071 2259 damnatum,

477 2257 546 2312 ad
601 2263 949 2332 praepositum
1000 2269 1373 2336 supradictum
1418 2272 1590 2338 venit,
1635 2274 1887 2347 ultroque
1934 2281 2074 2336 divi-

474 2363 604 2403 num
631 2353 1052 2419 perhorrescens
1065 2356 1352 2426 judicium,
1382 2361 1636 2418 delictum
1658 2368 1941 2424 confessus
1961 2378 2068 2437 est,

474 2443 716 2513 duosque
744 2448 909 2505 boves
947 2465 1049 2520 pro
1091 2452 1277 2509 debito
1301 2455 1518 2522 obtulit,
1561 2465 1625 2514 ac
1674 2476 1734 2515 se
1763 2470 1891 2520 voto
1932 2480 2065 2520 con-

473 2538 872 2615 strinxit_quod
907 2541 1164 2613 deinceps
1208 2559 1487 2615 nunquam
1520 2549 1682 2604 rebus
1723 2553 1896 2607 sancti
1928 2554 2067 2610 Galli

472 2602 1014 2688 damnuurinferret.
1046 2633 1241 2690 Frater
1263 2646 1445 2691 autem
1491 2638 1631 2694 idem
1667 2643 2062 2710 paenitudinem

468 2719 588 2788 ejus
617 2737 941 2792 agnoscens,
980 2726 1145 2784 boves
1175 2744 1283 2783 non
1328 2731 1586 2800 suscepit,
1624 2735 1718 2791 sed
1756 2736 1906 2793 abire
1937 2754 2061 2794 eum

471 2827 593 2867 cum
620 2815 735 2871 suis
768 2817 837 2871 ad
858 2832 954 2873 sua
978 2820 1246 2889 permisit.

1062 2930 1291 2989 CAPUT
1328 2935 1474 2993 XXI.

542 3017 820 3082 Quomodo
883 3018 972 3075 ille
1030 3022 1119 3092 qui
1171 3023 1355 3079 silvam
1422 3028 1626 3097 publice
1685 3030 1988 3089 incenderat

1054 3105 1321 3164 correptus
1366 3098 1455 3151 ait.

535 3173 594 3230 In
631 3169 976 3247 posSessione
1001 3184 1233 3253 quadam
1267 3184 1506 3256 ejusdem
1538 3195 1876 3261 monasterii,
1911 3212 2057 3268 qure-
2084 3165 2129 3227 Ο

465 3267 590 3322 dam
633 3271 824 3329 silvula
868 3275 938 3330 ob
972 3291 1262 3346 porcorum
1294 3289 1506 3350 pastum
1552 3267 1960 3344 custodiebatur
1988 3306 2057 3347 ne

460 3360 664 3428 passim
694 3376 725 3416 a
765 3364 951 3421 multis
986 3381 1399 3426 consumeretur
1430 3374 1619 3431 incisa.
1650 3377 1802 3433 lianc
1848 3396 2056 3452 pauper

461 3451 680 3519 quidam
706 3455 919 3511 occulte
949 3459 1157 3514 solebat
1195 3462 1365 3527 adire,
1409 3475 1463 3520 et
1504 3465 1686 3522 furtim
1720 3469 1850 3525 inibi
1883 3451 2052 3529 multa

459 3544 821 3614 prcecidcndo,
884 3552 1087 3620 grande
1139 3555 1393 3611 damnum
1452 3556 1675 3617 inferre.
1720 3562 1908 3634 Itaque
1964 3568 2053 3624 die

459 3635 716 3703 quadam,
740 3652 862 3693 cum
880 3638 1033 3707 juxta
1058 3659 1264 3699 morem
1289 3663 1443 3702 suum
1470 3649 1702 3708 latenter
1723 3652 1971 3723 intraret,
1995 3666 2052 3713 et

455 3739 631 3794 pauca
693 3731 997 3786 succideret
1045 3735 1287 3803 arbusta,
1337 3737 1546 3808 gladius
1592 3758 1752 3811 quem
1806 3747 2046 3814 tenebat,

456 3826 569 3871 tam
607 3819 783 3877 valide
820 3825 1007 3879 manui
1053 3826 1170 3897 ejus
1212 3826 1460 3894 adhmsit,
1492 3841 1553 3887 ut
1596 3833 1747 3889 illum
1776 3835 2045 3907 deponere

456 3908 763 3966 nullatenus
822 3916 1106 3984 potuisset.
1164 3917 1478 3990 Agnoscens
1531 3922 1698 3994 igitur
1744 3928 1901 3998 cujus
1965 3932 2045 3987 rei

454 4013 620 4055 causa
658 4003 955 4060 mulctatus
987 4007 1075 4074 sit,
1117 4009 1185 4064 ad
1223 4010 1504 4069 basilicam
1553 4016 1608 4070 in
1649 4018 1857 4076 honore
1895 4020 2041 4079 beati

450 4087 589 4147 Galli
616 4104 983 4154 constructam
1016 4100 1316 4172 festinavit,
1349 4108 1547 4180 diuque
1581 4113 1919 4172 orationibus
1955 4117 2041 4173 in-

450 4183 730 4250 cumbens,
756 4201 920 4242 manu
973 4190 1209 4247 resoluta
1232 4194 1470 4265 gladium
1504 4208 1631 4256 ante
1674 4200 1847 4258 altare
1886 4205 2043 4260 dimi-

449 4272 540 4328 sit.
575 4274 838 4346 Egressus
878 4293 1005 4336 vero
1034 4284 1276 4355 cogitare
1303 4289 1468 4359 coepit
1496 4290 1631 4345 nihil
1662 4293 1855 4349 obesse
1896 4295 1939 4351 si
1972 4295 2039 4351 li-

447 4374 551 4434 gna
575 4381 695 4437 qua:
712 4371 1034 4439 praeciderat
1055 4375 1272 4432 domum
1297 4379 1552 4448 deferret,
1577 4399 1683 4439 non
1707 4394 1886 4441 autem
1910 4403 2039 4457 pro-

448 4448 603 4513 desse
629 4460 673 4515 si
707 4461 1011 4531 putrefacta
1050 4467 1312 4536 perirent.
1353 4468 1668 4541 Subjunctis
1691 4490 1820 4547 ergo
1861 4448 2034 4535 bobus

445 4558 722 4618 carpento,
770 4553 837 4608 ad
886 4553 1079 4610 silvam
1112 4568 1341 4625 remeat,
1387 4569 1443 4615 et
1486 4564 1713 4632 praecisa
1766 4566 1821 4621 in
1866 4583 2033 4624 unum

446 4649 768 4710 comportat.
802 4644 932 4712 Quae
961 4661 1086 4701 cum
1123 4648 1373 4706 vehiculo
1400 4653 1563 4708 vellet
1593 4655 1894 4726 imponere,
1938 4660 2033 4715 do-

444 4727 559 4785 lore
598 4735 829 4802 quodam
876 4738 1169 4807 praevalido
1213 4756 1313 4797 ceu
1359 4744 1590 4802 stimulis
1637 4758 1944 4820 urgeretur,
1978 4752 2031 4807 in

442 4825 837 4893 posterioribus
875 4837 1112 4887 attactns
1139 4840 1240 4888 est.
1283 4832 1400 4901 Quo
1426 4852 1548 4892 cum
1589 4838 1706 4894 sine
1738 4857 1885 4896 mora
1917 4858 2033 4897 ma-

444 4931 574 4971 num
607 4921 970 4988 protenderet,
1000 4924 1237 4995 gladium
1269 4942 1428 4997 quem
1460 4945 1643 4986 coram
1679 4932 1835 4989 altari
1874 4933 2034 4992 dimi-

442 5012 613 5077 'serat,
654 5010 880 5071 fortuito
930 5018 1155 5088 recepit.
1206 5018 1400 5091 Digitis
1455 5033 1635 5079 autem
1684 5027 2027 5084 manubrium

425 5082 844 5179 feunstringens,
898 5109 1221 5169 detestabile
1268 5130 1464 5172 munus
1511 5123 1621 5171 tam
1667 5118 1842 5188 valide
1891 5122 2026 5175 reti-

442 5197 585 5264 nuit,
612 5206 673 5252 ut
716 5200 1069 5257 articulorum
1096 5203 1364 5274 juncturae
1401 5206 1634 5263 invicem
1670 5209 1841 5265 laxari
1869 5220 2027 5284 puta-

440 5301 652 5349 rentur.
695 5294 832 5350 Tnm
874 5296 1042 5352 miser
1077 5299 1264 5356 dolore
1293 5302 1623 5373 compulsus,
1653 5304 1720 5360 ad
1740 5304 2026 5362 ecclesiam

438 5383 698 5449 recurrit,
724 5384 905 5455 ibique
938 5396 1256 5455 prostratus,
1282 5393 1495 5447 veniam
1532 5408 1629 5462 pro
1654 5394 1945 5450 counnisso
1972 5404 2027 5451 et

437 5475 831 5533 absolutionem
868 5494 1060 5535 manus
1097 5479 1362 5549 deposcit.
1408 5483 1655 5556 Cumque
1694 5485 1783 5539 diu
1814 5486 1869 5540 in
1898 5501 2026 5541 ora-

438 5566 584 5623 tione
632 5569 972 5640 persisteret,
1000 5580 1055 5626 et
1093 5571 1328 5646 gladium
1376 5591 1715 5649 nequaquam
1754 5578 2026 5637 dimittere

435 5658 723 5729 potuisset,
749 5660 1056 5730 iuramento
1082 5663 1296 5719 tandem
1343 5681 1408 5720 ac
1445 5677 1569 5722 voto
1605 5670 1857 5739 promisit
1888 5688 2025 5726 nunc

436 5765 600 5817 quam
639 5750 890 5823 deinceps
920 5770 977 5810 se
1008 5754 1260 5811 damnum
1296 5758 1436 5813 beati
1464 5758 1600 5815 Galli
1635 5762 1793 5818 rebus
1842 5763 2019 5819 illatu-

2062 4520 2113 4580 D

2177 1897 2382 1962 temptu
2411 1897 2582 1951 sancti
2612 1898 2745 1955 ultio
2766 1900 2860 1974 Dei
2902 1921 3026 1961 eum
3061 1908 3260 1967 festina
3303 1897 3598 1983 praevenit.
3639 1920 3777 1978 Nam

2166 1977 2477 2048 iuramento
2503 1988 2719 2057 expleto
2740 1992 2809 2046 ad
2834 1998 3057 2066 propria
3079 2001 3254 2058 iturus
3281 1977 3575 2062 basilicam
3595 2026 3778 2082 egra.

2170 2085 2267 2127 sus
2310 2083 2439 2141 est,.
2460 2077 2817 2154 jumentoque
2851 2086 3107 2157 adducto,
3145 2108 3272 2148 cum
3307 2111 3479 2167 super
3516 2077 3660 2155 illud
3693 2119 3777 2157 sa-

2171 2158 2350 2217 liendo
2380 2164 2542 2223 vellet
2577 2172 2890 2240 ascendere,
2921 2190 3103 2235 mente
3138 2194 3350 2252 captus,
3374 2158 3581 2242 laeiem
3619 2205 3773 2245 sum

2172 2254 2241 2307 ad
2288 2258 2587 2325 posteriora
2636 2263 2763 2333 equi
2806 2265 3090 2326 insidendo
3132 2275 3419 2330 convertit.
3462 2277 3771 2337 Esthuic

2169 2341 2356 2414 itaque
2384 2347 2437 2403 id
2466 2364 2569 2419 per
2604 2351 2928 2412 famulorum
2961 2361 3254 2430 contigisse
3291 2366 3632 2435 neglectum,
3658 2372 3769 2426 ira-

2168 2442 2263 2491 tus
2282 2437 2437 2495 valde
2479 2442 2673 2499 resiliit
2717 2455 2773 2500 et
2810 2448 3079 2504 caballum
3114 2456 3360 2525 regyrari
3392 2458 3560 2514 citius
3582 2461 3767 2531 jusit.

2168 2524 2412 2597 Cumque
2439 2534 2677 2588 secunda
2724 2550 2789 2592 ac
2837 2539 2994 2594 tertia
3045 2543 3162 2599 vice
3200 2549 3507 2604 ascendere
3545 2552 3769 2620 copim

2164 2618 2283 2686 pari
2333 2618 2611 2678 luderetur
2645 2639 2849 2693 errore,
2895 2632 3109 2688 tandem
3136 2633 3395 2691 clientum
3431 2618 3773 2698 adminiculo

2162 2724 2303 2780 equo
2331 2717 2700 2787 superpositus
2728 2725 3058 2780 monasterio
3085 2742 3208 2783 cum
3248 2730 3452 2786 rubore
3489 2733 3765 2791 discessit.

2163 2801 2278 2858 Non
2322 2804 2480 2878 longe
2528 2817 2729 2864 autem
2756 2812 2882 2867 inde
2919 2817 3174 2885 positum,
3214 2822 3400 2877 subito
3440 2839 3572 2879 eum
3612 2827 3768 2884 dirus

2162 2894 2441 2952 oculorum
2470 2899 2623 2956 dolor
2654 2902 2871 2971 invasit,
2898 2922 2963 2961 ac
2990 2909 3187 2965 deinde
3210 2928 3310 2981 per
3338 2928 3619 2973 interuenis
3640 2921 3761 2974 sin-

2160 2982 2660 3056 gula'decrescente
2694 2995 2835 3062 visu,
2874 2999 3133 3055 caecitatis
3156 3003 3389 3061 horrore
3416 3009 3761 3079 damnatam,

2159 3080 2427 3135 materiali
2466 3081 2709 3140 funditus
2743 3087 2862 3142 luce
2886 3091 3138 3157 privavit;

2730 3197 2960 3256 CAPUT
2998 3202 3184 3259 XXIII.

2252 3284 2709 3352 Quemadmodum
2736 3292 3006 3373 invocatus
3036 3297 3117 3351 vir
3141 3309 3357 3373 sanctus
3385 3307 3671 3373 quemdam

2685 3378 2719 3416 α
2757 3378 2881 3418 nece
2911 3365 3227 3424 liberaverit.

2225 3466 2512 3527 lnvocatus
2556 3473 2722 3528 etiam
2763 3479 3091 3536 venerabilis
3128 3481 3313 3540 Gallus
3357 3502 3530 3557 quam
3573 3505 3755 3561 prom-

2153 3568 2305 3631 ptum
2345 3562 2623 3635 impendat
2645 3567 2929 3636 auxilium,
2982 3575 3233 3643 sequenti
3278 3575 3514 3649 liquebit
3565 3597 3752 3638 exem-

2150 3649 2241 3721 plo
2270 3669 2283 3705 :
2310 3652 2529 3722 quidam
2556 3655 2665 3722 vir,
2695 3657 2822 3712 dum
2851 3675 2950 3731 per
2974 3661 3163 3717 silvam
3209 3670 3505 3735 quamdam
3535 3672 3641 3728 iter
3672 3676 3751 3729 fa-

2150 3748 2316 3806 ceret,
2358 3758 2422 3797 ac
2443 3744 2838 3816 circumspecte
2869 3750 3119 3809 incursus
3141 3755 3415 3813 latronum
3462 3762 3560 3831 qui
3600 3764 3651 3817 in
3684 3781 3747 3820 ea

2103 3890 2107 3895 ,
2149 3832 2398 3889 solebant
2420 3839 2765 3905 commorari,
2820 3842 3112 3914 multisque
3157 3862 3377 3916 nocere,
3436 3850 3748 3912 festinando

2148 3924 2390 3980 devitarc
2413 3937 2728 3996 conaretur,
2763 3939 2946 3988 tantus
2975 3950 3097 3990 cum
3125 3936 3304 3994 subito
3328 3955 3495 4011 sopor
3524 3944 3744 4009 invasit,

2147 4022 2209 4069 ut
2237 4015 2329 4070 vix
2382 4017 2635 4074 incedere
2678 4023 2962 4090 potuisset.
3012 4024 3255 4097 Cumque
3302 4032 3538 4100 periculi
3604 4047 3745 4090 metu

2146 4114 2426 4175 suspectos
2450 4108 2674 4164 haberet
2698 4112 2909 4168 itineris
2935 4129 3113 4182 casus,
3142 4128 3197 4172 et
3223 4119 3536 4177 dormiendi
3584 4140 3743 4181 musa

2143 4195 2423 4265 paulisper
2452 4196 2726 4255 divertere
2752 4200 2932 4269 vellet,
2982 4207 3244 4262 rusticum
3295 4212 3600 4279 quemdam
3646 4217 3738 4271 ob—

2141 4286 2290 4341 vium
2318 4289 2530 4356 habuit,
2560 4304 2792 4361 eumque
2822 4309 3011 4365 rogare
3041 4298 3206 4367 cmpit
3253 4308 3317 4354 ut
3363 4301 3598 4359 interim
3651 4322 3739 4361 ce-

2140 4384 2252 4432 stos
2281 4379 2364 4434 sui
2391 4380 2673 4449 existeret,
2715 4384 2887 4440 donec
2919 4386 3381 4456 importunitatem
3410 4398 3603 4467 somni
3652 4412 3737 4469 pa-

2141 4484 2365 4541 rumper
2391 4474 2720 4543 quiescendo
2746 4477 3056 4549 depelleret.
3096 4480 3166 4535 At
3197 4482 3310 4549 ille,
3337 4499 3535 4554 pacem
3583 4490 3738 4543 simu-

2138 4560 2275 4626 lans,
2326 4560 2483 4618 ﬁdem
2525 4568 2829 4636 spopondit.
2871 4568 3058 4639 Itaque
3109 4573 3377 4629 modicum
3437 4577 3729 4645 diverteris,

2136 4650 2360 4720 pallium
2382 4653 2545 4723 capiti
2570 4657 2840 4726 supponit,
2873 4667 2927 4713 et
2953 4674 3012 4714 se
3041 4671 3421 4731 prosternens,
3462 4667 3617 4725 beati
3640 4672 3734 4726 viri

2138 4742 2392 4816 suﬂ‘ragia
2417 4745 2504 4801 his
2525 4747 2708 4803 verbis
2734 4750 2986 4819 implorat
3017 4752 3262 4810 :Sancte
3301 4755 3480 4825 Galle,
3529 4770 3631 4817 tua
3658 4779 3733 4818 me

2138 4837 2475 4907 protectione
2504 4842 2736 4896 custodi.
2766 4841 3055 4914 Signaculo
3077 4848 3258 4904 crucis
3302 4850 3509 4910 deinde
3561 4858 3730 4911 muni.

2139 4936 2225 4984 tus
2254 4943 2377 4984 cum
2405 4929 2788 5000 obdormisset,
2812 4936 3010 4993 inﬁdus
3042 4951 3224 4996 custos
3274 4947 3595 5013 sponsionis
3642 4952 3730 5004 im-

2137 5005 2369 5088 memor,
2398 5026 2626 5096 sumptis
2651 5029 2818 5085 armis
2844 5041 3155 5101 soporatum
3203 5040 3363 5106 quasi
3420 5053 3731 5115 peremptu-

2138 5129 2233 5168 rus
2259 5116 2586 5186 aggreditur,
2619 5120 2685 5174 de
2715 5120 2853 5176 collo
2882 5132 3083 5180 vestem
3114 5129 3409 5197 subtrahit,
3444 5150 3559 5204 quo
3606 5137 3725 5190 faci-

2136 5206 2243 5262 lius
2275 5223 2384 5264 uno
2407 5207 2515 5264 ictu
2545 5210 2776 5280 perimat
2797 5213 3177 5272 dormientem.
3204 5218 3311 5275 Sed
3334 5237 3464 5277 cum
3494 5225 3721 5295 gladium

2135 5300 2190 5358 in
2220 5302 2387 5357 ictum
2414 5301 2578 5358 vellet
2602 5303 2893 5375 deponere,
2928 5308 3155 5365 artubus
3185 5312 3368 5382 rigore
3404 5317 3721 5387 stupefactis

2134 5389 2335 5449 inﬂecti
2358 5391 2577 5448 brachia
2608 5395 2988 5465 nequiverunt.
3017 5396 3229 5455 Interea
3259 5402 3561 5461 dormienti
3613 5407 3721 5477 qui-

2132 5482 2258 5538 dam
2286 5483 2483 5550 astitit,
2512 5491 2567 5540 et
2595 5485 2649 5540 in
2676 5500 2868 5542 somno
2908 5487 3085 5542 dixit:
3117 5488 3259 5556 Quid
3304 5507 3505 5549 somno
3548 5495 3719 5564 ἀεικί-

2129 5574 2318 5643 meris,
2347 5591 2508 5646 quem
2529 5577 2597 5632 ab
2630 5577 2932 5635 imminenti
2961 5579 3341 5639 interiectione
3373 5588 3555 5652 modo,
3585 5596 3718 5643 tuta-

2131 5679 2217 5727 tus
2243 5669 2403 5727 sum?
2426 5670 2497 5727 At
2521 5668 2612 5728 ille
2638 5673 2917 5744 evigilans,
2948 5685 3003 5731 et
3037 5676 3249 5734 ﬁdelem
3286 5681 3498 5737 socium
3522 5684 3715 5738 nudato

2127 5764 2305 5836 gladio
2325 5779 2556 5824 cernens
2585 5768 2747 5841 capiti
2791 5769 3073 5827 imminere
3110 5772 3313 5842 exsilit,
3366 5785 3423 5832 et
3473 5789 3713 5849 compre-
