3978 6310
248 317 389 376 1021⁷

914 316 1077 372 ἪΤΑ
1117 314 1176 372 S.
1217 314 1442 375 GALLI.
1481 347 1552 357 —
1588 316 1719 372 LIB.
1754 316 1820 372 ll.
1859 315 2058 374 SIGNA
2097 318 2516 381 EOMORTUO
2551 318 2799 377 FACTA.

3374 324 3514 383 102⁸2

243 432 476 491 hensum
509 441 617 501 qua
644 442 746 500 pro
770 441 937 485 causa
973 430 1078 485 hoc
1121 429 1297 487 scelus
1336 430 1497 486 vellet
1537 430 1823 485 admittere
1849 431 1903 491 Α
1927 446 2044 486 ram
2072 447 2240 502 usque
2264 434 2333 490 ad
2356 433 2528 489 altare
2547 433 2865 500 decurrens,
2891 434 3093 504 pallam
3151 448 3268 502 ejus
3311 436 3510 494 lineam

240 528 613 594 percontatur.
643 519 748 588 Qui
781 535 904 576 cum
933 535 1034 592 pro
1067 521 1255 593 spoliis
1298 522 1444 578 illius
1494 523 1828 594 excipiendis

241 629 304 672 se
333 613 389 668 id
415 610 598 668 facere
639 610 876 668 voluisse
927 611 1215 679 fateretur,
1269 614 1526 670 continuo
1576 614 1824 681 brachia,

236 719 363 778 qua:
396 703 579 760 divina
605 703 956 775 obriguerant
979 704 1248 776 iussione,
1269 705 1536 773 deposuit.
1581 705 1824 776 Perpen-

239 793 376 851 dens
396 794 579 864 itaque
608 793 747 850 alter
764 810 825 850 se
853 795 1032 851 divina
1062 794 1435 852 misericordia
1480 811 1580 867 per
1629 798 1825 852 merita

235 881 385 953 beati
413 882 554 939 Galli
580 898 612 938 a
633 898 767 940 nece
800 891 1095 951 servatum,
1126 898 1318 955 pacem
1355 897 1480 940 cum
1527 884 1620 941 illo
1670 885 1823 953 fecit,

236 980 295 1031 et
321 973 547 1032 illaisum
569 975 722 1032 abire
746 975 1013 1046 permisit.

803 1087 1030 1146 CAPUT
1067 1087 1256 1144 XXIV.

633 1199 821 1257 Puella
842 1218 875 1256 a
896 1201 1157 1257 dmnio
1182 1201 1427 1259 liberata.

304 1313 574 1369 Praeterea
602 1320 715 1368 tam
743 1312 895 1369 multi
922 1329 953 1369 a
980 1312 1166 1369 furore
1197 1314 1502 1369 daemonum
1552 1328 1652 1384 per
1678 1314 1827 1384 ejus-

232 1405 356 1461 dem
382 1404 557 1462 sancti
590 1403 772 1460 Patris
803 1402 993 1460 merita
1035 1411 1165 1459 sunt
1208 1402 1442 1469 liberati,
1502 1412 1560 1458 ut
1609 1404 1656 1460 si
1697 1406 1818 1460 om-

231 1498 382 1553 nium
410 1497 747 1553 curationem
773 1508 1201 1552 commemorare
1222 1494 1469 1561 velimus,
1520 1493 1818 1552 fastidiosis

230 1586 527 1643 lectoribus
546 1587 884 1642 occasionem
906 1585 1276 1640 murmurandi
1296 1586 1611 1641 tribuamus.
1638 1585 1817 1642 Unum

231 1693 363 1749 ergo
383 1691 452 1732 ex
480 1676 730 1749 pluribus
755 1676 1103 1747 replicamus,
1144 1690 1214 1731 ne
1258 1676 1363 1731 hoc
1412 1676 1674 1731 virtutum
1722 1692 1817 1748 ge-

1930 522 2271 578 ascendendo
2307 524 2612 593 occupavit,
2648 530 2704 579 et
2725 523 2796 577 ita
2828 538 2998 593 usque
3041 524 3108 579 ad
3162 525 3508 582 medietatem

1928 612 2134 677 infecit,
2160 622 2220 668 ut
2245 630 2521 683 nunquam
2547 615 2803 685 deinceps
2831 615 2975 669 ablui
3003 615 3287 686 potuisset.
3316 616 3377 672 In
3400 632 3511 687 quo

1925 704 2055 773 quid
2082 704 2420 774 potissimum
2467 705 2634 761 mirer
2681 705 2923 761 invenire
2975 720 3082 760 non
3135 715 3329 776 potero
3370 716 3501 763 :ut-

1925 808 2122 849 rumne
2144 793 2288 863 quod
2307 792 2484 850 oleum
2514 794 2701 850 subtus
2722 810 2917 864 aquam
2947 793 3260 865 depressum
3284 803 3390 862 est,
3438 811 3510 852 an

1926 882 2071 952 quod
2113 898 2251 952 aqua
2272 897 2372 952 per
2393 883 2641 939 eamdem
2668 884 2964 940 fracturam
3008 900 3116 940 non
3159 883 3366 951 defluit,
3421 884 3508 940 vel

1926 980 2075 1027 certe
2106 972 2250 1040 quod
2277 972 2457 1027 oleum
2499 972 2566 1028 de
2606 974 2919 1043 pavimento
2966 974 3019 1029 in
3050 970 3248 1045 pallam
3294 958 3535 1032 sursum'

1925 1063 2185 1118 ascendit.
2245 1063 2302 1118 In
2345 1065 2545 1135 quibus
2586 1072 2765 1121 tamen
2815 1067 3089 1133 omnibus,
3152 1077 3207 1125 et
3248 1068 3505 1123 virtutem

1923 1152 2096 1207 sancti
2125 1153 2228 1207 viri
2258 1162 2531 1210 ostensam
2568 1164 2623 1210 et
2650 1156 2870 1212 stultam
2910 1158 3230 1230 parcitatem
3272 1158 3508 1215 ministri

1923 1241 2254 1313 increpatam
2276 1260 2383 1299 non
2405 1245 2638 1316 ambigo.

2482 1376 2709 1434 CAPUT
2749 1377 2940 1433 XXVI.

2006 1467 2246 1535 Qualiter
2273 1467 2524 1541 fugitivus
2543 1471 2829 1524 monachus
2856 1480 3124 1525 reuocatus
3146 1471 3214 1525 sit
3234 1470 3449 1525 invitus.

1992 1584 2151 1643 Sileri
2178 1602 2286 1642 non
2314 1587 2473 1643 debet
2501 1602 2607 1658 qua
2640 1587 2840 1642 virtute
2891 1587 3170 1642 servitium
3217 1600 3372 1640 suum
3416 1584 3499 1640 dio

1919 1679 2193 1734 mittentes
2214 1686 2269 1733 et
2307 1676 2675 1733 fraudulenter
2700 1677 3052 1734 abscedentes
3098 1678 3289 1732 beatus
3343 1674 3503 1730 Pater

230 1782 335 1822 nus
382 1766 501 1821 viro
526 1776 716 1821 sancto
744 1765 979 1822 defuisse
1023 1773 1261 1837 putetur.
1312 1764 1494 1820 Puella
1540 1766 1808 1835 quaedam,
1840 1785 1890 1846 Β
1917 1771 2194 1843 reprimat,
2241 1778 2297 1826 et
2339 1770 2422 1825 vel
2465 1770 2647 1841 lapsos
2691 1778 2932 1837 revocet,
2961 1769 3045 1825 vel
3100 1770 3404 1839 pertinaces
3447 1768 3503 1841 in

228 1858 528 1916 saevissima
553 1859 732 1914 hostis
752 1859 960 1927 antiqui
1007 1859 1296 1913 vexatione
1349 1856 1583 1921 detenta,
1616 1867 1673 1913 et
1705 1875 1812 1913 non

227 1949 546 2022 ignobilium
578 1950 762 2006 labore
791 1958 1075 2020 parentum
1098 1951 1165 2005 ad
1196 1950 1582 2007 monasterium
1612 1951 1815 2021 perdu-

228 2047 340 2105 eta,
364 2054 487 2095 cum
508 2041 806 2096 oratorium
832 2041 975 2097 beati
997 2040 1139 2097 Galli
1164 2040 1490 2098 confessoris
1533 2042 1817 2110 intrasset,

227 2130 415 2187 statim
438 2131 684 2187 horribili
710 2132 971 2189 dzemonis
994 2132 1338 2189 infestatione
1359 2133 1584 2204 agitata,
1609 2136 1677 2191 ad
1701 2144 1814 2190 ter-

230 2235 348 2279 ram
375 2222 625 2287 concidit,
653 2223 1034 2280 miserabiliter
1074 2239 1134 2280 se
1172 2224 1506 2293 discerpens,
1544 2226 1817 2281 horrendo

230 2313 468 2370 clamore
514 2315 865 2386 spurcissima
913 2317 1079 2371 verba
1120 2316 1287 2387 etrapit
1330 2316 1625 2373 effundere.
1698 2318 1814 2386 Qua

227 2419 395 2461 causa
420 2420 561 2461 unus
585 2420 618 2461 e
638 2403 925 2472 fratribus,
964 2406 1272 2476 Stephanus
1292 2407 1531 2472 nomine,
1582 2408 1817 2465 miseria:

228 2496 374 2553 illius
397 2512 735 2569 compassus,
757 2497 938 2553 tandiu
965 2512 1128 2568 super
1149 2513 1269 2553 eam
1313 2499 1674 2554 exoreismum
1731 2514 1820 2557 re-

230 2586 443 2655 citavit,
472 2589 830 2659 quoadusque
867 2590 1054 2644 eadem
1085 2588 1299 2645 vexatio
1340 2588 1606 2644 finiretur.
1661 2588 1816 2644 Resi-

227 2677 459 2750 piscenti
486 2685 668 2733 autem
691 2676 881 2748 puella:
904 2678 1091 2734 modos
1108 2678 1441 2748 pmnitenliae
1481 2678 1699 2744 indixit,
1725 2692 1814 2734 se-

227 2783 394 2838 seque
425 2782 524 2839 pro
553 2767 644 2822 illa
696 2767 750 2823 in
798 2768 1135 2824 orationibus
1186 2782 1252 2823 ac
1292 2766 1515 2838 jejuniis
1558 2783 1816 2826 exercere

228 2859 412 2930 coepit.
442 2858 509 2914 At
534 2858 732 2915 misera
761 2858 961 2915 femina
986 2859 1130 2916 utde
1157 2857 1445 2929 prohibitis
1484 2859 1625 2915 escis
1654 2859 1815 2929 quid-

225 2951 360 3008 libet
381 2952 681 3021 usurpavit,
732 2960 841 3007 tam
884 2952 1085 3007 acriter
1128 2967 1251 3008 eam
1297 2952 1555 3008 continuo
1601 2952 1813 3009 daemon

224 3044 445 3108 invasit,
491 3050 550 3098 ut
588 3044 681 3098 vix
711 3058 742 3098 a
769 3043 954 3099 multis
1002 3044 1172 3099 teneri
1226 3043 1510 3114 potuisset.
1570 3042 1816 3114 Cumque

1917 1862 2060 1918 malo
2085 1861 2263 1917 feriat.
2289 1861 2480 1917 Frater
2504 1863 2723 1933 quidam
2745 1863 2811 1917 de
2831 1863 3020 1918 eodem
3044 1862 3374 1917 monasterio
3418 1859 3502 1914 fu-

1916 1970 2039 2025 gam
2079 1953 2315 2018 molitus,
2364 1968 2561 2022 equum
2612 1951 2756 2008 furto
2793 1952 2994 2023 rapuit,
3044 1959 3100 2007 et
3139 1966 3237 2021 per
3286 1958 3502 2005 noctem

1917 2046 2198 2102 abscessit.
2226 2043 2469 2113 Cumque
2490 2044 2557 2098 ad
2589 2045 2764 2099 Rheni
2790 2044 2990 2101 fluenta
3026 2043 3189 2112 fugax
3236 2043 3500 2107 venisset,

1917 2134 2270 2191 transvadare
2309 2133 2363 2187 in
2387 2148 2530 2205 equo
2562 2136 2790 2189 tentavit
2817 2153 2831 2188 :
2861 2143 2917 2189 et
2945 2149 2976 2188 a
3003 2134 3180 2189 medio
3229 2133 3366 2189 alvei
3401 2147 3499 2189 ne-

1916 2226 2064 2281 scius
2090 2224 2158 2280 ad
2185 2223 2365 2279 locum
2390 2223 2480 2279 ubi
2517 2223 2740 2279 intravit
2762 2224 2970 2279 caballo
2994 2222 3272 2280 deferente
3321 2239 3505 2279 rever-

1916 2329 2030 2381 sus,
2060 2330 2186 2369 cum
2214 2328 2405 2384 magna
2439 2313 2787 2370 festinatione
2811 2314 2875 2368 ad
2908 2315 3297 2370 monasterium
3322 2312 3502 2379 rediit,
3550 2362 3557 2369 .

1916 2412 2114 2474 putans
2144 2418 2202 2459 se
2227 2404 2282 2457 in
2312 2403 2446 2458 alias
2469 2402 2627 2474 longe
2649 2412 2831 2472 partes
2856 2403 3171 2458 abscedere.
3224 2402 3379 2459 Mane
3423 2402 3502 2463 fa-

1918 2501 2031 2557 cto,
2063 2508 2185 2547 cum
2224 2507 2282 2548 se
2320 2494 2724 2564 recognovisset
2762 2493 2963 2548 frustra
2993 2494 3285 2559 laborasse,
3316 2493 3504 2550 confu-

1919 2598 2013 2638 sus
2041 2583 2271 2638 interdiu
2299 2582 2509 2639 delituit
2538 2602 2551 2639 :
2577 2592 2736 2639 noctu
2760 2600 2889 2640 vero
2912 2584 3091 2656 fugam
3127 2585 3412 2657 arripiens,
3445 2585 3500 2641 in

1917 2672 2101 2740 fluvio,
2144 2675 2286 2730 sicut
2328 2675 2500 2746 prius,
2534 2676 2827 2731 salubriter
2876 2692 3116 2732 errorem
3160 2693 3353 2746 passus
3396 2687 3500 2742 est,

1918 2772 1975 2821 et
2009 2764 2229 2833 stropha
2250 2764 2388 2820 facta
2409 2780 2508 2835 per
2536 2765 2779 2821 eamdem
2813 2765 2955 2819 viam
3004 2766 3253 2822 nesciens
3304 2780 3505 2821 remea-

1917 2853 2017 2909 vit.
2066 2851 2379 2909 Confusioni
2415 2854 2580 2925 igitur
2625 2854 3046 2910 obstinationem
3091 2854 3343 2934 jungens‘,
3388 2854 3503 2926 ipsa

1919 2944 2082 2999 etiam
2128 2958 2187 2998 se
2212 2944 2299 2999 die
2331 2943 2587 3009 occuluit,
2637 2952 2692 2999 et
2741 2951 2898 2999 nocte
2933 2944 3173 3000 insecuta
3212 2945 3370 3000 tertio
3408 2961 3506 3000 no-

1922 3042 2037 3089 tum
2054 3035 2165 3095 iter
2187 3049 2435 3105 carpens,
2467 3035 2627 3089 modo
2656 3050 2764 3105 quo
2790 3035 3025 3089 diximus
3049 3035 3232 3089 itidem
3280 3051 3504 3092 revoca-

224 3132 517 3191 idemidem
545 3133 614 3189 ad
638 3135 886 3189 eumdem
911 3134 1086 3190 locum
1109 3133 1368 3204 perducta
1392 3141 1556 3200 esset,
1597 3141 1652 3189 ει
1696 3132 1816 3189 διο.
1843 3135 1888 3197 C
1921 3134 2028 3178 tur.
2065 3123 2306 3194 Cumque
2328 3123 2440 3193 jam
2471 3124 2627 3179 taedio
2655 3124 2848 3186 victus,
2880 3124 2966 3179 die
3004 3124 3162 3178 tertio
3210 3140 3267 3179 se
3321 3125 3502 3195 sopori

219 3227 434 3299 plianus
459 3225 801 3297 supradictus
828 3227 1024 3281 iterato
1070 3241 1235 3296 super
1277 3240 1400 3281 eam
1444 3225 1810 3282 exorcismum

219 3318 528 3384 recitasset,
570 3317 769 3372 animal
798 3317 1079 3388 parvulum
1126 3318 1179 3372 in
1234 3318 1452 3371 modum
1495 3316 1686 3371 brucbi
1734 3318 1812 3371 ni-

218 3411 516 3485 gerrimum
544 3410 612 3466 ab
640 3410 758 3479 ejus
781 3427 877 3467 ore
906 3411 1217 3483 prolapsum
1244 3419 1346 3466 est.
1372 3411 1487 3466 lloc
1523 3411 1639 3465 viso
1673 3426 1811 3465 .cum

219 3500 362 3556 idem
406 3498 573 3555 frater
625 3500 886 3555 attentius
921 3498 1248 3570 adjurationi
1298 3501 1595 3566 insisteret,
1638 3498 1810 3554 tribus

217 3590 426 3646 vicibus
459 3589 792 3662 singulorum
828 3590 1125 3645 similitudo
1171 3592 1501 3647 bruchorum
1534 3606 1630 3646 ore
1658 3592 1809 3648 exci-

215 3682 298 3738 dit
323 3680 554 3737 feminae.
613 3681 747 3759 Quae
771 3681 1021 3736 animalia
1052 3680 1180 3736 dum
1230 3690 1474 3737 astantes
1525 3698 1688 3736 manu
1721 3697 1810 3737 ea-

215 3786 347 3844 pere
372 3774 692 3837 niterentur,
726 3773 904 3828 subito
931 3773 1331 3841 disparuerunt.
1387 3772 1572 3829 Puella
1623 3783 1803 3827 autem

214 3864 405 3924 eadem
429 3864 563 3919 hora
610 3862 845 3918 surrexit
889 3862 1193 3926 incolumis,
1251 3870 1305 3917 et
1362 3862 1628 3932 reliquum
1680 3862 1806 3918 vitae

214 3971 330 4013 sum
356 3961 569 4026 tempus
613 3953 819 4021 absque
864 3951 966 4005 ulla
994 3952 1253 4006 daemonis
1302 3949 1647 4006 infestationc
1685 3967 1808 4021 per-

213 4050 345 4120 egit.

803 4132 1029 4189 CAPUT
1069 4131 1234 4187 XXV.

215 4231 480 4289 Hii-acuto
510 4228 609 4284 olei
639 4227 913 4299 deﬂuenlis
944 4225 1181 4280 anxietas
1227 4225 1494 4295 increpata
1550 4224 1800 4278 custodis.

287 4344 419 4400 Illud
464 4357 679 4411 quoque
730 4340 864 4396 libet
903 4338 1192 4395 ostendere
1244 4336 1479 4392 evidenti
1542 4335 1803 4392 miraculo

213 4436 484 4511 quomodo
514 4436 600 4490 vir
626 4440 846 4490 sanctus
891 4431 1154 4503 quosdam
1205 4430 1259 4484 in
1314 4445 1414 4485 suo
1463 4429 1687 4486 servitio
1733 4428 1800 4483 de

210 4528 443 4601 penuria
483 4540 663 4582 rerum
705 4523 1042 4593 trepidantes
1077 4521 1424 4591 corripuerit,
1472 4528 1527 4576 et
1575 4519 1801 4575 modicae

214 4619 341 4676 fidei
376 4615 872 4689 pusillanimitatem
901 4611 1241 4667 eonfortarit.
1275 4610 1533 4666 Ecclesiae
1555 4610 1675 4681 ejus
1713 4625 1805 4665 cu-

212 4722 351 4776 stos,
385 4712 513 4767 dum
551 4708 783 4780 quodam
815 4715 1055 4776 tempore
1083 4706 1185 4761 olei
1214 4706 1424 4776 copiam
1474 4705 1542 4760 ad
1572 4705 1803 4761 lumina-

211 4804 298 4859 ria
321 4799 636 4858 instruenda
664 4813 772 4854 non
811 4796 1056 4861 haberet,
1111 4793 1291 4851 lumen
1339 4796 1559 4865 quodin
1611 4805 1800 4867 crypta

212 4893 469 4951 omnibus
498 4891 689 4946 ardere
726 4888 975 4944 noctibus
1000 4885 1206 4943 solebat
1227 4887 1457 4958 quadam
1498 4895 1657 4943 nocte
1697 4904 1790 4943 ex-

216 4984 428 5050 stinxit,
455 4984 581 5053 quia
602 4981 784 5037 lumen
808 4978 950 5049 quod
978 4987 1105 5035 ante
1125 4978 1371 5048 superius
1388 4978 1558 5033 altare
1579 4988 1636 5035 et
1659 4987 1796 5034 tum-

213 5078 342 5136 bam
367 5075 611 5140 ardebat,
659 5088 758 5144 per
783 5070 1071 5142 quamdam
1108 5070 1399 5125 fenestram
1449 5069 1629 5123 radios
1668 5083 1795 5125 suos

216 5168 288 5226 ad
313 5168 481 5225 altare
505 5166 644 5223 infra
672 5174 915 5237 cryptam
941 5162 1174 5232 positum
1199 5160 1485 5229 dirigebat,
1538 5168 1593 5213 ct
1626 5158 1794 5227 sum.

214 5275 343 5319 cere
368 5260 584 5329 utrique
613 5258 734 5314 loco
761 5254 1102 5312 credebatur.
1143 5250 1198 5305 In
1221 5251 1408 5305 eadem
1447 5257 1626 5305 autem
1659 5250 1792 5305 lam-

212 5353 356 5426 pade
380 5352 575 5417 vitrea,
620 5365 780 5420 quam
808 5349 1128 5405 exstinctam
1159 5360 1190 5399 a
1216 5344 1438 5399 custode
1486 5345 1788 5411 retulimus,

210 5456 355 5513 aqua
381 5441 607 5497 inferius
632 5450 688 5495 et
715 5439 818 5495 olei
847 5438 1113 5511 pinguedo
1137 5438 1368 5506 desuper
1390 5444 1528 5491 erat.
1575 5437 1791 5494 Mirabi-

209 5533 321 5592 Iem
345 5548 462 5590 rem
489 5533 733 5591 dicturus
755 5547 895 5595 sum,
922 5532 996 5587 ita
1021 5541 1189 5587 totum
1218 5529 1396 5586 oleum
1448 5545 1547 5602 per
1598 5530 1792 5589 rimam

210 5627 266 5683 in
305 5626 468 5682 fundo
496 5634 765 5696 repertam
814 5624 1063 5695 guttatim
1091 5624 1157 5680 ad
1190 5632 1391 5681 terram
1442 5622 1687 5690 deﬂuxit,
1732 5636 1792 5682 ut

208 5719 288 5777 nil
319 5734 474 5789 aqua:
504 5718 689 5775 deesse
729 5715 1020 5772 videretur.
1073 5716 1323 5787 Idemque
1354 5716 1530 5788 liquor
1556 5732 1652 5786 per
1683 5727 1791 5774 tet-

1920 3214 1975 3270 in
2028 3230 2220 3285 campo
2295 3215 2549 3280 dedisset,
2600 3228 2630 3268 a
2678 3214 3000 3285 quibusdam
3054 3229 3251 3283 equum
3307 3230 3505 3285 cogno-

1919 3306 2196 3361 scentibus
2219 3313 2406 3373 captus
2434 3313 2517 3358 est
2542 3313 2599 3358 et
2621 3317 2720 3359 suo
2754 3303 2872 3360 loco
2895 3304 3199 3359 restitutus.
3257 3304 3325 3359 Et
3373 3304 3505 3375 quia

1916 3395 2168 3453 effectum
2193 3396 2489 3451 voluntatis
2525 3411 2637 3451 sua:
2660 3410 2767 3451 non
2817 3395 3040 3461 invenit,
3092 3395 3257 3450 etiam
3311 3396 3504 3453 nolens

1916 3487 2090 3544 sancti
2113 3488 2213 3541 viri
2244 3487 2445 3541 virtute
2488 3486 2693 3553 victus,
2720 3486 2788 3541 ad
2819 3486 2966 3540 viam
2992 3486 3259 3556 pervenit.
3292 3485 3504 3541 'Solent

1914 3587 2095 3634 autem
2126 3576 2309 3648 plures
2343 3577 2529 3631 testari
2572 3584 2797 3632 cunctos
2840 3577 2933 3647 qui
2989 3578 3057 3633 de
3108 3577 3283 3633 sancti
3329 3577 3501 3647 ipsius

1912 3668 2117 3724 familia
2172 3666 2501 3739 aufugerim,
2554 3676 2649 3723 aut
2689 3668 3125 3724 emendationem
3182 3668 3503 3739 quantocius

1911 3762 2111 3826 subire,
2145 3770 2238 3816 aut
2271 3759 2574 3816 manifestae
2620 3759 2809 3817 ultioni
2852 3761 3056 3817 debere
3098 3762 3495 3818 succumbere:

1910 3867 2085 3921 neque
2119 3852 2370 3921 cuiquam
2399 3852 2617 3921 impune
2642 3851 2857 3918 cedere,
2904 3851 2995 3921 qui
3048 3851 3210 3907 fidem
3269 3851 3343 3906 illi
3385 3850 3498 3922 ple—

1909 3958 2034 3999 nam
2060 3957 2279 3998 servare
2303 3943 2709 4011 contempserit.

2476 4051 2703 4106 CAPUT
2741 4050 2955 4105 XXVII.

1908 4140 2155 4196 Fulmina
2175 4140 2518 4210 deformatus,
2562 4141 2751 4211 partim
2802 4140 2998 4205 Romm,
3058 4143 3249 4212 partim
3304 4146 3359 4198 in
3397 4148 3495 4202 hoc

2401 4222 2580 4266 sancto
2603 4212 2716 4265 loco
2741 4224 2981 4266 sanatus.

1976 4326 2130 4395 Quod
2178 4326 2436 4382 Dominus
2471 4324 2680 4397 ﬂagello
2732 4341 2831 4382 suo
2878 4325 3138 4396 quosdam
3180 4342 3211 4382 a
3256 4330 3500 4399 peccatis

1905 4426 2173 4483 coerceat,
2209 4424 2263 4474 et
2288 4431 2388 4487 pro
2411 4417 2716 4474 commissis
2738 4414 2958 4487 aflligat,
2989 4418 3142 4473 testis
3166 4426 3251 4474 est
3285 4421 3495 4492 paraly-

1907 4513 2046 4567 ticus
2082 4526 2168 4566 Clll
2195 4517 2321 4565 ante
2350 4510 2688 4566 sanationem
2720 4509 2969 4567 balvator
2995 4521 3214 4581 peccata
3246 4512 3492 4585 dimittit.

1904 4605 1998 4662 Sic
2053 4613 2232 4661 autem
2287 4601 2574 4674 aliquando
2625 4604 2877 4674 percutit,
2916 4610 2977 4659 ut
3028 4618 3121 4660 eos
3176 4614 3491 4661 sanctorum

1905 4712 2125 4755 suorum
2157 4696 2367 4751 meritis
2392 4694 2820 4766 suffragantibus
2857 4696 3077 4752 sanitati
3121 4697 3403 4752 restituat:
3431 4707 3491 4753 ut

1904 4802 1961 4847 et
2012 4789 2207 4846 divina:
2259 4787 2592 4859 operationis
2638 4787 2711 4842 sit
2757 4787 3039 4852 indicium,
3088 4803 3209 4843 cum
3259 4787 3491 4845 interius

1903 4882 2067 4938 homo
2094 4896 2192 4952 per
2211 4878 2481 4950 ﬂagellum
2512 4893 2542 4933 a
2569 4885 2793 4948 peccato
2821 4877 3216 4948 compescitur;
3240 4886 3295 4932 et
3314 4879 3492 4935 virtus

1883 4983 2220 5034 'sanctorum
2266 4971 2471 5042 liquido
2520 4971 2920 5041 comprobatur,
2965 4984 3090 5024 cum
3132 4983 3233 5040 pro
3270 4967 3492 5024 illorum

1903 5068 2114 5124 meritis
2137 5065 2377 5121 exterius
2402 5063 2608 5119 sanitas
2634 5062 2940 5118 exhibetur.
2992 5060 3079 5118 Fit
3111 5062 3275 5117 etiam
3318 5062 3489 5119 inter-

1902 5164 2026 5218 dum
2058 5169 2116 5215 ut
2140 5160 2229 5229 qui
2256 5157 2348 5213 Dei
2372 5156 2583 5213 occulto
2604 5155 2808 5226 judicio
2833 5170 2940 5210 non
2964 5155 3079 5220 uni,
3122 5155 3215 5210 sed
3243 5154 3491 5225 pluribus

1899 5251 2302 5308 infirmitatibus
2324 5247 2585 5318 subjacet,
2614 5263 2719 5303 non
2759 5248 2963 5317 pariter
3010 5248 3212 5311 omnia,
3269 5246 3361 5302 sed
3400 5248 3480 5303 di—

1897 5344 2074 5400 versis
2103 5341 2434 5413 temporibus
2454 5349 2508 5396 et
2530 5339 2978 5397 intercessoribus
3000 5338 3293 5394 debilitatis
3321 5337 3460 5393 amit

1896 5445 1979 5494 tat
2022 5436 2362 5492 incommoda
2394 5443 2491 5488 :ut
2534 5433 2660 5490 dum
2711 5430 2938 5502 alicujus
2995 5429 3291 5487 remedium
3348 5429 3483 5485 mal:

1892 5545 1991 5601 per
2021 5527 2182 5584 unius
2231 5527 2427 5581 merita
2481 5525 2654 5580 sancti
2700 5524 3034 5588 conceditur,
3089 5520 3483 5592 redintegratio

1894 5621 2145 5679 sanitatis
2173 5620 2397 5675 alterius
2431 5619 2684 5690 precibus
2711 5626 2765 5673 et
2792 5617 2980 5673 honori
3013 5623 3277 5671 servetur.
3334 5612 3474 5682 Qua-

1893 5733 2012 5774 rum
2068 5717 2308 5774 ornnium
2362 5730 2541 5773 rerum
2588 5714 2811 5773 evidens
2858 5710 3123 5769 indicium
3161 5709 3308 5765 dabit
3344 5706 3478 5764 ειιιι-
