3978 6310
178 351 320 412 10¹Ξ5

718 455 946 516 CAPUT
982 451 1216 510 XXXIII.

431 578 658 648 Quidam
681 593 713 630 a
745 568 977 647 periculo
999 565 1200 640 fastidii
1236 564 1504 641 liberatus.

251 698 313 755 In
352 695 541 752 eadem
569 690 995 746 Alamannorum
1024 679 1321 754 provincia,
1361 676 1578 748 quidam
1609 671 1760 728 dives

182 800 395 850 tantum
426 782 731 842 valetudine
770 775 1041 835 contraria
1070 772 1373 829 tabefactus
1399 775 1515 849 est,
1540 773 1603 819 ut
1627 775 1761 833 pene

182 898 284 955 per
310 893 510 936 annum
547 877 817 946 integrum
863 867 1082 926 fastidio
1111 864 1365 921 laborans
1394 859 1679 955 deliceret,
1707 861 1763 909 et

186 953 376 1033 solatia
406 971 802 1029 alimentorum,
825 974 886 1019 ut
902 958 1155 1019 sanitatis
1178 953 1519 1024 recuperatio
1539 961 1764 1021 poscere

184 1065 495 1128 videbatur,
523 1058 803 1132 percipere
837 1052 924 1109 vel
949 1050 1227 1107 continere
1254 1059 1360 1101 non
1392 1041 1678 1114 potuisset.
1713 1038 1765 1093 Is

188 1154 256 1211 ad
283 1152 589 1210 coenobium
618 1147 763 1203 beati
790 1142 925 1200 Galli
951 1155 1051 1212 pro
1072 1139 1175 1193 hac
1215 1135 1405 1191 eadem
1434 1146 1597 1187 causa
1636 1143 1762 1199 per-

191 1251 384 1307 ductus
408 1252 511 1301 est.
540 1241 672 1299 Post
700 1238 980 1296 diuturnas
1009 1231 1173 1303 igitur
1198 1240 1393 1299 preces
1424 1231 1480 1280 et
1506 1220 1763 1291 suspiria,

190 1355 317 1396 cum
344 1351 515 1394 sacrae
547 1329 838 1393 oblationis
875 1327 1347 1383 consummaretur
1385 1315 1648 1379 ollicium,
1672 1313 1766 1369 be-

190 1428 517 1489 nedictionis
534 1439 730 1499 panem
768 1421 835 1478 de
875 1432 1040 1474 manu
1070 1410 1370 1471 sacerdotis
1394 1403 1768 1499 accepitaQuo

192 1531 471 1589 comesto,
511 1496 689 1577 caruit
739 1511 988 1575 fastidio,
1041 1517 1096 1564 et
1138 1502 1410 1561 desiderio
1453 1496 1768 1554 victualium

193 1629 431 1688 congrue
476 1616 769 1684 percepto,
815 1601 1142 1660 benedicens
1176 1596 1436 1688 Domino,
1481 1599 1539 1688 et
1576 1589 1770 1688 merita

191 1679 367 1766 sancti
393 1679 533 1762 Galli
575 1679 832 1764 miratus,
860 1707 1027 1751 sanus
1049 1704 1173 1747 eum
1214 1686 1411 1758 gaudio
1457 1683 1523 1739 ad
1552 1679 1770 1761 propria

193 1795 473 1855 remeavit.

717 1875 948 1938 CAPUT
990 1869 1229 1929 XXXIV.
1306 1878 1311 1883 ‘

525 1996 671 2053 Alter
693 2009 726 2047 a
749 1991 879 2063 ferri
903 1985 1120 2045 vinculis
1143 1980 1439 2038 absolutus.

306 2108 678 2183 Pauperculus
698 2102 917 2183 quidam
933 2099 985 2165 ιι,
1009 2104 1232 2168 propter
1259 2088 1536 2148 homicidii
1561 2094 1772 2183 reatum

156 2226 164 2233 ί
195 2176 629 2266 circulislerreis
648 2182 758 2253 tam
786 2195 838 2250 in
868 2191 1008 2248 collo
1022 2203 1186 2259 quam
1208 2186 1262 2240 in
1286 2191 1516 2252 utroque
1540 2176 1772 2266 constri-

197 2263 319 2357 ctus
341 2290 585 2358 brachio,
623 2300 788 2359 quam
816 2279 1070 2355 gravibus
1090 2274 1331 2347 quotidie
1356 2267 1631 2359 suppliciis
1656 2263 1775 2359 alii-

197 2353 436 2451 ceretur,
463 2353 581 2454 per?
606 2353 786 2435 sulcos
814 2353 951 2443 quos
972 2369 1184 2424 ferrum
1227 2360 1483 2454 carnibus
1526 2357 1644 2428 ejus
1691 2353 1776 2454 in-

199 2443 800 2541 dixeratividentibus
854 2462 1017 2518 ﬁdem
1069 2456 1218 2512 fecit.
1264 2452 1367 2520 Qui
1426 2463 1550 2506 cum
1596 2443 1779 2541 inulta

201 2533 512 2625 sanctorum
543 2559 662 2615 loca
693 2569 794 2635 pro
822 2549 1064 2620 ejusdem
1110 2542 1387 2600 cruciatus
1429 2533 1703 2635 remedio“,
1727 2538 1784 2585 et

203 2623 426 2715 admissi
449 2650 669 2709 sceleris
694 2623 985 2701 abolitione
1009 2639 1323 2698 lustrasset,
1353 2629 1534 2687 divina
1563 2623 1780 2715 tandem

204 2714 552 2806 miseratione
582 2745 860 2810 respectus
876 2774 891 2799 ,
920 2744 1093 2787 nexus
1113 2726 1310 2797 quibus
1330 2722 1384 2778 in
1410 2718 1549 2776 collo
1571 2714 1784 2810 veluno

204 2804 428 2898 brachio
455 2804 844 2904 stringebatur,
870 2823 1125 2880 amittere
1152 2815 1354 2874 meruit
1378 2831 1391 2868 :
1417 2818 1469 2867 et
1493 2823 1617 2887 cum
1643 2804 1786 2904 forte

206 2896 263 2988 in
291 2928 545 2985 viciniam
580 2896 814 2978 cmnobii
853 2913 1025 2972 sancti
1048 2910 1190 2966 Galli
1214 2906 1472 2969 venisset,
1501 2915 1598 2971 per
1622 2896 1786 2953 visio-
1814 2915 1817 2917 ’
1900 2907 1907 2911 ’

207 3034 336 3076 nem
381 3017 471 3082 ei,
510 3013 655 3069 sicut
693 3007 901 3065 referre
926 3001 1118 3059 solitus
1153 3007 1308 3064 erat,
1338 3000 1668 3068 prtcccptum
1703 2992 1788 3082 est

209 3119 273 3167 ut
299 3077 472 3165 sancti
490 3103 593 3159 viri
617 3097 918 3173 patrocinia
939 3106 1189 3167 quaerens
1209 3130 1225 3157 ,
1274 3082 1665 3173 monasterium
1695 3077 1790 3132 ad-

213 3158 735 3269 ir'et—inpariterque
759 3158 1055 3244 iudicat-um
1084 3181 1229 3255 quod
1269 3164 1755 3269 ibidemgcirculum
1775 3207 1790 3233 ,
1819 3158 1864 3220 C

212 3305 378 3363 quem
419 3260 528 3343 uno
551 3260 726 3341 adhuc
758 3279 968 3336 terebat
1009 3276 1065 3332 in
1093 3272 1346 3337 brachio,
1378 3260 1796 3363 amissurum-et

213 3354 414 3454 (intatae
443 3378 673 3451 gratiam
697 3371 947 3431 sanitatis
974 3375 1119 3425 esset
1147 3367 1458 3435 adepturus.
1493 3358 1562 3413 At
1591 3355 1680 3411 ille
1704 3354 1799 3457 de:

217 3471 424 3529 siderio
455 3467 744 3540 promissae
800 3460 1052 3518 sanitatis
1108 3457 1426 3515 ardescens,
1479 3454 1665 3540 utpote
1691 3454 1798 3540 qui

216 3573 371 3621 tanto
410 3537 693 3618 tenebatur
739 3554 1009 3617 cruciatu,
1048 3557 1111 3605 ut
1157 3556 1327 3603 totum
1359 3542 1474 3614 jam
1517 3537 1801 3596 brachium

218 3658 368 3716 ferro
400 3658 657 3712 immersa
702 3651 758 3706 in
808 3657 1073 3704 tumorem
1129 3648 1274 3698 esset
1314 3648 1669 3701 conversum,
1700 3631 1804 3686 iter

222 3751 291 3807 ad
329 3746 716 3805 monasterium
762 3738 1073 3796 maturavit.
1104 3733 1349 3803 Cumque
1379 3726 1661 3784 nocturnis
1703 3722 1806 3778 ibi-

222 3834 345 3898 dem
369 3837 565 3909 vigiliis
595 3835 885 3889 interesset
907 3827 1016 3881 alto
1040 3839 1238 3895 sopore
1263 3823 1551 3891 depressus
1571 3857 1586 3883 ,
1617 3828 1806 3871 senem

224 3907 482 3990 assistere
508 3928 658 3983 videt
680 3921 880 3980 canitie
902 3916 1266 3973 venerandum
1282 3953 1297 3979 ,
1327 3911 1508 3968 casula
1537 3907 1806 3970 indutum,

224 4020 441 4094 sibique
467 4016 744 4074 dicentem
779 4029 793 4065 :
823 4009 966 4078 Quid
993 4014 1050 4061 tu
1073 4046 1089 4070 ,
1118 4005 1280 4059 homo
1298 4042 1313 4065 ,
1363 3997 1572 4094 czeteris
1595 3995 1810 4094 laudern

225 4081 443 4170 Domini
477 4103 915 4166 celebrantibus,
964 4094 1137 4153 somni
1191 4103 1408 4161 torpore
1455 4081 1812 4156 deprimeris?

227 4196 397 4273 cujus
422 4196 709 4273 praesentia
731 4190 1070 4264 perterritus,
1094 4199 1216 4240 cum
1233 4193 1556 4251 responsum
1586 4172 1813 4273 reddere

227 4268 337 4354 non
368 4268 624 4359 auderet,
666 4285 863 4343 baculo
905 4296 1071 4340 senex
1116 4292 1277 4348 quem
1320 4289 1485 4330 manu
1525 4268 1813 4359 gestabat,

230 4388 414 4443 locum
441 4356 765 4438 ei'vulncris
792 4373 986 4445 tetigit.
1020 4369 1327 4424 Dissiiiente
1374 4364 1559 4432 itaque
1603 4356 1816 4428 longius

879 336 1042 394 VITA
1079 334 1139 393 S.
1177 324 1750 392 GALLI.--LIB.‘II.
1787 324 1791 377 1

1899 320 1989 377 NA
2026 321 2117 380 EO
2153 319 2443 378 MORTUO
2482 316 2729 376 FACTA.

1798 1799 1848 1860 B

3299 316 3441 374 i026

1783 440 1835 503 Α
1863 434 2221 491 luminaribus
2240 434 2308 489 ad
2336 431 2594 488 inferiora
2617 431 2886 500 deponere
2906 428 3199 493 debuisset,
3226 426 3442 487 incaute

1861 527 2047 584 funem
2099 542 2209 597 quo
2260 527 2376 597 ipsa
2414 526 2620 595 pharus
2666 522 3002 593 dependebat
3046 521 3293 576 retraxit.
3336 520 3441 589 Qui

1859 621 2047 679 statim
2069 633 2100 674 e
2126 634 2294 674 manu
2330 616 2600 688 dilapsus,
2627 614 2887 685 paxillum
2928 613 3015 670 cui
3056 614 3293 669 insertus
3322 621 3445 669 erat

1862 711 1930 768 de
1954 710 2161 782 pariete
2188 706 2448 765 extraxit.
2471 706 2716 776 Cumque
2745 703 2934 760 eadem
2980 703 3184 772 pharus
3224 701 3326 758 sub
3355 701 3443 757 ni-

1862 803 1974 859 mia
2002 801 2281 858 celeritate
2307 798 2423 856 solo
2449 798 2820 868 appmpiasset
2837 837 2852 863 ,
2901 803 3125 866 repente
3166 795 3442 861 substitit,

1862 903 1919 950 et
1942 894 2149 965 absque
2177 892 2289 948 ullo
2314 892 2566 949 hum‘anae
2596 889 2893 945 retinaculo
2922 889 3057 944 artis
3090 888 3146 943 in
3172 902 3298 943 aere
3326 903 3443 943 sus-

1863 998 2031 1053 pensa
2056 981 2336 1038 remansit.
2358 978 2557 1035 Custos
2578 977 2763 1050 igitur,
2785 977 3030 1034 miraculi
3068 985 3291 1049 stupore
3324 990 3447 1051 per-

1866 1072 2082 1138 culsus,
2132 1070 2295 1127 allato
2341 1069 2453 1142 igni
2498 1070 2777 1139 lampades
2820 1084 3013 1125 omnes
3061 1069 3340 1135 accendit,
3388 1076 3449 1125 et

1864 1163 2113 1235 plurimis
2136 1164 2239 1220 hoc
2264 1162 2463 1218 factum
2490 1162 2856 1228 cernentibus,
2882 1162 3085 1233 absque
3107 1161 3446 1233 pinguedinis

1867 1254 2129 1312 eil‘usione
2157 1270 2252 1311 seu
2280 1255 2640 1312 diminutione
2667 1254 3013 1311 lucernarum
3033 1296 3050 1323 ,
3078 1255 3240 1313 altius
3267 1258 3444 1329 ipsam

1866 1348 2096 1418 pbarum
2126 1364 2290 1420 quam
2321 1348 2559 1419 pendere
2580 1347 2825 1414 solebat,
2850 1348 3098 1402 retraxit.
3130 1347 3240 1403 Deo
3265 1348 3449 1420 itaque

1868 1436 2056 1493 laudes
2082 1452 2113 1492 a
2137 1432 2364 1504 cunctis,
2400 1437 2588 1509 gratiae
2614 1435 2927 1492 referuntur
2954 1437 3024 1492 ab
3054 1436 3323 1503 omnibus,
3354 1437 3449 1507 qui

1872 1530 1936 1585 ad
1965 1530 2287 1587 declaranda
2328 1529 2506 1586 Patris
2534 1530 2717 1586 eximii
2744 1531 2939 1586 merita
2958 1571 2974 1597 ,
3004 1529 3255 1601 stupendi
3296 1529 3454 1585 novi-

1872 1627 1984 1676 tate
2021 1620 2300 1687 miraculi,
2349 1620 2528 1677 lumen
2572 1622 2775 1676 sanctis
2817 1628 3059 1690 aptatum
3101 1620 3331 1684 usibus,
3364 1617 3453 1674 vel

1873 1712 1943 1768 ad
1981 1714 2168 1770 horam
2197 1713 2316 1770 loco
2342 1713 2640 1769 venerabili
2669 1714 2858 1769 deesse
2884 1729 3076 1786 passus
3105 1729 3214 1769 non
3236 1722 3342 1770 est.

2416 1828 2645 1886 CAPUT
2672 1827 2912 1884 XXXVI.

2300 1936 2553 1993 Lucerna:
2576 1954 2703 1992 casu
2730 1954 2835 1993 non
2865 1936 3028 1992 Imm.

1942 2050 2090 2106 Idem
2113 2048 2302 2114 frater,
2330 2049 2457 2104 dum
2484 2048 2590 2104 alio
2618 2057 2857 2119 tempore
2877 2047 3130 2103 lucernas
3163 2047 3365 2103 vitreas
3400 2048 3456 2104 in

1874 2140 2065 2196 eadem
2096 2139 2302 2195 lavaret
2325 2138 2580 2201 ecclesia,
2612 2137 2753 2192 alius
2779 2137 2997 2208 quidam
3029 2137 3244 2192 incaute
3269 2136 3462 2190 deam.

1872 2230 2087 2298 bulans,
2112 2247 2236 2286 cum
2264 2246 2323 2286 se
2345 2230 2452 2286 alio
2473 2237 2694 2301 repente
2713 2230 2991 2295 vertisset,
3020 2230 3281 2300 quasdam
3301 2229 3461 2300 juxta

1873 2326 2080 2395 positas
2111 2332 2259 2379 veste
2288 2330 2519 2378 attactas
2547 2322 2860 2391 pavimento
2886 2320 3113 2391 dejecit,
3145 2320 3219 2376 ita
3254 2327 3316 2375 ut
3347 2321 3464 2375 vio-

1877 2415 2023 2470 lento
2054 2413 2296 2482 ejusdem
2323 2411 2641 2482 dejectionis
2681 2412 2913 2481 impulsu
2939 2427 3110 2482 usque
3139 2412 3193 2467 in
3220 2411 3466 2468 ecclesiae

1879 2504 2155 2561 cancellos
2196 2498 2496 2559 ferrentur.
2546 2501 2655 2558 Sed
2705 2503 2846 2559 miro
2888 2503 3084 2558 divinae
3135 2503 3468 2573 operationis

1882 2599 2043 2654 modo
2066 2597 2271 2667 absque
2298 2596 2517 2652 lmsione
2539 2603 2769 2666 repertae
2793 2595 2908 2652 suis
2933 2597 3191 2653 continuo
3217 2611 3324 2652 non
3347 2597 3469 2652 sine

1882 2689 2241 2745 admiratione
2266 2688 2530 2744 restituta:
2551 2697 2677 2743 sunt
2701 2687 2853 2744 locis.

2414 2794 2646 2853 CAPUT
2680 2796 2945 2854 XXXVII.

1994 2911 2113 2980 Qua
2148 2910 2349 2968 medela
2375 2912 2576 2967 medica
2598 2912 2915 2995 periclitanti
2943 2912 3249 2969 subventum
3273 2888 3363 2969 sit.

1960 3022 2156 3077 Frater
2192 3022 2414 3094 quidam
2451 3021 2694 3092 ejusdem
2729 3024 3199 3095 congregationis,
3239 3025 3472 3081 medici-

1894 3112 2001 3167 nali
2034 3112 2262 3168 scientia
2308 3127 2416 3167 non
2466 3112 2777 3183 ignobiliter
2806 3113 3139 3180 instructus.
3172 3115 3298 3169 dum
3337 3130 3473 3185 quo-

1899 3194 2024 3259 dam
2077 3211 2321 3273 tempore
2368 3202 2534 3257 incidi
2580 3202 2682 3258 sibi
2728 3218 2852 3259 cum
2896 3203 3244 3274 phlebotomo
3288 3221 3482 3263 venam

1897 3292 2150 3360 iecisset,
2195 3302 2252 3349 et
2292 3308 2636 3365 praepropera
2676 3293 3025 3350 festinatione
3047 3302 3170 3365 post
3208 3296 3482 3351 modicum

1901 3384 2178 3456 quippiam
2202 3385 2383 3456 operis
2412 3385 2631 3440 incaute
2656 3383 2896 3452 faceret,
2936 3385 3120 3441 statim
3160 3400 3268 3441 non
3310 3384 3484 3442 solum

1902 3475 2191 3531 brachium
2220 3475 2378 3547 cujus
2405 3490 2599 3532 venam
2626 3476 2820 3531 incisio
2840 3476 3246 3542 vulneraverat,
3268 3487 3488 3531 verum-

1901 3564 2068 3620 etiam
2097 3573 2270 3620 totum
2295 3580 2493 3635 corpus
2524 3564 2643 3635 ejus
2669 3572 2883 3621 tumore
2912 3566 3213 3622 distensum
3246 3573 3346 3621 est.
3373 3564 3489 3633 Qua

1903 3669 1971 3711 ex
1997 3670 2159 3710 causa
2196 3655 2396 3712 accidit
2433 3663 2495 3711 ut
2531 3663 2761 3710 mortem
2791 3663 3103 3726 suspectam
3137 3656 3338 3711 habere
3375 3668 3491 3711 coa-

1904 3748 2094 3819 pisset,
2125 3742 2324 3819 quippe
2343 3748 2472 3818 quia
2491 3747 2705 3803 viderat
2731 3762 2843 3803 suae
2869 3748 2972 3803 sibi
3011 3747 3148 3803 artis
3168 3747 3497 3804 industriam

1907 3838 2202 3896 studiosius
2226 3840 2527 3896 adhibitam
2553 3840 2687 3895 nihil
2714 3830 2998 3911 prOdesse.
3025 3838 3283 3911 Sequenti
3314 3842 3500 3911 itaque

1909 3940 2090 3999 nocte,
2112 3933 2248 3988 vidit
2271 3933 2328 3988 in
2353 3934 2564 3988 somnio
2585 3932 2810 4001 placidae
2832 3932 3116 4003 gravitatis
3150 3948 3338 3988 senem
3369 3933 3499 3988 sibi-

1910 4031 2021 4076 met
2048 4023 2336 4089 assistere,
2369 4037 2563 4078 causas
2587 4022 2921 4076 inlirmitatis
2946 4022 3163 4078 blandis
3208 4022 3494 4092 inquiren-

1914 4121 2021 4167 tem
2045 4112 2405 4168 sermonibus.
2430 4110 2678 4182 Cumque
2709 4112 3071 4183 interroganti
3111 4113 3275 4168 totius
3318 4128 3383 4168 ex
3412 4128 3502 4168 or-

1913 4207 2040 4263 dine
2065 4207 2144 4264 rei
2170 4207 2458 4279 replicaret
2505 4216 2759 4263 eventum
2779 4246 2796 4274 ,
2844 4222 3013 4263 senex
3043 4206 3181 4262 dixit
3229 4207 3300 4263 ad
3331 4222 3455 4262 eum
3485 4223 3501 4262 :

1915 4297 2209 4366 Memento,
2239 4299 2336 4366 tili,
2369 4308 2429 4354 ut
2458 4299 2581 4355 luce
2622 4300 2784 4355 terris
2825 4300 3058 4367 reddita,
3098 4299 3218 4356 oleo
3263 4300 3408 4369 quod
3449 4300 3507 4355 in

1917 4400 2108 4463 crypta
2130 4403 2266 4448 ante
2287 4391 2459 4449 altare
2484 4393 2765 4448 consuevit
2793 4393 3019 4460 ardere,
3051 4391 3294 4448 vulneris
3326 4392 3509 4448 locum

231 4477 412 4542 ferro.
442 4489 553 4545 Ιπω
589 4470 772 4527 ἀοιοτθ
797 4480 958 4536 quem
997 4478 1065 4518 ex
1109 4466 1313 4560 aua‘fl“
1346 4451 1812 4560 Hefen’SII’I'gr‘
1838 4500 1893 4560 D
1918 4451 2207 4555 perimgas,
2249 4499 2374 4539 nam
2405 4484 2664 4539 continuo
2699 4451 3282 4553 sanitatem'recipies.
3322 4482 3511 4553 Itaque

232 4571 419 4629 rcndis
451 4567 675 4623 vocibus
720 4566 960 4616 astantes
990 4552 1298 4626 perterruit.
1343 4548 1551 4616 Quibus
1581 4557 1812 4615 percon-

235 4662 479 4721 tantibus
539 4673 646 4729 qua
706 4665 807 4726 pro
865 4663 1028 4705 causa
1100 4643 1395 4715 psallentes
1458 4637 1814 4729 inquietaret,

236 4763 435 4813 cuncta
473 4724 575 4821 per
605 4724 849 4802 ordinem
882 4754 1003 4812 quae
1042 4737 1253 4793 viderat
1301 4730 1562 4792 retexuit;
1592 4735 1649 4782 et
1690 4724 1822 4779 licet

237 4840 445 4906 recenti
471 4843 649 4899 adhuc
669 4837 890 4892 vulnere
917 4847 1026 4888 non
1054 4838 1281 4889 careret,
1307 4840 1404 4896 pro
1427 4821 1719 4878 amissione
1741 4827 1821 4873 ta-

239 4922 367 4998 nien
398 4935 529 4992 ferri
578 4930 733 5000 cujus
756 4926 986 4983 nexibus
1027 4919 1432 4982 cruentabatur,
1459 4914 1587 4985 quia
1615 4911 1822 4967 sanitas

239 5035 298 5090 in
325 5008 575 5103 promptu
606 5031 751 5088 erat,
781 5017 977 5092 gaudio
1008 5013 1313 5086 replebatur
1346 5006 1571 5080 ingenti.

788 5148 1016 5209 CAPUT
1070 5144 1214 5202 XXX
1228 5143 1288 5201 ν.

376 5275 589 5330 Pharus
618 5285 738 5324 cum
763 5261 1097 5336 lampadibus
1123 5254 1437 5313 mirabiliter
1459 5259 1691 5308 servata.

320 5392 442 5448 Alio
467 5397 681 5459 quoque
703 5392 962 5451 tempore,
988 5375 1159 5431 frater
1182 5369 1421 5440 quidam,
1446 5366 1539 5437 qui
1564 5366 1617 5459 in
1637 5362 1827 5419 eadem

247 5458 751 5546 ccclesiaicustodis
787 5467 1112 5546 fungebatur
1140 5461 1347 5525 oﬂicio,
1379 5473 1504 5514 cum
1546 5458 1824 5546 pharumnc

395 5580 522 5629 ante
536 5567 710 5623 altare
728 5562 902 5619 sancti
913 5559 1052 5616 Galli
1067 5540 1354 5628 pendebat,
1371 5567 1469 5625 pro
1485 5544 1833 5606 incendendis

256 5706 261 5713 ’
331 5720 356 5748 α
385 5703 521 5759 Vide
546 5696 933 5771 praefationem.

254 5800 259 5805 ο
331 5779 361 5823 ιι
390 5766 678 5833 ϐοιαεὶεωε
704 5766 849 5828 addit
875 5767 1156 5838 presbyter.

1920 4574 2065 4630 facto
2090 4589 2271 4641 mane,
2296 4574 2440 4645 quod
2469 4575 2523 4628 in
2555 4574 2766 4630 somnio
2791 4572 3041 4629 audierat
3072 4572 3285 4628 custodi
3335 4572 3511 4628 eccle-

1920 4671 2015 4725 siae
2041 4667 2258 4735 retulit;
2282 4667 2593 4738 pariterque
2627 4681 2753 4722 cum
2783 4664 2873 4720 illo
2901 4665 3184 4720 basilicam
3209 4664 3510 4735 ingressus,

1920 4773 1982 4819 ut
2028 4764 2252 4818 edoctus
2297 4760 2499 4826 fuerat,
2539 4768 2724 4815 certus
2758 4757 2827 4813 de
2871 4755 3233 4827 promissione
3277 4756 3511 4826 peregit.

1922 4855 2032 4911 Nec
2055 4871 2229 4922 mora,
2258 4869 2416 4910 sacro
2437 4860 2731 4923 perunctus
2756 4851 2990 4921 liquore,
3016 4857 3129 4905 toto
3162 4863 3391 4919 corpore
3420 4850 3518 4904 de-

1931 4948 2151 5016 tumuit,
2183 4955 2239 5002 et
2277 4944 2683 5016 integerrimam
2711 4949 2991 4998 assecutus
3012 4948 3099 4997 est
3119 4940 3428 4995 sanitatem.

2450 5053 2680 5111 CAPUT
2712 5050 3001 5108 XXXVIII.

2190 5148 2382 5204 Puella
2408 5164 2441 5202 a
2466 5146 2736 5202 nativitate
2762 5162 2902 5199 ca'ca
2925 5143 3248 5198 illuminata.

1940 5288 1947 5296 ο
2008 5266 2197 5322 Mulier
2224 5263 2470 5337 quaedam
2495 5262 2709 5317 unicam
2735 5259 2899 5315 tiliam
2919 5300 2934 5319 .
2958 5258 3027 5314 ab
3054 5260 3168 5329 ipsa
3187 5298 3202 5323 ,
3229 5264 3290 5310 ut
3314 5253 3519 5310 refere-

1935 5364 2047 5418 bat.
2079 5373 2277 5414 cazcam
2310 5356 2617 5417 nativitate,
2646 5354 2881 5425 propriis
2903 5352 3146 5407 humeris
3183 5346 3519 5403 monasterio

1937 5453 2174 5517 advexit,
2192 5464 2421 5520 eamque
2433 5456 2558 5503 ante
2573 5445 2764 5512 altare,
2783 5444 2954 5502 sancti
2969 5441 3105 5498 Galli
3128 5439 3422 5508 deponens,
3437 5453 3523 5492 so-

1939 5545 1991 5601 lo
2010 5551 2298 5616 prostrata,
2315 5540 2568 5612 precibus
2579 5554 2679 5610 pro
2700 5537 2789 5593 illa
2812 5535 3015 5591 diutius
3038 5528 3298 5587 incubuit.
3322 5527 3523 5598 lllaque

2015 5690 2038 5721 α
2070 5678 2126 5733 Id
2152 5686 2236 5733 est
2273 5676 2690 5731 instrumentum
2719 5668 2920 5746 pensile
2944 5681 3053 5738 quo
3089 5661 3370 5735 lampades
3392 5672 3516 5718 sus-

1942 5750 2247 5825 penduntur
2276 5749 2330 5808 iu
2356 5747 2587 5818 templis.
