3978 6310
480 350 624 406 1027

439 464 445 472 ’
480 471 675 519 orante
693 461 941 517 devotius
982 458 1363 529 subitopuella
1401 459 1514 514 huc
1550 459 1781 529 illucque
1825 460 1882 515 in
1924 459 2068 530 pavi-
2093 460 2147 523 Α

482 564 666 611 mento
713 553 985 617 volutata,
1037 549 1421 606 miserabiliter
1476 550 1774 617 exclamat;
1826 560 1884 605 et
1927 551 2071 607 inter

479 646 759 718 aitgustias
774 661 839 700 ac
857 644 1089 714 gemitus
1111 642 1428 712 optatovisu
1450 643 1672 708 donata,
1695 643 2066 713 gratissimum

482 738 732 793 omnibus
759 738 850 807 qui
872 737 1100 792 aderant
1128 736 1332 807 praebet
1363 736 1502 805 signi
1527 736 1912 807 perspicuitate
1940 749 2064 806 spe-

481 827 771 885 ctaculum.
1746 848 1747 851 η

1016 936 1247 994 CAPUT
1284 937 1525 992 XXXIX.

597 1050 853 1121 Inﬁrmus
874 1050 1085 1122 pulvere
1110 1051 1421 1121 sarcoplmgi
1448 1061 1493 1105 et
1522 1050 1635 1105 oleo
1663 1062 1944 1107 recreatus.

551 1163 606 1218 In
636 1162 825 1219 eodem
866 1164 1197 1220 monasterio
1229 1165 1372 1218 inter
1391 1164 1745 1222 scholasticos
1777 1175 1905 1224 tunc
1930 1176 2064 1224 tem-

474 1221 624 1324 βοῆς
654 1261 774 1307 erat
803 1255 1019 1323 quidam
1065 1254 1361 1325 puerulus,
1411 1257 1753 1325 pauperculis
1796 1258 1922 1313 licet
1964 1274 2063 1329 pa-

475 1343 720 1397 rentibus
758 1343 1043 1408 oriundus,
1081 1344 1260 1398 studio
1289 1354 1470 1399 tamen
1515 1346 1753 1401 discendi
1805 1348 1939 1402 satis
1982 1349 2065 1402 in-

475 1440 678 1488 tentus.
705 1430 951 1502 Cumque
980 1432 1269 1486 immatura
1298 1441 1471 1487 morte
1500 1434 1781 1503 utriusque
1820 1437 2062 1505 parentis

472 1522 672 1577 solatio
703 1522 1019 1586 nudaretur,
1045 1523 1292 1592 quamvis
1321 1523 1697 1600 qnptidianum
1728 1525 1927 1580 victum
1950 1528 2063 1581 suis

473 1611 752 1669 laboribus
805 1615 1023 1670 assidue
1080 1616 1427 1689 quaeritaret,
1478 1633 1828 1688 nequaquam
1879 1630 2062 1676 tamen

472 1706 603 1762 boui
624 1707 799 1761 studii
823 1747 839 1773 ,
885 1707 1048 1762 etiam
1087 1707 1415 1763 necessitate
1446 1710 1826 1780 compellcnte,
1858 1712 2063 1768 instan-

474 1797 608 1851 tiam
636 1796 941 1867 dereliquit.
983 1797 1035 1853 Is
1062 1798 1251 1853 lateris
1276 1799 1508 1867 quodam
1534 1800 1717 1855 dolore
1746 1808 2056 1871 percussus,
2092 1817 2137 1877 Β

471 1902 649 1956 usque
670 1888 805 1943 adeo
832 1888 981 1959 gravi
1023 1903 1121 1956 per
1154 1888 1312 1959 longa
1354 1897 1655 1958 temporum
1698 1892 1869 1959 spatia
1915 1892 2062 1945 infir—

471 1977 663 2033 mitate
688 1978 988 2044 contabuit,
1018 1988 1077 2032 ut
1102 1978 1153 2032 in
1182 1994 1288 2033 uno
1317 1978 1506 2044 latere,
1534 1980 1602 2033 ab
1630 1980 1858 2035 humero
1880 1981 2063 2036 videli-

470 2078 561 2127 cet
594 2086 767 2141 usque
795 2071 862 2125 ad
893 2079 1193 2126 extremam
1225 2072 1469 2144 corporis
1490 2079 1733 2141 partem,
1768 2072 1949 2127 ulcera
1979 2088 2063 2127 sa-

472 2162 618 2218 niem
646 2163 949 2218 emittentia
976 2171 1223 2233 paterent
1251 2164 1671 2234 quamplurima.
1701 2164 1815 2229 Qua
1841 2165 2065 2241 infirmi—

470 2259 584 2310 tate
615 2253 667 2308 in
705 2261 914 2307 tantum
941 2263 1196 2324 gravatus
1220 2263 1323 2320 est,
1356 2264 1416 2310 ut
1446 2256 1531 2309 vix
1553 2255 1665 2324 jam
1692 2260 1808 2313 sine
1834 2259 2064 2314 aliorum

471 2345 804 2402 adminiculo
830 2362 1103 2416 quoquam
1131 2363 1374 2418 gressum
1402 2365 1620 2405 movere
1645 2351 1925 2420 potuisset.
1957 2352 2066 2409 Sed

469 2453 592 2493 cum
635 2437 921 2507 corporale
966 2439 1443 2506 medicamentum,
1475 2442 1723 2510 quamvis
1767 2444 2067 2513 saepissime

474 2526 802 2595 adhibitum,
832 2527 969 2583 nihil
998 2528 1072 2583 illi
1104 2530 1411 2600 prodesset,
1443 2528 1497 2586 ét
1521 2532 1853 2603 jamjamque
1876 2535 2067 2606 despe-

467 2635 692 2682 raretur
717 2641 749 2680 a
779 2627 1013 2690 cunctis,
1039 2633 1221 2681 custos
1247 2626 1489 2682 ecclesia:
1521 2629 1574 2682 in
1605 2628 1897 2685 festivitate
1923 2632 2066 2685 beati

468 2715 604 2774 Galli
634 2718 846 2774 cineres
880 2717 947 2772 de
976 2718 1311 2788 sarcolihago
1342 2718 1485 2775 illius
1521 2720 1770 2791 collegit,
1802 2729 1858 2776 et
1886 2721 2063 2776 oleum

466 2808 611 2878 quod
635 2816 758 2863 ante
780 2808 956 2878 ipsum
980 2809 1152 2862 altare
1177 2808 1402 2863 ardebat
1418 2809 1724 2877 admiscuit,
1742 2812 2067 2881 adductique

467 2913 664 2969 corpus
692 2900 844 2969 pueri
877 2915 941 2953 ea
967 2910 1121 2969 parte
1146 2900 1418 2969 perunxit,
1448 2916 1610 2969 quam
1639 2902 1793 2959 dolor
1813 2903 2065 2972 possede-

465 2993 576 3042 rat.
607 2986 709 3054 Qui
740 2987 828 3042 die
855 2987 1025 3042 altera
1055 2987 1327 3043 ulceribus
1358 2988 1469 3058 jam
1513 2990 1855 3061 superductis
1900 3007 2066 3047 sanus

461 3077 751 3141 inventus,
779 3078 853 3134 ob
880 3079 1198 3134 memoriam
1233 3079 1457 3136 redditze
1500 3080 1604 3136 sibi
1649 3082 1898 3137 sanitatis
1939 3082 2065 3138 reli-

1018 293 1416 405 ἦνΑιΑιήιοι
1456 346 1706 403 STRABI
1743 346 1950 404 FULD.
1992 343 2157 402 MON.
2197 343 2349 401 OPP.
2387 343 2569 402 PARS
2604 345 2668 401 ll.
2709 376 2776 387 -—
2816 345 3207 405 HISTORICA.

3636 350 3783 406 103.8

2751 459 2979 517 CAPUT
3018 462 3176 518 XLII.

2520 571 2706 628 Mutus
2728 574 2865 629 vocis
2888 575 3053 646 oﬁicio
3078 589 3406 634 muneratus.

2238 661 2463 718 Iuvenis
2493 663 2713 734 quidam
2744 666 3131 737 pauperculus,
3157 671 3422 729 orationis
3457 690 3635 730 causa
3660 692 3780 733 mo-

2166 754 2463 809 nasterium
2495 755 2713 819 adiens,
2748 755 2969 811 fratrem
3002 773 3158 814 suum
3181 758 3507 827 jamdudum
3556 768 3781 824 amissa:

2166 844 2316 898 vocis
2346 845 2627 914 dispendia
2663 845 3036 915 deplorantem
3086 864 3271 906 secum
3320 854 3575 910 adduxit.
3608 856 3777 913 Cum-

2166 950 2272 1005 que
2297 936 2456 991 altari
2484 938 2657 992 sancti
2679 936 2818 993 Galli
2847 942 3355 1011 appropinquasset,
3380 950 3776 1021 prcsbyteru

2171 1027 2453 1096 quemdam
2482 1027 2614 1083 inibi
2636 1040 2982 1086 sacrosancta
3009 1040 3330 1090 tractantem
3352 1040 3625 1108 mysteria
3647 1056 3779 1096 con-

2167 1119 2375 1189 spexit;
2429 1131 2485 1175 et
2533 1124 3055 1180 consummationem
3105 1142 3277 1184 sacra:
3327 1110 3571 1187 actionis
3612 1148 3775 1205 oppe-

2167 1212 2314 1267 riens
2340 1253 2355 1277 ,
2387 1212 2628 1282 ejusdem
2657 1216 2958 1272 sacerdotis
2988 1219 3055 1273 ab
3082 1218 3258 1277 olIicio
3298 1223 3588 1278 redeuntis
3619 1227 3770 1294 geni-

2164 1303 2265 1358 bus
2294 1305 2618 1374 advolvitur,
2661 1314 2715 1361 et
2758 1315 2819 1362 ut
2864 1322 2962 1376 pro
3008 1318 3159 1363 mutu
3201 1311 3525 1382 dignaretur
3557 1314 3773 1384 aliqua:

2166 1393 2389 1449 fundere
2415 1412 2610 1466 preces
2635 1397 2701 1452 ad
2730 1399 3016 1453 Dominum
3046 1399 3312 1458 instanter
3338 1413 3558 1459 exorat.
3592 1406 3662 1460 Et
3684 1407 3775 1463 ille

2166 1486 2473 1556 hujusmodi
2504 1488 2774 1544 desiderio
2822 1491 3195 1558 satisfaciens,
3233 1495 3411 1564 primo
3457 1498 3771 1553 oratiouan

2165 1592 2263 1647 pro
2298 1579 2497 1632 misero
2534 1576 2683 1643 fecit,
2716 1580 2911 1634 deinde
2936 1583 3117 1636 crucis
3143 1598 3265 1638 eum
3302 1586 3540 1641 munivit
3590 1588 3770 1659 signa-

2166 1669 2320 1735 culo,
2368 1670 2482 1725 acsi
2527 1669 2795 1726 Dominici
2843 1672 3090 1742 corporis
3139 1682 3193 1728 et
3246 1677 3536 1747 sanguinis
3585 1694 3769 1734 saera-

2165 1769 2349 1814 mento
2376 1760 2631 1816 firmavit.
2660 1762 2777 1829 Quo
2806 1761 2970 1829 facto,
3002 1764 3254 1819 resolutis
3278 1767 3481 1836 lingua-
3508 1770 3769 1839 vinculis,

2167 1853 2257 1918 qui
2312 1839 2494 1908 mutus
2547 1852 2842 1910 advenerat
2890 1856 3135 1925 pristina:
3195 1857 3492 1917 locutionis
3558 1864 3770 1936 recepit

2162 1943 2354 1999 ofﬁcia.

2730 2016 2959 2074 CAPUT
3000 2018 3179 2074 XLIII.

2396 2132 2540 2187 Puer
2566 2144 2866 2191 contractus
2895 2154 2928 2191 a
2950 2137 3523 2197 debilitate,liberatus.

2233 2243 2467 2300 Puerum
2493 2247 2804 2315 quemdam,
2830 2248 3092 2305 membris
3126 2250 3381 2307 omnibus
3418 2253 3499 2307 ita
3546 2263 3768 2311 contra-

2164 2342 2310 2390 ctum
2333 2345 2392 2391 ut
2417 2351 2512 2406 per
2537 2352 2597 2392 se
2624 2337 2927 2394 nullatenus
2956 2356 3229 2412 quoquam
3265 2346 3526 2415 progredi
3553 2349 3762 2417 potuis-

2164 2432 2267 2491 set,
2295 2442 2399 2481 non
2423 2426 2578 2498 longe
2601 2428 2653 2482 in
2679 2428 2873 2484 itinere
2901 2430 3041 2500 quod
3070 2433 3136 2486 ad
3164 2436 3565 2492 monasterium
3595 2438 3761 2504 ducit,

2165 2518 2219 2572 hi
2246 2518 2334 2586 qui
2360 2533 2481 2574 eum
2505 2518 2649 2575 ferre
2678 2507 2925 2577 solebant
2953 2522 3124 2577 soluat
3154 2523 3504 2583 dimiserunt.
3534 2526 3766 2584 Armen-

2167 2608 2339 2663 tarius
2360 2618 2541 2663 autem
2576 2611 2795 2680 quidam
2842 2627 2944 2682 per
2976 2614 3222 2669 eamdem
3246 2615 3394 2671 viam
3422 2616 3496 2672 de
3533 2618 3675 2673 silva
3701 2620 3764 2675 ad

2164 2702 2559 2756 monasterium
2592 2702 2839 2770 tendens,
2869 2705 2995 2758 dum
3022 2702 3299 2773 jacentem
3330 2709 3605 2764 miserum
3636 2726 3764 2765 con-

2165 2793 2451 2863 spexisset,
2483 2794 2561 2848 ait
2581 2794 2648 2850 ad
2675 2809 2798 2850 eum
2825 2810 2839 2848 :
2865 2794 3147 2862 Quomodo
3178 2806 3235 2852 et
3267 2797 3432 2863 unde,
3466 2815 3504 2853 ο
3545 2798 3761 2866 ﬂebilis,

2164 2885 2464 2941 advenisti?
2492 2901 2667 2956 quove
2685 2888 2992 2942 securitatis
3017 2902 3218 2958 genere
3237 2889 3293 2944 in
3318 2888 3430 2946 hoc
3450 2891 3762 2947 solitudinis

2164 2980 2394 3037 horrore
2420 2995 2527 3035 non
2556 2979 2786 3036 timuisti
2829 2981 3150 3037 remanere?
3193 2997 3302 3052 quo
3345 2982 3540 3054 itaque
3577 2985 3762 3038 venire

2166 3075 2531 3132 desiderasti?
2558 3076 2627 3131 Et
2661 3074 2788 3131 ille:
2827 3075 2932 3131 Pro
2958 3076 3066 3142 his,
3105 3075 3301 3147 inquit,
3330 3076 3758 3139 calamitatibus,

465 3186 633 3241 quum
664 3171 787 3227 vita:
826 3180 1036 3241 tempus
1080 3172 1131 3226 in
1163 3170 1404 3242 ejusdem
1449 3173 1623 3230 sancti
1665 3174 1768 3231 loci
1814 3176 2058 3233 excubiis
2086 3178 2130 3242 C
2162 3184 2391 3241 quarum
2433 3184 2521 3225 me
2574 3170 2964 3226 ηυηὶετοεῖιίιιθ
3010 3178 3222 3242 εεριυιῐι
3271 3172 3450 3237 Vides.
3497 3173 3571 3228 ad
3617 3172 3760 3229 ὺωιί

465 3259 611 3320 ﬁdeli
637 3262 925 3319 devotione
951 3262 1233 3334 transegit.

1055 3392 1286 3451 CAPUT
1341 3395 1455 3451 XL.

823 3531 1018 3588 Manus
1044 3535 1198 3588 arida
1224 3534 1410 3605 puella:
1436 3537 1694 3591 restituta.

534 3662 663 3718 Post
709 3662 1102 3733 aliquantulum
1148 3667 1421 3735 temporis,
1452 3667 1626 3737 puella
1666 3670 1911 3739 quatdam
1937 3669 2053 3741 jam

464 3753 663 3810 multos
690 3770 787 3824 per
813 3769 987 3809 annos
1030 3771 1224 3810 manus
1265 3759 1428 3812 aridze
1469 3768 1522 3813 et
1569 3772 1806 3816 curvattc
1842 3762 2053 3831 pondus

465 3844 648 3901 ferens
681 3845 891 3911 inutile,
921 3847 987 3901 ad
1019 3849 1403 3903 monasterium
1429 3866 1551 3906 cum
1577 3863 1749 3909 matre
1782 3856 2049 3923 pervenit.

464 3934 706 4007 Cumque
725 3934 815 4006 pio
833 3944 958 3991 voto
979 3938 1158 3991 manui
1193 3940 1419 4009 torpenti
1447 3941 1716 4011 globulum
1747 3943 1840 3998 lini
1865 3960 2054 4015 super-

463 4042 693 4099 ponens,
724 4027 793 4082 ad
827 4026 998 4084 altare
1028 4030 1200 4084 sancti
1246 4030 1570 4090 confessoris
1606 4035 1918 4102 accederet,
1951 4035 2054 4091 im-

462 4122 706 4193 positura
736 4121 879 4191 quod
910 4120 1111 4189 attulit,
1143 4123 1398 4179 continuo
1429 4140 1621 4182 manus
1649 4127 1764 4197 ipsa
1800 4128 2051 4183 restituta

464 4219 550 4268 est
575 4212 811 4267 sanitati.

1054 4322 1282 4379 CAPUT
1322 4322 1460 4379 XLI.

465 4455 600 4511 Cera
646 4473 804 4528 quant
858 4470 1084 4514 rusticus
1134 4458 1199 4512 ab
1247 4457 1463 4514 ecclesia
1506 4462 1680 4531 rapuit
1721 4477 1774 4516 in
1822 4462 2050 4534 lapidem

1116 4544 1388 4583 conversa.

536 4636 802 4709 Tempore
822 4654 953 4695 vero
967 4638 1093 4706 alio,
1118 4640 1355 4695 rusticus
1374 4636 1593 4711 quidam
1618 4642 1670 4698 in
1693 4636 1882 4700 eadem
1904 4644 2052 4701 beati

462 4728 644 4784 Patris
671 4729 897 4786 basilica
931 4745 1072 4785 cerae
1112 4732 1433 4800 particulam
1474 4734 1586 4789 suis
1618 4735 1907 4804 aptandam
1942 4735 2053 4791 usi-

464 4821 570 4876 bus
594 4820 663 4874 ab
702 4820 857 4875 altari
893 4820 1104 4876 occulte
1132 4822 1371 4892 diripuit.
1399 4823 1525 4879 inde
1558 4840 1835 4895 regressus
1862 4826 1928 4881 ad
1958 4827 2055 4881 ho-

464 4910 709 4979 spitium,
744 4910 871 4965 dum
898 4911 963 4967 de
994 4912 1112 4967 sinu
1141 4928 1322 4967 ceram
1348 4914 1415 4969 ad
1436 4915 1710 4984 quodlibet
1736 4932 1871 4986 opus
1896 4933 1959 4972 ex
1989 4932 2053 4973 ea

464 5000 770 5056 faciendum
800 5003 1160 5070 protraheret,
1191 5003 1242 5058 in
1290 5005 1545 5061 duritiam
1589 5005 1783 5077 lapidis
1819 5023 2051 5063 convcr-

466 5104 582 5145 sam
634 5089 854 5144 invenit.
893 5090 1264 5164 Continuoque
1306 5110 1591 5151 recurrens
1625 5097 1693 5151 ad
1728 5097 2010 5153 ecclesiam
2034 5136 2050 5162 ,

465 5177 589 5233 loco
616 5193 711 5233 suo
737 5178 881 5250 quod
901 5181 1198 5237 abstulerat
1219 5184 1552 5250 restituit,et
1571 5187 1876 5242 astantibus
1900 5203 2052 5242 suam

466 5267 759 5325 salubriter
787 5268 1065 5327 confessus
1090 5275 1450 5344 proterviam,
1481 5276 1626 5346 quod
1648 5275 1853 5333 factum
1879 5277 2056 5333 fuerat

468 5360 743 5417 indicavit.
769 5361 869 5431 Qui
897 5364 975 5419 rei
1003 5365 1239 5422 novitate
1270 5367 1591 5437 stupefacti,
1620 5370 1748 5424 dum
1792 5370 1933 5426 inter
1961 5372 2056 5427 ad-

467 5456 808 5512 mirationem
832 5460 1080 5527 eamdem
1106 5460 1426 5530 particulam
1449 5462 1704 5527 ,,certius
1734 5480 1847 5519 rem
1880 5465 2057 5537 cogni-

467 5548 607 5616 turi,
636 5549 887 5606 tollerent
915 5552 982 5608 de
1010 5552 1204 5619 altari,
1234 5554 1431 5611 mirum
1462 5557 1643 5613 dictu!
1675 5560 1731 5615 in
1773 5560 2055 5631 pristinam

467 5656 578 5697 sua:
602 5651 812 5700 naturae
842 5646 1119 5702 mollitiem
1147 5662 1397 5717 reperere
1432 5658 1716 5709 mutatam.

2165 3261 2304 3319 Galli
2349 3264 2650 3332 patrocinia
2690 3263 2859 3319 multo
2899 3262 3014 3334 jam
3058 3280 3127 3319 ex
3177 3272 3424 3337 tempore
3471 3269 3760 3338 pervenire

2166 3353 2491 3422 cupiveram.
2526 3351 2633 3410 Sed
2659 3369 2786 3410 ecce
2811 3353 2866 3410 hi
2910 3370 3141 3425 quorum
3182 3372 3268 3412 me
3296 3357 3487 3414 labore
3515 3358 3645 3415 illuc
3664 3362 3757 3414 de-

2163 3443 2293 3500 ferri
2332 3446 2638 3516 sperabam,
2679 3446 2841 3502 modo
2870 3446 2973 3502 vi:e
3016 3447 3352 3520 longitudine
3402 3447 3642 3522 fatigati,
3674 3465 3759 3505 me

2162 3536 2421 3592 miserum
2452 3537 2505 3592 in
2539 3537 2642 3592 hac
2662 3537 2948 3593 solitudine
2978 3538 3311 3609 reliquerunt
3330 3539 3479 3596 fame
3506 3542 3757 3597 crucian-

2160 3628 2290 3684 dum
2318 3637 2375 3685 ct
2419 3629 2605 3684 bestiis
2655 3628 3025 3685 lacerandum.
3078 3630 3283 3701 Hisque
3332 3631 3426 3687 ille
3469 3632 3755 3703 questibus

2161 3736 2256 3791 per
2282 3721 2711 3791 compassionem
2735 3720 2802 3776 ad
2826 3720 3255 3777 misericordiam
3295 3720 3488 3785 ﬂexus,
3526 3737 3754 3794 puerum

2162 3811 2402 3866 humeris
2448 3810 2758 3881 impositum
2786 3827 2884 3883 per
2910 3828 3075 3866 unum
3106 3811 3420 3867 milliarium
3463 3814 3536 3868 ad
3564 3828 3752 3868 mana-

2161 3903 2386 3960 stet-ium
2411 3912 2610 3974 portat.
2637 3902 2809 3971 Quem
2835 3904 3029 3959 deinde
3051 3903 3238 3972 frater,
3261 3906 3352 3961 cui
3378 3906 3753 3979 suscipiendo-

2161 4010 2280 4049 rum
2308 4010 2602 4066 pauperum
2632 4011 2762 4050 cura
2807 3995 3095 4052 commissa
3136 4005 3241 4061 est,
3273 4011 3587 4059 85511018115,
3620 4012 3753 4052 ωηο

2160 4098 2291 4153 grua
2319 4082 2599 4139 mansione
2630 4082 2843 4139 refovit.
2876 4082 3047 4140 Nocte
3092 4085 3273 4154 itaque
3310 4086 3557 4154 quadam
3606 4085 3751 4141 circa

2161 4183 2454 4231 nocturnas
2507 4175 2751 4247 vigilias,
2802 4175 3017 4231 caeteris
3062 4176 3155 4246 qui
3201 4176 3459 4232 similiter
3516 4175 3755 4247 suscepti

2160 4265 2373 4321 fuerant
2398 4266 2466 4322 ad
2504 4267 2788 4323 ecclesiam
2813 4265 3221 4333 festinantibus,
3251 4268 3423 4337 cepit
3449 4265 3605 4323 idem
3624 4281 3751 4337 puer

2159 4374 2351 4414 omnes
2382 4359 2640 4415 attentius
2665 4374 2893 4415 exorare
2915 4366 2976 4413 ut
3002 4361 3069 4415 ad
3096 4358 3375 4414 basilicam
3399 4358 3748 4423 deferretur.

2160 4450 2477 4519 cunctisque
2509 4451 2561 4505 id
2588 4451 2730 4521 quod
2758 4452 2974 4522 petebat
3000 4451 3413 4522 denegantibus,
3440 4452 3616 4523 L‘thil
3646 4466 3752 4506 cre-

2076 4535 2130 4595 D
2155 4541 2268 4596 bris
2296 4542 2441 4596 beati
2479 4540 2616 4596 Galli
2645 4557 2838 4599 nomen
2870 4544 3125 4599 invocare
3151 4542 3488 4599 clamoribus
3520 4562 3533 4594 :
3565 4543 3749 4599 deinde

2160 4633 2323 4688 etiam
2381 4632 2699 4690 horribilius
2747 4644 3112 4705 perstrepere,
3153 4635 3229 4690 ita
3269 4646 3331 4691 ut
3362 4651 3477 4691 non
3522 4649 3745 4705 parvum

2159 4722 2504 4779 audientibus
2549 4732 2811 4780 terrorem
2853 4727 3144 4798 ingereret.
3195 4725 3384 4794 Itaque
3420 4726 3747 4796 quibusdam

2160 4822 2219 4868 ut
2271 4829 2468 4869 causas
2501 4817 2872 4885 angustiarum
2908 4816 3026 4887 ejus
3056 4826 3417 4886 agnoscerent
3471 4818 3747 4875 introeun-

2163 4907 2327 4972 tibus,
2351 4923 2515 4964 sanus
2536 4908 2788 4964 inventus
2819 4917 2923 4977 est,
2954 4917 3011 4964 et
3039 4925 3164 4966 cum
3205 4910 3513 4981 gratiarum
3542 4910 3749 4967 actione

2162 4998 2230 5053 ad
2268 4998 2550 5054 ecclesiam
2579 5001 2906 5071 properavit.

2722 5115 2951 5173 CAPUT
2988 5115 3169 5173 XLIV.

2546 5214 2846 5289 Parafytica
2868 5220 3084 5272 sanitati
3112 5221 3371 5274 restituta.

2231 5307 2470 5364 Puellam
2522 5311 2757 5381 paralysi
2810 5311 2978 5366 multo
3005 5322 3249 5383 tempore
3289 5312 3637 5368 laborantem
3675 5311 3747 5367 sui

2161 5398 2228 5453 ad
2258 5400 2649 5455 monasterium
2699 5401 3025 5457 detulerunt.
3055 5402 3189 5470 Quze
3235 5404 3291 5458 in
3334 5404 3632 5460 ecclesiam
3659 5404 3749 5457 de-

2159 5496 2398 5557 portata,
2451 5489 2519 5543 ad
2548 5488 2834 5545 lectionem
2865 5490 3164 5562 Evangelii,
3192 5508 3315 5562 quae
3360 5493 3415 5547 in
3471 5491 3751 5548 nocturnis

2159 5579 2459 5634 secundum
2502 5562 2952 5636 consuetudine'm
2979 5582 3253 5653 regularis
3301 5581 3466 5639 oﬂicii
3494 5583 3751 5639 recitatur

2159 5670 2430 5736 excubiis,
2469 5671 2907 5739 circumstantes,
2934 5683 2995 5729 ut
3020 5688 3079 5729 se
3130 5689 3160 5729 a
3192 5682 3336 5730 terra
3376 5674 3744 5732 sustolle:an

2161 5770 2214 5818 et
2232 5762 2377 5820 inter
2406 5779 2597 5823 manus
2619 5773 3010 5855 sustentarent,
3041 5769 3208 5838 coepit
3239 5784 3432 5839 rogare
3469 5787 3484 5828 :
3518 5778 3747 5837 cumque
