3978 6310
205 335 345 397 1029

1521 323 1683 383 ἮΤΑ
1721 321 1779 379 S.
1820 316 2154 378 OTﬂMARI.

3332 310 3354 366 Ι
3364 309 3471 365 030

203 446 481 505 sublevata
521 445 731 509 fuisset,
773 443 971 499 dimitti
1008 456 1068 498 se
1102 438 1415 513 postulavit.
1458 436 1568 493 Illis
1601 444 1781 491 autem
1809 434 1862 496 Α
1888 428 2108 485 diutius.
2141 425 2223 480 Ad
2254 425 2358 481 hoc
2382 425 2526 480 enim
2557 423 2825 494 hnjusque
2858 436 2945 478 me
2973 426 3309 477 reservatum
3346 436 3471 479 esse

203 538 258 594 id
284 535 465 592 facere
493 535 879 597 metuentibus,
909 548 977 589 ne
1018 531 1159 587 forte
1187 546 1316 587 casu
1341 529 1521 585 subito
1558 527 1784 583 laedere-

206 635 315 693 tur,
366 625 548 681 valere
601 640 662 680 se
706 624 1065 680 conﬁdentius
1113 620 1417 677 afﬁrmavit.
1482 618 1650 687 lgitur
1706 616 1786 671 di-

205 716 394 782 missa,
424 731 524 787 per
557 730 615 771 se
641 715 824 779 stetit,
859 729 923 769 ac
945 713 1200 783 deinceps
1227 712 1390 766 totius
1427 709 1672 780 corporis
1702 723 1788 763 re-

211 813 430 878 sumpto
456 806 665 877 vigore,
698 820 830 862 sana
855 802 1099 859 recessit.

787 935 1015 993 CAPUT
1055 934 1218 991 XLV.

734 1027 888 1084 cha
934 1029 1233 1085 illuminata

280 1138 573 1212 anusdam
603 1139 1012 1211 patrisfamilias
1042 1157 1149 1198 non
1184 1142 1342 1214 longe
1394 1158 1425 1198 a
1460 1143 1793 1200 monasterio

209 1232 605 1289 commanentis
650 1234 866 1301 ancilla,
912 1236 1042 1291 dum
1098 1236 1321 1293 fortuito
1373 1239 1566 1294 domus
1593 1236 1792 1306 januas

208 1331 466 1401 aperiret,
492 1331 654 1387 turbo
680 1332 824 1387 venti
853 1331 1127 1402 pulverem
1171 1342 1227 1390 et
1271 1334 1456 1406 paleas
1496 1335 1551 1389 in
1596 1333 1792 1390 faciem

208 1420 327 1486 ejus
353 1429 408 1475 et
448 1421 633 1476 oculos
677 1420 949 1492 projecit:
983 1424 1278 1494 statimque
1303 1433 1582 1480 crescente
1629 1424 1793 1479 mole-

211 1513 338 1578 stia,
366 1514 626 1583 paulatim
661 1514 710 1570 ei
735 1529 866 1569 usus
891 1515 1149 1580 decrevit,
1191 1517 1363 1573 donec
1392 1516 1677 1571 horrendis
1701 1530 1795 1585 pe-

211 1604 357 1658 nitus
414 1605 650 1660 tenebris
697 1606 1024 1676 cingeretur.
1067 1605 1193 1662 limo
1223 1606 1289 1662 ad
1315 1606 1606 1661 ecclesiam
1649 1606 1793 1661 beati

211 1692 348 1748 Galli
370 1696 650 1765 perducta,
678 1712 800 1751 cum
826 1694 944 1766 ejus
968 1696 1220 1767 suffragia
1243 1698 1419 1767 primo
1443 1698 1686 1768 ingressu
1708 1697 1795 1752 de-

1889 534 2174 592 cognosco,
2204 527 2263 572 ut
2292 518 2432 573 sicut
2468 517 2551 572 his
2577 514 2834 571 Barbaris
2858 514 3033 570 virtus
3075 520 3166 568 tua
3208 511 3473 569 latissime

1889 618 2078 678 claret,
2108 611 2182 666 ita
2222 610 2387 664 etiam
2439 607 2616 680 gentis
2653 615 2758 661 tuae
2798 604 3109 661 hominibus
3148 604 3469 661 meritorum

1890 713 2104 760 tuorum
2137 700 2312 772 fulgor
2342 699 2643 754 innotescat
2664 706 2718 752 et
2738 695 2979 751 claritas.
3015 694 3136 750 Scis
3164 694 3305 765 ipse,
3336 695 3470 761 scis,

1799 858 1807 868 .
1890 793 2133 863 inquam,
2165 806 2196 846 a
2228 789 2393 844 natali
2441 787 2556 843 solo
2599 803 2758 857 quam
2790 776 2947 854 longe
2999 784 3101 840 sim
3146 782 3473 853 disiunctus,

1891 891 2201 955 quantaque
2250 881 2390 935 inter
2423 878 2872 950 peregrinationis
2916 876 3191 948 angustias
3225 878 3475 946 corporis

1892 959 2172 1029 debilitate
2229 983 2591 1041 compressus.
2656 968 2924 1023 Succurre
2970 967 3161 1034 citius,
3208 967 3477 1037 opitulare

1893 1065 2231 1136 quantocius.
2263 1062 2379 1131 Qua
2423 1062 2512 1117 ille
2542 1070 2721 1118 mutus
2770 1062 3133 1133 querimonia,
3182 1061 3332 1117 vultu
3361 1063 3478 1132 pla-

1894 1158 2015 1214 cido
2041 1155 2228 1227 paucis
2257 1156 2329 1209 ita
2376 1154 2649 1222 respondit
2693 1169 2706 1206 :
2758 1154 2856 1208 Die
2896 1152 3217 1208 mortalibus
3266 1153 3476 1206 reddita

1895 1247 2177 1304 ecclesiam
2219 1246 2404 1317 petito,
2433 1257 2489 1300 et
2514 1244 2718 1300 videbis
2746 1245 2926 1300 divino
2957 1252 3008 1299 te
3059 1244 3254 1300 melius
3297 1245 3478 1300 suble-

1895 1339 2009 1394 vari
2040 1337 2286 1403 consilio,
2341 1351 2505 1407 quam
2552 1335 2741 1406 patriae
2794 1334 2873 1389 vel
2924 1343 3213 1404 parentum
3257 1335 3476 1390 solatio.

1896 1429 2051 1485 Mane
2082 1429 2245 1494 facto,
2279 1442 2490 1483 summo
2529 1426 2693 1480 animi
2742 1425 2976 1496 gestiens
3002 1426 3197 1479 ardore
3231 1425 3298 1479 ad
3328 1425 3480 1480 basi-

1896 1520 2054 1576 licam
2084 1526 2353 1591 properat,
2390 1527 2443 1573 et
2466 1517 2620 1587 juxta
2671 1515 2935 1569 tumulum
2978 1515 3121 1570 beati
3160 1513 3296 1570 Galli
3348 1529 3479 1585 pro—

1896 1610 2172 1666 missionis
2213 1622 2419 1663 memor
2443 1607 2694 1677 precibus
2738 1606 2961 1661 insistit.
3003 1605 3131 1659 Post
3173 1604 3479 1660 orationem

1895 1712 1951 1759 et
1986 1702 2280 1774 Iacrymas,
2324 1700 2520 1770 angulo
2549 1697 2867 1768 sarcophagi
2921 1697 3169 1762 adnixus,
3212 1697 3377 1765 erepit
3422 1709 3485 1751 se

211 1784 492 1863 votissime
512 1794 847 1856 precaretur,
882 1795 1098 1859 recepto
1119 1788 1264 1859 quod
1283 1788 1540 1843 amiserat
1567 1786 1789 1855 lumine,

1904 1795 2098 1852 sensim
2129 1794 2370 1865 erigere;
2414 1807 2513 1848 nec
2539 1790 2689 1861 prius
2715 1789 2840 1845 lecti
2873 1787 3128 1859 angulum
3166 1787 3251 1841 cui
3279 1785 3481 1840 innite-

210 1876 457 1945 gandens
491 1877 772 1934 abscessit.

781 1989 1008 2046 CAPUT
1047 1989 1227 2046 XLVI.

633 2102 866 2158 Candela
904 2103 1104 2158 minus
1133 2103 1366 2157 incensa.
1390 2150 1393 2155 .

284 2211 401 2268 Non
450 2214 620 2271 multo
681 2215 966 2285 interjecto
1017 2225 1280 2285 tempore,
1342 2213 1469 2269 dum
1530 2212 1797 2269 festivitas

212 2311 526 2358 octavarnm
576 2305 889 2375 Epiphania:
947 2319 1128 2359 annuo
1173 2302 1545 2360 celebraretur
1590 2300 1790 2367 ollieio,

212 2394 425 2449 cunctis
456 2404 696 2464 tempore
747 2393 1002 2449 sacriﬁcii
1032 2393 1099 2449 ad
1147 2392 1432 2449 ecclesiam
1463 2392 1796 2447 convenien-

214 2489 379 2555 tibus,
409 2489 693 2545 luminaria
731 2497 786 2544 et
807 2488 1050 2545 candelis
1079 2488 1586 2543 mcendebanturex
1616 2500 1790 2541 more.

219 2578 334 2635 Una
364 2590 542 2635 autem
567 2579 793 2635 candela
822 2581 939 2636 sine
968 2577 1172 2636 lumine
1192 2579 1333 2634 inter
1358 2586 1583 2634 caeteras
1602 2576 1796 2633 arden-

215 2678 298 2727 tes
326 2671 564 2737 dimissa,
594 2672 735 2726 inter
762 2686 918 2728 sacra
961 2671 1141 2728 missae
1173 2671 1434 2727 solemnia
1460 2668 1795 2739 principalis,

212 2762 391 2832 primo
410 2763 861 2833 ccepitpaulatim
884 2762 1035 2819 fumo
1065 2762 1211 2818 tenui
1238 2776 1501 2833 vaporare
1545 2778 1559 2814 :
1603 2760 1798 2815 deinde

212 2854 522 2910 videntibus
547 2871 653 2910 non
686 2855 873 2926 paucis
895 2854 1168 2909 ﬂammam
1199 2854 1515 2924 concipiens
1539 2861 1595 2908 et
1634 2859 1798 2907 crete-

212 2943 291 2999 ris
318 2944 518 3001 clarius
541 2946 792 3010 rutilans,
832 2945 969 3017 signi
996 2943 1248 3000 eﬂ‘ectnm
1289 2944 1589 3016 Splendoris
1616 2944 1798 3014 singu-

214 3034 432 3093 laritate
456 3039 875 3094 commendavit.

707 3183 710 3187 -
767 3148 995 3206 CAPUT
1038 3147 1246 3204 XLVII.

446 3260 633 3315 Scelus
661 3277 692 3315 α
720 3260 996 3332 multiplici
1022 3261 1289 3316 debilitate
1319 3270 1556 3316 curatus.

287 3375 469 3447 Nuper
501 3391 719 3447 quoque
747 3378 813 3432 de
841 3377 1061 3431 natione
1098 3374 1407 3437 Scotorum,
1443 3373 1641 3442 quibus
1674 3386 1802 3453 cgn-

216 3468 445 3523 suetndo
473 3467 850 3538 peregrinandi
873 3464 987 3534 jam
1016 3480 1155 3536 pene
1178 3465 1232 3519 in
1270 3475 1516 3518 naturam
1542 3475 1803 3517 conversa

217 3565 321 3623 est,
348 3557 567 3626 quidam
612 3557 983 3620 advenientes,
1034 3570 1201 3609 unum
1241 3568 1272 3608 e
1313 3554 1426 3608 suis
1475 3550 1805 3606 conviatori-

216 3648 318 3704 bus
344 3649 627 3719 multiplici
650 3659 801 3719 peste
833 3662 1142 3725 possessum
1171 3647 1225 3701 in
1249 3645 1440 3719 eodem
1472 3642 1804 3698 monasterio

218 3741 559 3796 dimiserunt.
592 3743 694 3810 Qui
748 3732 1204 3812 cum‘aliqnantis
1245 3740 1444 3795 ibidem
1497 3745 1805 3793 moraretur

217 3832 430 3899 diebus,
459 3841 514 3888 et
543 3833 781 3903 quotidie
809 3833 1141 3887 infirmitatis
1164 3846 1275 3887 sua:
1310 3828 1608 3885 remedium
1644 3828 1803 3897 plena

220 3926 326 3983 ﬁde
353 3928 688 3997 deposceret,
718 3934 875 3981 necte
898 3926 1130 3995 quadam
1174 3938 1356 3981 senem
1393 3922 1494 3976 sibi
1530 3936 1627 3989 per
1655 3935 1804 3974 som-

218 4017 370 4073 niu‘m
400 4017 538 4072 vidit
576 4017 851 4085 assistere,
880 4023 1033 4084 gestu
1074 4021 1129 4067 et
1173 4012 1359 4067 habitu
1411 4007 1802 4072 venerandum,

218 4123 382 4181 quem
425 4109 547 4179 quis
577 4116 722 4164 esset
760 4107 1124 4175 interrogans,
1172 4101 1544 4159 beatissimum
1591 4096 1806 4153 Gallum

220 4200 391 4256 fuisse
416 4200 725 4271 perdidicit.
760 4198 827 4253 Et
860 4198 1110 4269 protinus
1156 4194 1222 4249 ad
1250 4192 1441 4247 illum:
1474 4187 1684 4251 Cernis,
1726 4187 1807 4239 in-

223 4291 364 4360 quit,
395 4306 429 4346 o
468 4290 709 4354 domine,
739 4297 850 4343 toto
883 4286 969 4342 me
1011 4298 1240 4354 corpore
1269 4280 1610 4341 dissolutum,
1641 4274 1807 4331 meri-

222 4389 403 4435 torum
442 4389 652 4436 lnorum
680 4378 920 4449 quotidie
966 4376 1290 4432 evidentiam
1317 4368 1641 4442 praestolari.
1686 4364 1805 4420 Noli

223 4485 356 4541 ergo
404 4470 548 4541 quod
601 4479 654 4526 te
712 4467 1000 4539 aliquando
1056 4467 1220 4522 credo
1269 4463 1538 4519 facturum
1589 4457 1804 4514 dili‘erre

1900 1890 2061 1945 batur
2092 1886 2333 1942 deseruit
2379 1900 2539 1956 quam
2572 1890 2779 1939 statura
2821 1889 3001 1936 erecta
3039 1889 3095 1935 et
3138 1887 3363 1949 accepto
3393 1893 3486 1934 ro-

1896 1979 2032 2035 bore
2058 1993 2155 2048 per
2185 1992 2244 2033 se
2265 1977 2343 2031 ire
2362 1984 2418 2030 et
2440 1974 2617 2030 redire
2641 1972 2923 2043 potuisset.
2951 1968 3051 2037 Qui
3086 1977 3329 2039 tempore
3359 1982 3486 2039 pro~

1898 2069 2110 2125 cedenti
2170 2066 2330 2137 plena
2385 2064 2619 2120 sanitate
2660 2062 2913 2123 donatus,
2962 2060 3015 2114 in
3065 2059 3253 2114 eodem
3295 2072 3484 2113 mona-

1899 2160 2067 2217 sterio
2096 2156 2347 2229 precibus
2384 2164 2439 2211 ct
2470 2163 2675 2211 sancta:
2703 2153 2825 2208 vita:
2865 2149 3178 2206 deserviens
3219 2148 3487 2205 hactenus

1899 2267 2160 2309 COIIVCI‘Sﬂ
2167 2260 2272 2306 tur.

2440 2335 2668 2391 CAPUT
2711 2333 2915 2388 XLVIII

2409 2447 2691 2503 Conclusio
2721 2448 2969 2500 auctoris.

1971 2565 2095 2621 Ilico
2124 2565 2190 2621 de
2217 2561 2589 2634 copiosissima
2632 2569 2813 2631 segete
2850 2558 2993 2614 beati
3039 2555 3178 2613 Galli
3225 2554 3487 2611 virtutum

1901 2656 2178 2712 memoria:
2211 2654 2427 2710 horreis
2455 2667 2623 2724 grana
2668 2650 2826 2705 libuit
2863 2647 3267 2724 commendare,
3307 2654 3363 2702 et
3391 2661 3491 2700 no-

1900 2752 2028 2805 stris
2075 2758 2128 2804 et
2167 2748 2396 2802 aliorum
2428 2745 2672 2815 pastibus
2703 2740 3007 2813 profutura.
3054 2738 3321 2793 Poterunt
3369 2737 3488 2792 haec

1900 2844 2044 2900 enim
2092 2843 2383 2914 plurimum
2414 2839 2762 2912 diligentibus
2793 2836 3061 2908 justitiam
3105 2828 3488 2888 :edilicationis

1899 2937 2149 2994 conferre
2180 2956 2189 2987 .-
2224 2934 2351 3004 quia
2376 2942 2433 2989 et
2462 2948 2672 2987 morum
2706 2931 3042 2986 honestatem
3085 2926 3383 2987 insinuant,
3431 2929 3488 2976 et

1901 3028 1968 3083 ad
2014 3027 2227 3082 laudem
2279 3025 2517 3091 Domini,
2548 3024 2638 3094 qui
2671 3023 2745 3078 ita
2778 3030 3001 3079 sanctos
3034 3034 3163 3075 suos
3191 3015 3485 3089 gloriﬁcat,

1905 3120 2082 3174 devoti
2135 3117 2354 3173 lectoris
2397 3117 2636 3171 animum
2677 3113 2762 3169 vel
2810 3111 3074 3168 auditoris
3131 3107 3485 3164 inﬂammant.

1905 3209 2169 3266 Caeterum
2219 3216 2299 3263 tot
2341 3215 2399 3261 ct
2430 3215 2575 3265 tanta
2628 3211 2755 3259 sunt
2800 3202 3043 3273 ejusdem
3093 3198 3266 3255 sancti
3313 3196 3491 3251 Patris

1905 3301 2189 3366 miracula,
2237 3308 2296 3355 ut
2342 3314 2442 3354 nec
2501 3313 2530 3352 a
2566 3293 2826 3353 studiosis
2868 3292 3224 3364 scriptoribus
3268 3298 3492 3361 propter

1906 3395 2116 3465 copiam
2149 3394 2233 3449 sui
2283 3392 2490 3463 possint
2538 3389 2947 3460 comprehendi,
2988 3402 3090 3443 nec
3137 3402 3167 3440 a
3198 3382 3497 3440 fastidiosis

1904 3485 2196 3541 lectoribus
2235 3485 2352 3540 sine
2387 3483 2548 3539 ttedio
2573 3490 2629 3538 et
2657 3492 2843 3554 rugata
2874 3480 3051 3536 fronte
3085 3478 3354 3551 percurri.
3407 3475 3490 3531 Ea

1903 3593 2035 3632 vero
2062 3577 2187 3632 huic
2215 3576 2364 3645 operi
2398 3583 2605 3629 tantum
2647 3574 2852 3628 inserta
2886 3580 3032 3638 sunt,
3079 3585 3199 3641 quae
3236 3577 3290 3624 et
3333 3582 3492 3624 vera-

1905 3670 2047 3724 cium
2086 3668 2347 3723 relatione
2385 3666 2602 3722 testinm
2628 3665 2910 3720 veritatem
2933 3661 3262 3725 custodiant,
3290 3668 3345 3714 et
3372 3672 3494 3716 mo-

1906 3759 2092 3814 derata
2126 3759 2394 3814 brevitate
2427 3756 2660 3821 nullius,
2693 3753 2944 3825 quamvis
2975 3752 3140 3809 etiam
3175 3750 3329 3807 utilia
3355 3762 3492 3807 uan-

1907 3850 2132 3915 seantis,
2166 3857 2401 3904 mentem
2433 3846 2730 3903 offendant.

2429 3966 2631 4020 Oratio.
2665 3962 2976 4031 Walafridi.

1980 4083 2340 4139 Obsecramns
2381 4081 2563 4148 itaque
2607 4086 2678 4140 te,
2713 4077 2873 4130 beate
2901 4072 3070 4137 Galle,
3107 4071 3309 4127 Christi
3358 4084 3490 4125 con-

1909 4177 2102 4240 fessor,
2154 4183 2213 4228 ut
2263 4173 2403 4227 sicut
2453 4169 2741 4225 sanitatem
2783 4179 3071 4236 corporum
3129 4161 3340 4216 meritis
3384 4160 3494 4215 tuis

1909 4270 2094 4326 multis
2149 4277 2202 4323 te
2255 4264 2550 4321 contulisse
2600 4260 2902 4323 retulimus,
2960 4258 3033 4312 ita
3087 4254 3289 4310 nostris
3341 4268 3495 4308 men-

1912 4364 2054 4416 tibus
2074 4359 2268 4414 divinm
2299 4353 2664 4411 miserationis
2690 4349 2953 4407 medelam
2988 4346 3279 4419 implorare
3301 4343 3493 4413 digne-

1912 4452 2007 4507 ris.
2034 4450 2226 4503 Amen.

224 4570 3483 4644 Mm

1017 4722 1373 4846 VITA
1457 4712 1976 4834 SANCTI
2059 4703 2713 4823 OTHMARI

1447 4939 1710 4985 ABBATIS
1755 4928 2268 4982 SAN-GALLENSIS.

824 5137 1065 5216 MABI
1083 5131 1439 5213 LLONII
1517 5117 2359 5211 OBSERVATIONES
2433 5109 2883 5192 PR/EVIIE.

1208 5290 1348 5356 (Acta
1373 5290 1660 5341 Sanctorum
1680 5285 1866 5336 ordinis
1887 5284 1939 5335 S.
1964 5279 2226 5339 Benedic,
2249 5282 2364 5326 tom.
2394 5269 2500 5335 IV.)

298 5501 355 5558 'I.
375 5499 558 5557 Sancti
574 5496 823 5554 Ormumt
848 5508 1043 5549 nomen
1068 5507 1174 5546 non
1196 5504 1304 5544 uno
1319 5485 1810 5558 modopingebatnr
1834 5491 1889 5555 ι)

228 5556 371 5646 apud
394 5556 761 5646 antiquos.__ln
790 5565 993 5646 chartis
1028 5579 1057 5617 a
1094 5558 1385 5646 Melchiore
1409 5556 1807 5646 Coldasto'vul-

227 5626 637 5717 gatisinto'mis
663 5637 707 5692 ll
735 5647 788 5717 et
813 5635 878 5717 Ill
904 5635 1104 5689 Rerum
1135 5629 1611 5717 Alamannicarti‘m
1631 5667 1645 5692 ,
1672 5626 1806 5695 legi-

232 5696 699 5777 I’u‘rwAittlemarus,
733 5707 1088 5770 Audomarus,
1116 5705 1401 5758 Autmarus
1441 5708 1497 5755 et
1534 5696 1803 5764 Otmarus,

1914 5483 2074 5536 abbas
2109 5464 2954 5547 Durgaugensis‘seu_ntonasterii
3082 5457 3495 5547 Callopiqncm
3566 5504 3575 5509 .

1914 5528 2354 5610 aliiWCa-lloiiein:
2397 5543 2556 5612 vulgo
2603 5533 3153 5612 Gallumnappelnlant.
3207 5528 3498 5612 [lu-iusque

1914 5598 2461 5685 Vtamrsaneto'rnm
2491 5598 2958 5685 scilicet_Galli_'e_'t
3001 5601 3268 5685 Otl‘imari,
3304 5598 3500 5685 litteris

1915 5666 2817 5750 mandavitwwalidridusStrabus
2863 5675 3029 5732 abbas
3067 5670 3383 5742 Augicnsis,
3431 5666 3505 5721 ad
