3978 6310
448 362 583 421 1031

989 356 1382 414 WALAFBIDI
1415 356 1664 413 STRABI
1698 356 1904 413 FULD.
1939 355 2107 414 MON.
2149 356 2300 415 OPP.
2342 357 2522 415 PARS
2552 357 2616 415 Il.
2656 386 2727 404 σ-
2763 356 3154 416 HISTORICA.

3594 360 3737 418 ωδε

445 473 1043 552 ρςιξιῑοηετηβᾳιρετίξε
1069 473 1272 528 abbatis
1303 473 1475 529 sancti
1505 472 1801 552 Gallensis,
1824 472 1918 552 uti
1932 471 2037 552 ῌρυ
2063 476 2114 536 Α
2140 474 2511 552 ᾼὼοηειιεειη
2541 482 2766 552 vocant;
2812 474 2981 552 istud,
3020 474 3274 552 inquam,
3305 471 3731 552 monasterium,

449 542 808 634 rimati“!
817 542 1155 634 erratas.
1165 553 1416 634 39.5.1925
1440 558 1580 634 «ξιξ,φῄ
1597 542 2034 634 inmature

451 610 506 701 in
536 617 754 701 prologo
788 630 887 701 suo
920 632 932 667 :
956 610 1419 701 quianaquridus
1446 630 1584 701 anLno
1614 610 1719 701 842
1745 614 1981 701 arcessit
2003 628 2034 667 e

450 681 608 751 vivis,
634 681 927 755 et'quidem
953 681 1020 738 x'v
1043 683 1270 737 Kalend.
1297 684 1560 755 septemb.
1591 698 1658 738 ex
1687 682 1745 738 S.
1772 683 1910 739 Galli
1934 681 2039 736 Ne-

451 757 691 828 crologio
714 754 878 828 apud
890 754 1228 828 Goldastnm.

521 828 577 882 2.
606 820 798 893 Ἧιῇυέ
852 823 965 879 fere
1007 823 1232 893 mqualis
1276 823 1362 878 lso
1406 822 1679 878 cosnobita
1725 820 2035 893 monasterii

451 897 513 954 8.
568 892 717 953 Galli
758 895 967 949 duobus
1020 892 1175 948 libris
1230 893 1613 947 translationes
1672 900 1728 947 et
1776 892 2036 947 miracula

450 969 514 1031 S.
550 964 797 1023 Otbmari
844 965 1106 1017 exaravit.
1140 962 1191 1017 Is
1234 963 1417 1016 multis
1460 962 1710 1016 laudatur
1753 965 1821 1017 ab
1867 961 2041 1016 Ekke—

451 1039 625 1095 bardo
648 1034 870 1091 Juniore
904 1035 956 1088 in
989 1033 1126 1087 libro
1152 1033 1218 1088 de
1251 1032 1480 1087 Casibus
1519 1031 1575 1086 S.
1608 1031 1773 1101 Galli,
1822 1047 1940 1101 cap.
1981 1032 2036 1096 2,

453 1108 544 1162 ubi
599 1104 886 1160 Notkerum
932 1102 1246 1165 Balbulum,
1288 1102 1581 1156 ’I'utiloncm
1632 1111 1680 1155 et
1734 1100 2039 1170 Ratpertum

452 1174 737 1247 discipulos
762 1173 1272 1247 babuisse_dicitu_r_._
1289 1172 1443 1247 Apud
1470 1170 1846 1247 Ilepidannum
1887 1187 2037 1247 vero,

458 1240 598 1302 αηηὸ
621 1245 746 1310 871,
777 1242 867 1297 lso
892 1243 1142 1313 magister
1170 1244 1292 1297 obiit
1319 1240 1459 1311 prid.
1483 1240 1571 1294 Id.
1602 1240 1753 1306 Maii,
1776 1256 1935 1313 quem
1959 1241 2040 1295 iti-

381 1347 384 1350 ~
454 1318 577 1371 dem
618 1329 821 1385 annum
858 1311 1037 1385 signat
1072 1312 1411 1385 Heumannus
1442 1312 1781 1385 Contractus.
1813 1311 2043 1385 Ex_stant

454 1391 615 1440 etiam
642 1384 829 1455 hymni
857 1380 962 1438 duo
987 1382 1127 1452 apud
1159 1381 1520 1455 Canisiumin
1552 1389 1696 1434 tomo
1722 1380 1763 1435 ν
1792 1381 2041 1455 antiqua-

454 1468 599 1510 rum-
626 1448 963 1516 Lectionum,
1002 1448 1124 1521 pag.
1170 1452 1273 1506 757
1313 1458 1368 1506 et
1402 1450 1529 1515 767,
1574 1465 1776 1521 unusa
1806 1448 2041 1521 biotkero

453 1525 666 1650 inedico
689 1566 706 1591 ,
745 1524 884 1579 alius
919 1524 988 1579 ab
1006 1519 1288 1594 anonymo
1312 1520 1560 1576 conditus
1604 1521 1659 1574 in
1706 1519 1765 1576 S.
1795 1519 2041 1576 Otbmari

474 1610 738 1649 tenorem.

474 1610 738 1649 ionorem.

529 1665 582 1719 5.
615 1662 807 1719 Statim
835 1679 864 1718 a
883 1678 982 1718 suo
1005 1662 1172 1733 ipsius
1194 1662 1365 1733 obitu,
1390 1660 1684 1733 Othmarus
1707 1670 1919 1715 sanctus
1944 1657 2043 1715 ha-

456 1732 603 1788 bitus
630 1744 733 1788 est.
779 1733 916 1788 Hinc
950 1732 1071 1802 post
1107 1732 1397 1802 sepulturae
1428 1746 1600 1802 annos
1631 1732 1817 1802 decem
1843 1744 2043 1799 corpus

2137 547 2279 615 fama
2324 553 2378 600 et
2419 546 2774 615 amplitudine
2819 543 3590 615 hactenusceleberrimum,
3638 558 3732 599 sua

2138 614 2299 673 debet
2324 612 2613 684 primordia
2645 615 3055 684 etincrementa
3079 613 3342 669 Othmaro
3368 612 3560 667 abbati
3590 652 3609 676 ,
3636 615 3736 684 qui

2138 682 2660 768 cellam—esiguama
2778 683 2933 738 Gallo
2956 684 3226 768 conditam
3249 693 3305 737 et
3328 696 3473 768 pene
3498 682 3738 768 destitu-

2137 765 2249 811 tam
2281 752 2658 823 amplificavit,
2684 762 2741 808 et
2776 752 3098 807 necessariis
3123 755 3448 823 instructam
3489 752 3741 808 aediﬁciis

2139 822 2421 880 monachis
2447 823 2814 878 Benedictinis
2839 822 3153 893 assignavit,
3180 822 3357 877 factus
3375 830 3436 877 et
3466 823 3742 893 ipse-imo-

2138 895 2365 956 nachus,
2390 909 2513 948 cum
2545 902 2703 947 antea
2724 894 2929 964 fuisset
2958 892 3239 964 presbyter
3258 892 3568 964 saecularis.
3596 892 3741 946 Sane

2140 964 2397 1034 Pippinus
2421 979 2537 1030 rex,
2555 964 2680 1019 dum
2697 961 2971 1034 ,Otltmaro’
2995 961 3183 1016 cellam
3208 961 3265 1034 S_.
3289 961 3430 1034 Galli
3458 976 3742 1034 compren-

2142 1028 2308 1097 davit,
2336 1033 2436 1102 ipsi
2464 1028 2735 1088 concessit
2760 1032 2993 1085 libellum
3029 1048 3181 1102 quem
3213 1031 3539 1086 Benedictus
3574 1028 3742 1083 Pater

2140 1104 2205 1157 de
2243 1103 2615 1157 caenobitarum
2656 1103 3045 1157 conversatione
3075 1109 3475 1170 composuerat,
3498 1109 3743 1155 testante

2140 1172 2441 1230 Walafrido
2468 1173 2520 1226 in
2551 1173 2688 1241 libro
2712 1172 2778 1226 de
2801 1171 3073 1225 Miraculis
3098 1170 3157 1224 S.
3192 1171 3363 1236 Galli,
3392 1186 3521 1241 cap.
3548 1170 3611 1232 Ξ,
3638 1171 3740 1241 ubi

2141 1244 2381 1314 priscum
2411 1242 2558 1314 cella:
2582 1240 2640 1296 S.
2670 1242 2807 1314 G_a_l|i
2830 1249 3029 1314 statum
3054 1241 3343 1314 describit.
3365 1240 3485 1295 Nec
3512 1240 3741 1294 dubium

2141 1310 2270 1383 quin
2304 1327 2370 1367 eo
2396 1313 2578 1383 animo
2619 1327 2650 1365 a
2682 1312 2920 1383 Pippino
2965 1310 3412 1383 id__faetumsit,
3441 1318 3507 1364 ut
3537 1325 3741 1383 novum

2141 1380 2527 1438 monasterium
2564 1380 2826 1436 institutis
2867 1380 3173 1436 Benedictis
3213 1380 3638 1435 informaretur.
3679 1380 3745 1433 Et

2142 1453 2304 1514 Kero,
2363 1452 2421 1507 S.
2482 1450 2749 1506 Gallensis
2790 1450 3123 1515 monachus,
3164 1460 3429 1520 regnante
3475 1448 3740 1519 Pippino,

2142 1522 2319 1579 Caroli
2359 1522 2532 1592 Magni
2559 1531 2736 1590 patre,
2763 1520 2822 1575 S.
2863 1521 3139 1592 Benedicti
3180 1520 3445 1591 Regulam
3484 1520 3745 1592 Alaman-

2142 1594 2262 1648 nice
2283 1590 2516 1662 reddidit
2546 1592 2599 1646 in
2626 1593 2864 1662 gratiam,
2894 1590 3283 1662 monachorum
3301 1590 3741 1662 imperitorum,

2141 1664 2219 1718 uti
2249 1663 2389 1732 apud
2419 1659 2962 1732 Goldastunrlegitur
3001 1660 3055 1714 in
3092 1670 3238 1716 tonio
3262 1660 3319 1732 _ll
3360 1660 3581 1732 Rerum
3611 1659 3741 1732 Δρ·

2146 1728 2541 1787 mannicarum.
2573 1730 2710 1785 Hinc
2740 1728 2994 1799 frequens
3024 1732 3227 1800 mentio
3262 1729 3492 1800 Regulae
3537 1728 3601 1783 S.
3644 1728 3742 1800 Βε-

458 1804 628 1879 ipsius
644 1801 843 1879 e_Stein
869 1798 1042 1857 insula
1065 1798 1337 1858 revectum
1361 1801 1521 1879 estin
1544 1799 1754 1855 S.Galli
1779 1798 2044 1855 monaste-
2071 1820 2117 1879 Β
2144 1800 2344 1879 p_edicti
2376 1802 2429 1856 in
2465 1800 2701 1879 Historia
2734 1798 3038 1879 Ekk’ehardi
3067 1798 3367 1879 Junioris,;
3392 1799 3488 1854 cui
3528 1798 3746 1879 prmisit

457 1870 620 1927 rium.
651 1872 768 1929 Non
798 1883 975 1928 tamen
1000 1881 1125 1927 ante
1153 1887 1352 1926 annum
1377 1870 1481 1926 864
1501 1870 1797 1925 honoratus
1829 1879 1911 1924 est
1939 1885 2041 1939 puo

456 1941 600 2013 hlico
622 1943 789 2006 cultu,
811 1958 971 2013 quem
998 1940 1721 2013 Salomon,Conslantiensi_s
1733 1941 2037 2013 episcopus,

457 2011 845 2137 mdecrevit'
870 2022 993 2082 post
1032 2012 1331 2067 solenmem
1363 2027 1407 2093 σε
1452 2011 1660 2065 tumulo
1696 2011 2037 2093 levationem.

579 2082 847 2137 ehardus.
891 2096 1010 2137 can.
1056 2082 1112 2137 1.
1161 2083 1225 2137 de
1255 2080 1434 2136 Casub.
1489 2077 1548 2134 S.
1596 2079 1766 2137 Gallt.
1814 2081 2037 2137 scribit.

579 2077 1010 2150 ehardusfcap.
1056 2082 1112 2146 1,
1161 2083 1225 2137 de
1255 2080 1434 2136 Casib.
1489 2077 1548 2134 S.
1596 2079 1766 2145 Galli,
1814 2080 2040 2150 scribit,

457 2151 527 2207 B.
574 2151 887 2206 Otltmarum
917 2149 1228 2207 auctoritate
1266 2150 1506 2205 Romana
1542 2150 1599 2203 in
1629 2159 1866 2205 sanctum
1909 2149 2046 2203 leva-

459 2230 591 2274 tum.
620 2221 773 2287 Quod
796 2235 988 2275 vereor
1014 2227 1075 2273 ut
1110 2220 1311 2274 dixerit
1341 2220 1521 2274 habita
1554 2220 1766 2274 ratione
1796 2220 1877 2274 sui
1909 2226 2044 2273 tem-

459 2292 628 2367 poris,
662 2291 917 2367 nimirum
966 2290 1147 2367 saeculi
1193 2305 1283 2355 χι,
1333 2304 1439 2358 quo
1491 2287 1719 2344 Romani
1768 2288 2044 2367 Pontificis

458 2359 772 2429 ‘suﬁ‘ragium
804 2360 857 2413 in
888 2360 1178 2413 levandise
1205 2367 1347 2415 terra
1382 2367 1689 2413 sanctorum
1729 2359 2045 2429 corporibus

458 2428 667 2485 solebat
706 2431 1032 2499 exspectari.
1080 2429 1217 2485 Nam
1262 2429 1352 2499 lso
1398 2430 1732 2499 monachus,
1790 2428 1945 2483 testis
1990 2437 2045 2499 et

459 2499 752 2554 historicus
784 2496 1153 2553 translationis
1184 2515 1213 2551 a
1254 2497 1543 2553 Salomone
1584 2498 1740 2554 factae
1765 2539 1780 2564 ,
1814 2496 2046 2553 Romani

497 2569 731 2624 ontitlcis
759 2570 1130 2624 intercessisse
1156 2569 1532 2624 auctoritatem
1563 2584 1671 2622 non
1700 2577 1965 2623 memorat
1988 2568 2044 2621 in

481 2640 557 2693 ib.
582 2655 623 2703 ι,
657 2653 774 2710 cap.
801 2639 838 2693 2
858 2648 915 2693 et
937 2641 1302 2710 sequentibus.
1333 2639 1392 2693 S.
1413 2637 1788 2710 Wolfgangus,
1809 2637 2048 2710 Ratispo-

458 2710 644 2831 nelnsi:
688 2708 935 2775 antistes,
985 2708 1046 2764 S.
1089 2708 1409 2765 Othmarum
1441 2708 1713 2779 praecipua
1760 2709 2047 2764 devotione

459 2794 524 2831 co
549 2795 599 2831 ιιι
632 2818 646 2831 .

459 2779 646 2833 coluit.

532 2849 585 2902 4.
610 2846 895 2913 Nolkerus,
921 2848 1162 2903 medicus
1174 2855 1228 2903 et
1243 2848 1540 2902 monachus
1560 2846 1792 2903 cmnobii
1809 2846 1866 2903 S.
1883 2845 2042 2912 Galli,

460 2917 517 2989 in
546 2918 749 2989 hymno
774 2934 804 2971 a
840 2934 898 2972 se
926 2919 1226 2988 composito
1246 2917 1569 2973 Otbmarum
1596 2928 1880 2989 martyrem
1909 2932 2047 2988 pra:-

461 2988 607 3043 dicat
631 2987 717 3042 his
737 2989 987 3043 versibus
1016 3005 1030 3041 :

590 3097 869 3160 Principum
894 3108 1047 3147 saevas
1066 3095 1223 3155 doluit
1246 3098 1455 3159 rapinas.

587 3159 711 3223 inde
727 3159 974 3223 raptorum
988 3160 1164 3209 studiis
1183 3167 1418 3223 gravatus
1439 3194 1455 3220 ,

583 3219 804 3284 Martyris
824 3221 974 3284 palma
999 3223 1178 3271 meruit
1190 3219 1409 3284 superna

771 3282 1021 3332 Scandere
1045 3293 1216 3344 regns.

461 3382 727 3439 Nimirum
750 3399 818 3439 eo
842 3391 1083 3454 tempore
1110 3383 1375 3439 familiare
1398 3391 1517 3439 erat
1543 3392 1603 3438 ut
1621 3384 1868 3440 homines
1888 3383 2042 3440 inno-

463 3462 648 3510 centes
675 3454 908 3510 violenta
936 3454 1177 3524 qualibet
1200 3464 1376 3509 morte
1408 3454 1477 3509 ab
1503 3454 1623 3508 aiiis
1653 3454 1852 3519 ati'ecti,
1889 3472 2027 3509 tuar-

462 3523 1299 3605 tyres._appellarentnr.AYerum
1335 3534 1390 3579 et
1427 3525 1473 3578 si
1510 3540 1610 3605 pro
1633 3525 1842 3596 justitia
1873 3526 2039 3605 vitam

464 3593 636 3647 tinivit
666 3593 721 3648 in
750 3594 940 3648 exsilio
965 3593 1025 3648 S.
1069 3594 1379 3659 Otlunarus,
1412 3593 1526 3648 non
1565 3593 1745 3650 tamen
1786 3595 2040 3650 continuo

462 3674 666 3735 martyr
690 3665 1039 3735 appellandus
1059 3705 1073 3729 ,
1102 3677 1259 3735 quem
1290 3678 1420 3735 sane
1455 3665 1664 3735 titulum
1696 3666 1836 3735 apud
1865 3664 2038 3735 solum

463 3731 878 3801 Notkerutu‘ipsi
908 3731 1221 3803 attributum
1246 3733 1493 3803 legimus.
1514 3731 1831 3803 [Juonra'das
1858 3731 2041 3787 Came-

464 3803 641 3855 rarius
670 3804 904 3856 instituit
943 3802 1117 3856 lumen
1157 3816 1276 3855 mue
1306 3801 1462 3855 aram
1503 3801 1560 3856 S.
1613 3801 1854 3856 0thmari
1903 3802 2044 3856 omni

465 3882 937 3945 antemnarum,
990 3880 1050 3925 ut
1105 3876 1160 3926 in
1214 3871 1531 3945 meet-elogio
1578 3871 1816 3928 Gallensi
1851 3872 2047 3942 legitur

462 3955 508 3995 v.
522 3955 563 3994 ιι
600 3938 688 3994 Id.
726 3938 983 3996 Octobris.

478 4032 485 4037 ·
536 4011 592 4064 5.
622 4010 1007 4066 Monasteriunt
1032 4011 1090 4066 S.
1118 4011 1289 4077 Galli,
1324 4012 1379 4066 in
1404 4011 1624 4068 dioecesi
1647 4012 2045 4068 Constantiensi

464 4079 628 4157 situm
652 4082 719 4157 ad
746 4081 919 4157 lacum
939 4081 1254 4157 Acronium,
1270 4082 1396 4157 olim
1423 4083 1623 4157 dictum
1649 4083 2048 4157 Durgaugease,

464 4151 530 4205 eo
552 4151 697 4221 quod
726 4151 890 4206 situm
919 4165 1061 4207 esset
1089 4153 1143 4207 in
1171 4167 1308 4224 pago
1332 4153 1631 4223 Durgaugia
1651 4193 1667 4220 ,
1698 4151 1858 4222 quem
1874 4151 2048 4209 etiam

2144 1872 2509 1927 Hartmannus
2537 1869 2732 1926 saeculo
2756 1886 2834 1933 rx,
2865 1870 3104 1939 ejusdem
3131 1870 3367 1925 emnobii
3406 1869 3743 1939 monachus,

2140 1942 2195 2068 Et
2224 1941 2434 2066 Litanig
2463 1941 2713 2007 metrica,
2741 1938 2948 1995 tomo’V
2970 1939 3194 2008 Canisii,
3222 1956 3349 2012 pag.
3387 1938 3523 2005 732,
3570 1938 3745 1994 relata

2183 2028 2229 2068 IS
2252 2027 2396 2067 versr
2439 2027 2502 2066 us
2530 2025 2545 2065 :

2202 2132 2245 2186 Ο
2267 2132 2451 2182 dilecte
2471 2132 2564 2183 Dei
2586 2133 2779 2181 radians
2802 2134 2987 2183 virtute
3003 2144 3228 2190 corusca,

2269 2195 2444 2257 Sancte
2477 2194 2710 2257 Otltmsre
2728 2193 2897 2257 Pater,
2919 2195 3073 2255 iunge
3095 2205 3272 2257 preces
3291 2194 3505 2257 pariter.

2204 2257 2405 2308 Summe
2427 2256 2517 2304 Dei
2536 2254 2711 2314 cultor,
2736 2254 3077 2304 mensi-borum
3096 2254 3264 2305 rector
3283 2263 3336 2301 et
3360 2255 3520 2303 abbas
3541 2289 3561 2315 ,

2267 2317 2309 2367 Ο
2338 2317 2608 2367 Βθηθιιίιτιθ
2628 2329 2770 2365 sacer
2792 2325 2939 2378 atque
2959 2318 3178 2378 benigne
3197 2316 3366 2372 Pater,

2205 2376 2339 2429 Istud
2362 2379 2633 2427 emnobium
2653 2376 2935 2440 coetumque
2960 2379 3045 2440 tibi
3070 2377 3425 2440 famulatum,

2266 2440 2546 2501 Nostraque
2570 2434 2871 2489 sanctiﬁcaus
2895 2434 3075 2489 cuncta
3094 2445 3237 2488 tuere
3257 2437 3428 2488 simul.

2217 2549 2267 2605 6.
2304 2548 2479 2604 Variae
2521 2550 2835 2605 donationes
2873 2548 2932 2605 S.
2976 2549 3241 2606 Othmaro
3285 2546 3449 2604 factze
3490 2547 3743 2618 leguntur

2146 2622 2287 2690 apud
2311 2619 2626 2690 Goldastujm
2663 2621 2718 2675 in
2756 2622 2919 2675 tomis
2938 2620 2982 2675 ll
3019 2630 3077 2676 et
3104 2621 3165 2675 lll
3192 2619 3397 2674 Rerum
3424 2618 3741 2673 Alamanni-

2150 2689 2360 2754 earum,
2411 2691 2511 2773 ubi.
2550 2689 2801 2745 Otbmari
2848 2705 3045 2746 nomen
3084 2691 3235 2745 varie
3278 2690 3635 2759 exprimitur,
3683 2696 3741 2742 ut

2147 2775 2307 2816 SUDI‘G
2330 2775 2659 2816 IDOIIUIIIIUS.

2256 2871 2269 2883 .
2300 2830 2565 2901 Flornere
2605 2833 2660 2885 in
2702 2831 2794 2886 illo
2827 2831 3075 2901 coenobio
3111 2829 3422 2901 complures
3448 2827 3561 2901 v_iri
3590 2827 3671 2901 pii
3688 2835 3743 2880 et

2148 2899 2405 2972 illustres,
2434 2900 2489 2953 in
2518 2900 2602 2972 his
2639 2911 2854 2972 praeter
2878 2900 3197 2956 Othmarum
3236 2897 3422 2955 sancti
3464 2897 3740 2972 Eusebius

2149 2969 2367 3024 Scottus
2392 2970 2589 3041 saaculo
2632 2966 2717 3037 ix;
2740 2971 3007 3027 Notkerus
3025 3012 3039 3036 ,
3062 2978 3430 3041 cognomento
3452 2966 3739 3041 Haustus,

2148 3054 2291 3094 anno
2317 3040 2421 3093 912
2449 3036 2730 3107 mortuus;
2756 3042 3071 3104 Wiborada,
3095 3036 3296 3096 femina
3319 3039 3577 3100 reclusa;
3602 3036 3743 3089 Foil—

2150 3110 2304 3163 Ianus
2342 3108 2560 3164 Scottus
2594 3111 2769 3166 beata:
2809 3113 3085 3166 memoria:
3118 3110 3313 3166 saeculo
3339 3126 3399 3175 ι,
3439 3108 3513 3162 de
3544 3108 3738 3175 quibus

1974 3196 1975 3199 ‘
2059 3165 2116 3259 ‘C
2147 3194 2249 3259 suo
2278 3180 2417 3259 loco.
2439 3165 2932 3259 Ἣνί-ξοίςρῑίίυῄρτο
2958 3165 3263 3259 temporum
3286 3165 3453 3259 captu
3487 3165 3734 3259 praediti;

2146 3248 2232 3321 Iso
2250 3250 2548 3321 magister,
2565 3246 3109 3321 Tutiloaﬂ'atpertus',
3135 3246 3446 3321 Ekkehardi
3687 3255 3739 3298 et

2140 3316 2748 3389 juniorJHepidannus,
2770 3316 3133 3387 Burchardus,
3162 3318 3519 3389 Bertboldus,
3541 3316 3739 3389 aliique

2149 3387 2334 3444 Sancti
2362 3387 2643 3445 Gallenses
2663 3391 2935 3455 monachi,
2956 3401 3015 3445 ut
3038 3392 3228 3446 missos
3251 3388 3450 3444 faciam
3471 3387 3738 3458 plurimus

2146 3460 2440 3531 epiSc0pali
2477 3468 2533 3513 et
2578 3460 2833 3543 abbatiali
2860 3461 3119 3542 dignitate
3146 3457 3510 3529 conspicuos,
3551 3457 3642 3527 qui
3670 3471 3736 3509 ex

2145 3529 2335 3602 eadem
2385 3529 2638 3602 palaestra
2680 3531 3014 3602 prodierunt.
3048 3530 3144 3585 His
3180 3528 3628 3602 adnumerandus
3656 3533 3735 3602 est

2146 3595 2431 3671 Notkerus,
2460 3595 2808 3656 Leodice'nsis
2848 3601 3161 3671 episcopus,
3202 3600 3280 3671 uti
3316 3595 3737 3671 aliasprobahi-

2145 3685 2285 3723 mus.
2320 3670 2525 3742 Ibidem
2558 3671 2724 3725 etiam
2764 3669 3051 3742 viguerunt
3090 3669 3291 3742 scholae
3316 3670 3617 3742 interiores
3638 3681 3736 3742 pm

2148 3739 2430 3794 monachis
2452 3779 2468 3803 ,
2515 3737 2950 3809 exteriores'pro
2985 3742 3157 3795 laicis.
3201 3738 3404 3809 Notaque
3431 3738 3598 3806 juvat
3637 3737 3736 3789 hoc

2148 3809 2292 3874 loco,
2323 3810 2609 3879 Aginonem
2635 3808 2978 3879 venerabilem
3000 3810 3236 3872 Patrem,
3264 3808 3573 3879 episcopum
3594 3815 3644 3879 et
3664 3820 3737 3857 re-

2149 3888 2343 3933 ctorem
2369 3875 2676 3935 'monasterii
2714 3879 2775 3935 S.
2822 3877 3034 3934 Galloni
3076 3875 3346 3936 nominari
3394 3875 3451 3931 iu
3501 3875 3734 3936 quadam

2148 3946 2384 4020 Rualteri
2407 3950 2623 4020 charta,
2647 3951 2771 4005 data
2804 3966 2946 4005 anno
2981 3950 3053 4004 24
3097 3949 3249 4020 regni
3276 3946 3478 4020 Caroli
3514 3944 3735 4020 μηρὼ

2150 3960 2384 4002 uuakert
2411 3960 2623 4016 charta,
2647 3960 2771 4005 data
2804 3966 2946 4005 anno
2981 3960 3053 4004 24
3097 3963 3249 4020 regni
3294 3960 3478 4003 uaron
3524 3960 3735 4068 uagi,

2150 4018 2291 4089 apdd
2324 4017 2637 4089 Goldastum
2665 4020 2718 4074 in
2749 4021 2892 4075 notis
2925 4021 2992 4075 ad
3031 4028 3192 4089 caput
3228 4017 3297 4072 Η
3327 4017 3582 4072 historia:
3689 4030 3738 4064 τ·

2151 4088 2335 4141 chardi
2370 4091 2436 4143 de
2458 4088 2685 4144 Casibus
2708 4089 2945 4157 ejusdem
2970 4088 3234 4152 cmuObii;
3257 4102 3365 4156 quo
3397 4096 3586 4142 tamen
3611 4093 3739 4138 tem-

2149 4172 2282 4227 pore
2311 4156 2512 4213 Werdo
2540 4160 2706 4215 abbas
2736 4160 2856 4216 loco
2881 4159 3162 4231 praefuisse
3192 4158 3413 4214 dicitur.

1710 4398 2115 4480 INCIPIT
2187 4401 2463 4481 VlTA.

1893 4560 2294 4579 __

1052 4633 1441 4693 PROLOGUS.

538 4725 622 4782 Ad
651 4725 851 4781 fratres
876 4725 1194 4780 monasterii
1230 4724 1417 4781 Sancti
1456 4724 1615 4782 Galli.

539 4817 737 4872 Finitis
761 4817 970 4871 duobus
1009 4816 1204 4872 libellis
1254 4832 1390 4887 quos
1434 4818 1499 4873 de
1526 4820 1635 4872 vita
1673 4826 1727 4872 et
1754 4817 2048 4875 virtutibus

468 4914 613 4970 beati
638 4911 777 4967 Galli
811 4911 1139 4967 confessoris
1176 4912 1330 4982 juxta
1361 4912 1519 4970 ﬁdem
1562 4926 1683 4984 qua:
1719 4913 1805 4971 vel
1843 4916 2048 4985 scripto

468 5006 555 5063 vel
585 5004 730 5061 dicto
757 5004 822 5058 ad
845 5019 943 5059 nos
963 5020 1132 5074 usque
1158 5014 1496 5075 pervenerat,
1529 5020 1656 5062 vere
1684 5007 1864 5075 potius
1885 5022 2048 5076 quam

467 5096 647 5166 lepide
668 5095 1103 5163 composuimus;
1129 5097 1444 5167 jnbentibus
1473 5097 1652 5162 vobis,
1690 5096 1886 5152 fratres
1921 5098 2046 5152 cha-

470 5187 690 5249 rissimi,
718 5186 809 5256 qui
844 5187 897 5240 in
944 5189 1194 5242 ctenobio
1217 5187 1462 5256 ejusdem
1495 5187 1668 5243 sancti
1712 5186 1893 5243 Patris
1920 5202 2051 5243 con-

470 5277 666 5344 stituti,
700 5274 929 5332 fervoris
954 5276 1071 5348 ejus
1094 5292 1253 5347 quem
1294 5277 1346 5330 in
1380 5276 1475 5331 Dei
1505 5278 1667 5333 rebus
1696 5276 1905 5342 habuit,
1928 5292 2050 5332 san-

471 5370 544 5426 cti
588 5369 910 5426 strenuitate
953 5369 1213 5440 propositi
1266 5369 1540 5438 specimen
1594 5370 1885 5433 exbibetis,
1918 5369 2049 5424 libet

470 5461 789 5516 subnectere
825 5475 948 5516 eam
994 5458 1331 5523 relationem,
1373 5474 1499 5530 qua:
1537 5460 1603 5515 de
1652 5461 1823 5515 sancti
1871 5460 2051 5515 Patris

472 5549 716 5607 Othmari
744 5550 937 5609 studiis
953 5560 1009 5605 et
1039 5550 1327 5633 virtutibus
1341 5566 1438 5622 per
1457 5552 1574 5624 ejus
1594 5554 1788 5609 merita
1813 5551 2050 5609 ostensis

2071 4641 2126 4704 D
2153 4653 2333 4700 vestra
2361 4632 2658 4701 assertione
2694 4653 2750 4700 et
2775 4661 2904 4701 cura
2930 4642 3133 4701 litteris
3159 4653 3244 4701 est
3282 4644 3547 4700 mandata
3596 4661 3738 4700 vera-

2149 4733 2301 4790 cibus
2329 4748 2487 4805 :quae
2513 4751 2636 4790 cum
2664 4736 2736 4791 sit
2763 4736 2990 4791 veritate
3035 4736 3189 4805 plena
3212 4775 3229 4801 ,
3280 4735 3499 4790 ratione
3532 4736 3738 4806 perspi-

2149 4842 2271 4893 cua,
2316 4842 2423 4883 non
2477 4830 2548 4884 ob
2594 4828 2738 4884 aliud
2781 4844 2815 4884 a
2853 4830 3011 4884 nobis
3049 4837 3137 4885 est
3176 4828 3405 4893 iterata,
3458 4829 3571 4884 nisi
3614 4832 3734 4899 quia

2149 4916 2502 4973 charissimus
2531 4917 2700 4973 frater
2743 4918 3044 4974 Gozbertus
3079 4918 3172 4987 qui
3222 4918 3361 4972 idem
3411 4919 3736 4987 opusculum

2149 5008 2348 5071 edidit,
2397 5007 2552 5077 cujus
2588 5009 2841 5063 charitati
2880 5008 3175 5078 quidquam
3205 5021 3406 5078 negare
3453 5022 3561 5063 nec
3594 5008 3737 5062 volu-

2155 5113 2276 5154 mus
2311 5114 2414 5155 nee
2453 5099 2733 5167 debemus,
2764 5101 2816 5155 id
2851 5109 2909 5154 ut
2936 5099 3089 5155 ﬁeret
3126 5097 3439 5169 postulavit,
3464 5098 3583 5152 imo
3605 5112 3736 5167 pra-

2154 5190 2321 5261 cepit,
2360 5205 2519 5260 quem
2567 5191 2730 5246 etiam
2779 5190 2830 5244 in
2869 5190 2970 5243 hac
2999 5188 3352 5259 occupatione
3403 5185 3736 5241 instantissi-

2156 5298 2305 5338 mum
2355 5281 2700 5353 ergodiocten
2751 5294 2779 5323 α
2825 5282 2942 5336 sine
2988 5280 3147 5335 taedio
3192 5278 3300 5333 lacti
3352 5276 3732 5333 sustinuimus.

2152 5371 2339 5441 Itaque
2366 5371 2554 5427 lectori
2586 5370 2806 5426 credulo
2835 5369 3063 5425 subiciat
3103 5370 3219 5424 haec
3249 5366 3591 5423 abbreviatio
3636 5382 3732 5420 no-

2152 5468 2298 5526 stra;
2338 5461 2644 5517 incredulus
2675 5471 2854 5517 autem
2885 5461 2979 5531 qui
3005 5459 3186 5538 fuerit,
3229 5460 3297 5515 ad
3334 5474 3455 5513 eam
3488 5457 3732 5513 conscri-

2154 5551 2394 5621 ptionem
2424 5566 2588 5623 quam
2633 5552 2910 5622 sequimur
2936 5565 3245 5616 recurrens,
3273 5547 3559 5621 multiplici
3599 5544 3731 5603 uti.

545 5699 571 5726 α
595 5686 785 5770 Graece
811 5687 1162 5764 ἔργοδιώκτην,
1186 5685 1237 5744 id
1256 5693 1339 5744 est
1366 5696 1669 5744 exactorem
1701 5702 1880 5760 operis
1926 5687 2248 5744 monitorem
2293 5703 2305 5741 :
2346 5700 2450 5758 qua
2488 5701 2619 5770 voce
2660 5701 2793 5745 usus
2826 5694 2910 5744 est
2949 5684 3309 5759 Hieronymus
3338 5701 3393 5742 tn
3444 5678 3732 5755 Epitaphio

475 5757 777 5827 Nepotiani.
