3978 6310
210 373 350 430 103⁸5

1449 303 1454 308 ⁸
1515 352 1679 412 νιτΑ
1725 350 1785 408 S.
1823 345 2157 408 OTllMARl.

3345 333 3479 389 ιοδι

209 483 489 553 pulatione
509 480 725 535 testium
757 479 1058 533 conventus
1083 471 1151 528 ad
1180 470 1364 538 fidem,
1393 468 1441 526 si
1469 475 1658 542 gratus
1689 473 1796 533 est,
1825 465 1879 528 Α
1901 461 2003 518 bus
2046 457 2390 553 profectuum
2416 453 2670 530 gradibus
2689 455 2771 553 ad
2815 455 2956 553 lianc
2983 451 3212 526 gloriam
3252 449 3326 553 sit
3357 463 3483 553 eve~

211 576 393 646 segnis
429 588 538 628 non
572 568 696 626 erit.

728 679 957 756 CAPUT
1008 675 1299 734 PRIMUM.

213 797 492 865 Quomodo
517 796 595 850 vir
637 790 1064 865 Dgquthﬁmarus
1109 806 1203 861 pro
1231 789 1504 865 sanctitate
1546 783 1802 865 vitm-cei-

285 867 411 921 litla:
446 865 616 921 sancti
662 861 804 917 Galli
840 864 906 917 sit
935 857 1208 932 praelatus,
1250 869 1297 913 et
1325 859 1468 930 regia
1492 857 1804 912 auctoritate
1866 909 1881 923 ,

287 935 583 1008 regularem
611 935 740 989 inibi
770 931 941 988 vitam
963 931 1272 986 instituerit.

287 1030 454 1099 Igitur
483 1027 800 1088 0thmarus,
827 1037 1026 1095 genere
1063 1021 1491 1076 Alamannorum
1519 1016 1802 1081 oriundus,

219 1124 276 1178 in
319 1129 479 1175 :etate
518 1118 712 1188 puerili
744 1132 774 1172 a
816 1115 985 1170 fratre
1032 1130 1130 1170 suo
1173 1114 1398 1168 Batiam
1427 1124 1453 1152 ³
1487 1111 1806 1166 Curiensem

218 1215 516 1287 perductus
550 1221 656 1276 est,
689 1219 745 1266 et
789 1210 844 1264 in
890 1208 1114 1264 servitio
1160 1206 1397 1262 Victoris
1425 1245 1440 1270 ,
1493 1203 1807 1259 earumdem

220 1307 456 1378 partium
483 1305 719 1365 comitis.
753 1301 924 1357 multo
955 1310 1198 1371 tempore
1228 1298 1576 1362 constitutus,
1636 1305 1690 1351 et
1726 1294 1810 1350 Iit-

223 1405 462 1453 terarum
491 1394 722 1450 scientia.
762 1391 1106 1456 sublimatus,
1133 1389 1396 1444 virtutum
1423 1395 1661 1442 sectator
1692 1399 1810 1439 mo-

222 1503 452 1558 rumque
500 1485 853 1540 laudabilium
903 1497 1208 1554 possessor,
1240 1480 1528 1536 sacerdotii
1584 1477 1810 1550 gradum

222 1577 561 1640 conscendit,
587 1584 641 1630 et
670 1592 699 1630 a
727 1573 1040 1645 supradicto
1075 1571 1273 1628 comite
1298 1571 1528 1641 benigne
1550 1576 1808 1631 retentus,

224 1671 436 1726 cuidam
488 1671 647 1725 titulo
698 1669 872 1725 sancti
925 1667 1131 1723 Florini
1183 1665 1510 1723 confessoris
1559 1664 1814 1736 praelatus

224 1767 328 1815 est.
361 1760 605 1832 Cumque
649 1774 861 1814 morum
908 1757 1024 1827 ejus
1076 1757 1321 1827 probitas
1351 1764 1406 1811 et
1445 1764 1647 1812 sancta:
1688 1755 1814 1809 vitae

1902 563 2043 612 ctus.
2095 553 2226 608 Erat
2270 550 2507 622 denique
2554 547 2904 621 parcimoniae
2946 555 3183 604 sectator
3228 545 3485 609 eximius.

1901 643 2238 702 creberrimo
2265 657 2550 698 macerans
2571 639 2778 710 jejunio
2819 655 3036 711 corpus,
3065 638 3140 693 ita
3180 636 3324 692 utin
3349 651 3490 708 pra-

1905 734 2427 807 cipuisjejuniorum
2454 733 2642 789 diebus
2666 746 2734 787 ex
2761 729 3152 788 consuetudine
3178 727 3332 784 bidui
3362 725 3487 782 abs-

1905 829 2190 887 tinentiam
2254 828 2598 884 continuaret
2641 825 2998 896 frequentius.
3048 824 3118 880 Et
3166 824 3253 879 his
3296 831 3488 880 contra

1906 928 2369 976 tentamentorum
2395 917 2577 990 jacula
2626 917 2832 989 clypeis
2873 916 3230 989 praemunitus
3278 913 3493 986 vigilias

1909 1013 2148 1076 amabat,
2176 1019 2232 1066 et
2257 1010 2575 1066 assiduitate
2616 1010 2806 1065 orandi
2828 1008 3094 1080 spiritalia
3121 1007 3376 1078 nequitiae
3403 1020 3492 1062 re-

1907 1102 2162 1174 pellebat.
2196 1101 2434 1157 Summae
2461 1107 2642 1156 autem
2673 1101 2994 1156 humilitatis
3023 1101 3195 1172 gratia
3220 1099 3495 1171 praecipue

1909 1193 2169 1264 praeditus
2192 1233 2207 1257 ,
2255 1193 2310 1246 in
2340 1200 2550 1248 tantum
2579 1191 2937 1247 voluntariam
2967 1200 3343 1264 paupertatem
3371 1190 3494 1246 dili-

1911 1285 2092 1356 gebat,
2122 1293 2182 1339 ut
2212 1293 2485 1340 terrenam
2513 1284 2740 1356 gloriam
2766 1285 3018 1341 omnibus
3057 1284 3270 1357 fugeret
3296 1283 3493 1340 modis.

1911 1375 2011 1430 Cui
2039 1375 2202 1430 etiam
2233 1375 2348 1430 hcce
2373 1386 2492 1430 erat
2518 1376 2850 1431 consuetudo
2870 1416 2886 1441 ,
2933 1383 2995 1432 ut
3021 1377 3066 1431 si
3096 1391 3369 1447 quoquam
3398 1389 3498 1445 pro

1912 1467 2148 1522 utilitate
2169 1467 2483 1524 monasterii
2508 1483 2631 1523 eum
2660 1468 2883 1524 tendere
2905 1470 3200 1525 necessitas
3223 1471 3498 1541 poposcis-

1915 1567 2016 1626 set,
2034 1559 2156 1615 vilis
2177 1559 2294 1614 miti
2311 1560 2476 1616 dorso
2492 1561 2782 1616 veheretur
2795 1559 2969 1616 aselli.
2988 1560 3119 1616 Erat
3136 1560 3280 1616 inter
3297 1569 3498 1617 caetera

1918 1661 2069 1709 tanta
2119 1654 2174 1708 in
2205 1668 2272 1710 eo
2308 1669 2607 1726 pauperum
2637 1653 2967 1721 sollicitudo,
2993 1663 3264 1711 uteorum
3308 1669 3501 1711 curam

1917 1761 2016 1818 per
2045 1760 2105 1802 se
2132 1745 2311 1814 potius
2337 1760 2500 1816 quam
2529 1759 2628 1814 per
2655 1744 2792 1801 alios
2833 1743 3096 1800 exhibere
3143 1744 3408 1801 studeret.
3435 1743 3498 1800 In

227 1851 491 1906 munditia
539 1850 699 1922 longe
749 1851 964 1920 lateque
993 1849 1350 1919 plurimorum
1389 1863 1552 1903 aures
1595 1861 1815 1902 rumore
1845 1848 1890 1908 Β
1918 1857 1984 1898 eo
2004 1855 2134 1897 vero
2155 1839 2539 1896 misericordiae
2561 1853 2724 1909 opere
2749 1839 2892 1909 quod
2915 1838 3257 1910 eleemosyna
3280 1839 3503 1905 dicitur,

227 1943 369 1999 dulci
413 1949 776 2014 respergeret,
808 1940 1184 1998 Wallramnus
1217 1941 1439 2010 quidam
1475 1940 1567 2009 qui
1598 1937 1701 1993 sibi
1733 1954 1821 1992 va-

227 2037 468 2092 stitatem
498 2037 690 2100 eremi,
721 2035 774 2089 in
803 2050 908 2105 qua
940 2044 1160 2090 sanctus
1186 2031 1370 2088 Gallus
1413 2021 1662 2088 cellulam
1691 2045 1821 2085 con-

228 2134 529 2193 struxerat,
560 2126 707 2181 velut
730 2141 759 2180 a
791 2123 1480 2196 parentibus'haereditario
1509 2123 1576 2177 ad
1607 2137 1666 2178 se
1696 2121 1822 2192 jure

229 2219 608 2274 transmissum
641 2216 935 2272 vindicavit
958 2257 972 2280 ,
1015 2215 1266 2270 eumdem
1312 2212 1632 2269 Othmarum
1677 2209 1824 2266 aVi-

231 2316 381 2362 ctore
433 2308 749 2378 supradicto
795 2307 860 2361 ad
915 2306 1320 2376 prmliciendum
1379 2305 1556 2360 eidem
1614 2302 1822 2358 cellula:

231 2398 570 2470 postulavit;
605 2405 661 2452 et
688 2398 798 2452 voti
831 2411 1053 2467 compos
1099 2395 1344 2461 ell‘ectus,
1391 2393 1641 2450 cellulam
1697 2407 1821 2448 cum

233 2490 487 2544 omnibus
529 2504 649 2558 qua:
697 2488 766 2542 ad
801 2503 922 2542 eam
962 2487 1346 2557 pertinebant,
1380 2485 1455 2540 illi
1503 2484 1826 2541 solemniter

233 2579 660 2635 commendavit.
686 2579 862 2649 Atque
902 2587 960 2633 ut
991 2579 1073 2633 sui
1105 2578 1296 2634 melius
1325 2577 1576 2633 desiderii
1626 2591 1825 2632 conva-

236 2672 468 2727 lesceret
497 2671 737 2737 utilitas,
789 2671 857 2726 ad
899 2669 1182 2740 Pippinum
1220 2669 1249 2710 ιι
1290 2681 1473 2739 regem
1525 2666 1824 2737 profectus,
1880 2683 1884 2688 ·

236 2763 488 2816 eumdem
543 2761 792 2817 abbatem
843 2760 944 2830 ipsi
991 2759 1368 2830 praesentavit,
1409 2766 1464 2813 et
1509 2757 1690 2812 locum
1739 2757 1826 2812 cui

237 2867 360 2908 eum
393 2853 602 2924 pridem
647 2852 1000 2923 praefecerat,
1053 2850 1407 2922 proprietatis
1428 2849 1554 2919 jure
1596 2849 1829 2920 principi

239 2942 592 3010 contradidit,
619 2943 766 2996 omni
815 2941 1072 2995 instantia
1115 2942 1415 3011 deposcens
1454 2948 1513 2994 ut
1559 2941 1705 3011 regia
1737 2954 1833 2993 au-

240 3034 496 3088 ctoritate
523 3048 588 3088 ex
623 3034 834 3102 integro
871 3032 1169 3088 Otlimarus
1192 3033 1361 3087 abbas
1391 3031 1566 3086 eidem
1593 3030 1832 3102 praeﬁce-

241 3132 394 3178 retur
425 3122 563 3178 loco.
601 3121 765 3190 Cujus
811 3121 1056 3192 petitioni
1098 3123 1212 3193 jam
1251 3122 1428 3177 dictus
1448 3122 1700 3192 princeps
1746 3136 1835 3177 as~

1921 1933 2011 1988 vix
2059 1931 2312 2001 cuiquam
2345 1930 2650 1986 habebatur
2696 1931 2985 1986 secundus.
3033 1928 3169 1985 Nam
3216 1932 3286 1986 ad
3332 1929 3510 1987 susci-

1919 2025 2145 2096 piendos
2181 2024 2444 2094 leprosos,
2472 2023 2563 2093 qui
2600 2038 2630 2077 a
2679 2022 2892 2080 caeteris
2920 2023 3230 2079 hominibus
3277 2022 3512 2094 sejuncti

1922 2127 2143 2172 manere
2181 2113 2432 2169 semotim
2479 2121 2919 2180 consueverunt,
2966 2113 3316 2185 hospitiolum
3361 2113 3510 2170 haud

1923 2208 2080 2279 longe
2099 2223 2131 2263 a
2157 2207 2489 2263 monasterio
2516 2214 2670 2261 extra
2709 2221 2806 2262 eas
2845 2207 3158 2264 mansiones
3177 2207 3376 2277 quibus
3406 2222 3513 2266 cz-

1925 2303 2030 2358 teri
2055 2315 2320 2372 pauperes
2349 2299 2754 2370 recipiebautur
2792 2302 3105 2367 constituit,
3133 2309 3190 2357 et
3213 2301 3294 2358 eis
3323 2315 3514 2358 curam

1925 2408 2022 2464 per
2043 2408 2102 2448 se
2122 2392 2448 2448 omnimodis
2472 2393 2815 2462 impendebat
2838 2393 2913 2447 ita
2934 2392 3185 2457 sollicite,
3211 2399 3273 2446 ut
3296 2400 3517 2448 noctur-

1926 2486 2012 2541 nis
2039 2485 2204 2540 etiam
2237 2484 2384 2540 horis
2415 2484 2748 2540 monasterio
2796 2499 2941 2554 saepe
2991 2485 3290 2554 digressus,
3322 2499 3514 2540 curam

1927 2577 2231 2635 inﬁrmitati
2273 2592 2462 2632 eorum
2506 2576 2647 2632 miro
2684 2576 2989 2633 devotionis
3030 2577 3316 2633 adhiberet
3358 2576 3519 2634 obse-

1929 2670 2078 2741 quio.
2101 2669 2289 2740 Capita
2317 2667 2584 2738 siquidem
2617 2682 2806 2722 eorum
2833 2669 3104 2739 pedesque
3129 2660 3389 2734 abluens,
3421 2681 3520 2739 pu-

1931 2760 2142 2815 rulenta
2191 2760 2308 2815 suis
2333 2758 2583 2814 manibus
2611 2758 2836 2815 vulnera
2877 2760 3227 2831 detergebat,
3269 2769 3328 2815 et
3353 2758 3521 2815 victui

1933 2837 2244 2908 necessaria
2273 2851 2641 2918 ministrabat,
2675 2851 2824 2907 illam
2863 2867 3081 2922 semper
3127 2853 3312 2909 animo
3338 2853 3530 2911 revols

1932 2958 2067 2998 vens
2111 2939 2436 2998 sententiam
2482 2955 2646 3012 quam
2687 2941 2868 3012 justus
2919 2941 3088 2998 iudex
3150 2942 3520 3000 misericordi-

1934 3033 2036 3088 bus
2087 3032 2399 3102 prolaturus
2447 3042 2531 3088 est
2571 3034 2801 3089 dicens:
2844 3032 2999 3100 Quod
3034 3034 3127 3088 uni
3170 3050 3237 3089 ea:
3290 3035 3525 3091 minimis

1937 3123 2189 3194 fratribus
2229 3124 2356 3178 meis
2401 3122 2631 3192 fecistis,
2677 3124 2806 3178 mihi
2850 3124 3047 3193 fecistis
3099 3122 3315 3196 (Matth.
3367 3124 3522 3196 xxv).

241 3230 463 3270 sensum
498 3216 769 3284 praebens,
800 3213 978 3270 locum
1018 3215 1120 3269 sibi
1151 3215 1408 3270 traditum
1453 3215 1572 3269 viro
1607 3229 1831 3270 venera-
1858 3217 1903 3280 C
1937 3213 2137 3284 Sicque
2167 3215 2370 3270 factum
2409 3223 2494 3270 est
2539 3223 2599 3270 ut
2632 3224 2953 3272 cunctorum
2980 3216 3073 3285 qui
3103 3230 3228 3272 eum
3258 3227 3530 3274 noverant

242 3300 343 3363 bili
388 3309 832 3373 commendavit,
877 3315 933 3362 et
982 3307 1285 3380 regularem
1350 3307 1482 3363 inibi
1532 3307 1696 3362 vitam
1756 3307 1833 3362 in-

244 3399 474 3455 stituere
521 3398 703 3468 jussit.
747 3399 816 3453 At
866 3399 956 3453 ille
997 3413 1279 3469 regressus
1305 3439 1320 3466 ,
1365 3397 1651 3453 confestim
1704 3398 1832 3454 boni

244 3493 529 3547 mandritte
557 3493 796 3547 studium
825 3493 882 3547 in
925 3493 1042 3562 ipso
1068 3502 1355 3547 exsecutus
1394 3492 1570 3556 initio,
1600 3492 1836 3562 undique

245 3598 462 3637 versum
487 3599 726 3654 congrua
755 3583 1038 3638 monachis
1076 3583 1385 3638 habitacula
1417 3584 1758 3648 construxit,
1781 3591 1837 3638 et

247 3675 417 3744 ipsius
463 3676 603 3730 sacri
633 3675 735 3731 loci
767 3685 971 3732 statum
1000 3677 1068 3731 ad
1099 3677 1386 3731 utilitatem
1426 3677 1595 3731 divini
1626 3677 1844 3739 servitii

245 3767 643 3823 studiosissime
705 3766 1040 3822 reformavit.
1106 3767 1407 3838 Religiosos
1459 3769 1624 3822 etiam
1675 3783 1838 3838 quos-

245 3873 354 3928 que
382 3858 459 3912 ita
485 3857 814 3912 liberalitate
853 3873 951 3912 sua
979 3858 1048 3911 ad
1090 3857 1392 3912 devotionis
1419 3859 1658 3912 studium
1702 3859 1838 3913 invi-

249 3950 407 4014 tavit,
433 3957 494 4003 ut
532 3963 601 4002 ex
639 3947 1001 4018 quorumdam
1048 3947 1428 4002 donationibus
1468 3949 1841 4017 possessiones

250 4040 424 4110 ipsius
462 4039 696 4094 ctenobii
725 4037 1013 4092 admodum
1059 4037 1329 4100 dilataret,
1364 4045 1418 4092 et
1459 4037 1598 4092 infra
1635 4052 1842 4107 paucos

247 4144 428 4184 annos
477 4128 786 4199 complures
828 4127 899 4182 ad
931 4142 1099 4183 sacra:
1153 4126 1400 4181 militiam
1431 4127 1555 4181 vita:
1582 4134 1843 4182 attractos

251 4222 567 4294 magisterio
612 4236 710 4278 suo
761 4228 816 4276 et
867 4235 995 4275 cura
1043 4218 1432 4275 decentissime
1488 4219 1838 4289 gubernaret.

893 4356 1122 4414 CAPUT
1166 4357 1231 4413 ll.

331 4477 452 4542 Qua
491 4473 900 4530 conversationis
941 4481 1136 4526 sanctw
1176 4470 1492 4542 perfectione
1534 4470 1769 4524 nituerit.

1937 3308 2286 3363 veneratione
2306 3306 2571 3372 sublimis,
2595 3306 2757 3362 Pater
2776 3323 3073 3378 pauperum
3093 3307 3456 3378 appellaretur
3492 3324 3524 3364 a

1933 3398 2376 3471 pluribus.Quem
2392 3407 2500 3454 tam
2515 3400 2749 3470 pleniter
2760 3401 3146 3457 misericordia:
3159 3403 3395 3458 studium
3408 3417 3530 3472 pos-

1937 3490 2172 3554 sederat,
2205 3497 2264 3544 ut
2287 3491 2331 3546 si
2369 3505 2527 3561 quem
2553 3504 2848 3559 pauperum
2880 3491 3142 3547 nuditatis
3186 3493 3385 3563 injuria
3413 3501 3528 3548 tor-

1935 3589 2154 3652 pentem
2181 3581 2540 3651 conspiceret,
2563 3581 2884 3652 plerumque
2909 3585 3022 3638 suis
3049 3593 3245 3639 exutus
3264 3584 3528 3650 vestibus,

1938 3673 2124 3730 miseri
2149 3682 2461 3744 contegeret
2491 3682 2666 3740 artus,
2685 3675 2758 3730 ita
2783 3683 2843 3730 ut
2869 3677 3144 3732 interdum
3172 3678 3290 3734 sine
3319 3678 3528 3744 tunica,

1890 3797 1893 3800 -
1939 3765 2054 3820 sola
2077 3780 2248 3834 cappa
2268 3776 2290 3804 ο
2309 3773 2590 3820 contectus
2619 3766 2687 3820 ad
2715 3768 3102 3823 monasterium
3119 3776 3410 3824 remearet.
3425 3768 3533 3824 Ma-

1940 3854 2043 3910 luit
2056 3855 2203 3910 enim
2225 3871 2324 3926 per
2348 3857 2633 3926 praesentis
2658 3872 2868 3927 pompae
2892 3869 3262 3931 contemptum
3281 3861 3349 3916 ad
3370 3861 3530 3916 indu-

1943 3958 2186 4001 mentum
2215 3947 2640 4016 incorruptionis
2663 3956 2882 4004 aeterna:
2904 3951 3409 4022 pertingere,quam
3435 3967 3534 4021 per

1941 4038 2067 4093 boni
2107 4039 2287 4108 operis
2325 4037 2673 4093 amissionem
2703 4029 2900 4094 futura:
2940 4041 3206 4098 nuditatis
3237 4041 3529 4114 opprobria

1943 4129 2236 4186 sustinere.

2541 4221 2782 4295 parur
2829 4224 2912 4282 ιιι.
3011 4219 3014 4221 ‘

2019 4315 2287 4382 Quantam
2337 4317 2393 4369 in
2443 4331 2696 4386 pauperes
2742 4317 3156 4373 misericordiam
3197 4319 3459 4374 habuerit.

2015 4407 2257 4475 Quodam
2273 4407 2434 4461 etiam
2454 4415 2694 4484 tempore
2706 4409 2774 4464 ad
2789 4409 3074 4480 Pippinum
3090 4425 3272 4481 regem
3288 4411 3530 4476 veniens,

1947 4499 2248 4556 honorifice
2288 4509 2573 4570 susceptus
2595 4508 2694 4565 est,
2728 4510 2784 4555 et
2809 4501 2950 4556 inter
2991 4501 3092 4556 alia
3124 4502 3390 4573 largitatis
3417 4501 3536 4572 ejus

331 4587 426 4642 llis
465 4585 783 4658 przelibatis,
811 4584 935 4638 vitae
969 4583 1088 4654 ejus
1117 4583 1462 4638 sanctitatem
1492 4581 1654 4637 liceat
1697 4596 1834 4637 sum-

1947 4593 2228 4660 benelicia,
2269 4592 2337 4649 ad
2367 4593 2724 4649 necessitates
2748 4592 2977 4649 fratrum
3005 4609 3225 4650 suorum
3250 4594 3536 4650 sublevan-

254 4681 448 4738 niatim
495 4679 880 4750 perstringere,
916 4685 977 4730 ut.
1004 4675 1207 4730 liauido
1236 4675 1447 4730 cunctis
1475 4673 1680 4729 clareat
1717 4674 1840 4746 qui-

333 4848 357 4874 α
390 4833 560 4888 Raetia
608 4829 900 4885 Curiensis,
936 4844 1027 4884 seu
1071 4827 1275 4899 prima,
1305 4828 1459 4899 cujus
1508 4835 1667 4899 c_aput
1719 4829 1849 4883 urbs

256 4905 448 4970 Curia,
480 4903 642 4966 Char,
685 4902 752 4954 ad
805 4897 1087 4964 Rhenum,
1147 4897 1460 4970 comitatum
1504 4897 1846 4970 r'l‘irolensem

259 4969 640 5045 complectitur
667 4989 680 5024 :
714 4970 836 5032 alia,
885 4970 1119 5045 secunda
1147 4969 1314 5045 dicta,
1340 4969 1751 5045 ab_urlie_Cur_i_a
1784 4969 1850 5045 ad

263 5037 570 5101 Danubium
603 5057 774 5112 usque
819 5041 1138 5111 porrigitur,
1165 5056 1194 5093 a
1223 5037 1471 5109 Bajoaria
1514 5038 1645 5094 Lico
1690 5041 1851 5096 lluvio

261 5117 520 5172 discreta.

338 5187 368 5227 ι)
381 5185 492 5240 lino
507 5185 572 5238 ad
589 5183 840 5240 Carolum
858 5179 1069 5252 Pippini
1091 5180 1232 5252 regis
1250 5188 1477 5250 patrem,
1495 5189 1717 5252 utpatet
1740 5191 1850 5237 tum

261 5273 334 5312 es
366 5259 483 5328 ipso
498 5254 876 5328 Walafridoin
907 5251 1000 5308 lib.
1041 5252 1106 5306 de
1131 5251 1315 5328 Mirac.
1347 5252 1519 5328 sancti
1540 5251 1698 5328 Galli,
1728 5267 1848 5328 cap.

263 5328 356 5392 M,
385 5322 502 5383 tum
545 5343 611 5381 ex
644 5326 958 5395 Hepidanno
998 5323 1267 5395 monacho
1302 5323 1353 5376 in
1383 5322 1524 5395 libro
1547 5323 1613 5376 de
1637 5322 1853 5395 casibus

263 5391 440 5453 sancti
473 5396 630 5462 Galli,
654 5406 708 5451 et
724 5391 1042 5450 ’llermanno
1069 5393 1360 5447 Contracto
1388 5393 1440 5446 in
1470 5391 1738 5448 Chronico
1761 5394 1853 5450 ubi

263 5468 560 5524 Othmarns
588 5481 759 5520 «anno
783 5466 885 5519 7‘20
907 5465 1054 5520 cellae
1088 5465 1256 5519 sancti
1273 5462 1422 5518 ‘Galli
1441 5465 1650 5534 primus
1671 5465 1851 5522 Abbas

264 5540 618 5602 constitutus,
654 5536 1011 5592 cmnobialem
1065 5535 1196 5591 inibi
1225 5535 1392 5589 vitam
1446 5535 1767 5600 instituisse,
1799 5545 1855 5592 et

155 5677 162 5688 ‘
263 5610 624 5688 quadraginta
676 5623 773 5678 per
808 5622 978 5688 annos
1031 5605 1287 5688 nobiliter
1311 5605 1531 5688 rexisse
1571 5606 1848 5688 edicitur.

263 5675 439 5736 Porro
467 5675 653 5734 Victor
677 5675 694 5729 ἱ
724 5677 950 5731 consilio
976 5675 1252 5744 cujusdam
1292 5677 1446 5731 ducis
1473 5677 1690 5731 nomine
1718 5677 1850 5734 Nebi

266 5766 558 5822 persuasus
603 5750 669 5804 ad
719 5748 1014 5822 praefatum
1065 5747 1671 5822 principetn‘Carolnm
1726 5766 1850 5805 cum

266 5818 459 5879 eodem
489 5822 625 5877 duce
650 5818 980 5890 oraperavit,
1005 5819 1212 5888 ipsique
1237 5819 1484 5875 eamdem
1513 5818 1697 5875 cellam
1729 5836 1848 5890 pro-

675 5917 948 5978 Pa1‘n0l..
999 5912 1226 5976 CXIV.

1949 4686 2047 4742 das
2083 4685 2294 4754 argenti
2337 4683 2506 4740 libras
2531 4682 2558 4723 δ
2583 4685 2922 4755 septuaginta
2970 4685 3229 4756 percepit.
3257 4683 3365 4740 Sed
3409 4699 3535 4742 mox

1949 4840 2196 4912 prietatis
2207 4837 2333 4912 jure
2358 4839 2708 4912 contradidit,
2731 4847 2786 4892 et
2814 4847 2873 4892 ut
2909 4837 3228 4912 Othmarum
3255 4842 3538 4912 presbyte-

1954 4858 2196 4912 prietaus
2207 4858 2332 4908 jure
2358 4858 2708 4900 conti-aurati,
2731 4858 2786 4892 et
2814 4858 2873 4892 ut
2909 4858 3228 4895 ummarum
3255 4858 3417 4909 presn
3439 4858 3538 4897 ἰε-

1954 4927 2071 4967 rum
2100 4910 2276 4966 eidem
2322 4910 2440 4964 loco
2479 4909 2779 4981 praeficeret
2819 4911 3084 4981 exoravit,
3116 4930 3134 4963 ι
3163 4858 3540 4981 ἱιιριιίιψζιια-

1952 4982 2144 5037 fridus.
2186 4981 2505 5049 Quanquam
2554 4996 2619 5034 ex
2673 4980 2811 5034 libro
2859 4996 2876 5034 ι
2933 4980 3104 5036 lsonis
3147 4980 3539 5038 de’Miraculis

1952 5052 2127 5110 sancti
2159 5051 2426 5130 Othrnari,
2450 5065 2570 5130 cap.
2605 5050 2660 5113 5,
2690 5050 2950 5130 discimus
2979 5050 3300 5130 Olhmarum
3327 5069 3424 5130 per
3455 5054 3540 5130 Vi-

1954 5133 2164 5180 ctorem
2217 5123 2403 5193 primo
2438 5121 2654 5193 quidem
2671 5121 2750 5193 ad
2786 5121 3070 5193 Carolum,
3097 5122 3306 5183 deinde,
3331 5121 3541 5178 Carolo

1958 5205 2194 5256 mortuo.
2219 5191 2304 5248 'ad
2349 5191 2633 5262 Pippinum
2659 5191 2827 5246 lilium
2859 5192 3022 5248 fuisse
3053 5193 3340 5250 deductum
3359 5233 3374 5260 ,
3399 5203 3460 5248 ut
3483 5193 3537 5248 in

1957 5265 2203 5322 concessi
2233 5263 2337 5318 loci
2364 5261 2706 5333 passessione
2733 5263 3169 5333 confirmaretur.

2033 5348 2055 5374 ο
2082 5337 2138 5408 ld
2167 5344 2248 5408 est
2276 5332 2507 5408 cuculla,
2537 5332 2616 5386 uti
2645 5332 2903 5408 discimus
2927 5349 2998 5408 es
3036 5333 3265 5408 epistola
3300 5333 3540 5408 Theode-

1960 5407 2122 5470 mari,
2149 5405 2360 5460 abbatis
2388 5402 2720 5469 Casinensis,
2749 5404 2816 5459 ad
2843 5402 3096 5460 Carolum
3141 5404 3412 5470 Magnum.

2028 5477 2054 5517 ἀ
2090 5474 2504 5546 Ὧνθιθῐιὶόιιδᾉὶιι
2536 5474 2674 5546 libro
2703 5474 2769 5529 de
2799 5475 3072 5546 Miracnlis
3096 5473 3171 5546 ὃ.
3201 5473 3380 5546 Galli,
3418 5489 3538 5546 cap.

1961 5549 2022 5603 ll
2047 5590 2062 5614 ,
2091 5556 2278 5618 auctor
2307 5551 2390 5618 est
2413 5544 2704 5618 Pippinum
2737 5556 2924 5618 rogatu
2949 5545 3326 5618 Garulomanni
3359 5543 3543 5618 fratris

1960 5620 2129 5676 multa
2155 5617 2212 5673 S.
2240 5614 2500 5674 0thmaro
2515 5614 2742 5671 donaria
2770 5614 3137 5680 concessisse,
3175 5614 3229 5671 in
3271 5616 3358 5671 liis
3394 5616 3543 5671 codi.

1959 5708 2077 5745 cem
2109 5685 2417 5760 Regulzcs.
2449 5687 2722 5760 Benedicti
2754 5695 2809 5742 et
2833 5702 3155 5760 Campanum
3183 5704 3196 5739 :
3229 5695 3284 5744 et
3311 5687 3543 5744 casnubii

1959 5762 2017 5818 S.
2043 5761 2176 5816 Galli
2198 5757 2403 5830 praedia
2439 5758 2727 5828 diplomate
2751 5757 3122 5815 confirmasse.

3035 5918 3111 5979 83
