3978 6310
481 332 620 388 1035

1016 324 1408 385 WALAFRIDI
1440 323 1688 382 STRABI
1728 322 1932 381 FULD.
1974 321 2140 379 MON.
2181 320 2331 379 OPP.
2369 281 2548 378 PARS
2586 322 2651 378 il.
2691 353 2760 365 -—
2799 321 3186 380 HISTORICA.

3628 324 3767 381 1036

480 451 542 497 ut
577 441 645 496 ad
679 453 776 496 sua
807 438 1010 495 rediret
1037 449 1291 509 egressus
1312 475 1327 501 ,
1375 435 1670 489 maximam
1697 431 1938 503 ejusdem
1972 446 2066 503 pe-
2092 440 2144 500 Α
2169 443 2299 490 runt
2325 441 2384 489 ut
2407 435 2458 490 ei
2486 434 2612 491 fleta
2647 437 2884 505 quadam
2925 436 3329 493 machinatione
3362 439 3578 495 crimen
3606 439 3767 496 luxu-

480 534 654 596 cunic
685 540 895 603 partem
921 543 1035 600 prae
1057 527 1264 584 foribus
1301 525 1486 596 palatii
1524 524 1852 595 pauperibus
1877 539 2070 594 eroga-

477 627 575 682 vit.
615 622 825 679 Paucos
850 629 1032 675 autem
1059 617 1260 675 solidos
1287 617 1378 670 vix
1406 631 1437 670 a
1467 613 1726 670 fratribus
1749 615 1843 684 qui
1885 628 2072 670 secum

477 724 634 772 erant
661 712 974 784 compulsus
1013 711 1256 775 retinuit,
1288 708 1486 778 quibus
1519 707 1860 776 postmodum
1901 705 2075 775 quod-

477 809 599 863 dam
637 803 969 860 territorium
1001 800 1331 857 monasterio
1355 798 1594 855 vicinum
1623 797 1841 853 coemit.
1886 795 2073 852 Domi-

477 899 726 953 nicorum
749 894 894 949 enim
929 907 1037 947 non
1066 892 1354 947 immemor
1375 889 1775 954 mandatorum,
1799 886 1882 943 sui
1905 901 2070 944 causa

474 988 542 1045 de
589 987 829 1043 crastino
861 1000 972 1041 non
997 984 1296 1056 cogitabat,
1342 981 1521 1038 sciens
1565 980 1890 1035 monachum
1921 979 2070 1034 victu

473 1092 528 1135 et
556 1086 869 1150 tegumento
895 1085 1207 1134 contentum
1241 1089 1365 1130 esse
1415 1073 1616 1129 debere
1653 1090 1666 1126 :
1699 1082 1755 1128 et
1786 1073 1907 1128 ideo
1932 1087 2068 1142 pau-

473 1178 741 1242 pertatem
768 1168 872 1224 sibi
919 1167 1098 1238 potius
1141 1166 1363 1235 suisque
1411 1163 1628 1232 delegit,
1677 1177 1838 1233 quam
1883 1175 2067 1216 rerum

472 1260 871 1317 transeuntium
933 1257 1328 1328 possessionem
1376 1252 1703 1325 superfluam
1726 1294 1740 1319 ,
1799 1254 2068 1325 expeditis

476 1354 747 1410 mentibus
785 1357 1095 1408 oneresam.

1090 1457 1320 1516 CAPUT
1356 1457 1448 1514 IV.

477 1555 718 1623 Qualiter
745 1570 777 1608 a
807 1551 1121 1624 quibusdam
1143 1549 1336 1624 iniquis
1375 1563 1470 1624 pro
1517 1547 1629 1602 zelo
1661 1548 1917 1624 jus-titite,
1960 1562 2064 1618 quo

687 1618 938 1694 fervebat,
962 1621 1142 1675 multis
1168 1618 1387 1689 affectus
1409 1619 1476 1672 sit
1502 1618 1848 1673 contumeliis.

543 1737 714 1811 igitur
743 1751 866 1792 cum
891 1733 1005 1803 jam
1032 1733 1294 1788 Dominus
1316 1729 1527 1786 meritis
1553 1728 1670 1799 ejus
1689 1731 1851 1802 digna
1873 1742 2065 1800 repen-

473 1833 604 1888 dere
622 1829 974 1892 deerevisset,
992 1825 1218 1882 callidus
1240 1824 1507 1880 universae
1527 1825 1790 1880 bonitatis
1811 1824 2062 1879 inimicus
2088 1842 2136 1904 Β

470 1923 631 1978 bonis
657 1923 774 1994 ejus
800 1919 1014 1975 actibus
1043 1917 1291 1973 invidens
1310 1957 1324 1982 ,
1374 1915 1597 1987 ejusque
1631 1915 1891 1988 exemplis
1925 1916 2062 1970 alio-

470 2031 590 2072 rum
617 2015 785 2069 vitam
813 2011 1006 2068 dolens
1025 2009 1311 2082 proficere,
1336 2010 1572 2078 quietem
1597 2024 1758 2078 quam
1784 2010 1837 2062 in
1859 2007 2064 2064 Christi

469 2107 694 2163 servitio
723 2106 854 2160 licet
877 2117 984 2159 non
1010 2115 1202 2173 parum
1248 2100 1544 2155 laborando
1568 2099 1827 2169 possedit,
1851 2106 2065 2168 pertur-

468 2199 601 2253 bare
647 2195 944 2253 contendit.
993 2193 1121 2260 Sed,
1153 2192 1404 2263 quamvis
1459 2191 1672 2247 [latibus
1722 2190 2064 2262 temporaria:

468 2292 817 2348 adversitatis
845 2291 1080 2362 pulsata,
1115 2289 1355 2344 radicem
1390 2296 1558 2357 petrae
1584 2287 1832 2343 veritatis
1859 2286 2064 2343 habens

467 2384 710 2448 infixam,
739 2382 980 2454 paradisi
1011 2383 1209 2436 cedrus
1238 2378 1554 2434 inconvulsa
1580 2378 1901 2448 permansit.
1927 2376 2063 2432 Nam

473 2474 735 2531 Warinus
765 2486 792 2516 ι
820 2482 877 2529 et
901 2469 1296 2534 Buadhardus,
1329 2470 1419 2539 qui
1453 2478 1582 2524 tunc
1611 2469 1871 2540 temporis
1897 2469 2064 2524 totius

466 2564 807 2620 Alamanniae
831 2577 1018 2619 curam
1041 2560 1514 2626 administrabant,
1545 2559 1759 2614 diabolo
1779 2559 2062 2626 suadente,

465 2659 864 2714 immanissima
890 2654 1136 2711 avaritiae
1165 2655 1356 2708 morbo
1379 2652 1658 2722 praeventi,
1682 2666 1770 2707 res
1807 2651 2065 2707 ecclesiae

466 2765 590 2806 rum
635 2750 736 2806 sub
775 2763 874 2805 sua
913 2753 1183 2819 potestate
1224 2745 1451 2800 sitarum
1491 2759 1689 2814 magna
1717 2757 1785 2799 ex
1825 2753 1977 2814 parte
2003 2743 2061 2800 in

465 2838 821 2912 proprietatis
862 2853 975 2894 suae
1015 2835 1314 2893 dominium
1356 2847 1456 2904 per
1494 2834 1604 2888 vim
1649 2843 2058 2889 contraxerunt.

467 2930 572 2999 Qui
613 2944 736 2985 cum
772 2927 875 2984 sibi
921 2927 988 2982 de
1033 2925 1471 2996 possessionibus
1514 2923 1578 2978 B.
1626 2922 1762 2978 Galli
1809 2924 2060 2994 perplura

465 3024 659 3094 eodem
687 3020 962 3077 violentiae
981 3033 1117 3074 ausu
1136 3018 1527 3084 vindicassent,
1545 3019 1630 3072 vir
1651 3018 1745 3072 Dei
1768 3015 2062 3072 Othmarus

463 3130 573 3171 non
598 3113 1037 3186 possessionibus
1066 3111 1302 3166 terrenis
1325 3111 1571 3175 inhians,
1611 3111 1704 3166 sed
1743 3109 2059 3166 cmuobialis

461 3209 590 3264 vitae
620 3207 674 3262 in
718 3206 909 3263 eodem
943 3205 1065 3262 loco
1107 3217 1290 3260 rerum
1321 3202 1608 3274 ingruente
1645 3201 1872 3272 penuria
1911 3201 2061 3257 defe-
2087 3205 2131 3268 C

463 3308 610 3356 ctum
659 3307 1054 3370 praemetuens,
1101 3296 1387 3367 Pippinum
1419 3309 1604 3365 regem
1648 3294 1814 3359 adiit,
1846 3293 2057 3362 ipsique

463 3389 809 3461 tyrannicam
835 3403 1024 3444 eorum
1054 3385 1531 3458 praesumptionem
1561 3384 1829 3453 exposuit,
1854 3385 2059 3455 pariter

461 3487 798 3552 protestatus
823 3493 988 3551 grave
1015 3492 1138 3532 eum
1170 3476 1381 3532 crimen
1413 3476 1760 3530 incursurum
1797 3476 1842 3530 si
1866 3490 2056 3531 eorum

463 3572 678 3628 actibus
705 3567 1096 3626 consentiendo
1122 3567 1351 3623 faveret.
1394 3565 1512 3633 Qua
1545 3582 1647 3637 pro
1687 3582 1851 3622 causa
1888 3568 2055 3623 bene.

460 3666 616 3718 volus
646 3663 902 3734 princeps
928 3669 1221 3729 utrumque
1270 3659 1632 3724 conveniens,
1674 3660 2059 3716 interminatus

467 3761 554 3808 est
578 3754 658 3808 eis
691 3752 865 3824 gratia
900 3766 997 3806 sua
1029 3749 1152 3804 illos
1188 3748 1516 3805 omnimodis
1562 3749 1832 3804 carituros
1868 3749 1914 3804 si
1949 3764 2058 3804 non

466 3843 712 3899 ecclesia
735 3841 833 3900 Dei
863 3855 984 3912 quae
1018 3838 1220 3909 injuste
1255 3837 1610 3903 abstulerant,
1643 3840 1848 3909 absque
1877 3854 2058 3896 recra-

465 3936 756 3992 stinatione
782 3935 1155 3990 restituerent.
1199 3928 1287 3986 At’
1315 3930 1389 3985 illi
1418 3931 1667 4002 patriam
1714 3940 2056 4004 repetentes,

461 4028 596 4084 vitio
625 4028 943 4098 rapacitatis
990 4026 1174 4082 infecti
1215 4035 1272 4082 et
1299 4027 1511 4082 bestiali
1561 4029 1766 4083 saevitia
1811 4029 2056 4094 efferati,

451 4117 754 4188 iussionem
806 4118 1012 4188 regiam
1067 4117 1462 4187 neglexerunt:
1515 4117 1693 4171 virum
1742 4119 1908 4173 etiam
1963 4119 2056 4174 Dei

459 4208 804 4273 Othmarum,
835 4221 960 4262 cum
987 4220 1087 4276 pro
1109 4207 1212 4262 hac
1236 4221 1298 4260 re
1334 4206 1532 4261 iterum
1577 4208 1878 4277 principem
1907 4210 2058 4264 adire

459 4301 639 4366 vellet,
670 4300 853 4355 miSsis
879 4306 1002 4371 post
1025 4313 1149 4354 eum
1174 4299 1477 4355 clanculum
1505 4299 1768 4356 militibus
1787 4342 1802 4367 ,
1827 4302 2057 4358 vinculis

457 4393 720 4464 injectum
747 4406 847 4464 per
874 4391 987 4446 vim
1024 4391 1214 4447 reduci
1253 4390 1538 4458 fecerunt;
1573 4406 1783 4447 necnon
1810 4401 1866 4448 et
1896 4393 2057 4448 Lam-

456 4487 670 4540 hertum
719 4483 1046 4555 quemdam,
1095 4481 1188 4552 qui
1238 4480 1500 4537 fratribus
1552 4479 1670 4550 ejus
1714 4481 2054 4552 professione

2175 525 2269 580 riae
2300 525 2648 597 impingeret,
2699 527 2752 582 id
2797 527 3144 585 elaborantes
3183 537 3279 597 ut,
3329 532 3630 588 sanctitate
3656 534 3770 603 ejus

2172 617 2478 686 hujusmodi
2525 619 2925 688 suspicionibus
2953 618 3250 686 infamata,
3297 621 3609 690 deponendi
3649 639 3768 678 eum

2171 707 2513 762 occasionem
2541 707 2863 762 invenirent.
2895 707 3011 776 Qua
3048 725 3212 765 causa
3249 709 3473 781 plurimi
3519 722 3638 767 tam
3680 716 3771 768 do-

2170 795 2299 852 losa:
2323 795 2578 853 factionis
2608 797 2783 868 ignari
2819 797 2887 852 ad
2920 797 3209 853 concilium
3246 799 3278 840 ι’
3304 808 3430 856 sunt
3451 802 3692 860 evocati.

2799 908 3032 965 CAPUT
3071 910 3137 964 ν.

2173 998 2344 1066 Quam
2369 999 2423 1054 in
2450 999 2733 1070 objectione
2761 999 2874 1068 ﬁcti
2901 999 3137 1056 criminis
3174 1001 3487 1056 modestiam
3523 1010 3768 1069 tenuerit,

2370 1079 2418 1124 et
2443 1087 2546 1140 qua
2574 1082 2853 1124 accusator
2874 1070 2988 1140 ejus
3010 1087 3162 1141 plena
3189 1071 3445 1126 multatus
3476 1073 3569 1126 sit.

2239 1157 2425 1229 itaque
2446 1159 2531 1214 vir
2554 1159 2901 1224 venerabilis,
2935 1170 3098 1215 castae
3128 1159 3237 1232 [ΑΙ.
3259 1201 3274 1226 ,
3315 1161 3604 1237 castitate]
3636 1163 3771 1220 inte-

2168 1265 2264 1322 ger
2292 1251 2416 1305 vitze
2441 1266 2505 1305 ac
2531 1266 2744 1306 morum
2775 1251 3092 1306 maturitate
3120 1253 3468 1323 grandaevus,
3506 1255 3563 1309 in
3595 1257 3774 1311 medio

2166 1342 2385 1398 concilii
2429 1341 2754 1407 collocatur,
2793 1350 2850 1398 et
2885 1343 2942 1397 in
2985 1341 3106 1412 ejus
3151 1346 3566 1402 accusationem
3613 1346 3774 1402 Lam-

2165 1434 2356 1490 bertus
2384 1434 2639 1490 falsitatis
2671 1435 2920 1490 minister
2949 1450 3134 1491 coram
3177 1438 3432 1494 omnibus
3475 1450 3776 1510 praema-

2165 1533 2292 1581 tur:
2325 1535 2656 1598 acceptaque
2694 1527 2950 1596 loquendi
2995 1527 3218 1584 licentia
3247 1530 3504 1586 veritatis
3535 1532 3773 1598 oblitus,

2165 1617 2419 1675 falsitatis
2444 1629 2684 1675 assertor
2721 1620 2858 1676 dixit
2889 1634 2948 1676 se
2978 1620 3271 1690 quamdam
3313 1621 3588 1678 feminam
3619 1640 3775 1681 nosse

2165 1725 2287 1780 qua:
2317 1726 2345 1764 a
2386 1713 2505 1766 viro
2543 1712 2703 1767 beato
2736 1711 2842 1766 vim
2887 1711 3202 1782 pollutionis
3244 1712 3443 1769 fuisset
3489 1731 3771 1786 perpessa.

2164 1801 2247 1858 Ad
2271 1803 2414 1874 quod
2441 1802 2614 1858 fertur
2653 1803 2859 1858 nullum
2889 1803 3102 1859 dedisse
3137 1820 3486 1874 responsum.
3530 1806 3776 1880 Cumque

2164 1895 2414 1967 plurimis
2445 1895 2778 1966 respondere
2823 1905 3108 1966 cogeretur
3149 1895 3415 1965 objectis,
3459 1896 3773 1967 hujusmodi

2166 1987 2313 2042 dicto
2352 1986 2676 2056 temperavit
2709 1985 3025 2056 eloquium:
3067 1986 3298 2052 Fateor,
3343 1987 3649 2058 inquiens,
3695 2006 3776 2046 me

2165 2091 2327 2148 supra
2354 2077 2574 2132 modum
2605 2091 2864 2146 peccasse
2891 2077 2946 2131 in
2977 2076 3164 2133 multis
3182 2118 3197 2144 ,
3225 2078 3294 2132 de
3318 2079 3652 2149 hujusmodi
3687 2095 3773 2135 au-

2165 2176 2272 2225 tem
2327 2166 2632 2237 objectione
2679 2168 2925 2223 criminis
2972 2170 3171 2224 secreti
3231 2171 3342 2226 mei
3399 2172 3772 2242 inspectam

2165 2260 2336 2315 Deum
2371 2260 2564 2314 invoco
2591 2266 2806 2317 testem.
2850 2259 2960 2316 illis
3001 2268 3182 2315 autem
3223 2271 3288 2316 ut
3327 2263 3498 2331 hujus
3545 2264 3681 2321 facti
3718 2282 3770 2320 se

2165 2352 2517 2408 excusatione
2545 2361 2826 2422 purgaret,
2849 2352 3109 2409 attentius
3129 2354 3178 2408 ei
3205 2354 3576 2422 instantibus,
3594 2368 3769 2413 mente

2165 2457 2425 2508 securus,
2471 2442 2802 2497 conscientia
2852 2441 3021 2508 liber,
3074 2444 3270 2500 tacitus
3310 2447 3668 2516 perduravit.
3708 2448 3771 2504 Et

2165 2534 2293 2603 quia
2317 2532 2606 2588 accusandi
2635 2533 2908 2588 licentiam
2936 2535 3078 2606 apud
3097 2535 3312 2604 judices
3344 2549 3547 2609 patere
3574 2556 3767 2612 cogno-

2165 2627 2262 2690 vit,
2292 2624 2484 2680 maluit
2509 2641 2608 2697 pro
2639 2625 2952 2681 sinceritate
2980 2626 3063 2680 sui
3101 2629 3341 2697 pectoris
3382 2631 3579 2687 divino
3609 2649 3765 2703 quan.

2166 2715 2404 2772 humano
2449 2731 2547 2785 pro
2584 2716 2939 2772 excusatione
2986 2718 3232 2774 criminis
3271 2719 3500 2790 placere
3539 2722 3762 2791 judicio.

2164 2807 2283 2863 Mox
2316 2822 2447 2877 ergo
2483 2816 2546 2862 ut
2573 2807 2784 2863 cunctis
2817 2807 3142 2864 claresceret
3175 2809 3345 2880 ipsius
3375 2813 3761 2869 castimoniam

2166 2900 2302 2954 falso
2329 2897 2496 2954 fuisse
2528 2898 2859 2962 infamatam,
2891 2897 3241 2957 Lambertum
3270 2903 3408 2959 ultio
3431 2905 3624 2960 divina
3652 2923 3763 2962 eor-

2163 2992 2346 3063 ripuit.
2390 2991 2523 3046 Nam
2570 2991 2802 3047 febrium
2835 2991 3121 3048 vexatione
3157 3009 3454 3063 pervasus,
3502 3000 3760 3068 paulatim

2164 3083 2402 3139 resoluto
2428 3084 2794 3139 membrorum
2825 3085 3008 3155 vigore
3035 3088 3285 3142 contrahi
3325 3091 3518 3159 erepit.
3566 3091 3761 3162 Sicque

2164 3175 2416 3230 omnibus
2447 3173 2708 3229 membris
2745 3183 2918 3230 status
2950 3175 3030 3231 sui
3061 3177 3441 3234 amittentibus
3479 3183 3762 3238 ταῖιὶψῷ

2165 3280 2286 3320 nem
2315 3265 2396 3320 vel
2423 3263 2675 3332 formam,
2707 3267 2885 3336 capite
2915 3267 2982 3321 ad
3016 3275 3216 3322 terram
3260 3285 3415 3327 more
3450 3276 3760 3345 quadrupe-

2163 3355 2291 3420 dum
2322 3355 2617 3419 inclinato,
2651 3371 2756 3410 non
2790 3356 2963 3412 solum
3005 3356 3352 3416 deformitate
3383 3361 3580 3434 ﬁgura:
3605 3367 3760 3420 terri-

2160 3447 2315 3514 bilis,
2360 3463 2548 3503 verum
2587 3451 2752 3504 etiam
2791 3451 2911 3506 viva
2955 3467 3085 3508 voce
3114 3454 3168 3508 in
3206 3467 3458 3512 sanctum
3506 3476 3758 3530 pecassis

2161 3539 2312 3615 omni
2349 3548 2590 3611 tempore
2617 3539 2911 3598 fatebatur.

2765 3655 2996 3713 CAPUT
3056 3659 3141 3716 Vi.

2166 3747 2441 3812 Quomodo
2461 3748 2600 3802 inter
2629 3759 2778 3803 arcta
2807 3752 3058 3807 custodia:
3083 3753 3316 3809 claustra
3345 3757 3513 3810 ῑνίιαηι

2233 3837 2473 3893 Consilio
2502 3849 2683 3894 autem
2711 3841 2896 3910 inique
2924 3842 3176 3898 inchoato
3200 3853 3256 3899 et
3295 3845 3548 3918 iniquius
3575 3851 3754 3904 termi-

2163 3941 2312 3995 nato,
2345 3933 2429 3986 vir
2455 3932 2549 3987 Dei
2579 3932 2875 3990 Othmarus
2904 3937 3044 4006 apud
3071 3938 3254 3993 villam
3283 3938 3576 3997 Potamum
3605 3955 3631 3983 ε
3663 3961 3756 4015 pa-

2162 4021 2293 4077 latio
2322 4023 2562 4079 inclusus
2590 4034 2692 4080 est.
2723 4025 2842 4092 Quo
2884 4042 3009 4081 cum
3051 4029 3232 4085 nullus
3271 4031 3480 4088 intrare
3523 4037 3609 4090 vel
3644 4040 3751 4091 coi-

2161 4117 2304 4186 loqui
2338 4133 2462 4172 cum
2494 4131 2558 4174 eo
2587 4121 3012 4189 permitteretur,
3041 4121 3246 4192 aliquot
3267 4125 3387 4178 dies
3406 4128 3617 4198 absque
3637 4145 3754 4182 eor-

2161 4207 2364 4278 poralis
2393 4209 2761 4265 sustentaculo
2797 4211 2974 4266 victus
3013 4215 3294 4283 transegit.
3344 4213 3600 4286 Cumque
3641 4219 3751 4272 dia~

2163 4305 2324 4353 turna
2352 4299 2636 4354 vexatione
2678 4299 2837 4356 famis
2874 4302 3177 4368 laboraret,
3222 4302 3536 4375 Peragosus
3565 4306 3751 4381 [Suria

2161 4388 2460 4462 Patgozus]
2508 4391 2728 4461 quidam
2772 4407 2803 4446 e
2848 4392 3106 4449 fratribus
3143 4395 3259 4466 ejus
3302 4408 3466 4453 noctu
3501 4402 3750 4456 advenire

2161 4483 2391 4550 solebat,
2417 4491 2472 4537 et
2502 4483 2550 4537 ei
2576 4483 2753 4538 victus
2782 4484 2973 4540 solatia
3013 4487 3343 4544 ministrare.
3393 4489 3748 4548 Postmoduzn

457 4583 881 4631 connumeratus
919 4582 1067 4640 erat,
1109 4588 1219 4630 non
1255 4574 1378 4629 vitae
1406 4574 1722 4641 sanctitate,
1762 4590 2050 4646 persuase-
2077 4567 2130 4627 D
2155 4588 2289 4630 vero
2319 4573 2620 4630 Gozbertus
2649 4573 2675 4614 ἀ
2708 4574 2950 4646 quidam,
2985 4577 3070 4632 vir
3102 4589 3327 4648 potens,
3379 4583 3515 4638 dum
3549 4587 3652 4640 sibi
3682 4587 3749 4639 ri-

533 4723 557 4750 ι
581 4708 800 4764 Litterae
824 4706 1202 4780 Scalcomanni
1234 4705 1513 4780 cujusdam
1541 4708 1722 4780 relata:
1753 4710 1895 4780 apud
1920 4709 2050 4766 Gol-

458 4781 671 4835 dastum
704 4781 758 4833 in
800 4787 950 4833 tomo
991 4778 1031 4831 li
1067 4777 1268 4832 Rerum
1303 4777 1814 4843 Alamannicarum',
1856 4783 2048 4835 ordine

457 4851 527 4906 45
547 4891 560 4913 ,
590 4849 1011 4922 dataeleguntur
1040 4867 1063 4922 ε
1095 4850 1148 4904 in
1171 4863 1315 4901 anno
1339 4847 1883 4922 primogarlomanni
1907 4853 2050 4922 regis

457 4922 558 4981 sub
586 4918 895 4973 Roadharto
926 4919 1162 4982 comite;
1199 4937 1218 4969 ι
1250 4925 1304 4971 et
1343 4918 1462 4972 aliae
1505 4918 1825 4985 Winiberti,
1859 4918 2050 4977 ordi'ne

457 4992 559 5054 45,
600 4987 740 5043 datae
772 5007 790 5039 ι
831 4989 916 5042 die
946 4989 1256 5058 Dominico,
1294 5003 1345 5043 vt
1370 4987 1511 5058 illius
1547 4991 1772 5054 0ctob.,
1809 5007 1950 5046 anno
1980 5007 2046 5058 x,

457 5068 724 5143 regnante
743 5058 940 5143 domno
965 5057 1195 5143 Pippino
1216 5073 1342 5143 rege
1366 5057 1688 5143 Francus-ub,
1705 5060 1935 5142 .Warino
1958 5077 2050 5116 co-

458 5128 608 5186 mite.
649 5149 668 5183 ι
706 5129 1004 5198 itidemque
1037 5128 1158 5183 alia:
1202 5128 1392 5184 ordine
1432 5128 1518 5183 67.
1569 5129 1824 5186 Warinus
1863 5147 2052 5187 comes

457 5203 636 5258 adhuc
662 5209 779 5256 erat
802 5197 943 5254 anno
971 5215 1024 5254 tv
1047 5198 1228 5255 Caroli
1262 5197 1458 5269 Magni,
1484 5215 1551 5255 ex
1579 5201 1767 5256 charta
1793 5202 1880 5256 29.
1909 5203 2047 5258 Con-

457 5273 541 5330 fer
566 5282 728 5342 caput
761 5271 830 5343 εξ
844 5269 1144 5343 Walafridi
1164 5270 1228 5325 de
1258 5269 1531 5343 Miraeulis
1551 5271 1625 5343 _S.
1653 5271 1790 5327 Galli
1819 5274 2045 5343 (supra).

457 5339 757 5413 Stumpfius
787 5339 1352 5414 Warinum‘iiegovize
1370 5382 1384 5407 ,
1403 5339 2048 5414 rltuadhardumA'Turgo-

455 5415 558 5469 vize
588 5409 815 5470 comites
854 5412 1022 5477 facit;
1059 5409 1350 5466 Gold’astus
1400 5413 1452 5466 in
1495 5414 1640 5468 notis
1683 5415 1750 5468 ad
1797 5409 2046 5477 Ratpérti

454 5494 618 5554 caput
640 5485 694 5546 2,
722 5483 958 5554 Camerar
996 5482 1207 5554 nuntios
1238 5481 1504 5554 appellat,
1541 5498 1608 5538 ex
1636 5481 1957 5541 Ekkehardo
1979 5485 2047 5540 de

457 5549 628 5608 casib.
655 5554 717 5624 δ.
742 5553 904 5617 Galli,
937 5549 1121 5624 cap.__i
1158 5549 1285 5605 ante
1308 5549 1607 5624 medium.
1827 5587 1831 5592 ι

526 5625 556 5663 ιι
586 5619 788 5692 Nempe
820 5637 962 5677 anno
992 5619 1126 5692 745,
1179 5629 1409 5692 testante
1445 5621 1759 5692 Hepidanno
1804 5624 1889 5681 his
1923 5639 2047 5681 ver-

455 5692 540 5748 bis
578 5711 593 5747 :
653 5710 671 5743 ι
720 5690 974 5761 Sidonius
1023 5690 1768 5761 episcopusConstantiensis
1795 5705 1850 5750 et
1879 5697 2047 5752 abbas

455 5763 642 5835 Augia:
681 5762 742 5817 Β.
789 5759 1109 5817 Othmaruin
1157 5759 1225 5815 de
1270 5760 1532 5817 adulterio
1577 5768 1882 5831 aecusoit,
1923 5784 2046 5822 mox

2152 4712 2376 4767 missum
2406 4711 2459 4765 in
2492 4711 2763 4768 exsilium.
2804 4733 2822 4765 ι
3434 4737 3442 4743 -

2226 4793 2246 4821 ο
2282 4781 2719 4855 Ρριθιιιιυηγοιίη]
2745 4785 2997 4855 oppidum
3017 4828 3032 4852 ,
3067 4794 3204 4845 teste
3231 4787 3574 4847 Ekkehardo
3619 4793 3747 4847 infra

2151 4853 2385 4916 citando,
2418 4854 2620 4928 palatio
2646 4853 2796 4928 regio
2820 4855 3027 4911 illustre
3051 4856 3105 4928 (a
3129 4875 3237 4928 quo
3259 4860 3586 4918 l‘otamicus
3613 4865 3746 4919 lacus

2152 4939 2346 5003 nomen
2381 4925 2565 4985 traxit,
2593 4925 2742 5003 alias
2768 4927 3034 5003 Aemulus
3062 4925 3116 4983 et
3146 4925 3501 5003 Brigantinus
3532 4935 3743 5003 dictus).

2154 4994 2485 5071 destructum
2524 5001 2606 5048 est
2649 4996 2717 5071 a_b
2746 5012 2884 5071 anno
2911 4999 3044 5064 917,
3072 5016 3185 5071 _quo
3225 4994 3276 5054 ἰῖι
3306 5000 3432 5056 loco
3463 5016 3656 5071 postea
3686 4994 3746 5059 ibi

2141 5065 2606 5142 'tr‘ezediiicataarx
2649 5065 2883 5142 _Bodrrten
2925 5084 3020 5142 seu
3062 5065 3330 5142 Podmen,
3381 5065 3556 5142 quam
3603 5077 3747 5129 home

2151 5133 2394 5190 incolunt
2423 5135 2742 5190 nobilissimi
2768 5136 3044 5202 Bodmeni,
3070 5141 3147 5194 uti
3174 5133 3473 5197 Goldastus
3504 5145 3562 5198 in
3589 5146 3746 5199 Bithe-

2152 5205 2309 5282 hardi
2333 5211 2498 5282 caput
2517 5205 2552 5282 _l
2588 5207 2885 5262 adnotavit.
2917 5207 3054 5282 ilinc
3082 5225 3186 5282 non
3218 5211 3376 5282 longe
3405 5215 3585 5268 distat
3611 5217 3746 5270 loces

2153 5273 2322 5350 §tein,
2350 5273 2664 5350 situsjuxta
2684 5292 2952 5332 emersum
2981 5279 3155 5334 Rheni
3182 5296 3214 5336 e
3240 5273 3361 5337 laEu
3396 5283 3639 5350 Veneto,
3666 5286 3744 5340 ubi

2150 5345 2447 5418 Othmarus
2475 5348 2615 5418 diem
2643 5364 2956 5418 supremum
2989 5351 3144 5405 obiit.

2219 5416 2248 5455 ά
2289 5417 2444 5487 Apud
2471 5415 2786 5472 Goldastum
2820 5420 2871 5474 in
2917 5430 3060 5477 tomo
3091 5421 3154 5476 lii
3189 5421 3394 5478 Rerum
3429 5425 3743 5481 Alamanni-

2149 5501 2513 5567 carum,_pag.
2544 5487 2613 5542 54
2637 5499 2692 5567 et
2835 5491 3029 5567 legitur
3055 5493 3277 5567 donatio
3306 5493 3634 5567 Gautzperti
3673 5497 3742 5567 fa-

2149 5558 2776 5633 cta__Audomaro__al;bati
2825 5558 3175 5633 Dtit‘gaugiusi
3221 5568 3285 5619 de
3326 5558 3650 5621 monasterio
3690 5563 3741 5620 S.

2153 5625 2391 5752 gallonis
2450 5644 2502 5683 v1
2553 5628 2782 5686 Kalend.
2849 5625 3141 5699 Nouemb”
3191 5652 3332 5690 anno
3382 5653 3444 5692 Ill
3502 5649 3740 5709 regnant:

2205 5715 2400 5752 nmmo.

2205 5715 2400 5770 tppmo.
