3978 6310
229 404 362 462 1037

1534 388 1691 446 VlTA
1729 388 1790 442 S.
1830 383 2164 442 OTHMARI.

3376 382 3514 439 {058

227 528 347 568 rum
387 508 486 567 Dei
531 476 898 565 commendari
934 505 1004 560 ab
1034 501 1235 576 iniquis
1273 500 1608 575 principibus
1645 500 1816 574 impe-
1847 503 1897 563 Α
1923 512 2306 571 quamcunque
2332 508 2542 570 partem
2579 498 2736 555 navis
2763 498 3000 566 devenit,
3042 498 3257 570 rejectis
3298 499 3515 559 ﬂatibus

226 610 458 668 trasset,
510 600 566 656 in
610 599 846 672 quadam
889 597 1065 654 Rheni
1098 595 1334 653 fluminis
1383 593 1559 650 insula
1608 592 1828 649 nomine

226 692 378 748 Steiu
401 691 559 763 juxta
584 689 847 762 praedium
870 703 1026 743 suum
1057 684 1316 743 custodite
1339 683 1492 739 illum
1513 681 1824 754 deputavit:

230 785 319 841 ubi
357 784 503 840 idem
531 790 757 839 sanctus
782 780 947 838 Pater
972 777 1237 851 spirituali
1275 777 1648 833 tantummodo
1674 790 1829 832 exer-

230 877 375 943 citio,
404 876 462 932 id
501 885 589 932 est
626 874 966 931 orationibus
1002 888 1067 929 ac
1088 872 1310 946 jejuniis
1336 886 1567 939 vacans,
1595 885 1662 927 eo
1690 869 1846 926 libe-‘

230 968 340 1023 rius
370 967 603 1024 Domino
645 965 938 1023 deservivit
981 980 1090 1036 quo
1123 966 1193 1020 ab
1221 964 1460 1021 humana
1507 962 1824 1033 frequenta-

226 1061 373 1117 tione
403 1059 659 1131 eurisque
692 1058 1048 1115 saecularibus
1083 1057 1259 1113 fuerat
1296 1056 1596 1112 absolutus.
1640 1054 1737 1111 His
1772 1064 1828 1111 et

225 1153 498 1209 similibus
524 1160 667 1208 notat
702 1152 1004 1209 devotionis
1039 1151 1296 1207 insistens
1323 1151 1602 1224 operibus,
1634 1156 1828 1207 exacto

226 1258 333 1299 non
375 1243 533 1313 multi
566 1243 825 1317 temporis
852 1243 1057 1316 spatio,
1094 1244 1163 1298 ab
1189 1243 1274 1298 his
1297 1243 1583 1299 mundana:
1607 1250 1825 1314 pertur-

227 1334 465 1392 bationis
509 1336 781 1406 angustiis
828 1334 897 1390 ad
942 1334 1184 1391 ctelestis
1226 1335 1565 1391 latitudinem
1605 1337 1825 1407 gaudii,

225 1424 439 1482 decimo
474 1433 629 1484 sexto
667 1424 915 1498 [Chesnio
945 1425 1084 1481 male
1113 1426 1324 1484 decimo
1348 1425 1602 1501 septimo}
1630 1426 1825 1484 Kalen—

226 1517 419 1572 darum
464 1516 845 1573 Decembrium
895 1517 982 1573 die
1022 1517 1403 1591 commigravit
1440 1529 1502 1583 α,
1545 1527 1600 1574 et
1629 1533 1827 1591 corpus

225 1605 346 1677 ejus
375 1606 428 1662 in
465 1605 656 1664 eadem
684 1607 858 1663 insula
884 1607 1204 1663 tumulatum
1233 1607 1421 1665 multis
1440 1607 1695 1681 deinceps
1713 1607 1827 1666 die-

227 1710 327 1755 uus
352 1698 554 1755 ibidem
580 1700 700 1756 sine
728 1700 1076 1771 corruptione
1101 1700 1405 1770 permansit
1431 1700 1483 1754 δ.

837 1831 1066 1888 CAPUT
1108 1831 1217 1889 VII.

225 1943 470 2010 Qualiter
497 1953 611 2015 post
654 1944 879 2018 multum
909 1946 1160 2015 temporis
1194 1961 1384 2017 corpus
1419 1946 1535 2018 ejus
1563 1948 1821 2015 siue‘cor-

693 2015 937 2085 raptione
962 2025 1225 2086 reperturas
1250 2015 1343 2070 sit.

295 2125 543 2183 Evolutis
569 2133 752 2182 autem
782 2135 906 2197 post
929 2128 1219 2183 transitum
1255 2126 1373 2198 ejus
1408 2129 1595 2186 decem
1632 2130 1823 2199 annis,

225 2201 426 2271 fratres
445 2214 588 2271 illius
611 2232 710 2288 per
730 2216 995 2272 visionem
1022 2231 1053 2272 a
1078 2216 1307 2273 Domino
1336 2219 1650 2275 commoniti
1675 2228 1823 2287 sunt,

224 2312 285 2358 ut
310 2320 510 2374 corpus
545 2307 696 2361 chari
743 2305 923 2363 Patris
950 2307 1019 2363 ad
1056 2309 1448 2367 monasterium
1480 2310 1823 2367 reducerent.

226 2393 341 2450 Hoc
387 2394 662 2465 patefacto
699 2396 896 2452 divina:
922 2395 1219 2453 voluntatis
1265 2397 1523 2466 consilio,
1575 2399 1824 2455 undecim

226 2500 294 2542 ex
318 2486 522 2543 eisdem
552 2488 811 2545 fratribus
833 2498 995 2544 noctu
1020 2490 1087 2545 ad
1113 2489 1290 2545 locum
1318 2491 1371 2546 in
1399 2506 1506 2562 quo
1529 2493 1703 2548 sancti
1723 2492 1827 2547 viri

225 2581 435 2635 exurite
461 2582 820 2636 servabantur
842 2582 1155 2648 deveniunt,
1178 2591 1233 2639 et
1258 2583 1563 2654 sepulcrum
1591 2585 1814 2655 aperien'

227 2676 333 2733 tes,
371 2684 570 2739 corpus
593 2670 710 2739 ejus
737 2671 807 2726 ab
835 2672 983 2726 omni
1023 2674 1371 2743 corruptione
1413 2674 1639 2729 illaesum
1668 2671 1828 2746 repe-

227 2758 395 2824 riunt,
426 2769 654 2830 excepto
683 2761 829 2832 quod
854 2775 984 2832 pars
1012 2770 1254 2818 extrema
1286 2763 1441 2833 pedis
1468 2764 1627 2819 unius
1664 2779 1827 2835 quam

228 2863 369 2918 aqua
398 2849 688 2916 abluebat,
728 2856 939 2905 tantum
985 2851 1168 2907 colore
1210 2860 1418 2909 mutato
1458 2854 1613 2924 quasi
1645 2853 1828 2909 tabida

228 2941 535 2998 videbatur.
565 2941 632 2996 Et
657 2957 900 3015 congruo
921 2944 1057 3000 satis
1092 2945 1355 3001 miraculo
1375 2947 1548 3016 prima
1580 2947 1829 3002 sanitatis

230 3030 345 3099 ejus
389 3030 591 3086 indicia
633 3031 979 3100 claruerunt,
1018 3042 1079 3088 ut
1104 3034 1354 3091 videlicet
1396 3044 1503 3090 tam
1535 3034 1758 3092 illaesum
1798 3051 1831 3091 a

238 3122 582 3193 corruptione
608 3138 806 3192 corpus
830 3122 973 3179 illius
997 3123 1354 3192 inveniretur,
1377 3140 1540 3196 quam
1562 3124 1698 3182 liber
1718 3127 1834 3198 ipse

237 3212 413 3268 fuerat
447 3229 478 3268 a
507 3214 769 3281 crimine,
810 3214 966 3286 cujus
996 3216 1335 3288 oppositione
1362 3227 1645 3288 superatus
1676 3218 1831 3273 vide-
1859 3236 1903 3300 ο

229 3305 392 3360 batur
419 3305 488 3360 ad
521 3314 754 3376 tempus.
794 3305 909 3362 liae
955 3308 1140 3378 itaque
1185 3307 1364 3364 devoti
1408 3307 1608 3365 fratres
1646 3324 1830 3364 rerum

228 3393 797 3464 novitate,perfectius
828 3394 1104 3463 instructi,
1136 3411 1335 3467 corpus
1361 3396 1663 3453 honorifice
1689 3413 1836 3453 sum-

227 3496 381 3557 ptum
425 3489 529 3543 rati
574 3489 979 3559 imposuerunt,
1033 3498 1092 3545 et
1133 3489 1494 3545 aceendentes
1543 3490 1831 3557 candelas,

230 3596 393 3635 nuam
421 3582 489 3635 ad
515 3591 697 3652 caput,
730 3581 959 3638 alteram
984 3581 1389 3638 collocaverunt
1417 3593 1441 3622 ο
1473 3583 1541 3638 ad
1571 3584 1757 3654 pedes.

812 3739 1044 3797 CAPUT
1105 3738 1237 3797 Vill.

230 3855 410 3920 Quam
438 3853 755 3909 mirabiliter
793 3853 851 3909 in
888 3853 1235 3909 translatione
1277 3854 1512 3922 corporis
1554 3854 1670 3924 ejus
1701 3863 1830 3909 tem-

780 3934 953 3995 pestas
980 3924 1167 3979 sedata
1194 3924 1284 3977 sit.

304 4037 553 4107 Cumque
602 4034 819 4091 deserto
849 4033 1032 4090 littore
1077 4032 1306 4088 incertis
1337 4047 1395 4088 se
1423 4032 1675 4103 profundi
1725 4033 1830 4090 viis

230 4128 666 4193 commisissent,
682 4135 737 4182 et
755 4140 969 4182 summa
988 4124 1245 4180 instantia
1261 4122 1489 4195 remigio
1517 4123 1830 4180 insistentes

231 4222 337 4279 sub
393 4221 541 4276 omni
595 4219 877 4276 celeritate
932 4224 1195 4289 cuperent
1227 4230 1514 4283 remeare,
1570 4216 1830 4272 continuo

234 4321 391 4368 tanta
420 4311 507 4366 vis
541 4310 740 4382 pluviae
768 4319 825 4366 et
854 4317 1143 4366 ventorum
1167 4308 1441 4380 prorupit,
1485 4316 1546 4363 ut
1570 4313 1660 4364 vix
1694 4308 1832 4365 εσυ-

232 4406 385 4475 ιςὶιιηι
412 4417 471 4459 se
493 4404 785 4459 crederent
815 4402 1119 4459 habituros.
1169 4400 1275 4457 Sed
1313 4403 1449 4463 mira
1486 4403 1829 4472 omnipoten-

234 4497 308 4552 tis
348 4494 446 4551 Dei
500 4494 909 4566 dispensatione
934 4504 992 4550 et
1028 4496 1113 4567 (ut
1157 4493 1455 4563 credimus)
1500 4495 1676 4549 sancti
1723 4495 1825 4549 viri

233 4587 451 4643 meritis
479 4596 660 4641 actum
697 4593 802 4653 est,
832 4593 896 4640 ut
921 4587 1033 4656 ipsa
1061 4585 1226 4640 etiam
1263 4584 1551 4650 elementa,
1581 4600 1702 4655 qua:
1727 4600 1826 4639 no-
1865 4600 1911 4660 ι)

235 4678 322 4735 bis
346 4678 687 4735 insensibilia
704 4677 977 4745 videntur,
996 4676 1314 4733 famulantia
1342 4676 1423 4731 sui
1445 4677 1709 4733 creatoris
1736 4678 1833 4731 im-

237 4772 414 4844 perio,
463 4770 652 4839 quanti
684 4770 787 4825 viri
833 4769 1079 4841 reliquiae
1104 4769 1303 4825 ibidem
1351 4769 1679 4825 veherentur
1717 4786 1835 4826 seu-

240 4861 424 4917 'ireut.
466 4860 600 4916 Nam
645 4861 871 4933 pelagus
910 4862 1340 4932 circumquaque
1369 4860 1649 4917 imbrifera
1691 4871 1830 4918 tem-

241 4962 452 5024 pestate
500 4961 867 5019 commotum,
912 4953 1089 5008 undas
1142 4953 1196 5007 in
1245 4952 1414 5006 altum
1462 4953 1830 5022 suspendens,

237 5042 376 5098 nihil
410 5045 635 5100 omnino
676 5042 1070 5114 remigantibus
1106 5041 1368 5097 molestiae
1404 5041 1605 5109 intulit,
1650 5044 1746 5101 sed
1777 5043 1833 5100 in

315 5205 342 5236 ι
384 5193 621 5266 Expletis
646 5211 765 5266 non
783 5195 958 5250 minus
991 5193 1348 5266 quadraginta
1384 5194 1539 5250 annis
1570 5197 1838 5266 ιζεσίηιὶηἱε

235 5267 348 5332 sui,
380 5263 555 5337 inquit
589 5264 917 5321 Walafridus
942 5263 1063 5337 cap.
1095 5263 1253 5337 isne
1276 5263 1553 5337 Miraeulis
1574 5263 1643 5321 εξ
1664 5266 1832 5336 Galli;

237 5345 299 5418 et
322 5334 541 5407 quidem
573 5351 711 5390 anno
733 5337 952 5418 septimo
988 5334 1132 5405 regni
1161 5334 1396 5417 Pippini,
1420 5350 1483 5390 ex
1512 5337 1674 5393 lvone
1696 5334 1835 5396 infra

240 5406 338 5461 hb.
370 5422 385 5462 ι
424 5420 543 5466 cap.
572 5404 630 5466 5,
660 5407 887 5466 promde
915 5421 1060 5463 anno
1088 5406 1290 5462 Chrisu
1318 5421 1425 5462 non
1454 5406 1579 5466 758.
1612 5418 1671 5462 ut
1696 5412 1837 5466 anud

242 5420 338 5461 nn.
370 5422 385 5462 ι
424 5420 543 5476 cap.
572 5420 630 5469 ε),
659 5420 887 5476 promue
915 5421 1060 5463 anno
1088 5420 1290 5462 UDI‘tSit
1318 5421 1425 5462 non
1454 5420 1579 5473 tuo,
1612 5420 1671 5462 ut
1696 5420 1837 5480 apud

242 5476 625 5548 Hepidannum
649 5516 663 5541 ,
692 5491 805 5549 non
848 5477 973 5543 760,
1002 5477 1240 5549 ιιξᾼειριιά
1281 5476 1560 5549 Albertum
1582 5474 1839 5549 rrStaueu-

242 5546 359 5603 sem
387 5549 635 5618 abbatem
659 5561 674 5611 ;
714 5546 973 5618 sedpanno
1001 5546 1209 5618 759,'ut
1235 5554 1384 5618 recte
1409 5547 1549 5618 apud
1577 5548 1837 5618 Herman.

244 5634 372 5672 ninn
408 5617 760 5673 Coutractum
806 5616 1022 5688 legitur.
1069 5616 1233 5674 Certe
1272 5616 1539 5674 Joannem
1586 5617 1834 5676 0thmari

245 5703 616 5762 successorem
645 5727 660 5755 ,
708 5702 775 5743 ex
825 5690 1091 5762 monacho
1135 5690 1436 5762 Aegiensi,
1480 5691 1729 5762 eoenobio
1772 5693 1832 5747 S.

246 5757 383 5814 Galli
414 5758 693 5829 praefuisse
722 5773 865 5829 anno
884 5758 1015 5829 A761,
1038 5760 1202 5815 immo
1225 5757 1371 5815 anno
1400 5759 1525 5826 760,
1554 5770 1701 5829 patet
1725 5771 1835 5818 tum

247 5846 311 5884 ex
345 5826 535 5886 charta
572 5826 643 5884 44
688 5828 830 5899 apud
867 5827 1214 5898 Goldastum,
1265 5832 1387 5886 data
1419 5832 1503 5886 die
1542 5826 1831 5900 Donainiro,

1930 601 2200 647 tumentes
2254 591 2308 646 in
2360 606 2420 646 se
2463 590 2658 647 fluctus
2686 589 2974 661 depressit.
3009 590 3076 646 Et
3124 591 3196 647 ita
3245 593 3393 649 omni
3439 606 3513 651 ex

1889 744 1898 753 ,
1930 682 2083 755 parte
2104 682 2369 738 undarum
2397 681 2651 749 molibus,
2679 682 2935 738 imbrium
2966 684 3341 753 eﬂ'usionibus,
3384 700 3516 742 ven-

1932 783 2215 847 torumque
2241 774 2458 831 flatibus
2496 790 2605 831 non
2638 790 2809 846 parvo
2856 775 3075 831 dimotis
3116 778 3310 848 spatio,
3355 776 3514 851 quasi

1929 881 2057 937 sepe
2084 868 2317 938 quadam
2344 867 2546 937 scapha
2572 865 2911 938 cingebatur,
2941 875 3005 922 ut
3045 882 3114 923 ne
3156 884 3262 924 una
3289 871 3510 941 quidem

1927 956 2124 1029 pluviae
2154 966 2327 1030 gutta,
2358 973 2479 1029 qua:
2506 957 2630 1014 hinc
2652 959 2777 1016 inde
2802 960 3156 1017 vehementer
3189 961 3512 1029 inundabat,

1929 1046 1985 1102 in
2018 1046 2164 1103 illam
2192 1047 2563 1105 descenderet.
2588 1048 2744 1105 Cerei
2773 1066 2989 1122 quoque
3009 1051 3100 1122 qui
3132 1052 3191 1107 in
3228 1053 3375 1110 beati
3409 1053 3513 1110 Pa.

1930 1138 2030 1194 tris
2058 1136 2379 1213 obsequium
2410 1141 2666 1196 ardentes
2694 1142 2760 1196 ad
2791 1152 2955 1212 caput
2984 1143 3254 1214 pedesque
3291 1143 3514 1202 fuerant

1929 1232 2210 1298 collocati,
2275 1230 2457 1286 lumen
2520 1231 2711 1302 primae
2775 1233 3113 1289 accensionis
3173 1246 3518 1306 nequaquam

1928 1326 2254 1389 amiserunt,
2280 1322 2638 1393 quoadusque
2665 1337 2862 1394 corpus
2887 1322 3004 1392 ejus
3037 1325 3107 1380 ad
3127 1326 3517 1385 monasterium

1930 1418 2255 1476 deferretur.

2545 1484 2776 1543 CAPUT
2821 1485 2914 1542 IX.

1928 1582 2008 1636 De
2055 1580 2382 1637 abundantia
2427 1590 2583 1652 potus
2628 1580 2841 1652 caelitus
2874 1580 3289 1649 subministrati,
3339 1592 3389 1639 et
3426 1585 3518 1641 ubi

2036 1668 2224 1722 corpus
2254 1652 2372 1722 ejus
2401 1650 2516 1722 post
2540 1650 2941 1706 translationem
2966 1653 3035 1706 sit
3065 1653 3408 1710 tumulatum.

1999 1744 2161 1801 Aliud
2191 1745 2370 1802 adhuc
2395 1752 2571 1803 restat
2600 1742 2922 1801 miraculum
2949 1745 3094 1814 quod
3119 1745 3175 1801 in
3213 1746 3403 1804 eadem
3431 1762 3518 1804 sa-

1851 1864 1897 1924 B
1929 1836 2011 1892 cri
2042 1835 2290 1908 corporis
2326 1835 2685 1893 translatione
2707 1836 2921 1892 devotis
2959 1834 3223 1894 fratribus
3252 1837 3517 1897 Dominus

1924 1925 2203 1999 patefecit.
2239 1925 2380 1982 Nam
2412 1941 2539 1984 cum
2584 1942 2654 1983 ex
2700 1926 2866 1983 nimia
2915 1927 3215 2000 remigandi
3258 1929 3516 1987 instantia

1925 2017 2087 2084 fessi,
2121 2018 2445 2075 adveniente
2472 2018 2794 2076 refectiouis
2822 2020 2962 2077 hora
2999 2022 3066 2076 ad
3108 2022 3515 2093 recuperanda

1926 2106 2190 2164 alimento
2209 2122 2477 2179 corporeo
2502 2109 2670 2174 vires,
2699 2107 2952 2166 laudibus
2966 2109 3182 2167 Domini
3218 2112 3517 2182 praemissis

1924 2200 2319 2267 consedissent,
2346 2200 2676 2271 tandemque
2705 2199 2848 2257 felici
2877 2204 3130 2259 convivio
3149 2203 3515 2261 intermisceri

1929 2302 2089 2365 potus
2115 2291 2311 2348 solatia
2337 2284 2779 2360 commonerent,
2818 2308 2958 2349 unus
3001 2282 3376 2351 ministrorum
3425 2295 3514 2352 in-

1938 2383 2065 2441 tulit
2091 2382 2225 2439 nihil
2271 2383 2347 2439 ibi
2370 2383 2483 2454 jam
2520 2392 2745 2454 potuum
2774 2399 3092 2456 superesse,
3133 2395 3334 2459 praeter
3371 2390 3516 2460 quod

1932 2478 1989 2534 in
2022 2477 2259 2533 ilascoue
2304 2492 2477 2547 parvo
2516 2479 2859 2545 servabatur,
2899 2480 3045 2536 unde
3090 2482 3181 2537 vix
3221 2485 3517 2556 unicuique

1929 2567 2215 2639 quippiam
2262 2566 2332 2623 ad
2374 2570 2702 2640 gustandum
2744 2571 3093 2645 potiusquam
3124 2573 3194 2629 ad
3222 2575 3517 2632 bibendqu

1929 2658 2160 2730 praeberi
2203 2659 2489 2728 potuisset.
2539 2658 2620 2715 llli
2670 2675 2803 2716 vero
2850 2662 3239 2720 miraculorum
3278 2666 3518 2733 Domini,

1929 2751 2203 2819 quomodo
2229 2750 2419 2822 paucis
2438 2751 2672 2822 panibus
2698 2751 3101 2810 multitudinem
3125 2756 3404 2813 hominum
3423 2774 3522 2830 pa—

1931 2839 2071 2894 verit
2097 2854 2469 2907 numerosam,
2512 2841 2777 2900 facientes
2805 2845 3171 2914 mentionem,
3215 2863 3284 2903 ex
3328 2850 3519 2907 eodem

1930 2944 2099 3001 parvo
2120 2930 2264 2999 quod
2294 2931 2587 3001 habebant,
2615 2936 2828 2991 cunctis
2860 2937 2952 3007 qui
2980 2938 3208 2995 aderant
3233 2955 3360 2997 cum
3389 2942 3521 2998 chao

1934 3017 2100 3074 ritate
2121 3019 2374 3077 distribui
2403 3021 2670 3079 fecerunt.
2706 3024 2773 3080 Et
2795 3025 2994 3082 mirum
3024 3027 3080 3083 in
3106 3030 3328 3086 modum
3355 3032 3525 3102 cwpit

1937 3108 1994 3164 in
2019 3109 2210 3166 eodem
2250 3114 2469 3170 vasculo
2507 3114 2585 3169 ita
2613 3115 2843 3186 liquoris
2886 3118 3117 3175 haustus
3156 3135 3429 3189 crescere,
3465 3135 3528 3179 ut

1937 3200 2192 3256 continua
2210 3200 2473 3259 effusione
2499 3204 2633 3261 nihil
2656 3205 2831 3261 minui
2850 3207 3147 3275 videretur,
3169 3212 3526 3284 quoadusque

1934 3295 2183 3353 bibentes
2206 3297 2524 3369 poculorum
2553 3300 2710 3371 copia
2734 3302 3107 3360 vincerentur.
3125 3305 3288 3378 Ergo,
3319 3319 3419 3376 pro
3443 3306 3526 3361 rei

1934 3386 2178 3442 novitate
2224 3387 2619 3458 obstupefacti,
2674 3391 2918 3462 largitori
2959 3396 3204 3451 omnium
3257 3398 3524 3454 bonorum

1935 3475 2187 3542 Domino,
2221 3478 2314 3547 qui
2341 3479 2424 3534 eis
2454 3487 2563 3535 tam
2596 3481 2919 3538 mirabiliter
2959 3482 3336 3543 sufficientiam
3382 3504 3527 3560 pra:-

1933 3566 2071 3631 buit,
2107 3567 2321 3623 debitas
2349 3570 2650 3640 gratiarum
2687 3572 2930 3630 actiones
2952 3589 3078 3629 cum
3122 3575 3373 3633 laudibus
3397 3595 3526 3650 per-

1932 3656 2230 3711 solverunt.
2264 3657 2571 3729 Statimque
2592 3668 2654 3715 nt
2681 3661 2789 3717 iter
2812 3671 3049 3734 coeptum
3072 3664 3259 3721 itidem
3282 3670 3521 3740 aggressi

1931 3757 2082 3815 sunt,
2115 3749 2168 3804 in
2195 3750 2417 3806 vasculo
2447 3760 2606 3822 potus
2630 3753 3147 3827 cessavit.Cumque
3177 3759 3348 3829 optati
3380 3758 3528 3815 litto~

1931 3840 2011 3895 ris
2039 3849 2255 3911 portum
2278 3843 2575 3908 subissent,
2606 3842 2870 3899 fratribus
2899 3846 2993 3915 qui
3019 3846 3235 3901 obviam
3261 3864 3385 3904 cum
3428 3848 3527 3905 Dei

1932 3932 2186 3987 laudibus
2212 3942 2501 3999 venerunt,
2531 3948 2652 4003 qua:
2680 3943 2832 4005 gesta
2863 3935 3091 3991 fuerant
3110 3952 3177 3991 ex
3207 3939 3401 3993 ordine
3445 3955 3527 3994 re-

1933 4027 2228 4088 texerunt;
2262 4022 2645 4092 celebratoque
2682 4023 2738 4076 in
2775 4037 3066 4080 commune
3094 4027 3314 4096 gaudio,
3346 4031 3524 4083 sancti

1931 4109 2035 4164 viri
2057 4125 2255 4181 corpus
2283 4126 2479 4183 magno
2491 4118 2764 4183 sumptum
2788 4127 2910 4168 cum
2931 4114 3137 4171 honore
3161 4116 3230 4172 ad
3256 4127 3530 4174 monaste-

1930 4201 2074 4256 rium
2119 4203 2535 4270 transtuleruut,
2584 4213 2641 4260 et
2684 4204 2829 4260 inter
2872 4219 3024 4260 aram
3078 4208 3253 4264 sancti
3301 4206 3528 4266 Joannis

1931 4292 2190 4363 Baptistae
2213 4302 2268 4349 et
2294 4295 2562 4364 parietem
2594 4296 2649 4352 in
2692 4299 3032 4372 sarcophago
3066 4311 3389 4372 posuerunt.
3422 4301 3528 4362 Ubi

1932 4385 2099 4439 etiam
2131 4386 2475 4455 postmodum
2513 4386 2686 4457 ipsius
2714 4388 3040 4447 facientibus
3067 4393 3277 4449 meritis
3314 4407 3524 4449 memo-

1933 4474 2014 4529 ria
2032 4475 2191 4545 digna
2206 4475 2468 4533 Dominus
2492 4478 2747 4550 dignatus
2769 4491 2852 4538 est
2866 4484 3221 4541 manifestare
3239 4485 3526 4542 miracula.

2574 4592 2803 4652 CAPUT
2841 4594 2908 4652 Χ.

2030 4680 2213 4738 Huius
2238 4691 2285 4737 et
2312 4684 2506 4740 surdus
2533 4685 2603 4740 ad
2633 4687 2928 4759 sepulcrum
2960 4689 3073 4761 ejus
3097 4702 3173 4747 est
3210 4704 3450 4752 curatus.

2004 4774 2252 4846 Denique
2298 4777 2530 4848 quodam
2578 4787 2821 4847 tempore
2857 4781 3054 4837 surdus
3082 4789 3137 4839 et
3177 4795 3361 4842 mutus
3400 4802 3526 4843 cum

1936 4867 2260 4939 quibusdam
2311 4870 2378 4924 de
2408 4870 2603 4925 vicinis
2652 4870 2784 4925 locis
2829 4874 3094 4931 orationis
3126 4890 3292 4935 causa
3341 4894 3531 4936 momi-

1937 4961 2163 5016 sterium
2188 4961 2515 5017 adeuntibus
2542 4964 2714 5018 venit.
2733 4964 2802 5019 Et
2815 4966 3260 5039 quiaaprimaava
3283 4981 3445 5032 aetate
3474 4984 3530 5031 et

1938 5051 2230 5109 locutionis
2277 5061 2332 5108 et
2371 5052 2587 5110 auditus
2610 5057 2830 5113 carebat
2864 5057 3083 5128 officiis,
3130 5064 3357 5121 tabellas
3388 5066 3528 5123 duas

1938 5221 1973 5259 ν
2004 5204 2404 5284 Νοηαε-μαῆαε
2434 5219 2683 5284 regnante
2730 5211 2985 5284 Pippiua,
3017 5217 3070 5273 id
3101 5227 3185 5275 est
3213 5184 3354 5276 anno
3383 5218 3481 5278 761
3510 5222 3527 5273 ὅ

1941 5284 2149 5371 suae
2169 5276 2744 5371 aae::-..m;§9:9_=esa
2768 5276 2907 5371 ένίιιρ
2929 5276 3108 5371 mem
3122 5288 3345 5371 ,ιςίρρεηε
3370 5276 3527 5371 "ait:

1938 5348 2025 5401 die
2049 5348 2117 5402 15
2153 5347 2535 5431 ίαηιιανὸἰ-,ηξη
2574 5354 2805 5423 gratiam
2834 5353 3058 5414 Joannis
3085 5347 3299 5417 abhat'is
3322 5400 3339 5428 ,
3384 5347 3529 5431 quod

1940 5419 2197 5473 convenit
2229 5434 2372 5473 anno
2398 5420 2520 5475 760.

1924 5548 1980 5567 ,Α
2012 5489 2040 5528 δ
2071 5489 2291 5567 Omittit
2322 5491 2426 5567 hoc
2472 5492 2590 5567 loco
2634 5492 2964 5567 Walafridus
2994 5498 3271 5567 interitum
3319 5499 3530 5558 Sidonii

1939 5558 2375 5656 (eloristantieusis
2408 5564 2683 5656 episqopil,
2719 5569 2789 5623 ob
2822 5562 3182 5656 direptas-[es
3213 5575 3527 5656 monasterii

1943 5630 2003 5686 S.
2022 5629 2271 5703 Gallae:
2293 5646 2410 5703 cap.
2438 5634 2506 5690 l8
2526 5629 2890 5695 de’Miraculis
2910 5629 2969 5694 δ’.
2993 5639 3128 5696 Galli
3156 5642 3526 5703 repetendum.

2018 5712 2040 5741 ο
2072 5700 2130 5759 Id
2171 5700 2378 5759 factum
2413 5720 2556 5761 anno
2593 5708 2699 5764 769
2742 5719 2895 5766 recte
2943 5713 3137 5768 statuit
3186 5700 3530 5770 Hermannns

1944 5771 2290 5831 Contractus.
