3978 6310
486 445 626 500 1039

1015 427 1407 490 WALAFRIDI
1448 430 1694 486 STRABI
1731 425 1932 485 FULD.
1976 423 2139 479 MON.
2181 420 2333 478 OPP.
2371 419 2548 477 PARS
2585 419 2649 476 ll.
2687 449 2758 460 —
2796 415 3186 473 HISTORICA.

3631 413 3774 472 1040

482 552 1517 626 collodependentesgestabat,quarum
1531 544 1810 601 collisione
1824 540 2070 598 etsonitu
2097 541 2148 602 Α
2175 536 2482 607 sepulcrum
2510 554 2521 588 ε
2551 548 2785 626 mosque
2801 534 3135 626 immensum
3165 529 3319 626 aliud
3341 529 3621 601 lignorum
3642 546 3776 600 pori-

481 646 872 708 misericordiae
897 659 1050 716 Opus,
1083 640 1227 712 quod
1254 655 1385 695 voce
1411 637 1690 708 nequibat,
1716 634 2065 706 precabatur.

477 744 530 800 Is
556 758 681 800 cum
714 742 827 798 suis
853 737 1259 794 conviatoribus
1288 732 1575 788 ecclesiam
1617 730 1913 800 ingressus,
1941 727 2070 780 dum

479 853 575 895 eos
587 835 815 908 singulis
832 833 1095 888 altaribus
1108 828 1403 901 particulas
1416 843 1576 891 certe,
1593 825 1752 882 sicuti
1772 838 2068 896 pauperum

480 944 564 1011 est
607 931 980 996 consuetudo,
1012 930 1293 1000 imponere
1337 926 1702 994 conspiceret,
1741 921 1807 975 ad
1835 920 1940 974 viri
1978 917 2070 972 Dei

487 1009 795 1098 sepuicrum
827 1020 1115 1085 accedens,
1141 1016 1354 1071 tabulas
1383 1030 1518 1085 quas
1548 1011 1797 1084 gestabat
1841 1009 2072 1077 desuper

479 1118 681 1192 posuit,
712 1129 942 1185 seseque
963 1111 1117 1182 quasi
1142 1119 1399 1164 oraturus
1425 1114 1552 1160 ante
1575 1104 1700 1159 illud
1730 1099 2026 1171 prostravit
2052 1115 2067 1164 ;

478 1217 535 1284 et
561 1207 810 1279 protinus
855 1204 962 1260 alto
992 1216 1187 1273 sopore
1225 1201 1538 1269 depressus,
1590 1205 1650 1285 ut
1689 1196 1807 1265 ipse
1838 1200 2074 1264 postmo-

479 1299 608 1356 dum
645 1297 851 1361 retulit,
881 1309 1066 1350 senem
1095 1290 1386 1362 quemdam
1426 1289 1567 1344 facie
1593 1287 1848 1350 nitidum,
1885 1297 2074 1338 mona-

477 1392 636 1449 chico
663 1388 850 1445 habitu
876 1385 1196 1458 gloriosum,
1221 1381 1378 1451 quasi
1404 1397 1434 1436 e
1467 1378 1672 1434 tumulo
1710 1376 1844 1431 vidit
1881 1388 2073 1444 proce-

478 1484 609 1538 dere
631 1481 900 1537 dicentem
927 1477 1026 1533 sibi
1061 1495 1074 1531 :
1105 1474 1150 1531 Ο
1178 1475 1364 1539 homo,
1391 1489 1489 1529 cur
1530 1472 1621 1526 hic
1656 1483 1853 1540 sopore
1894 1464 2074 1535 depri-

479 1573 690 1630 meris?
733 1571 976 1640 Cumque
1025 1568 1094 1622 ad
1151 1567 1487 1636 interrogata
1551 1561 1687 1618 nihil
1736 1559 1952 1630 penitus
1996 1570 2075 1611 re-

480 1664 751 1738 spondere
797 1663 1095 1735 potuisset,
1150 1660 1334 1715 senior
1380 1657 1449 1712 ad
1497 1671 1621 1710 eum
1655 1654 1832 1708 dixit:
1867 1650 2070 1720 Surge,

478 1766 536 1813 et
565 1755 1030 1812 incommodorum
1063 1752 1261 1822 quibus
1286 1751 1552 1805 hactenus
1578 1745 1860 1808 laborasti,
1891 1756 2072 1797 reme-

480 1850 631 1904 dium
661 1863 692 1902 a
719 1861 808 1902 me
835 1845 930 1900 tibi
963 1845 1313 1915 impetratum
1357 1840 1518 1896 scias.
1553 1839 1698 1908 Ergo
1725 1834 1924 1890 tabulis
1951 1833 2073 1888 istic

484 1938 730 1994 dimissis
751 1934 1148 2005 confestimque
1185 1931 1520 1988 monasterio
1549 1927 1837 1990 decedens,
1869 1925 2073 1980 donum
2106 1901 2150 1961 Β
2178 1913 2391 1968 M5561-

480 2045 516 2094 a,
543 2027 656 2083 Deo
683 2025 782 2081 tibi
806 2037 1126 2080 concessum
1169 2021 1224 2075 in
1267 2022 1373 2075 hoc
1418 2019 1538 2075 loco
1584 2016 1790 2072 nemini
1843 2014 2074 2084 pandas.

483 2117 590 2185 Qui
620 2130 747 2171 cum
781 2111 1046 2183 evigilans
1091 2110 1456 2173 surrexisset,
1494 2108 1594 2162 sub
1631 2119 1827 2175 magna
1859 2104 2078 2158 festina-

481 2209 630 2264 tione
655 2204 986 2260 monasterio
1007 2203 1303 2274 digressus,
1341 2199 1600 2255 inclinato
1622 2198 1733 2268 jam
1755 2197 1843 2252 die
1869 2195 2078 2266 vesperi

482 2299 550 2353 ad
579 2295 859 2366 cujusdam
888 2294 1114 2365 Ratgozi
1143 2291 1380 2364 potentis
1411 2290 1512 2345 viri
1562 2289 1859 2358 hospitium
1900 2288 2078 2343 diver-

481 2391 570 2444 tit.
605 2389 850 2458 Cumque
877 2388 945 2442 ab
982 2387 1071 2441 illo
1102 2386 1532 2455 interrogaretur
1557 2384 1702 2438 unde
1728 2383 1958 2448 veniret,
1983 2397 2080 2452 per

480 2484 728 2539 ordinem
754 2481 1029 2553 exposuit,
1053 2480 1166 2546 ubi,
1193 2478 1410 2550 quando
1436 2486 1490 2532 et
1518 2477 1790 2547 quomodo
1829 2476 2080 2532 sanitatis

483 2574 686 2628 donum
718 2570 913 2626 fuisset
941 2570 1188 2640 adeptus.
1241 2569 1311 2623 At
1339 2568 1430 2622 ille
1462 2567 1764 2622 narrationi
1809 2564 1928 2634 ejus
1973 2579 2079 2619 non

481 2665 732 2730 credens,
782 2663 958 2720 teneri
1006 2678 1130 2716 eum
1160 2670 1215 2716 et
1241 2660 1502 2715 custodiri
1533 2659 1812 2730 praecepit,
1857 2659 2082 2728 ipseque

483 2756 770 2811 veritatem
817 2754 898 2808 rei
929 2751 1133 2807 certius
1159 2751 1540 2820 inquisiturus,
1585 2749 1772 2804 eadem
1818 2757 1978 2802 nocte
2013 2747 2080 2801 ad

483 2844 874 2900 monasterium
906 2843 1075 2906 venit,
1106 2849 1162 2895 et
1193 2841 1407 2894 tabulas
1436 2855 1601 2908 super
1631 2839 1903 2893 tumulum
1938 2839 2081 2909 posi-

480 2945 569 2991 tas
599 2935 818 3004 reperit.
846 2932 1202 2989 Conviatores
1229 2947 1444 3001 quoque
1469 2933 1644 2986 sanati
1677 2947 1799 2987 cum
1843 2931 2082 2986 invenis-

485 3036 573 3083 set
618 3027 796 3081 adhuc
824 3023 1072 3094 ejusdem
1102 3022 1231 3077 facti
1260 3022 1499 3092 ignaros,
1547 3022 1834 3093 diligenter
1877 3022 1944 3076 ab
1974 3021 2080 3076 illis

479 3115 858 3186 inq'uisivit,-si
889 3113 1050 3169 talem
1077 3113 1353 3168 hominem
1379 3113 1768 3167 monasterium
1792 3121 2078 3182 pergentes

2173 627 2273 683 dus
2311 625 2618 681 corruentis
2649 623 2940 692 impulsum
2978 630 3185 676 attactu
3224 620 3277 675 in
3307 619 3422 691 ipso
3453 634 3583 675 eum
3615 636 3776 675 casus

2171 720 2338 775 exitio
2359 721 2591 789 desuper
2611 717 2848 787 operuit.
2868 715 3111 786 Cumque
3133 723 3375 770 astantes
3389 722 3776 778 occurrerent,

2171 811 2301 866 utei
2325 826 2484 881 quem
2501 809 2613 878 jam
2643 809 2951 863 exanimem
3000 807 3367 871 crediderunt,
3419 806 3642 860 funeris
3689 807 3781 860 de-

2171 903 2282 958 bita
2339 903 2744 974 persolverent,
2798 901 3010 956 sublato
3055 898 3325 970 lignorum
3379 899 3633 969 pondere
3683 896 3783 951 ali-

2173 995 2513 1064 quantisper,
2539 992 2716 1047 nullos
2743 991 3112 1046 membrorum
3141 998 3321 1045 motus
3358 989 3665 1044 ostendens
3698 987 3780 1056 jac

2173 1085 2314 1150 cuit;
2372 1099 2437 1139 ac
2470 1084 2664 1139 deinde
2716 1098 2816 1152 per
2850 1082 3006 1152 longa
3057 1081 3290 1152 suspiria
3337 1078 3572 1134 halitum
3625 1093 3780 1131 resu-

2173 1191 2351 1241 mens,
2390 1175 2597 1245 absque
2626 1174 2732 1228 ulla
2761 1174 2981 1228 lesione
3013 1172 3250 1228 surrexit
3281 1171 3603 1235 incolumis,
3638 1179 3695 1224 et
3714 1170 3783 1224 ad

2174 1265 2392 1336 incoapti
2426 1265 2614 1336 operis
2643 1263 2885 1318 laborem
2917 1263 3080 1318 rediit
3106 1263 3368 1333 gaudens.
3413 1261 3622 1315 Inrhoc
3652 1275 3782 1330 ergo

2173 1360 2441 1416 miraculo
2487 1358 2633 1414 haud
2683 1357 2846 1412 dubie
2876 1356 3048 1411 sancti
3101 1355 3277 1410 Patris
3324 1353 3527 1408 merita
3561 1351 3780 1406 clarue-

2175 1459 2324 1516 runt,
2347 1467 2467 1506 cum
2483 1459 2537 1506 et
2561 1449 2789 1504 altitudo
2815 1449 2940 1504 tecti
2969 1447 3108 1504 unde
3131 1446 3480 1517 supradictus
3499 1444 3675 1499 homo
3697 1457 3783 1499 eeo

2176 1542 2400 1606 ciderat,
2447 1556 2555 1596 non
2604 1541 2785 1595 minus
2829 1539 3187 1610 quadraginta
3229 1538 3426 1608 pedum
3461 1551 3728 1591 mensura
3753 1551 3783 1589 a

2177 1643 2321 1710 terra
2348 1643 2492 1690 esset
2521 1647 2804 1703 suspensa,
2835 1640 2892 1687 et
2932 1630 3146 1702 pondus
3178 1631 3473 1700 insequens
3521 1644 3782 1684 corruen-

2179 1735 2288 1784 tem
2341 1729 2485 1799 quod
2542 1729 2609 1782 ad
2672 1727 2965 1783 multorum
3022 1727 3305 1782 hominum
3363 1726 3782 1796 oppressionem

2181 1821 2475 1886 sufﬁceret,
2524 1821 2737 1892 operire
2789 1820 3159 1891 praecipitem,
3205 1834 3314 1875 non
3360 1828 3662 1875 conterere
3694 1834 3784 1888 po-

2767 2000 2995 2058 CAPUT
3035 2000 3173 2056 XIII.

2524 2092 2841 2148 Contractus
2867 2093 3089 2148 sanitati
3129 2092 3426 2148 restitutus.

2249 2184 2373 2241 Alio
2399 2196 2643 2254 tempore
2681 2200 2856 2240 cazcus
2903 2183 3124 2254 quidam
3165 2183 3491 2249 adveniens,
3548 2182 3784 2253 hospitio

2177 2292 2475 2348 pauperum
2507 2276 2927 2332 necessitatibus
2969 2285 3273 2347 praeparato
3312 2285 3617 2346 susceptus
3657 2285 3782 2338 est;

2183 2377 2236 2424 et
2268 2377 2428 2424 nocte
2451 2367 2644 2423 eadem
2691 2383 2814 2423 cum
2838 2367 3122 2424 ecclesiam
3150 2366 3314 2441 vellet
3340 2369 3502 2422 adire
3526 2367 3785 2436 puerulus

2183 2461 2275 2530 qui
2299 2461 2349 2515 ei
2371 2460 2627 2515 ducatum
2647 2459 2889 2529 praebere
2911 2458 3281 2525 debuerat,ob
3300 2459 3540 2513 nimiam
3573 2459 3785 2528 frigoris

2181 2553 2528 2621 asperitatem
2557 2550 2723 2606 officii
2746 2551 2829 2605 sui
2862 2552 3080 2620 negavit
3098 2550 3382 2618 juvamen.
3414 2551 3675 2621 Cumque
3711 2553 3784 2606 ni-

2180 2641 2284 2696 mis
2332 2639 2538 2695 doleret
2585 2640 2727 2710 quod
2769 2648 2934 2694 tantae
2973 2639 3303 2694 solenmitati
3353 2641 3634 2694 interesse
3682 2655 3784 2694 non

2179 2739 2485 2788 mereretur
2535 2731 2729 2803 (erant
2783 2732 2982 2802 quippe
3027 2731 3321 2787 Dominicat
3361 2732 3471 2786 diei
3534 2731 3780 2802 vigiliae),

2179 2823 2494 2879 adolescens
2516 2823 2736 2892 quidam
2766 2823 2843 2877 ita
2872 2823 3134 2878 membris
3157 2821 3416 2877 omnibus
3438 2832 3779 2884 contractas.

2179 2923 2240 2969 ut
2266 2930 2373 2970 non
2401 2913 2560 2968 aliter
2605 2928 2880 2982 quoquam
2908 2913 3160 2968 incedere
3200 2927 3367 2983 quam
3401 2914 3665 2967 manibus
3706 2929 3782 2966 re-

2178 3005 2385 3075 ptando
2425 3004 2724 3074 potuisset;
2776 3019 2899 3057 cum
2949 3003 3005 3058 in
3051 3003 3242 3058 eodem
3276 3003 3399 3058 loco
3450 3004 3780 3073 quiesceret,

2179 3093 2293 3163 ejus
2317 3094 2489 3150 dolori
2517 3109 2835 3165 compassus
2862 3094 2928 3148 de
2962 3094 3102 3150 lecto
3135 3109 3198 3148 se
3231 3095 3532 3165 protraxit,
3566 3104 3619 3148 et
3643 3094 3782 3164 quali

479 3211 539 3266 in
568 3209 833 3266 comitatu
861 3207 1183 3263 habuissent
1212 3221 1226 3260 :
1252 3214 1307 3260 et
1333 3205 1593 3261 continuo
1631 3217 1696 3258 ex
1727 3219 1914 3258 eorum
1953 3219 2076 3256 nar-

2182 3185 2353 3255 potuit
2381 3185 2577 3241 solatio
2603 3187 2731 3240 caeci
2764 3185 2994 3256 vestigia
3026 3185 3190 3240 rexit.
3222 3184 3291 3240 Ut
3319 3200 3455 3256 ergo
3493 3185 3780 3239 ecclesiam

481 3260 1019 3356 Eliglggpa‘ess'e
1050 3313 1170 3368 qum
1217 3298 1360 3352 domi
1383 3260 1652 3352 audierat
1699 3295 2072 3364 deprehendit.
2105 3260 2150 3322 (ἶ
2183 3276 2546 3341 intraverunt,
2577 3275 2694 3329 utili
2725 3290 2915 3330 errore
2939 3275 3006 3329 ad
3035 3274 3349 3344 sepulcrum
3395 3274 3652 3331 Othmari
3695 3289 3781 3328 ve-

481 3382 613 3463 Quze
641 3409 727 3450 res
771 3402 826 3449 et
858 3391 1216 3462 praesentibus
1267 3390 1428 3446 citius
1469 3389 1724 3454 innotuit,
1771 3397 1826 3443 et
1871 3387 1937 3441 ad
1977 3401 2077 3441 nos

483 3500 656 3555 usque
683 3484 946 3540 relatione
981 3481 1220 3538 veridica
1247 3481 1517 3552 pervenit.

1104 3615 1332 3671 CAPUT
1372 3613 1462 3670 Xl.

497 3708 774 3774 Quomodo
802 3706 894 3760 lux
924 3707 976 3759 in
1009 3706 1186 3760 eodem
1222 3707 1335 3760 loco
1364 3707 1565 3761 crelitus
1592 3707 1716 3760 data
1750 3710 2074 3778 apparuerit.

557 3817 849 3889 Presbyter
899 3816 1118 3885 quidam
1157 3833 1226 3871 ex
1256 3817 1370 3886 ipsa
1400 3818 1820 3887 congregatione
1861 3819 2076 3874 nomine

485 3907 690 3973 Tanco,
724 3907 852 3963 dum
880 3908 934 3962 in
957 3907 1144 3962 eadem
1173 3907 1414 3962 Ecclesia
1444 3909 1686 3963 custodis
1717 3907 1954 3963 officium
1986 3925 2079 3978 ge-

485 4010 651 4067 reret,
685 4008 963 4055 nocturnae
995 3999 1190 4070 quietis
1237 4008 1483 4071 tempore
1511 4016 1610 4070 pm
1647 4001 1956 4057 reficiendis
1997 4003 2080 4058 lu-

487 4093 787 4148 minaribus
823 4091 1106 4146 basilicam
1147 4091 1342 4145 solitus
1373 4091 1625 4159 introire,
1660 4093 1831 4146 tribus
1870 4093 2079 4148 vicibus

485 4201 625 4258 pene
662 4184 846 4238 omnia
874 4183 1079 4253 reperit
1105 4183 1394 4238 exstincta.
1435 4182 1516 4237 Ad
1541 4183 1718 4238 sancti
1757 4193 1938 4238 autem
1975 4185 2077 4238 viri

483 4275 797 4346 sepulcrum
831 4273 1172 4344 perveniens,
1203 4273 1485 4326 ardentem
1519 4288 1739 4328 cereum
1764 4264 1920 4340 juxta
1947 4273 2078 4330 illud

486 4365 711 4426 invenit,
758 4364 1043 4432 sciensque
1087 4361 1306 4416 luminis
1352 4363 1496 4417 illius
1529 4364 1896 4418 administrari
1923 4365 2077 4419 coali-

491 4465 580 4510 tus
594 4455 959 4528 splendorem,
983 4454 1329 4523 exstinguere
1353 4469 1456 4508 non
1482 4455 1844 4524 przesupmsit.
1865 4455 1932 4511 Ut
1950 4472 2079 4513 vero

485 4544 759 4609 discessit,
792 4543 879 4596 lux
935 4557 1056 4612 qua:
1087 4558 1182 4613 per
1231 4558 1290 4598 se
1349 4552 1596 4608 venerat,
1654 4560 1750 4614 per
1799 4560 1859 4600 se
1912 4546 2077 4600 etiam

484 4638 763 4692 subtracta
782 4642 887 4693 est.
927 4634 1030 4694 Ubi
1057 4642 1112 4688 ct
1150 4633 1215 4687 ad
1246 4633 1469 4702 majoris
1509 4635 1765 4689 indicium
1793 4635 2078 4702 miraculi,
2112 4626 2162 4687 D

467 4727 627 4798 ignis
653 4727 873 4797 quidem
903 4726 956 4779 in
1001 4725 1228 4780 candela
1270 4725 1430 4779 solito
1461 4725 1738 4791 rutilabat,
1766 4741 1906 4781 certe
1949 4743 2081 4782 vero

487 4817 623 4872 nihil
655 4817 918 4886 per‘bunc
950 4817 1200 4870 ardorem
1236 4816 1404 4872 minui
1439 4816 1742 4872 videbatur.
1787 4815 1914 4872 H:ec
1940 4817 2080 4872 idem

484 4905 815 4963 venerabilis
865 4905 1151 4975 presbyter
1191 4904 1387 4975 saepius
1428 4920 1529 4960 sua
1577 4903 1838 4961 relatione
1884 4906 2081 4962 confir-

483 5009 664 5058 mans,
692 5009 855 5049 omne
876 4993 1234 5049 dubitationis
1263 5002 1643 5068 argumentum
1687 4993 1758 5051 ab
1784 4995 1890 5052 hoc
1937 4995 2082 5052 facto

479 5090 740 5145 veritatis
773 5088 984 5145 ratione
1007 5089 1247 5162 depellit.

1089 5221 1327 5282 CAPUT
1367 5223 1480 5280 ΧΠ.

490 5331 722 5400 Quidam
772 5332 964 5389 ibidem
1016 5351 1143 5389 casu
1182 5333 1486 5409 desperatus
1537 5354 1697 5409 quam
1738 5337 1897 5409 facile
1950 5355 2078 5394 con-

1169 5405 1406 5462 valuerit.

559 5512 806 5580 Quodam
857 5523 1020 5571 etiam
1069 5523 1331 5585 tempore,
1366 5517 1491 5571 dum
1536 5515 1780 5587 ejusdem
1831 5520 2076 5578 ecclesia:

491 5612 636 5660 tecta
683 5617 956 5664 vetustate
1003 5607 1210 5678 dilapsa
1258 5611 1570 5665 necessario
1611 5621 2077 5683 restaurarentur,

491 5695 709 5764 quidam
732 5713 800 5754 ex
821 5699 990 5767 ipsius
1020 5700 1332 5754 monasterii
1359 5699 1567 5756 familia
1608 5704 1912 5775 tegularum
1943 5723 2079 5778 quas

494 5786 562 5839 ad
583 5786 796 5858 fastigia
823 5789 1061 5846 basilicae
1089 5790 1302 5847 deferre
1331 5793 1614 5858 debuerat,
1646 5810 1813 5852 onere
1836 5814 2077 5871 praegra-

497 5882 670 5940 vatus,
699 5877 764 5932 de
796 5879 910 5949 ipsa
944 5881 1067 5937 tccti
1096 5880 1379 5937 altitudine
1406 5899 1566 5954 supra
1605 5884 1706 5939 viri
1741 5886 1834 5942 Ι)ρί
1865 5892 2071 5946 corruit

2181 3384 2332 3424 nere.
2376 3369 2610 3424 Putabat
2652 3370 2851 3424 etenim
2888 3371 3082 3424 iisdem
3116 3371 3425 3426 benevolus
3471 3372 3608 3425 caeci
3655 3387 3782 3440 pra:-

2181 3475 2366 3514 cessor
2409 3460 2464 3514 in
2512 3459 2632 3530 ipso
2675 3460 2874 3531 angulo
2927 3460 3146 3538 aliquod
3197 3463 3405 3516 ostium
3433 3473 3653 3531 patere,
3693 3477 3782 3530 per

2181 3552 2325 3623 quod
2374 3562 2618 3624 cryptam
2663 3553 2838 3608 eidem
2871 3552 2988 3608 loco
3018 3553 3255 3609 vicinam
3308 3555 3524 3609 intrare
3576 3556 3776 3624 potuis—

2182 3654 2322 3700 sent.
2352 3646 2538 3716 Itaque
2568 3662 2634 3701 ex
2673 3645 2970 3715 improviso
2999 3646 3054 3700 in
3103 3647 3504 3716 sarcophagum
3559 3647 3663 3700 viri
3695 3645 3777 3699 [ιεί

2181 3738 2308 3808 quia
2338 3739 2499 3808 paulo
2551 3737 2715 3794 altius
2739 3739 3015 3793 eminebat
3059 3753 3088 3792 a
3128 3747 3273 3792 terra
3319 3737 3654 3808 impingens,
3697 3753 3780 3791 sn-

2181 3829 2296 3884 bito
2343 3828 2559 3895 resiliit,
2607 3837 2663 3883 et
2708 3829 2778 3884 ad
2825 3838 3026 3884 terram
3077 3830 3329 3899 protinus
3377 3829 3651 3893 concidit,
3700 3836 3776 3882 to-

2182 3919 2396 3988 tiusque
2449 3919 2697 3974 ecclesia:
2763 3921 2940 3990 spatia
2992 3921 3340 3976 horrentibus
3393 3919 3641 3990 implevit
3677 3920 3780 3974 cla-

2182 4013 2445 4068 moribus.
2478 4012 2666 4068 Circus
2699 4028 2829 4068 vero
2856 4014 2973 4068 huic
3003 4014 3247 4078 audiens,
3295 4013 3585 4066 ductorem
3625 4028 3775 4067 suurn

2183 4103 2396 4158 insania
2447 4104 2726 4159 mstimans
2773 4106 2990 4176 agitari,
3034 4114 3198 4175 prout
3249 4113 3469 4175 poterat
3525 4104 3779 4174 aufugere

2183 4196 2408 4251 studuit.
2429 4195 2740 4251 Misericors
2765 4205 2943 4250 autem
2959 4197 3219 4251 Dominus
3244 4196 3412 4250 totius
3441 4196 3574 4250 boni
3597 4205 3779 4248 auctor

2183 4297 2239 4344 et
2267 4292 2501 4354 am‘ator,
2537 4287 2664 4358 quia
2691 4288 2901 4343 viderat
2929 4287 3161 4343 debilem
3200 4302 3428 4358 puerum
3460 4287 3612 4340 ultra
3643 4287 3776 4340 vires

2181 4396 2318 4451 opus
2341 4379 2562 4450 pietatis
2591 4379 2850 4433 exhibere
2877 4378 3134 4445 voluisse,
3161 4378 3302 4432 beati
3331 4375 3593 4432 0thmari
3617 4379 3772 4432 etiam

2183 4473 2392 4528 meritis
2416 4473 2469 4527 id
2494 4451 2886 4536 obtinbntibus,
2913 4471 3342 4527 benevolentiam
3365 4460 3502 4541 ejus"
3525 4470 3675 4524 dono
3704 4485 3776 4522 sa-

2186 4569 2374 4626 nitatis
2414 4584 2767 4624 remunerare
2807 4569 3062 4640 dignatus
3107 4575 3209 4623 est.
3258 4567 3398 4622 Nam
3439 4570 3703 4638 protinus
3727 4570 3773 4621 in

2185 4668 2386 4714 statum
2453 4674 2611 4712 suum
2671 4659 2933 4713 membris
2994 4656 3291 4723 restitutis,
3357 4672 3577 4712 caecum
3626 4673 3772 4728 quem

2185 4749 2347 4819 paulo
2399 4758 2528 4804 ante
2578 4747 2828 4802 manibus
2871 4756 3095 4818 reptans
3139 4747 3208 4802 ad
3260 4747 3559 4803 ecclesiam
3599 4749 3772 4809 traxit,

2185 4840 2412 4896 ﬁrmatis
2432 4839 2547 4909 jam
2579 4841 2858 4911 gressibus
2878 4855 2974 4911 per
2999 4851 3196 4896 caetera
3240 4841 3296 4894 in
3331 4843 3531 4895 eodem
3574 4842 3768 4896 ambitu

2185 4932 2446 4987 orationis
2475 4932 2590 4986 loca
2614 4932 2838 4985 deduxit
2869 4948 2884 4997 ;
2923 4942 2981 4986 et
3000 4933 3127 5001 quia
3166 4931 3482 5001 aliquandiu
3510 4944 3702 5001 postea
3729 4933 3772 4984 in

2187 5025 2304 5094 ipso
2331 5023 2669 5103 monasterio
2699 5024 2918 5089 mansit,
2951 5024 3023 5078 ita
3055 5025 3310 5080 omnibus
3338 5025 3508 5078 etiam
3539 5028 3639 5096 qui
3661 5026 3771 5080 huic

2186 5120 2334 5177 facto
2373 5121 2554 5176 minus
2581 5119 2962 5185 interfuerant,
2992 5121 3227 5190 idipsum
3254 5119 3590 5184 declaravit,
3639 5130 3696 5174 ut
3718 5121 3773 5172 de

2185 5227 2252 5267 eo
2277 5211 2412 5267 nulli
2449 5211 2703 5282 deinceps
2735 5210 2950 5266 licuerit
2976 5211 3241 5267 dubitare.

2775 5320 3004 5378 CAPUT
3043 5321 3184 5378 XIV.

2572 5411 2732 5466 Terra
2757 5413 2812 5466 in
2844 5411 3071 5483 lapidem
3114 5429 3381 5468 conversa.

2251 5523 2482 5593 Quidam
2540 5525 2605 5579 de
2656 5539 2885 5580 numero
2948 5524 3398 5580 scholasticorum
3454 5524 3522 5578 ab
3587 5524 3766 5580 eodem

2179 5617 2328 5672 beati
2361 5615 2606 5673 Othmari
2642 5616 2848 5671 tumulo
2891 5615 3213 5687 particulam
3253 5631 3392 5672 cerac
3431 5615 3625 5671 furtim
3653 5617 3769 5670 sub-

2169 5709 2365 5762 traxit.
2398 5707 2698 5779 Regressus
2722 5716 2904 5764 autem
2931 5709 2999 5762 ad
3023 5707 3315 5778 hospitium
3341 5721 3465 5762 cum
3494 5709 3769 5776 par-viperi—

2181 5801 2333 5856 deret
2380 5799 2525 5873 quod
2573 5801 2866 5867 commisit,
2900 5801 3084 5856 statim
3134 5798 3424 5856 manifesta
3456 5799 3549 5854 Dei
3596 5814 3768 5854 corre-

2182 5895 2360 5950 ctione
2391 5893 2636 5952 stultitia:
2658 5909 2768 5953 sua:
2797 5909 3040 5953 errorem
3079 5892 3338 5950 confusus
3369 5891 3612 5964 agnovit.
3642 5889 3768 5945 Na
