3978 6310
393 329 415 383 1
426 328 532 384 045

930 315 1320 376 WALAFRIDI
1359 309 1604 368 STRABI
1647 306 1849 364 FULD.
1894 302 2058 361 MON.
2099 303 2251 389 QPP.
2295 299 2474 354 PARS
2512 297 2575 354 ll.
2613 326 2682 336 ——-
2720 293 3108 352 HISTORICA.

3533 290 3677 345 1ομ

403 478 3658 534 __________________________________.___________..__.._

1089 631 1441 754 VITA
1484 624 2042 766 ,SANCTI
2125 617 2957 734 BLAITMAICI

1491 867 1750 914 ABBATIS
1794 863 2069 909 BIIENSIS
2114 863 2195 904 ΕΤ
2238 859 2581 904 MARTYRIS.

827 1031 988 1097 Ἀριιά
1010 1026 1359 1085 Mabillonium,
1385 1021 1506 1070 Acta
1528 1015 1815 1066 Sanctorum
1838 1007 2018 1060 ordinis
2040 1007 2093 1058 S.
2133 1003 2342 1066 Bened.,
2367 1017 2482 1055 saec.
2507 1017 2576 1066 ιη,
2603 1016 2666 1054 ex
2701 1003 2894 1055 Cauisio
2915 1011 2968 1055 et
2987 1003 3260 1065 Boilando.)

1005 1240 1046 1295 l.
1085 1238 1390 1293 PROLOGUS.

479 1371 537 1428 Si
569 1374 775 1423 tantam
796 1371 1046 1417 meruere
1078 1368 1178 1410 suo
1197 1367 1297 1422 pro
1322 1349 1563 1405 carmine
1590 1345 1813 1408 famam,

405 1463 510 1534 Qui
544 1459 940 1518 scclerosorum
969 1461 1152 1505 mores
1179 1452 1234 1500 et
1256 1442 1396 1498 facta
1430 1439 1670 1495 tulerunt

406 1533 684 1612 Laudibus
712 1552 767 1606 in
796 1545 1016 1609 cmlum,
1043 1537 1248 1611 perfusi
1278 1533 1535 1591 daemonis
1561 1538 1700 1593 arte,

406 1650 622 1708 Frivola
664 1650 946 1703 nectentes
986 1635 1266 1694 hominum
1307 1628 1637 1684 monimenta
1678 1619 1942 1676 malorum
1977 1634 1990 1669 :

408 1749 524 1804 Cur
545 1759 654 1800 non
680 1737 903 1795 liberius
941 1740 1254 1791 sanctorum
1286 1723 1430 1778 facta
1461 1731 1747 1780 canamus,

410 1845 558 1912 Quos
579 1837 846 1911 placuisse
865 1832 976 1886 Deo
1002 1827 1160 1883 nobis
1185 1818 1448 1878 miracula
1481 1811 1752 1912 produnt‘i

411 1901 543 2003 (Suae
574 1901 696 1986 fidei
721 1927 921 1982 virtute
951 1924 1148 1990 gerunt
1169 1929 1268 1986 per
1299 1922 1527 1966 munera
1556 1901 1780 1960 Christi.

411 1991 548 2080 Nam
585 2020 862 2090 Scriptura
894 2012 1062 2072 canit,
1086 2007 1315 2063 Domino
1343 2000 1645 2072 spondente
1671 1991 1882 2065 pusillis
1909 2009 1922 2046 :

414 2115 491 2172 0s
513 2081 724 2184 aperire
771 2115 921 2161 tuum
952 2100 1192 2164 studeas,
1219 2111 1317 2168 ego
1347 2093 1512 2148 verba
1542 2088 1793 2144 ministro
1820 2081 1995 2158 (Psal.

1810 2186 1996 2246 LXXX).

487 2294 852 2362 Quapropter,
876 2280 1183 2356 venerande
1226 2278 1391 2333 Pater
1414 2315 1430 2340 ,
1457 2270 1780 2329 charissime
1827 2267 1994 2331 Felix,

417 2381 710 2452 Prmceptis
739 2390 931 2449 parere
959 2373 1065 2429 tuis
1086 2385 1154 2425 ex
1178 2368 1341 2425 corde
1362 2375 1586 2437 paratus

422 2474 650 2532 Strabus
676 2486 799 2542 ego,
826 2467 973 2524 misit
997 2479 1160 2536 quem
1182 2471 1329 2516 terra
1354 2454 1713 2512 Alamannica
1739 2459 1894 2517 natu,

421 2567 675 2625 Scribere
701 2560 940 2632 disposui
967 2558 1034 2613 de
1062 2556 1174 2610 vita
1204 2565 1259 2609 et
1286 2553 1395 2608 fine
1420 2549 1566 2606 beati

419 2654 748 2718 Blaitmaici,
779 2651 965 2724 genuit
991 2664 1154 2720 quem
1177 2645 1329 2700 dives
1355 2640 1613 2696 Hibernia
1643 2636 1866 2700 mundo,

423 2747 778 2820 Martyriique
801 2757 1035 2812 sequens
1067 2740 1214 2794 misit
1239 2734 1504 2807 perfectio
1537 2729 1700 2794 cmlo,

427 2843 605 2913 ipsius
626 2849 685 2893 ut
716 2836 924 2892 meritis
953 2833 1167 2888 veniam
1194 2845 1294 2902 per
1313 2826 1472 2883 saecla
1499 2836 1802 2894 capessam.

676 2949 739 3005 ll.
781 2949 1098 3002 BLAI'I‘MAICI
1120 2957 1336 3008 PATBIA,
1361 2952 1560 2996 ιιεθιωι
1580 2950 1765 2993 ocnus.

537 3064 724 3136 Reg-ali
755 3064 820 3118 de
848 3062 1014 3132 stirpe
1042 3068 1210 3123 satus,
1241 3069 1619 3124 summumque
1656 3053 1908 3109 decorem

435 3158 744 3216 Nobilitatis
771 3156 996 3218 habens,
1027 3151 1255 3208 ﬂorebat
1282 3149 1463 3220 regius
1488 3149 1664 3202 iurares

433 3257 539 3311 Iste
566 3253 656 3309 Dei
685 3261 908 3308 sanctus
928 3249 1096 3303 vitam
1121 3245 1366 3302 ducendo
1395 3243 1646 3313 pudieam
1680 3258 1696 3302 ;

435 3347 701 3417 Quodque
726 3344 862 3399 solet
890 3358 1013 3397 raro
1040 3339 1242 3395 factum
1266 3346 1322 3392 et
1348 3352 1456 3390 non
1488 3349 1632 3402 saepe
1673 3331 1839 3386 videri
1862 3349 1876 3377 τ

433 3439 648 3506 Quanto
677 3435 849 3505 major
877 3441 1013 3494 erat,
1050 3439 1202 3485 tanto
1235 3426 1500 3498 dejectior
1531 3425 1662 3479 ibat.

437 3533 574 3602 Spes
607 3529 814 3600 patri-.e,
851 3527 1064 3580 fortuna
1089 3523 1278 3592 patris,
1306 3535 1398 3574 rex
1431 3518 1520 3572 ille
1549 3517 1798 3580 futurus;

437 3623 648 3678 Jndicio
669 3621 869 3690 justus,
900 3616 1164 3688 prudens,
1193 3623 1248 3668 et
1273 3626 1501 3680 corpore
1532 3617 1738 3671 castus,

444 3714 690 3774 Sobrius,
724 3719 969 3768 ornatus,
998 3707 1289 3777 jocundus,
1319 3711 1536 3764 cautus,
1566 3702 1828 3756 honestus
1857 3717 1868 3750 :

444 3803 653 3860 Nobilis
681 3801 736 3855 in
766 3813 964 3870 genere
993 3797 1229 3867 egregio,
1255 3793 1571 3866 generosior
1607 3799 1768 3855 actu;

445 3892 722 3964 Obsequio
753 3888 1012 3958 locuples,
1043 3887 1238 3942 melius
1267 3885 1561 3940 virtutibus
1583 3890 1810 3944 auctus;

447 3988 742 4043 'l'ractabat
766 3984 935 4040 laicus
964 3983 1106 4054 quod
1133 3980 1365 4038 clericus
1389 3976 1674 4033 eﬂiciebat.

447 4078 615 4148 Cujus
653 4075 1034 4132 honorandum
1064 4087 1260 4127 nomen
1291 4082 1546 4124 sermone
1570 4065 1785 4128 Latino,

452 4171 682 4227 Pulcher
709 4178 868 4224 natus
896 4180 920 4207 ιι
953 4165 1107 4220 adest
1143 4182 1156 4217 :
1193 4161 1495 4230 meritoque
1518 4156 1815 4231 probabilis
1841 4154 1931 4210 illo

455 4262 684 4318 Narniae
709 4260 908 4331 dignus
936 4264 1077 4320 erat,
1105 4253 1322 4309 Patrem
1349 4250 1440 4321 qui
1469 4248 1930 4318 cunctipotentem

450 4353 641 4426 Elegit,
664 4353 1000 4424 pulchroque
1026 4348 1195 4401 Deum
1239 4343 1488 4415 quaesivit
1513 4356 1717 4396 amore.

827 4461 912 4518 Ill.
954 4459 1124 4515 Fucir
1159 4471 1226 4509 an
1257 4466 1654 4509 uomsrsnwu.

528 4574 833 4630 Sordebant
861 4580 1074 4626 terrena
1106 4568 1288 4623 animo
1312 4565 1495 4619 divina
1521 4563 1749 4633 petenti,

462 4667 851 4734 Secretumque
884 4661 1061 4717 latens
1087 4661 1140 4714 in
1170 4658 1283 4713 solo
1316 4665 1534 4728 pectore
1563 4655 1782 4718 mansit,

465 4757 647 4812 Donec
669 4754 736 4809 ad
761 4752 1009 4808 effectum
1035 4748 1301 4820 processit
1324 4752 1514 4799 sancta
1533 4743 1801 4796 voluntas.

462 4848 783 4905 Cmnohium
811 4845 999 4899 furtim
1025 4841 1297 4913 quoddam
1325 4840 1442 4894 sine
1473 4846 1609 4892 teste
1637 4836 1852 4907 petebat
1888 4854 1902 4886 τ

463 4942 672 5011 Quique
705 4939 803 4994 fuit
829 4936 1038 5009 pridem
1066 4935 1253 5006 patriai
1283 4949 1382 5004 per
1409 4931 1648 5004 regmina
1676 4929 1951 4999 princeps,

464 5033 695 5088 Nomine
724 5044 826 5101 pro
876 5027 1079 5083 Christi
1107 5035 1190 5082 est
1218 5025 1394 5080 factus
1421 5035 1552 5078 tune
1594 5037 1762 5076 verna
1804 5020 2047 5076 minoris.

464 5123 728 5180 Fascibus
754 5120 813 5176 in—
841 5119 1034 5175 mediis
1055 5119 1146 5189 qui
1176 5117 1446 5188 quondam
1481 5114 1673 5170 terruit
1699 5127 1906 5175 omnes,

467 5215 731 5271 Omnibus
766 5211 1018 5268 admissis
1043 5211 1259 5267 sibimet
1288 5209 1405 5263 sine
1429 5207 1600 5262 milite
1622 5206 1810 5260 servit.

467 5325 557 5381 iV.
599 5325 804 5381 Pums
846 5341 968 5381 ειυς
1010 5338 1394 5387 rnocsnuuour:
1426 5337 1733 5377 insessas:
1773 5334 2052 5374 DISCUSSE.
2089 5293 2142 5354 D

547 5438 711 5493 Fama
742 5446 802 5493 ut
827 5436 964 5492 forte
994 5435 1184 5491 volans
1214 5436 1385 5505 patris
1411 5435 1660 5505 pervenit
1689 5433 1756 5488 ad
1794 5449 1974 5500 aures,

476 5529 612 5586 llinc
653 5538 840 5600 stupor
867 5538 1031 5599 atque
1073 5527 1227 5582 dolor
1254 5535 1488 5582 mentem
1534 5527 1756 5582 cinxere
1796 5526 2058 5596 parentis.

478 5621 826 5678 Subtractum
865 5623 1011 5678 dolet
1035 5621 1326 5687 haeredcm,
1353 5621 1622 5690 mittitque
1651 5630 1927 5687 senatum,

2019 1223 2069 1282 Α
2095 1219 2344 1290 Agmina,
2375 1224 2656 1288 praetores,
2686 1213 2964 1286 populum,
2991 1223 3284 1284 praecepta,
3317 1217 3620 1287 maniplos.

2097 1311 2321 1379 Duxque
2371 1321 2664 1378 comesque
2719 1306 2908 1372 ibant,
2959 1315 3322 1375 properanter
3390 1309 3696 1378 episcopus

2095 1473 2477 1541 Abbatumque
2505 1471 2722 1537 cohors,
2747 1469 2936 1536 vicini,
2962 1485 3133 1526 carne
3168 1471 3465 1541 propinqui
3487 1397 3694 1534 Ps“.

2097 1565 2210 1620 Hoc
2236 1564 2409 1620 solum
2432 1562 2639 1617 nitente
2663 1577 2850 1628 manu,
2881 1564 2926 1617 si
2955 1562 3196 1631 qualibet
3223 1571 3344 1617 arte

2097 1655 2383 1711 Eliicerent
2408 1654 2658 1710 reducem
2688 1653 2856 1708 vitata
2882 1652 3120 1724 pericula
3149 1663 3384 1708 mentem

2098 1748 2268 1804 Corde
2289 1746 2474 1802 subire
2501 1745 2626 1801 alio.
2651 1743 2699 1800 Ο
2726 1745 2845 1801 talis
2872 1761 3036 1816 quam
3062 1760 3204 1800 caeca
3220 1746 3515 1801 voluntas:

2099 1839 2192 1895 Ille
2215 1837 2573 1909 procellarum
2595 1852 2654 1892 se
2680 1837 2770 1892 vix
2798 1837 2865 1892 de
2895 1837 3109 1908 gurgite
3133 1839 3386 1908 dempsit,

2100 1931 2445 2000 Quaesitoque
2467 1928 2558 1982 diu
2589 1929 2827 1984 titubans
2849 1929 3002 1984 Stetit
3028 1929 3264 1984 anchora
3293 1939 3482 1999 portu.

2101 2022 2348 2078 Nondum
2379 2035 2632 2076 curarum
2668 2021 2844 2090 potuit
2871 2019 3083 2075 laxasse
3106 2020 3382 2085 rudentes,

2103 2115 2214 2172 Nec
2245 2125 2391 2171 terra
2416 2113 2604 2169 ﬁxisse
2629 2114 2852 2184 pedem;
2890 2128 3013 2169 cum
3037 2113 3253 2168 concita
3280 2113 3466 2168 ventis

2104 2209 2248 2262 Aura
2274 2206 2608 2277 pharetratis
2634 2206 2856 2277 impegit
2884 2206 2952 2260 ab
2978 2220 3196 2275 aequore
3228 2205 3481 2276 puppim.

2105 2299 2279 2369 Vique
2303 2313 2400 2354 sua
2427 2298 2714 2354 tremulam
2743 2297 3061 2352 dissolveret
3080 2297 3222 2351 unda
3251 2299 3528 2360 carinam,

2107 2389 2173 2445 Ni
2193 2397 2411 2474 regeret
2440 2403 2678 2459 proram,
2715 2387 2807 2459 qui
2830 2387 3024 2443 saecula
3066 2396 3261 2443 cuncta
3291 2388 3596 2458 gubernat.

2309 2524 2376 2579 Ἴ.
2415 2523 2736 2578 Βωιτωιρι
2764 2537 3068 2588 vmrurss;
3104 2537 3501 2580 enarret-cu.

2034 2589 2084 2648 B

2181 2641 2302 2696 Mox
2329 2641 2467 2696 miro
2490 2657 2520 2694 a
2545 2641 2755 2695 cunctis
2785 2654 3001 2710 semper
3024 2641 3341 2711 complexus
3371 2657 3592 2706 amore,

2111 2735 2441 2791 Cunctorum
2474 2732 2678 2787 studuit
2708 2732 2826 2786 fieri
2851 2731 3066 2802 dicique
3092 2734 3361 2788 minister.

2114 2828 2294 2883 Mente
2337 2825 2580 2886 humilis,
2608 2825 2805 2895 linguae
2845 2833 3054 2891 custos,
3081 2835 3139 2880 et
3180 2841 3374 2881 norma
3415 2828 3713 2883 bonorum.

2113 2918 2295 2974 Verba
2327 2917 2421 2971 Dei
2453 2916 2675 2986 capiens
2704 2915 2910 2969 sitienti
2933 2915 3098 2970 corde
3120 2915 3376 2983 libenter,

2117 3007 2366 3064 Discendi
2394 3006 2636 3061 studiosa
2663 3020 2857 3076 gerens
2883 3005 3202 3074 praecordia,
3233 3005 3389 3062 libris

2114 3100 2413 3158 Perdidicit
2439 3098 2620 3152 divina
2650 3099 2833 3153 animo
2868 3098 3194 3154 documenta
3217 3101 3425 3169 sagaci.

2120 3197 2318 3266 Sicque
2351 3194 2540 3266 vigens
2572 3193 2943 3250 doctrinarum
2969 3198 3289 3262 morumque
3315 3193 3523 3258 nitore,

2118 3289 2345 3359 Agmina
2376 3287 2670 3343 multorum
2701 3288 2841 3343 rexit
2866 3287 3176 3343 veneranda
3207 3288 3492 3354 virorum;
3585 3270 3599 3286 ’

2121 3381 2397 3451 Exemplis
2420 3396 2518 3436 sua
2549 3380 2695 3436 dicta
2721 3381 2987 3452 probans,
3009 3395 3287 3450 vanosque
3317 3379 3546 3436 favores

2122 3473 2229 3528 Pro
2257 3471 2427 3527 nihilo
2457 3473 2662 3527 ducens
2688 3489 2703 3526 :
2735 3471 2823 3527 cui
2857 3471 2976 3526 laus
2997 3481 3053 3526 et
3078 3471 3250 3542 gloria
3277 3469 3451 3525 solum

2125 3562 2376 3618 Christus
2420 3568 2557 3628 erat,
2591 3560 2843 3617 Christus
2877 3576 3082 3628 sermo,
3119 3560 3371 3616 Christus
3422 3560 3724 3616 documen-

3564 3651 3722 3724 ltum.

2127 3724 2241 3779 Pax
2271 3723 2513 3794 clypeos,
2538 3723 2709 3779 lorica
2743 3738 2957 3794 preces,
2980 3722 3240 3793 patientia
3267 3721 3494 3789 bellum,

2130 3814 2314 3870 Macro
2335 3814 2429 3868 Dei
2457 3814 2705 3879 verbum,
2743 3829 2870 3884 spes
2897 3821 2953 3869 et
2973 3813 3191 3868 dilectio
3224 3820 3418 3869 totum.

2059 3941 2106 4003 ρ
2135 3905 2279 4003 Nulli
2314 3903 2572 4003 detra‘x-it:
2601 3905 2733 4003 nulli
2761 3904 3007 3960 convicia
3033 3903 3258 3958 struxit.

2141 3997 2364 4068 Singula
2391 3973 2516 4067 quid
2548 3996 2645 4051 fari
2669 4012 2766 4068 per
2790 3997 2997 4068 singula
3023 3996 3188 4052 verba
3220 4009 3450 4052 necesse
3470 4006 3597 4060 est,

2140 4087 2274 4143 Cum
2303 4087 2565 4158 quidquid
2596 4087 2794 4158 legitur
2828 4087 3110 4152 virtutum,
3144 4086 3248 4141 rite
3273 4094 3505 4151 teneret,

2141 4181 2209 4236 Et
2235 4180 2496 4251 quidquid
2521 4181 2631 4234 vitii
2671 4187 2939 4235 monstrat
2973 4177 3276 4249 Scriptura,
3300 4188 3524 4235 caveret

2148 4271 2411 4327 Omnibus
2438 4272 2676 4326 existens
2701 4269 2936 4326 feliciter
2962 4269 3145 4325 omnia
3175 4268 3371 4334 factus,

2146 4365 2216 4421 Ut
2243 4373 2468 4420 cunctos
2493 4363 2697 4418 faceret
2736 4362 2953 4418 Christo
2981 4378 3078 4416 sua
3103 4361 3251 4416 lucra
3276 4360 3510 4415 referre.

2149 4456 2306 4512 Utilis
2335 4464 2390 4511 et
2418 4448 2876 4525 prudens’servus
2903 4469 2996 4524 per
3024 4454 3187 4509 ovilia
3209 4452 3439 4515 Christi,

2149 4548 2414 4619 Tempore
2443 4547 2535 4617 qui
2560 4555 2711 4602 certo
2733 4561 3044 4601 mensuram
3074 4544 3236 4599 farris
3263 4545 3432 4613 opimi

2148 4639 2439 4698 Conservis
2462 4640 2728 4704 tribuens,
2755 4638 2990 4693 radiavit
3017 4637 3220 4706 ubique
3247 4635 3442 4690 ﬁdelis.

2464 4769 2554 4825 Vl.
2600 4769 3121 4841 Man'rrntnrtwau
3164 4782 3435 4822 sxornr.

2227 4885 2404 4954 thue
2431 4884 2564 4938 nihil
2597 4882 2796 4947 meriti,
2832 4882 2966 4937 nihil
2997 4890 3052 4936 et
3079 4879 3366 4952 probitatis
3393 4878 3649 4943 abesset,

2157 4977 2397 5048 Μαι-[γιεῆ
2423 4977 2656 5047 palmam
2686 4976 2935 5048 quaesivit
2962 4983 3142 5030 mente
3180 4973 3436 5045 benigna,

2159 5069 2369 5138 Saepius
2398 5069 2502 5124 hac
2523 5083 2684 5123 causa
2707 5068 3025 5139 peregrinas
3052 5067 3229 5121 visere
3255 5074 3431 5120 terras

2160 5162 2341 5227 Nisus,
2379 5162 2445 5216 ab
2477 5162 2712 5231 inemplo
2731 5160 2930 5230 populo
2962 5160 3276 5214 retrahente
3296 5157 3523 5226 quievit.

2170 5254 2322 5310 Unde
2343 5252 2526 5307 animo
2552 5251 2692 5306 sedit
2718 5249 2942 5321 fugitivo
2969 5248 3104 5304 calle
3132 5263 3420 5318 parumper

2167 5343 2417 5414 Optatam
2449 5351 2660 5398 tentare
2681 5341 2824 5396 viam
2853 5356 2974 5396 cum
3001 5340 3390 5410 discipulorum

2163 5441 2394 5512 Agmine
2423 5454 2529 5494 non
2565 5437 2759 5504 multo,
2795 5436 3032 5507 pretiosa
3060 5434 3284 5489 monilia
3312 5449 3496 5489 secum

2166 5530 2437 5587 Virtutum
2468 5529 2569 5584 sub
2599 5527 2740 5583 mole
2777 5541 3007 5598 gerens:
3039 5527 3320 5597 ruptisque
3351 5521 3616 5586 tenebris,

2168 5623 2335 5680 Nocte
2364 5622 2542 5694 fugam
2565 5621 2807 5692 capiens,
2835 5630 3193 5691 properanter
3221 5619 3374 5675 abire
3395 5616 3648 5690 parabat.

553 5767 582 5799 ο
620 5754 773 5813 Nunc
801 5754 928 5810 brali
972 5754 1084 5809 sive
1125 5755 1254 5808 braa
1298 5751 1548 5809 Hibernis
1573 5751 1847 5822 pulchrum
1885 5760 2058 5820 sonat,
2101 5770 2216 5808 mac
2247 5754 2448 5822 filium;
2479 5770 2546 5811 ex
2574 5753 2845 5811 Boilando.
