3978 6310
238 360 378 416 1085

239 469 379 525 Ecce
405 469 792 540 superveniens
822 468 1062 539 fugitivis
1089 468 1244 524 turba
1272 479 1615 538 sequentum,

237 559 320 615 Ad
351 558 536 615 caulas
563 569 723 628 capto
746 559 975 614 retrahit
991 569 1208 631 pastore
1231 560 1497 615 bidentes.

238 648 351 704 Hoc
376 663 590 720 quoque
622 664 730 704 non
765 659 997 718 taceam,
1025 657 1246 706 sanctus
1269 649 1411 719 quod
1452 648 1682 720 Spiritus
1711 648 1808 714 illi,

240 739 387 796 More
413 740 821 810 prophetarum,
853 755 1035 796 rerum
1057 748 1265 796 secreta
1291 740 1517 795 ferebat.

238 830 373 886 Nam
397 831 522 885 dum
548 829 692 884 fama
723 839 932 901 patrem
962 831 1118 902 longe
1147 831 1360 901 lateque
1385 829 1531 886 beati

237 922 409 992 ipsius
436 921 503 976 ad
532 936 758 991 superos
778 922 890 976 vita
917 921 1158 991 fugiente
1177 922 1391 977 volasse

237 1011 517 1077 Proderet,
547 1012 796 1082 exposuit
816 1027 922 1066 non
951 1027 1094 1077 esse,
1131 1012 1226 1067 sed
1249 1026 1368 1067 esse
1395 1009 1637 1065 futurum

236 1102 367 1160 Post
391 1103 662 1160 modicum
693 1112 925 1172 tempus,
961 1111 1149 1159 sancto
1175 1101 1465 1172 spiramine
1490 1101 1701 1158 doctus.

577 1213 688 1269 Vll.
729 1213 964 1270 SECBDIT
1002 1230 1055 1269 IN
1095 1229 1323 1270 ηίευιωι
1359 1212 1473 1269 Hii.

307 1324 486 1380 Insula
519 1323 794 1380 Pictorum
822 1327 1066 1396 quaedam
1096 1335 1431 1382 monstratur
1457 1327 1513 1381 in
1545 1325 1678 1392 oris,

235 1415 552 1488 Fluctivago
578 1430 837 1486 suspensa
867 1415 999 1483 salo,
1021 1417 1358 1489 cognominis
1381 1415 1457 1471 Eo
1479 1428 1529 1482 ι,

237 1504 354 1572 Qua
392 1513 612 1561 sanctus
642 1506 853 1560 Domini
885 1507 1176 1576 requiescit
1196 1521 1362 1562 carne
1388 1505 1668 1562 Columba.

238 1595 390 1651 Hanc
414 1597 569 1668 petiit
597 1605 722 1652 voto
743 1597 980 1668 patiendi
1012 1600 1266 1670 stigmata
1293 1597 1514 1654 Christi.

235 1686 352 1743 lllic
377 1703 610 1758 namque
635 1687 892 1759 frequens
916 1703 1125 1760 pagana
1155 1700 1373 1744 caterva
1399 1689 1671 1745 Danorum

238 1779 545 1834 Adventare
578 1781 732 1847 solet,
764 1781 918 1837 furiis
954 1792 1164 1836 armata
1189 1782 1460 1854 malignis.

240 1867 348 1925 Sed
375 1879 596 1926 sanctus
619 1869 830 1926 Domini
865 1871 999 1927 tales
1029 1880 1236 1926 tentare
1257 1871 1440 1926 leones

239 1961 543 2032 Disponens
571 1963 768 2026 animo,
801 1977 938 2018 vana
972 1964 1259 2019 formidine
1287 1972 1519 2019 mentem

239 2051 422 2117 Exuit,
453 2062 509 2108 et
531 2053 719 2125 clypeo
741 2053 864 2109 fidei
905 2054 1166 2124 galeaque
1196 2053 1387 2109 salutis

240 2141 501 2208 Munitus,
531 2143 812 2198 hominum
847 2159 955 2199 non
988 2145 1200 2199 horruit
1229 2158 1380 2220 arma
1417 2143 1700 2197 malorum.

238 2231 340 2297 Qui
371 2249 494 2288 cum
522 2233 830 2303 doctiloquo
851 2234 1021 2304 potuit
1046 2234 1308 2290 cecinisse
1337 2231 1606 2303 Propheta
1637 2251 1650 2286 :

237 2323 335 2380 Est
365 2325 506 2381 Deus
537 2326 751 2396 adjutor
792 2326 1074 2393 mihimet,
1118 2326 1282 2381 timor
1312 2325 1591 2394 improbus
1643 2323 1802 2379 absit.

1362 2412 1534 2486 (Psal.
1561 2414 1770 2482 cxvn.)

1509 356 1666 417 VITA
1705 355 1763 415 S.
1802 351 2211 411 BLAITMAICI.

1827 474 1878 534 Α
1904 466 2001 520 Ast
2031 465 2120 520 alii
2155 465 2350 534 quibus
2375 465 2477 522 hoc
2507 468 2743 522 nondum
2774 465 2970 522 fiducia
2999 466 3195 522 mentis

1908 555 2206 621 Persuasit,
2232 571 2330 626 per
2357 565 2484 611 nota
2524 555 2706 627 fugam
2733 556 2851 611 loca
2873 554 3020 631 _calle
3050 563 3360 626 capessunt.

3345 353 3482 410 1046

2293 665 2386 722 ΙΧ.
2426 667 2714 722 Mannan
2751 682 3088 724 coaoxuun.

1981 780 2160 835 Aurea
2197 779 2496 835 discutiens
2535 780 2784 836 tenebras
2809 796 3005 835 aurora
3031 781 3306 836 madentes

1911 869 2138 936 Claruit,
2166 877 2221 925 et
2239 869 2441 924 nitidus
2477 870 2704 940 pulchro
2730 870 2811 926 sol
2829 869 2961 925 orbe
2987 869 3196 925 refulsit
3221 888 3234 925 :

1910 959 2046 1016 Cum
2071 974 2225 1014 sacer
2252 959 2346 1014 hic
2364 960 2551 1014 doctor
2581 959 2866 1016 missarum
2895 967 3081 1015 sancta
3113 961 3391 1018 celebrans

1910 1047 2115 1116 Ofﬁcia,
2143 1057 2270 1104 ante
2297 1064 2509 1105 sacram
2530 1050 2728 1106 vitulus
2753 1051 2903 1107 stetit
2932 1053 3139 1124 integer
3173 1069 3343 1119 aram,

1911 1141 2098 1197 Hostia
2132 1151 2284 1213 grata
2312 1141 2423 1197 Deo
2453 1157 2709 1198 mucrone
2735 1143 2937 1199 litanda
2969 1145 3188 1202 minaci.

1911 1231 2116 1289 Caetera
2147 1232 2300 1288 turba
2330 1231 2497 1300 jacet,
2527 1233 2782 1306 lacrymis
2813 1235 3170 1308 precibusque
3201 1237 3429 1296 Tonanti

1911 1322 2310 1379 Commendans
2339 1325 2548 1380 animas
2575 1324 2643 1380 de
2666 1327 2904 1396 pondere
2925 1329 3104 1383 carnis
3129 1329 3321 1384 ituras.

1912 1413 2052 1469 Ecce
2079 1413 2264 1470 furens
2293 1416 2576 1472 maledicta
2607 1417 2802 1472 cohors
2828 1433 2925 1488 per
2959 1427 3145 1488 aperta
3173 1421 3364 1475 ruebat

1913 1504 2095 1570 Tecta,
2129 1504 2261 1560 viris
2287 1505 2584 1561 minitando
2611 1507 2851 1576 pericula
2876 1520 3018 1562 saava
3047 1508 3241 1564 beatis.

1913 1595 1983 1651 Et
2005 1596 2229 1668 reliquis
2250 1596 2437 1652 rabida
2468 1599 2629 1654 sociis
2656 1598 2869 1654 feritate
2898 1601 3212 1671 peremptis,
3244 1661 3248 1664 ,

1911 1686 1996 1742 Ad
2024 1695 2270 1742 sanctum
2297 1702 2497 1744 venere
2525 1687 2762 1755 Patrem,
2801 1690 3036 1760 pretiosa
3066 1692 3285 1747 metalla

1848 1818 1894 1878 Β
1922 1776 2167 1834 Reddere
2199 1786 2468 1849 cogentes,
2500 1780 2654 1850 queis
2685 1781 2860 1836 sancti
2887 1789 3073 1837 sancta
3095 1781 3370 1840 Columba:

1922 1867 2056 1924 Ossa
2083 1867 2288 1937 iacent,
2315 1884 2477 1939 quam
2508 1871 2706 1942 quippe
2731 1872 2846 1927 suis
2873 1872 2939 1927 de
2966 1871 3186 1929 sedibus
3208 1889 3392 1930 arcam

1921 1957 2190 2014 Tollentes
2219 1959 2424 2015 tumulo
2455 1967 2600 2014 terra
2627 1976 2858 2030 posuere
2892 1963 3085 2017 cavato

1920 2045 2132 2116 Cespite
2157 2046 2257 2102 sub
2285 2048 2470 2114 denso,
2498 2049 2656 2119 gnari
2677 2051 2793 2120 jam
2818 2052 2987 2122 pestis
3016 2051 3234 2121 iniquas.

1921 2135 2072 2192 Hanc
2097 2138 2334 2207 praedam
2363 2139 2583 2208 cupiere
2608 2140 2742 2194 Dani
2768 2158 2781 2195 :
2815 2140 2910 2196 sed
2937 2150 3160 2198 sanctus
3191 2141 3387 2198 inermi

1920 2230 2205 2285 Restitit...
2243 2245 2406 2286 manu
2432 2230 2592 2286 firmo
2617 2232 2903 2288 conamine
2937 2233 3136 2288 mentis

1920 2319 2121 2376 Contra
2151 2332 2298 2376 stare
2319 2322 2516 2387 aciem,
2542 2337 2886 2393 pugnamque
2917 2322 3185 2380 lacessere
3218 2323 3431 2390 doctus,

1921 2413 2125 2469 Cedere
2150 2413 2438 2477 dissuetus,
2468 2415 2565 2469 tibi
2595 2415 2743 2481 talia,
2777 2415 3039 2481 Barbare,
3073 2415 3238 2481 dicta,

239 2503 360 2558 lam
394 2519 610 2575 quoque
639 2505 830 2561 doctus
853 2514 976 2561 erat
1001 2518 1100 2576 per
1123 2505 1338 2576 publica
1375 2505 1514 2560 bella
1547 2507 1822 2562 ministros
1920 2501 2154 2572 Ingerit:
2180 2501 2370 2571 Ignoro
2398 2503 2635 2572 penitus,
2666 2505 2810 2572 quod
2833 2505 3075 2574 quaeritis
3099 2519 3292 2559 aurum

242 2593 507 2650 Temnere
529 2597 874 2664 daemonicas,
912 2597 1088 2668 ipsum
1115 2598 1205 2667 qui
1234 2599 1336 2652 rite
1358 2607 1646 2670 tyrannum

243 2683 540 2750 Straverat,
567 2695 620 2740 et
647 2687 860 2742 cunctis
885 2687 1033 2742 solus
1056 2688 1331 2758 superavit
1359 2688 1413 2741 in
1441 2688 1629 2742 armis.

477 2800 612 2857 Vlll.
655 2801 917 2858 Duorum
951 2818 1241 2858 ADVENTUM
1281 2817 1573 2858 rnrzntcrr.

312 2909 545 2979 Tempus
569 2921 687 2966 erat
713 2928 818 2982 quo
845 2929 1035 2985 magna
1075 2913 1171 2969 Dei
1194 2914 1477 2969 clementia
1501 2929 1715 2970 servum

243 3001 571 3057 Consociare
599 3019 752 3057 suum
779 3005 964 3060 nitidis
988 3020 1150 3076 super
1186 3013 1331 3059 astra
1362 3005 1613 3074 maniplis

244 3093 539 3162 Disposuit,
579 3103 892 3164 certamque
919 3097 1061 3150 bono
1085 3095 1336 3152 conferre
1365 3110 1621 3150 coronam

245 3184 451 3240 Victori
477 3203 490 3238 :
517 3201 640 3241 cum
662 3196 850 3241 sancta
879 3187 979 3242 viri
1014 3203 1164 3244 mens
1187 3188 1415 3258 praescia
1446 3203 1625 3243 rerum

244 3269 512 3328 Venturos
539 3289 830 3345 properare
852 3276 1025 3346 lupos,
1056 3285 1116 3330 ut
1146 3279 1385 3332 membra
1412 3277 1622 3346 piarum

243 3362 557 3418 Dividerent
580 3364 780 3428 ovium,
805 3380 964 3419 sensu
993 3376 1358 3436 pramosceret
1385 3366 1514 3420 alto.

244 3450 375 3518 Vos,
403 3452 497 3517 ait,
525 3467 559 3507 o
584 3452 737 3516 socii,
767 3453 1044 3508 vobiscum
1073 3462 1249 3509 mente
1273 3454 1456 3524 sagaci

242 3542 497 3609 Quazrite,
528 3543 572 3598 si
601 3559 791 3614 poenas
816 3543 1017 3600 Christi
1046 3561 1146 3616 pro
1183 3547 1400 3601 nomine
1426 3545 1580 3600 vobis

245 3632 328 3688 Sit
358 3632 589 3689 tolerare
623 3634 852 3690 animus.
885 3635 1094 3691 Mecum
1123 3636 1431 3706 quicunque
1455 3636 1680 3706 potestis

244 3723 589 3793 Exspectare,
615 3741 828 3796 precor,
857 3741 1048 3782 sensus
1077 3736 1286 3783 armate
1313 3728 1514 3784 viriles.

243 3813 315 3866 At
335 3814 531 3883 quibus
554 3814 752 3871 infirmi
778 3817 1018 3887 pavitant
1038 3819 1334 3887 penetralia
1365 3821 1566 3886 cordis,

243 3904 386 3960 Ecce
410 3903 589 3976 fugam
627 3906 887 3973 celerent,
918 3915 976 3962 ut
1001 3917 1156 3978 parta
1187 3910 1423 3979 pericula
1451 3912 1642 3978 vitent,

244 3995 327 4049 Ad
357 3995 580 4051 meliora
606 4011 732 4052 suos
765 4005 1039 4054 armantes
1061 4007 1187 4054 vota
1217 4000 1470 4056 lacertos.
1517 3983 1540 4006 “

245 4086 502 4142 Proxima
529 4097 637 4144 stat
662 4089 818 4144 nobis
851 4099 1016 4146 certae
1040 4092 1268 4148 tentatio
1297 4093 1511 4148 mortis.

248 4175 430 4232 Firma
462 4177 594 4234 fides
618 4180 822 4252 vigilet,
852 4182 1014 4237 rebus
1043 4197 1303 4254 suspensa
1339 4182 1538 4240 futuris
1563 4201 1578 4239 :

245 4264 416 4321 Cauta
448 4269 625 4324 minus
657 4269 825 4326 fortes
850 4283 1030 4327 servet
1057 4273 1220 4329 tutela
1252 4274 1520 4347 fugarum.

247 4357 345 4414 His
370 4361 529 4418 dictis
551 4374 870 4433 compuncta
912 4367 1129 4434 cohors,
1157 4368 1300 4437 quod
1330 4384 1492 4440 posse
1523 4370 1755 4440 videbat,

248 4446 364 4505 Hoc
392 4450 572 4507 animo
600 4454 809 4510 statuit.
839 4454 1064 4522 Quidam
1099 4457 1198 4512 sub
1229 4466 1445 4527 pectore
1473 4459 1629 4516 ﬁrmo

250 4539 557 4613 Sacrilegas
591 4554 836 4614 spectare
861 4561 1071 4612 manus,
1113 4547 1396 4619 gladioque
1420 4548 1620 4606 furenti

252 4630 612 4705 Supposuisse
649 4646 812 4709 caput
842 4640 1148 4712 gaudebant
1175 4649 1359 4698 mente
1395 4657 1608 4698 serena.

251 4786 515 4910 stetimus
540 4787 673 4845 Jova
715 4799 771 4847 et
795 4791 881 4848 Hii
923 4792 1116 4861 insula,
1157 4793 1213 4849 in
1251 4809 1356 4866 qua
1385 4795 1603 4852 Hiiense
1642 4813 1828 4855 mona-

341 4871 502 4910 l‘lllm.

341 4871 502 4914 ηυῐη.

329 4926 514 4984 bDani
560 4929 972 5005 adjacentesque
1014 4934 1347 4990 Britanniam
1393 4935 1624 4992 insulam
1665 4953 1822 4994 vexa-

255 5006 451 5054 verunt
475 5015 580 5058 non
604 5002 794 5062 semel.
827 5002 978 5062 Hanc
997 5005 1353 5078 irruptionem
1379 5007 1672 5079 contigisse
1696 5018 1826 5079 puto

1923 2592 2040 2660 Quo
2065 2594 2134 2648 sit
2163 2593 2314 2648 humi
2340 2595 2599 2664 positum,
2632 2603 2830 2650 tectum
2856 2594 3052 2666 quibus
3078 2605 3240 2668 atque
3258 2594 3500 2652 latebris.
3549 2601 3551 2604 ‘

1925 2683 2076 2750 Quod
2105 2682 2150 2737 si
2187 2683 2326 2738 scire
2357 2684 2509 2750 mihi,
2542 2684 2761 2740 Christo
2786 2686 3127 2767 admittente,
3164 2686 3376 2754 liceret,

1923 2774 2208 2844 Nunquam
2231 2785 2415 2830 nostra
2447 2777 2552 2831 tuis
2575 2777 2678 2833 hoc
2703 2778 2926 2833 auribus
2951 2793 3048 2833 ora
3073 2777 3359 2836 referrent.

1922 2864 2178 2932 Barbare,
2204 2868 2305 2922 duc
2326 2867 2552 2937 gladios,
2577 2869 2824 2939 capulum
2855 2885 3008 2941 cape,
3025 2870 3246 2941 jamque
3272 2872 3500 2928 trucida.

1923 2956 2158 3024 Auxilio,
2199 2959 2340 3013 Deus
2362 2959 2526 3025 alme,
2555 2961 2813 3016 humilem
2838 2961 3158 3016 commendo
3187 2969 3279 3016 tuo
3307 2976 3415 3016 me.

1926 3050 2062 3106 Hinc
2089 3051 2177 3122 pia
2207 3054 2470 3108 truncatis
2503 3052 2828 3124 discerpitur
2849 3054 3024 3110 hostia
3044 3054 3074 3095 δ
3106 3055 3364 3111 membris
3387 3095 3404 3110 .

1852 3161 1895 3221 ρ
1928 3143 2187 3214 Quodque
2215 3143 2370 3200 ferox
2397 3145 2552 3200 miles
2586 3161 2752 3201 censu
2779 3160 3010 3216 pensare
3038 3145 3316 3214 nequibat,

1925 3235 2132 3289 Rimari
2156 3236 2208 3290 in
2237 3236 2425 3306 gelidis
2451 3238 2616 3307 coepit
2641 3251 2737 3306 per
2760 3236 2983 3291 vulnera
3013 3235 3185 3292 libris.

1926 3328 2034 3384 Nec
2052 3329 2276 3384 mirum:
2296 3343 2420 3383 nam
2434 3343 2648 3399 semper
2665 3337 2844 3394 erunt,
2859 3341 3180 3399 semperque
3191 3337 3504 3399 resurgunt,

1925 3418 2070 3486 Quos
2098 3417 2250 3474 furor
2273 3419 2327 3474 in
2363 3419 2594 3474 famulos
2621 3419 2836 3476 Domini
2863 3419 3039 3476 malus
3061 3420 3264 3476 excitet
3289 3434 3498 3476 omnes.

1927 3509 1999 3564 Ut
2025 3509 2167 3579 quod
2198 3524 2297 3579 pro
2331 3509 2540 3566 cunctis
2565 3510 2767 3566 Christi
2800 3525 3026 3566 censura
3062 3511 3293 3582 peregit,

1925 3600 2116 3656 Cuncti
2138 3601 2239 3656 hoc
2261 3616 2360 3671 pro
2397 3600 2613 3657 Christo
2635 3600 2857 3669 faciant,
2883 3601 3010 3657 licet
3036 3601 3242 3674 impare
3269 3600 3434 3660 facto.

2499 3733 2568 3790 Χ.
2607 3733 2922 3792 Coacwsro.

1999 3871 2088 3925 ille
2110 3870 2273 3942 igitur
2295 3870 2494 3926 Christi
2525 3868 2700 3926 factus
2723 3886 2822 3941 pro
2851 3871 3067 3926 nomine
3092 3880 3320 3944 martyr,

1929 3963 2126 4028 Testis,
2153 3961 2259 4016 fert
2288 3970 2346 4016 ut
2371 3961 2534 4025 fama,
2557 3961 2676 4017 loco
2702 3963 2996 4031 requiescit
3019 3963 3211 4017 codem
3237 3980 3251 4015 :

1929 4053 2092 4108 Multa
2118 4053 2207 4108 ubi
2230 4067 2328 4122 pro
2357 4052 2567 4108 meritis
2597 4054 2793 4108 dantur
2819 4054 3078 4109 miracula
3099 4056 3320 4122 sanctis,

1930 4140 2047 4208 Quo
2074 4139 2272 4196 colitur
2296 4139 2558 4195 Dominus
2586 4140 2747 4210 digno
2787 4149 3110 4196 veneranter
3139 4142 3345 4198 honore

1929 4232 2063 4289 Cum
2091 4233 2310 4299 sanctis,
2345 4249 2574 4304 quorum
2603 4233 2810 4290 meritis
2841 4249 2958 4289 mea
2987 4235 3216 4290 crimina
3247 4235 3402 4303 solvi,

1931 4327 2123 4393 Credo,
2166 4327 2362 4398 quibus
2389 4326 2605 4382 laudum
2626 4328 2846 4399 supplex
2873 4327 3096 4382 donaria
3120 4329 3264 4384 misi.

1929 4416 2017 4473 Nil
2048 4426 2202 4489 negat
2242 4417 2326 4473 his
2367 4417 2636 4483 Christus,
2677 4417 2764 4472 cui
2807 4418 3040 4472 maxima
3071 4417 3219 4472 lucra
3253 4418 3506 4486 tulerunt,

1851 4509 1906 4572 D
1931 4505 2033 4574 Qui
2061 4522 2182 4562 cum
2211 4506 2373 4562 Patre
2406 4507 2515 4577 pio,
2557 4514 2852 4578 sanctoque
2888 4507 2942 4562 in
2969 4507 3161 4562 saecula
3189 4507 3342 4563 Flatu

1935 4597 2162 4668 Regnat,
2195 4605 2250 4652 et
2283 4605 2488 4652 aeterno
2512 4595 2676 4668 pollet
2705 4596 2822 4653 sine
2849 4593 2956 4651 fine
2985 4596 3198 4652 decore.

1936 4819 2077 4858 anno
2106 4803 2230 4868 795,
2258 4817 2363 4872 quo
2399 4799 2858 4872 Lindisfarnensis
2886 4799 3114 4872 ecclesia
3156 4816 3254 4871 per
3293 4813 3390 4856 eos
3422 4801 3514 4852 de-

1934 4881 2137 4928 structa
2163 4869 2448 4943 esthiem
2476 4873 2664 4927 mortis
2692 4871 2759 4926 19
2777 4869 3023 4943 Januarii
3067 4869 3281 4943 signant
3327 4883 3514 4926 recen-

1934 4945 2068 4999 tiora
2105 4942 2481 5015 Martyrologia
2509 4950 2564 4998 et
2591 4942 3016 4999 Benedictinum.
