3978 6310
502 333 638 390 ΞΟΠ

502 522 3551 548 mm

1039 335 1424 391 WALAFRIDI
1465 335 1709 391 STRABI
1747 337 1951 396 FULD.
1995 337 2161 396 ΜΟΝ.
2203 338 2355 396 ΟΡΡ.
2397 336 2576 393 PARS

2214 338 2355 396 DPP.
2397 336 2576 393 PARS
2615 338 2678 392 ll.
2717 368 2784 377 ——
2823 336 3209 395 HISTORICA.
3643 343 3785 396 {M8

1130 652 1478 767 VITA
1558 653 1676 766 S.
1770 653 2336 789 MAMM/E
2422 656 2701 769 MOlV

1558 653 1676 766 S.
1770 653 2336 789 MAMM/E
2422 655 3123 773 MONACHI.

1620 869 1782 932 (Apud
1806 869 1988 934 Canis.,
2015 871 2176 935 Antiq.
2204 869 2339 922 Lect.
2360 909 2376 934 ,
2412 878 2527 922 tom.
2555 872 2644 934 ll.)

830 1133 842 1150 ι
945 1089 1191 1146 STRABI
1230 1091 1621 1150 PREFATIO.

627 1201 879 1273 Legistis,
910 1203 1159 1257 meminit
1189 1211 1368 1259 vestra
1397 1206 1684 1273 sagacitas,

625 1297 892 1366 Antiquos
925 1297 1160 1366 propriis
1195 1297 1531 1354 carminibus
1564 1299 1716 1355 viros

623 1387 831 1444 Horum
861 1390 1115 1445 subsidiis
1143 1390 1366 1446 credere
1395 1392 1610 1460 saepius,

621 1480 863 1548 Quorum
891 1480 1030 1536 facta
1058 1482 1200 1553 stylo
1223 1482 1366 1537 dona
1393 1483 1478 1537 vel
1503 1483 1807 1554 explicant;

630 1575 698 1630 Ut
725 1577 914 1647 paucis
945 1577 1124 1633 valeas
1149 1585 1342 1633 etetera
1371 1579 1600 1641 discere,
1840 1561 1852 1580 ’

621 1665 847 1723 Martem
882 1669 1020 1724 bella
1049 1685 1250 1725 canens
1275 1679 1396 1724 orat
1422 1679 1474 1725 et
1502 1669 1788 1726 Herculem
1816 1688 1829 1726 :

616 1760 893 1832 Nymphas
919 1761 1166 1817 ruricola:
1191 1761 1443 1832 Panaque
1469 1761 1784 1832 praeferunt.

618 1851 789 1906 Extra
823 1853 938 1908 haec
967 1862 1096 1908 sunt
1127 1854 1295 1915 varia,
1327 1870 1464 1907 vana
1496 1855 1592 1908 sed
1620 1855 1824 1910 omnia.

615 1943 686 1998 At
715 1944 870 1998 nobis
894 1944 1155 1998 Dominus
1176 1961 1269 2000 ore
1295 1944 1571 1999 vocandus
1591 1953 1674 2000 est

614 2033 1047 2104 Laudandusque
1072 2037 1160 2104 pio
1191 2037 1354 2092 corde
1383 2037 1470 2092 vel
1494 2038 1744 2103 actibus,

613 2125 784 2197 Cujus
811 2128 994 2195 pandit
1023 2144 1157 2198 opus
1185 2129 1432 2198 quisquis
1461 2130 1762 2184 honoribus

616 2217 943 2276 Sanctorum
970 2219 1211 2275 celebrat
1236 2220 1454 2275 nomina
1481 2221 1738 2291 congruis
1763 2239 1792 2280 ε,

613 2311 934 2378 Anslieime,
963 2312 1206 2382 invigila;
1233 2311 1398 2367 chare
1418 2312 1729 2381 precatibus

614 2401 849 2474 Vulting,
880 2418 950 2458 ne
977 2403 1138 2458 sileas
1165 2418 1391 2473 poscere
1406 2401 1676 2472 judicem;

613 2493 959 2564 Importunas
986 2495 1057 2560 ei,
1087 2493 1391 2558 Lantwine,
1423 2494 1665 2560 clamita,

612 2584 784 2652 Quem
811 2585 905 2656 qui
935 2585 1054 2654 plus
1082 2585 1260 2655 petiit,
1289 2585 1409 2654 plus
1434 2585 1631 2638 meruit
1659 2584 1808 2639 boni.

609 2672 724 2729 llos
744 2672 858 2743 jam
881 2673 1180 2729 versiculos
1205 2688 1343 2743 quos
1371 2674 1492 2729 volo
1515 2673 1772 2740 subdere,

611 2764 718 2820 Pro
744 2780 830 2821 me
851 2765 1120 2820 continuis
1141 2766 1373 2836 promite
1401 2766 1606 2822 solibus

611 2857 794 2912 Donec
817 2857 1093 2928 perﬁciam
1123 2859 1268 2927 quod
1304 2859 1464 2914 modo
1491 2858 1733 2928 poscitis,

610 2946 873 3002 Perfectis
901 2947 1062 3002 etiam
1100 2949 1348 3005 sensibus
1376 2949 1624 3015 arduum,

605 3037 678 3092 At
707 3039 893 3094 multis
919 3050 1134 3111 egomet
1161 3042 1410 3098 sordibus
1433 3043 1663 3106 obsitus,

609 3129 937 3187 Sanctorum
961 3133 1236 3202 precibus,
1265 3149 1402 3204 quos
1432 3133 1549 3190 colo
1577 3133 1819 3190 carmine

608 3221 810 3277 Donari
841 3223 1056 3278 veniam
1087 3225 1250 3280 credo
1277 3225 1511 3282 iideliter

607 3311 816 3385 Magnis
842 3322 899 3370 et
923 3315 1106 3371 nimiis
1133 3332 1267 3386 quas
1295 3317 1434 3373 veho
1460 3318 1746 3374 classibus.

949 3424 1206 3484 ORATlO
1243 3427 1572 3485 EJUSDEM.

603 3535 651 3592 0
675 3548 856 3590 rerum
884 3545 1034 3592 sator
1059 3538 1298 3593 omnium
1326 3540 1623 3606 tremende,

606 3627 712 3694 Qui
749 3629 1073 3684 mirabiliter
1095 3647 1264 3702 genus
1291 3634 1483 3688 creasti

603 3716 929 3784 Humanum,
955 3735 1211 3775 recreans
1241 3721 1381 3776 idem
1405 3731 1674 3792 potenter,

603 3806 744 3862 Dum
773 3823 967 3880 poenas
998 3812 1178 3866 erucis
1209 3812 1465 3869 innocens
1494 3814 1664 3880 luisti,

599 3896 739 3952 Audi
768 3914 854 3954 me
881 3899 1142 3956 miserum
1172 3903 1329 3960 malis
1353 3915 1659 3977 gravatum,

598 3988 658 4044 In
685 4005 792 4060 quo
819 3990 892 4045 nil
920 3991 1025 4047 nisi
1059 3995 1304 4064 repperis
1333 3997 1542 4053 ruinam
1571 4017 1583 4050 :

599 4082 679 4137 Tu
706 4083 852 4140 solus
873 4084 1018 4140 vitiis
1038 4096 1191 4156 potes
1221 4089 1445 4157 mederi,

598 4175 676 4231 Te
700 4176 874 4232 solum
902 4179 1170 4234 medicum
1195 4183 1435 4250 requiro,
1465 4199 1616 4239 sana.

595 4267 852 4337 Indignus
875 4284 1091 4341 quoque
1118 4278 1171 4327 te
1197 4287 1387 4342 rogare
1417 4275 1706 4346 quicquam

595 4359 682 4414 Nil
706 4375 926 4430 possum
956 4364 1168 4420 meritis
1195 4364 1330 4420 meis
1360 4368 1578 4422 mereri.

595 4451 656 4508 1n
678 4467 786 4523 quo
810 4453 1070 4510 deﬁciunt
1096 4471 1229 4527 opes
1253 4459 1514 4528 precandi

596 4548 842 4604 Mammae
867 4549 1149 4604 subveniat
1185 4551 1260 4604 tui
1286 4559 1560 4621 precatus.

592 4638 759 4707 Cujus
791 4638 930 4693 facta
965 4639 1094 4694 libet
1123 4651 1296 4695 metro
1322 4641 1529 4696 referre

595 4731 676 4784 Ad
704 4730 916 4785 laudem
941 4731 1037 4786 tibi
1059 4731 1416 4803 gloriamque,
1447 4733 1668 4799 Factor,

595 4817 640 4874 A
663 4834 769 4888 quo
799 4828 1020 4876 sanctus
1049 4821 1212 4876 habet
1238 4822 1551 4878 beatitatem

595 4910 665 4966 Et
688 4921 941 4981 peccator
969 4911 1132 4968 habet
1155 4914 1544 4973 reversionem.

592 4998 713 5056 lam
745 5015 887 5057 nunc
913 5003 1118 5067 ordiar,
1147 5017 1182 5058 ο
1216 5004 1374 5059 beate
1400 5004 1682 5073 Mammes,

593 5089 776 5158 Adsis,
804 5091 1054 5158 obsecro,
1085 5091 1429 5163 Spiritusque
1455 5097 1626 5152 sancti

591 5179 786 5237 Munus
813 5181 1071 5237 concilies
1096 5195 1218 5237 meo
1242 5181 1413 5238 labori

595 5265 762 5325 τήηο
786 5277 846 5325 ut
870 5269 1032 5340 digna
1062 5269 1174 5324 Deo
1196 5269 1409 5341 loquar,
1439 5275 1535 5330 sed
1562 5283 1618 5331 et
1646 5283 1716 5331 te.

968 5400 1198 5460 CAPUT
1237 5403 1528 5462 PRIMUM.

799 5495 1010 5570 Patria
1037 5527 1084 5572 et
1108 5520 1333 5588 pueritia
1362 5521 1459 5575 viri
1484 5524 1671 5578 sancti.

448 5627 650 5687 Urbem
680 5631 1024 5701 Cappadoces
1060 5632 1326 5700 habitant,
1357 5650 1494 5706 quos
1519 5635 1607 5692 ille
1637 5637 1870 5693 refertur

449 5721 806 5792 Progenuisse
837 5723 1079 5795 Mosoch,
1109 5728 1332 5784 veniens
1362 5729 1427 5786 de
1453 5729 1657 5786 semine
1682 5729 1908 5804 Japhet;

2103 1096 2153 1154 Α
2179 1093 2327 1162 Quos
2356 1095 2497 1152 Asia:
2524 1111 2716 1155 versus
2742 1113 2997 1156 occasum
3029 1118 3155 1158 rura
3189 1105 3418 1162 minoris

2173 1190 2551 1262 Armeniaeque
2581 1193 2742 1259 latus,
2771 1209 2870 1264 per
2901 1195 3036 1252 ﬁnes
3063 1198 3234 1268 tangit
3263 1199 3404 1254 Eoos

2173 1281 2406 1354 Campus
2425 1282 2838 1352 Amazonidum,
2867 1297 3076 1357 septem
3099 1288 3165 1343 de
3193 1299 3346 1358 parte.
3374 1291 3580 1346 trionis

2170 1373 2395 1431 Nubiier
2421 1378 2645 1447 opponit
2675 1378 2908 1434 calidum
2943 1379 3072 1451 juga
3114 1381 3329 1436 Taurus
3375 1383 3449 1437 ad
3484 1383 3775 1439 Austrum.

2170 1467 2341 1535 Quam
2369 1470 2566 1525 virtute
2590 1480 2784 1541 potens
2809 1474 3114 1527 construxit
3141 1473 3370 1529 Perseus
3394 1474 3557 1540 olim,

2169 1561 2298 1616 Post
2326 1561 2566 1618 Romana
2596 1564 2708 1620 suis
2740 1565 2903 1620 rebus
2931 1565 3110 1620 laetata
3136 1575 3399 1636 potestas,

2169 1649 2471 1707 Caesaream
2502 1655 2743 1710 vocitare
2767 1656 2936 1722 dedit,
2962 1658 3286 1727 peregrinus
3314 1668 3371 1712 et
3401 1659 3615 1728 hospes

2167 1741 2422 1812 Corporis
2448 1759 2513 1798 ac
2537 1746 2722 1800 mundi
2753 1745 2882 1802 felix
2911 1747 3054 1803 hanc
3085 1748 3259 1803 incola
3285 1747 3557 1805 Mammes

2167 1831 2394 1887 lneoluit
2418 1835 2634 1903 partim,
2666 1835 2861 1891 coelum
2891 1853 3016 1892 nam
3042 1846 3223 1893 mente
3244 1839 3494 1908 petebat;

2168 1921 2344 1990 thue
2375 1922 2507 1978 fides
2538 1924 2740 1980 sobolis
2770 1926 2942 1982 multo
2964 1929 3239 1998 pretiosor
3271 1938 3441 1993 esset,

2165 2014 2468 2070 Perfectam
2511 2024 2737 2071 tenuere
2767 2017 2926 2073 fidem
2957 2021 3158 2088 pietate
3183 2032 3442 2091 parentes

2164 2106 2228 2160 Et
2263 2115 2453 2162 natum
2480 2109 2716 2164 docuere
2745 2110 2826 2164 sui
2857 2126 3077 2167 servare
3107 2113 3352 2169 timendo

2163 2194 2362 2253 Lucida
2386 2197 2534 2266 jussa
2569 2198 2692 2265 Dei;
2725 2215 2833 2255 non
2860 2202 3078 2269 segnior
3102 2202 3190 2257 ille
3215 2213 3490 2272 repertus,

2163 2287 2404 2344 Moribus
2431 2298 2646 2345 aetatem
2675 2305 2838 2346 sensu
2867 2300 3020 2346 tener
3043 2293 3234 2347 extulit
3265 2310 3462 2357 annos,

2161 2382 2337 2438 Carne
2368 2397 2522 2452 puer,
2551 2383 2646 2439 sed
2673 2384 2836 2438 corde
2856 2399 3022 2440 senex
3048 2404 3062 2439 :
3091 2387 3182 2455 qui
3209 2386 3402 2442 deinde
3432 2398 3729 2458 parentur

2086 2449 2135 2509 Β
2163 2474 2294 2530 Post
2322 2484 2571 2540 mortem,
2600 2484 2784 2531 custos
2811 2478 2936 2533 vita:
2965 2480 3314 2535 cautissimus
3337 2482 3522 2546 alium,

2162 2566 2471 2623 Observans
2499 2570 2753 2624 mandata
2782 2571 2898 2637 Dei,
2929 2573 3076 2628 dedit
3104 2575 3259 2629 ocius
3291 2586 3461 2630 arcta:

2160 2655 2477 2727 Exemplum
2502 2674 2856 2730 normamque
2879 2662 2996 2716 vim.
3019 2662 3258 2718 Latitare
3281 2668 3548 2735 nequibat

2162 2745 2382 2815 Urbsgin
2409 2757 2591 2804 monte
2617 2750 2832 2816 sedens,
2859 2754 3038 2808 modio
3068 2769 3240 2823 neque
3265 2765 3408 2810 tecta
3433 2757 3672 2813 lucernae

2160 2837 2402 2894 Flamma
2423 2843 2584 2910 perit,
2611 2842 2704 2897 sed
2729 2842 2910 2898 lumen
2940 2860 3107 2915 agens
3139 2845 3192 2899 ir.
3220 2847 3442 2903 domate
3473 2851 3686 2906 cunctis

2159 2929 2491 2989 Cunctorum
2521 2933 2573 2987 in
2603 2949 2724 2990 sese
2748 2951 2941 3004 purum
2970 2939 3235 2994 convertit
3265 2955 3536 2996 amorem.

2775 3084 3002 3141 CAPUT
3055 3086 3114 3141 ll.

2159 3227 2400 3294 Qualiter
2428 3237 2654 3297 tempore
2682 3233 3053 3299 persecutionis
3083 3236 3419 3290 solitudinem
3452 3240 3744 3294 duodoxa-

2276 3299 2356 3353 nis
2383 3315 2501 3353 cum
2530 3302 2800 3370 pecoribus
2829 3305 3064 3374 petierit,
3095 3317 3141 3360 et
3171 3307 3299 3376 quid
3330 3308 3400 3361 ibi
3427 3309 3638 3376 fecerit.

2153 3459 2222 3514 Et
2241 3460 2355 3530 jam
2386 3461 2470 3515 bis
2498 3476 2658 3518 senos
2681 3464 2907 3534 puerilis
2936 3465 3192 3523 ﬂosculus
3218 3484 3391 3524 annos

2151 3551 2440 3623 Attigerat,
2472 3567 2592 3608 cum
2621 3569 2761 3609 saeva
2790 3557 2914 3611 mali
2941 3557 3023 3612 lex
3048 3558 3324 3614 Aureliani

2151 3641 2409 3697 Ecclesia:
2445 3651 2711 3699 mactaret
2735 3660 2886 3712 oves,
2916 3642 3153 3702 vastaret
3180 3649 3345 3712 ovile,

2152 3732 2502 3805 Lietoresque
2526 3736 2672 3804 pium
2697 3748 3053 3807 sequerentur
3077 3741 3297 3811 ubique,
3325 3753 3567 3815 tyranne

2072 3825 2121 3887 C
2150 3825 2526 3895 Praecipiente,
2557 3843 2748 3897 genus,
2773 3830 2940 3885 variis
2970 3839 3029 3885 ut
3057 3847 3284 3904 corpora
3311 3839 3497 3905 poenis

2148 3915 2399 3971 Aliieiant
2427 3917 2595 3988 variis
2625 3919 2902 3975 uolentum
2938 3922 3146 3978 solvere
3173 3925 3311 3981 divis

2147 4007 2280 4062 Liba
2305 4021 2606 4079 precesque
2640 4021 2877 4080 patrum.
2910 4013 3031 4068 Mox
3059 4031 3189 4084 ergo
3212 4027 3268 4072 ut
3301 4019 3437 4075 vidit
3471 4022 3526 4076 in
3561 4026 3675 4094 ipsa

2146 4098 2392 4152 Caesarea
2422 4116 2557 4169 puer
2581 4101 2682 4156 ista
2711 4103 2844 4172 geri,
2869 4103 3118 4175 fanisque
3139 4108 3382 4177 profanis

2149 4188 2413 4244 Seductos
2448 4191 2654 4246 servire
2683 4195 2901 4261 choros,
2933 4212 3038 4251 non
3070 4213 3260 4268 passus
3294 4201 3453 4257 inerti

2147 4281 2378 4335 Tantum
2408 4282 2589 4338 animo
2617 4284 2847 4342 tolerare
2879 4289 3051 4352 nefas,
3075 4306 3423 4363 quascunque
3455 4309 3740 4366 parentum

2145 4371 2286 4426 Cura
2309 4373 2520 4442 paravit
2543 4389 2675 4444 opes
2704 4378 2929 4446 sprevit,
2956 4389 3303 4453 montemque
3331 4387 3532 4455 petivit

2149 4463 2376 4520 Mentem
2406 4480 2570 4520 carne
2605 4482 2858 4538 sequens,
2887 4473 3086 4528 mansit
3115 4489 3234 4544 quae
3262 4491 3482 4552 semper
3515 4481 3574 4536 in
3601 4481 3711 4536 alto

2145 4555 2518 4625 Contemplata
2552 4556 2743 4623 Deum,
2777 4575 3072 4632 regumque
3100 4566 3348 4634 zequabat
3381 4569 3599 4638 opimas

2146 4646 2376 4701 Delicias
2399 4648 2452 4700 in
2494 4648 2631 4704 lacte
2665 4651 2869 4721 gregis;
2895 4653 2992 4708 has
3015 4654 3247 4725 denique
3277 4658 3452 4714 solum

2143 4737 2223 4791 Ad
2245 4746 2484 4793 montem
2513 4741 2764 4810 perduxit
2793 4759 2940 4813 opes,
2976 4749 3235 4816 pascebat
3256 4751 3484 4806 ovillum

2143 4826 2259 4895 Ipse
2281 4842 2465 4897 pecus,
2496 4828 2808 4901 victumque
2838 4833 2940 4888 sibi
2971 4839 3247 4904 quaerebat
3270 4841 3337 4893 ab
3376 4841 3488 4896 illo.

2145 4915 2352 4986 Saepius
2378 4917 2637 4973 insistens
2656 4921 2929 4989 precibus,
2958 4923 3217 4996 librisque
3237 4927 3476 4998 legendis

2143 5006 2264 5062 Otia
2284 5007 2444 5079 longa
2470 5010 2693 5065 trahens
2719 5012 2887 5067 vitam
2912 5014 3030 5070 sine
3070 5018 3298 5074 crimine
3335 5021 3513 5075 duxit.

2143 5097 2296 5166 Quod
2328 5109 2565 5155 montem
2595 5103 2755 5172 petiit
2775 5106 2994 5160 monitis
3017 5111 3292 5164 consensit
3315 5111 3457 5166 Iesu.

2068 5179 2121 5239 D
2148 5191 2359 5246 Excidii
2387 5194 2478 5262 qui
2518 5194 2670 5264 signa
2701 5211 2923 5263 canens,
2950 5199 3054 5254 hoc
3077 5200 3229 5256 addit
3251 5204 3524 5273 agendum
3553 5225 3565 5259 :

2145 5281 2298 5337 Tunc
2343 5282 2435 5354 qui
2483 5281 2645 5353 plana
2698 5287 2901 5355 colunt,
2930 5290 2997 5345 ad
3035 5307 3248 5348 summa
3290 5297 3581 5351 cacumina
3625 5308 3730 5352 ter.-

2141 5443 2521 5517 Maturentque
2543 5427 2746 5519 fugam.
2779 5451 2956 5508 Mores
2982 5453 3226 5512 imitatus
3252 5457 3426 5513 avitos
3549 5388 3698 5461 [dam
3719 5433 3736 5454 ’

2138 5537 2292 5593 Pavit
2313 5555 2443 5595 oves
2471 5542 2722 5612 simplex,
2754 5547 2936 5617 magni
2955 5557 3196 5605 sectator
3234 5551 3419 5616 Iacob;

2136 5629 2288 5687 Alter
2314 5632 2468 5702 Abel,
2502 5635 2934 5706 patriarcharum
2971 5643 3314 5702 sanctissima
3344 5645 3551 5718 proles.
