3978 6310
226 390 246 446 l
257 386 362 444 049

843 492 1070 550 CAPUT
1105 493 1188 549 Ill.

224 609 500 679 Quantulo
547 608 602 664 iu
633 623 872 679 campum
913 625 950 679 7a
1002 595 1224 661 Domino
1259 617 1468 679 uocatus
1520 607 1714 678 virgam
1756 615 1804 660 et

689 677 1030 748 Evangelium
1060 678 1329 732 invenerit.

223 810 350 866 llmc
386 811 526 869 inter
555 825 804 880 campum
828 809 1037 864 Domini
1067 818 1330 879 petatore
1355 816 1627 873 monetur,

225 903 290 957 Et
317 916 584 974 pergens:
627 902 765 969 Quo,
815 899 1050 967 Christe,
1097 916 1282 966 vocas,
1329 916 1436 970 quo
1485 907 1537 956 te
1584 914 1802 970 sequar,

1598 991 1806 1045 inquit?

221 1063 446 1134 Fulgida
477 1062 734 1117 continuo
760 1077 858 1132 per
883 1061 1002 1118 coeli
1026 1063 1176 1132 virga
1199 1075 1450 1117 serenum
1574 990 1689 1063 [Νη

221 1155 448 1222 Voxque
461 1153 619 1208 simul
635 1153 828 1208 cecidit
853 1171 866 1207 :
889 1151 1006 1207 Tibi
1037 1154 1286 1218 mittitur,
1303 1153 1506 1221 accipe,
1522 1150 1804 1217 Mammes,

220 1245 290 1300 Et
316 1243 669 1314 quodcunque
694 1243 789 1298 tibi
836 1243 1026 1299 suadet
1070 1259 1223 1298 mens
1260 1251 1447 1299 sancta
1488 1243 1803 1313 petendum,

219 1335 336 1389 llae
362 1333 594 1388 dabitur.
619 1333 834 1388 Faciem
864 1341 977 1387 tum
1009 1332 1162 1389 laetus
1189 1334 1254 1387 ad
1284 1334 1485 1389 aethera
1517 1334 1731 1398 tollens,

220 1426 349 1481 Fert
374 1435 553 1496 grates
578 1425 842 1491 Domino;
867 1441 993 1480 mox
1025 1425 1171 1496 virga
1203 1433 1260 1480 ut
1285 1426 1512 1492 contigit
1533 1441 1696 1481 occas

218 1514 427 1586 Campi,
464 1515 810 1587 Evangelium
851 1516 988 1570 miro
1011 1517 1169 1571 datur
1200 1517 1389 1571 ordine
1411 1527 1654 1572 sanctum
1683 1531 1698 1570 :

218 1608 369 1674 Quod
416 1615 702 1677 postquam
741 1607 971 1678 sumpsit
1015 1606 1237 1677 supplex
1268 1615 1322 1662 et
1360 1606 1488 1678 legit
1515 1615 1802 1677 apertum:

218 1698 412 1764 Credo,
446 1700 623 1754 sciens
648 1700 798 1771 virga
826 1708 1100 1770 pastorem
1124 1700 1310 1754 codice
1336 1714 1591 1770 magnum
1737 1693 1750 1702 ’

219 1789 502 1843 Doctorem
530 1789 760 1854 institui,
789 1789 1073 1844 Dominum
1102 1797 1422 1844 veneranter
1443 1790 1696 1857 adorans,

217 1879 284 1934 Et
311 1880 456 1948 quis,
487 1879 583 1946 ait,
620 1879 799 1946 dictis,
831 1883 1076 1947 ostende,
1106 1883 1418 1938 monebitur
1447 1884 1604 1939 istis?

217 1973 437 2029 Donasti
461 1974 573 2044 jam
598 1973 736 2029 velle
761 1973 929 2043 loqui,
958 1975 1024 2029 da
1055 1975 1276 2030 credere
1302 1976 1483 2031 verbis

217 2064 390 2119 Corda
421 2065 592 2120 aliena
625 2066 776 2120 meis.
805 2066 970 2132 Dixit,
1000 2081 1294 2136 vocemque
1323 2066 1592 2136 loquentis

217 2157 403 2212 Audiit
427 2176 441 2212 :
468 2157 744 2221 Accelera,
777 2157 1058 2226 Mammes,
1086 2166 1434 2228 montemque
1455 2158 1698 2214 revisens

217 2247 340 2304 Mox
382 2263 608 2319 parvam
661 2250 946 2318 compinge
998 2249 1240 2316 domum,
1292 2250 1431 2306 dabo
1477 2250 1670 2305 deinde
1717 2247 1802 2318 ju-

1605 2342 1806 2414 [bendo

219 2433 347 2490 lla:c
375 2449 533 2490 sacra
559 2433 724 2501 dicta,
757 2435 954 2504 quibus
982 2434 1172 2490 doctor
1205 2433 1466 2504 capienda
1503 2433 1801 2489 ministres.

842 2560 1068 2618 CAPUT
1125 2561 1213 2616 lV.

222 2681 676 2749 Quemadmodum
709 2697 776 2736 ea:
822 2692 1080 2750 praecepto
1121 2683 1334 2736 domum
1378 2686 1436 2736 in
1469 2692 1642 2738 monte
1685 2701 1807 2740 cou-

323 2753 600 2819 struxerit,
630 2763 678 2806 et
700 2770 732 2805 a
755 2751 1000 2808 silvicolis
1020 2755 1087 2806 sit
1118 2753 1358 2824 gregibus
1383 2753 1694 2808 honoratus.

218 2875 309 2930 llle
329 2876 404 2946 pii
431 2883 699 2946 praecepta
724 2875 908 2930 Patris
933 2879 1240 2930 veneranda
1265 2883 1508 2942 secutus,

219 2965 450 3021 Montem
479 2967 816 3031 conscendit,
853 2966 1201 3036 praecisisque
1225 2965 1462 3035 undique
1499 2965 1670 3022 solers

217 3057 532 3120 Arboribus,
559 3057 720 3113 struit
743 3065 897 3112 antra
921 3058 1092 3128 magis
1117 3073 1275 3128 quam
1300 3058 1504 3112 daedala
1535 3059 1696 3114 celsis

218 3151 383 3206 Tecta
413 3151 594 3217 tholis,
625 3151 784 3206 simul
813 3149 1086 3222 aediﬁcans
1111 3151 1282 3205 altare
1306 3151 1568 3218 Tonanti;

215 3242 452 3313 Postque
473 3241 674 3297 laboris
697 3257 854 3306 onus,
893 3249 1081 3297 sancto
1105 3242 1300 3296 sudore
1322 3239 1551 3297 ﬂuentes

215 3333 380 3388 Artus
404 3332 706 3402 composuit
731 3347 941 3387 sessum
980 3332 1286 3402 librumque
1313 3332 1570 3398 revolvit;

215 3425 459 3493 Dumque
488 3436 673 3478 sacros
695 3436 885 3477 versus
910 3422 1252 3492 depromeret
1273 3439 1369 3478 ore
1394 3425 1555 3480 beato

215 3514 502 3570 Silvestres
536 3527 729 3569 venere
749 3527 961 3584 greges,
989 3513 1241 3569 animalia
1266 3514 1422 3584 jussu

212 3611 349 3666 Acta
377 3610 493 3674 Dei,
515 3608 730 3679 ﬁxaque
752 3623 890 3679 genu
918 3608 1188 3677 patienter
1223 3609 1472 3663 adorant.

212 3703 330 3770 Quo
359 3701 620 3756 recitante
652 3707 856 3765 tacent,
883 3707 939 3754 et
963 3699 1136 3755 acutis
1161 3699 1384 3754 auribus
1405 3709 1604 3764 astant,

211 3793 340 3848 Post
372 3793 618 3856 verbum,
649 3807 773 3846 cum
793 3791 962 3845 lustra
997 3805 1178 3846 mares
1203 3792 1469 3846 silvestria
1507 3792 1688 3846 cuncti

212 3885 560 3956 Expeterent,
585 3882 736 3950 quasi
773 3882 1044 3936 carnalem
1073 3881 1311 3937 doctoris
1337 3882 1405 3936 ad
1431 3899 1584 3937 usum

210 3977 497 4033 Femineos
517 3975 724 4044 liquere
759 3975 975 4040 choros,
999 3976 1126 4045 quls
1151 3975 1291 4030 lacte
1320 3976 1597 4030 tumebant

211 4069 389 4126 Ubera
424 4075 532 4123 tota
559 4081 720 4130 novo,
757 4065 974 4120 domitis
1008 4066 1124 4120 sine
1145 4065 1237 4120 lite
1262 4067 1557 4128 cohaerent,
1614 4118 1620 4123 .

209 4163 342 4230 Quae
380 4159 551 4216 sancti
573 4159 798 4216 sociavit
827 4160 1032 4225 honor;
1062 4159 1106 4214 si
1137 4160 1317 4215 dicere
1343 4161 1561 4229 dignum
1587 4168 1688 4225 est,

211 4253 306 4308 Sic
325 4253 511 4309 edocta
541 4266 641 4305 suo
661 4250 829 4305 servit
865 4249 1177 4306 Macedonia
1214 4251 1400 4306 Paulo.

209 4346 314 4399 Dat
337 4342 557 4399 carnale
579 4343 778 4397 bonum
806 4354 905 4411 per
937 4356 1098 4411 quem
1121 4341 1366 4397 caelestia
1399 4343 1648 4413 sumpsit.

207 4435 468 4490 Miremur
491 4431 710 4486 virtutis
731 4445 887 4500 opus,
915 4431 1193 4486 doleamus
1231 4431 1413 4502 iniqua

210 4528 488 4595 Brulaque
535 4521 700 4578 corda
753 4521 1064 4587 hominum;
1120 4521 1344 4578 verbum
1387 4522 1621 4578 faciente
1673 4538 1793 4576 ma-

209 4683 432 4738 lntentae
469 4695 725 4755 stupuere
749 4685 874 4740 fera:
899 4703 913 4739 :
949 4693 1007 4740 at
1041 4685 1250 4740 ratione
1274 4685 1514 4755 vigentes
1543 4614 1758 4715 *[g's‘m
1779 4655 1794 4682 ’

208 4775 470 4830 Auditum
503 4776 730 4844 strepitu
758 4790 977 4832 sensum
1003 4791 1253 4832 sermone
1275 4776 1608 4843 retuudunt;

211 4868 316 4921 Dat
342 4865 454 4920 fera
482 4866 810 4930 mercedem,
843 4882 942 4923 nos
970 4867 1132 4938 impia
1155 4867 1352 4938 probra
1375 4869 1614 4933 docenti,

211 4957 351 5013 Hinc
373 4955 484 5012 fera
512 4971 621 5013 non
659 4956 936 5023 meritum,
966 4960 1063 5014 sed
1098 4957 1262 5014 habet
1305 4974 1460 5016 mens
1489 4959 1622 5014 dura
1671 4977 1794 5015 rea-

833 5116 1060 5175 CAPUT
1103 5118 1164 5172 v.
1637 5049 1796 5123 [Μ’

213 5238 285 5294 Ut
314 5240 540 5317 agrestia
567 5257 686 5317 cum
711 5241 1214 5317 mitibusmulgeus,
1242 5253 1309 5317 et
1331 5261 1509 5317 caseos
1547 5249 1793 5317 pauperi-

428 5310 524 5365 bus
549 5312 781 5368 tribuens
805 5311 946 5384 apud
966 5310 1243 5383 prwsidem
1266 5314 1332 5368 sit
1352 5310 1578 5371 delatus.

213 5435 312 5490 Vir
331 5434 564 5497 Domini,
594 5449 891 5506 agnoscens
918 5437 1039 5492 ideo
1059 5452 1341 5493 remanere
1369 5423 1599 5495 libenter

214 5525 288 5583 Ut
313 5539 478 5596 grege
499 5540 625 5580 cum
646 5525 868 5595 proprio
900 5525 1039 5582 fetas
1067 5527 1329 5598 mulgeret
1365 5537 1623 5599 agrestes,

211 5618 491 5674 Accedens
512 5618 672 5672 niveo
692 5617 868 5672 sinum
889 5621 954 5673 de
977 5620 1125 5675 fonte
1148 5619 1374 5690 replevit
1402 5637 1414 5674 :

211 5712 417 5766 Caseus
438 5709 667 5766 eﬂlcitur
701 5709 956 5782 paulatim
990 5713 1129 5769 lacte
1158 5721 1365 5768 coacto.

211 5804 436 5876 Pinguis
462 5814 515 5861 et
543 5803 805 5861 immissis
831 5803 1042 5862 ditescit
1076 5805 1260 5863 ﬁscina
1285 5805 1472 5865 formis
1501 5824 1514 5862 :

1403 380 1558 438 VITA
1597 379 1657 436 S.
1698 377 1970 434 ΜΛΜΜᾸΕ
2007 377 2336 438 MONACHI.

1831 497 1880 554 Α
1908 489 2094 546 Cernit
2117 494 2453 550 abundantes
2483 495 2637 553 lactis
2675 498 2742 554 de
2765 514 2991 554 munere
3013 499 3241 566 fructus,

1830 1849 1879 1910 Β

3360 387 3492 452 1050

1908 581 1976 636 Et
2002 593 2153 652 rogat
2183 593 2242 639 ut
2263 585 2521 642 Dominus
2547 591 2803 660 quidquid
2835 592 2960 646 velit
2991 593 3114 646 inde
3145 593 3386 647 futurum

1907 676 2197 744 Ostendat;
2232 688 2342 738 tum
2373 691 2561 736 sancta
2588 684 2766 738 virum
2790 699 2912 738 mox
2936 683 3112 752 jussio
3132 694 3317 754 portas

1907 769 2166 826 Cmsareae
2190 787 2482 842 properare
2511 773 2686 843 jubet,
2717 778 3040 848 tandemque
3069 779 3300 848 repertis

1906 861 2262 934 Pauperibus,
2292 867 2487 932 viduis,
2520 870 2727 924 orbatis
2765 869 2884 924 luce
2914 879 3222 940 parentum,

1907 952 2058 1020 Quod
2085 954 2343 1011 Dominus
2374 957 2582 1022 tribuit,
2615 959 2780 1028 largis
2799 961 3120 1014 contrudere
3151 959 3365 1030 palmis.

1906 1043 2022 1099 Non
2046 1061 2200 1102 secus
2220 1062 2281 1100 ac
2300 1045 2510 1115 jussum
2533 1056 2634 1113 est,
2660 1059 2908 1119 prompto
2928 1049 3154 1119 perfecit
3176 1065 3380 1106 amore.

1908 1137 2115 1206 Saepius
2139 1139 2253 1192 haec
2283 1140 2484 1208 passim
2519 1141 2667 1194 cives
2694 1141 3234 1208 mirandawidentes,

1905 1229 2126 1285 Invidia:
2155 1232 2403 1302 pulsante
2434 1233 2594 1299 malo,
2629 1235 3013 1302 conspectibus
3061 1235 3278 1289 adsunt.

1907 1321 2084 1377 Fortis
2111 1322 2424 1386 Alexandri,
2451 1325 2540 1395 qui
2573 1325 2770 1379 dudum
2798 1340 2996 1396 praeses
3017 1327 3084 1380 ab
3115 1326 3205 1381 illo

1909 1417 2101 1473 Missus
2121 1426 2258 1483 erat,
2292 1434 2486 1472 nonam
2511 1419 2602 1490 qui
2635 1419 2803 1474 movit
2843 1419 2894 1472 in
2922 1420 3053 1473 orbe
3094 1418 3385 1490 procellam

1907 1508 2286 1574 Christicolis;
2315 1509 2468 1578 cujus
2506 1518 2749 1565 sanctum
2779 1510 2865 1564 lex
2897 1511 3112 1567 horrica
3135 1510 3421 1566 Mammem

1910 1603 2147 1674 Propulit
2176 1604 2230 1658 in
2268 1614 2508 1660 montem
2538 1623 2550 1659 :
2583 1606 2855 1671 Clemens,
2883 1620 2914 1659 ο
2940 1622 3165 1676 praeses,
3190 1605 3408 1673 obaudi,

1905 1695 2204 1750 Accusator
2224 1695 2320 1761 ait,
2345 1697 2634 1766 quemdam
2661 1696 2726 1752 de
2755 1695 2924 1767 stirpe
2953 1713 3234 1768 magorum

1908 1785 2151 1842 Vidimus
2202 1787 2416 1860 inclytis
2463 1787 2538 1860 [Γ.
2577 1787 2837 1860 inlicitis]
2875 1787 3020 1860 leges
3085 1799 3294 1845 mutare
3347 1788 3494 1846 fera-

3377 1898 3401 1934 l‘

3377 1898 3401 1934 r

1906 1945 2278 2016 Carminibus,
2306 1949 2478 2006 solers
2505 1961 2654 2005 ortas
2677 1966 2963 2020 compesce
2990 1950 3266 2022 querelas.
3350 1881 3371 1954 [
3405 1898 3493 1936 um

2507 2080 2735 2138 CAPUT
2777 2083 2864 2139 VI.

2048 2191 2164 2259 Qua
2187 2196 2373 2249 missos
2398 2195 2640 2267 praesidis
2671 2196 2999 2251 humanitate
3041 2199 3348 2264 susceperit.

1905 2292 2002 2364 llis
2026 2317 2293 2366 commota
2325 2325 2490 2380 super
2518 2310 2791 2365 furibundi
2818 2310 3064 2380 praesidis
3086 2311 3189 2376 ira,

1905 2400 1990 2455 Ire
2017 2399 2152 2453 duos
2177 2399 2386 2468 equites
2412 2407 2769 2467 sanctumque
2803 2400 3072 2466 adducetur
3104 2398 3290 2466 jussit.

1905 2489 2110 2547 Obvius
2132 2490 2214 2544 his
2233 2489 2492 2544 Mammes
2517 2492 2717 2545 montis
2743 2492 3126 2546 scandentibus
3159 2493 3268 2547 alta
3304 2508 3316 2544 :

1906 2583 2022 2649 Quo
2049 2581 2372 2651 properatis,
2407 2580 2519 2636 ait?
2556 2579 2897 2636 Mammelem
2926 2582 3242 2652 quaerimus,
3273 2583 3443 2638 aiunt.

1907 2673 1966 2729 Si
1993 2673 2153 2736 nosti,
2185 2679 2488 2727 monstrato
2511 2671 2676 2737 viam,
2702 2688 2808 2741 qua
2832 2674 3031 2728 mansit
3049 2682 3104 2728 et
3128 2674 3262 2743 ipse,

1907 2765 2005 2821 Vel
2038 2781 2144 2835 qua
2169 2774 2354 2834 pascat
2381 2780 2530 2820 oves.
2560 2764 2676 2819 Non
2703 2763 2863 2833 hujus
2888 2766 3147 2832 nominis,
3181 2767 3378 2836 inquit,

1905 2858 2007 2914 llic
2029 2872 2294 2929 cognosco
2318 2857 2513 2920 virum,
2540 2873 2641 2912 nec
2663 2858 2822 2928 hujus
2843 2859 3053 2914 mansio
3075 2868 3200 2915 nota
3225 2869 3328 2916 est.

1903 2951 2021 3008 Non
2048 2951 2324 3020 trepidans
2351 2952 2452 3006 hoc
2483 2952 2618 3006 dixit
2643 2953 2810 3014 enim,
2837 2953 2931 3007 sed
2969 2954 3131 3008 verba
3155 2954 3427 3010 monentis

1904 3043 2149 3112 Implevit
2176 3042 2413 3108 Domini,
2437 3054 2656 3098 sanctos
2685 3045 2776 3114 qui
2801 3043 2965 3113 jussit
2993 3054 3210 3114 apertas

1909 3133 2192 3188 Declinare
2229 3134 2426 3198 minas,
2457 3142 2517 3187 ut
2543 3142 2723 3189 servet
2742 3134 2914 3204 jussa,
2946 3137 3156 3206 peregit

1827 3203 1872 3266 (ἶ
1903 3227 1960 3282 In
1989 3225 2103 3280 solo
2125 3240 2376 3280 sermone
2403 3223 2602 3295 fugam.
2638 3203 2770 3278 Nam
2797 3203 2991 3279 caetera
3031 3203 3188 3281 fortis

1907 3315 2264 3372 Téntamenta
2294 3315 2438 3381 tulit,
2467 3331 2566 3385 pro
2597 3316 2814 3370 Christo
2840 3331 3043 3385 ponere
3069 3318 3280 3372 malens

1906 3406 2077 3474 Quam
2108 3421 2326 3461 servare
2350 3406 2610 3470 animam,
2635 3405 2918 3474 verbisque
2939 3407 3288 3477 sequentibus
3313 3407 3488 3478 ipsum

1903 3498 2022 3553 Non
2057 3499 2301 3553 timuisse
2335 3498 2524 3553 docet:
2556 3496 2818 3552 Mammes
2853 3513 2951 3552 cur
2979 3499 3260 3568 quaeritur,
3295 3500 3487 3570 inquit,

1903 3591 2184 3646 Declarate
2205 3590 2336 3645 mihi
2361 3597 2418 3646 et
2448 3590 2604 3645 vobis
2629 3591 2946 3645 monstrabo
2973 3591 3287 3646 videndum.

1901 3682 2234 3745 Proditione,
2273 3681 2445 3746 aiunt,
2478 3681 2766 3751 pulsantur
2793 3681 3040 3751 pmsidis
3067 3697 3257 3748 aures,

1897 3773 2063 3828 Audit
2091 3783 2148 3829 et
2179 3773 2323 3829 hunc
2343 3788 2570 3844 puerum
2597 3773 2825 3843 magicis
2845 3773 3120 3829 conlidere
3152 3773 3316 3832 rebus

1897 3867 1967 3921 Et
1993 3866 2256 3921 domitare
2283 3867 2428 3921 feras
2455 3874 2510 3921 et
2545 3865 2848 3937 agrestibus
2869 3867 3201 3936 imperitare.

1897 3958 2010 4022 llle,
2045 3959 2139 4012 Dei
2169 3960 2309 4013 dono
2336 3959 2593 4023 monitus,
2628 3951 2903 4026 respOndit
2929 3977 2942 4012 :
2972 3959 3192 4025 Eamus,

1899 4047 2300 4116 Guswmusque
2319 4048 2488 4117 prius,
2532 4056 2643 4101 tum
2667 4046 2816 4114 jussa
2848 4048 3120 4104 facessere
3149 4059 3364 4122 tempus
3388 4069 3404 4105 :

1899 4138 2269 4206 Adductisque
2306 4137 2526 4191 domum
2555 4138 2803 4193 convivia
2833 4138 2984 4209 larga
3005 4140 3243 4208 paravit,

1899 4229 2084 4293 Panis,
2113 4243 2268 4298 aqua:
2297 4228 2549 4298 niveique
2577 4243 2852 4299 apponens
2878 4245 3106 4285 munera
3131 4230 3308 4287 lactis.

1900 4318 2017 4373 Non
2045 4326 2250 4373 tantum
2282 4320 2520 4390 propriis
2558 4319 2816 4389 precibus
2843 4321 3106 4377 dilexerat
3133 4324 3344 4389 hostes,

1900 4407 2103 4464 Verum
2128 4410 2268 4478 quod
2291 4409 2462 4464 sancti
2485 4411 2697 4464 monuit
2717 4411 2958 4467 sollertia
2984 4411 3137 4468 Pauli

1902 4501 2220 4556 Esuriemve
2242 4501 2458 4558 sitimve
2486 4503 2595 4572 pati
2624 4519 2728 4558 non
2758 4504 2981 4573 pertulit
3005 4504 3169 4575 ipsos.

1823 4560 1877 4621 D
1905 4591 2040 4648 llinc
2061 4591 2244 4648 videas
2275 4560 2741 4662 mentem'prunas
2759 4560 3311 4664 tetigisse-calentes,

1904 4683 2038 4737 Dum
2071 4681 2218 4737 velut
2236 4682 2423 4738 afﬁnes
2459 4682 2743 4738 Mammem
2770 4695 3098 4741 venerantur
3124 4689 3377 4743 amicum.

1905 4774 1971 4827 Et
1999 4774 2221 4828 redeunt
2241 4781 2445 4830 sanctae
2485 4783 2648 4830 testes
2671 4775 2890 4831 virtutis
2924 4777 3114 4846 opimi.

2506 4886 2733 4944 CAPUT
2774 4887 2884 4943 Vll.

1907 4983 2148 5051 Qualiter
2179 4987 2320 5056 ipsos
2352 4981 2612 5042 conculsu
2658 4990 2941 5057 agrestium
2977 4993 3185 5047 territos
3232 4995 3298 5049 de
3334 5012 3384 5051 se
3425 5001 3470 5051 si

1997 5058 2330 5122 consolatus;
2360 5057 2416 5110 iu
2441 5074 2546 5127 quo
2578 5058 2644 5112 de
2670 5061 2894 5115 nominis
2925 5063 3042 5132 ejus
3069 5063 3383 5121 diversitate.

1904 5168 2046 5237 Ergo
2079 5168 2185 5222 illis
2209 5169 2416 5237 pariter
2438 5168 2827 5237 prandentibus
2849 5171 3020 5227 intrat
3048 5179 3278 5246 agrestis

1902 5259 2079 5312 Turba
2103 5258 2439 5323 catervatim,
2474 5259 2676 5328 legeret
2703 5261 2828 5316 dum
2851 5263 3097 5334 dogmata
3126 5265 3358 5324 sanctus

1903 5350 2062 5406 Verbi
2089 5349 2384 5421 evangelici
2418 5368 2430 5403 :
2475 5351 2760 5407 turbantur
2780 5355 2960 5410 nescia
2985 5357 3100 5412 visu
3333 5344 3336 5348 ’

1898 5442 2073 5498 Corda
2098 5443 2298 5508 virum,
2329 5443 2551 5514 supplex
2582 5445 2720 5500 alius
2741 5448 3118 5519 complectitur
3136 5466 3308 5514 aram,

1899 5535 1989 5591 llle
2018 5535 2190 5590 sacris
2213 5535 2444 5606 genibus
2462 5535 2706 5593 Mammae
2737 5539 3041 5596 timefactus
3074 5542 3318 5596 inhaeret.

1898 5627 2128 5683 Attoniti
2158 5637 2368 5682 terrore
2396 5643 2553 5694 novo,
2584 5645 2958 5701 summamque
2980 5631 3170 5687 salutis

1899 5718 2018 5774 Jam
2047 5717 2210 5774 dubio
2235 5719 2336 5775 sub
2359 5721 2520 5777 corde
2553 5729 2763 5789 tenent;
2792 5738 3130 5794 cernensque
3153 5723 3431 5792 timentes,

1909 5811 1985 5869 Ne
2024 5811 2278 5885 timeatis,
2304 5813 2402 5886 ait,
2437 5813 2776 5873 Mammetem
2801 5816 3043 5884 cernitis,
3075 5831 3200 5874 ecce
