3978 6310
503 357 527 412 1
538 355 639 412 051

499 467 776 537 Quzeritis,
803 465 947 522 hunc
969 465 1145 537 ipsum
1166 481 1264 522 vos
1289 467 1558 523 invenisse
1586 467 1802 536 sciatis;

500 559 816 617 Confortate
837 558 1066 623 animos,
1090 557 1223 612 nihil
1255 558 1344 612 hic
1372 559 1474 613 nisi
1506 559 1636 614 mite
1675 559 1887 614 videtis.

500 654 570 707 At
591 653 721 708 mihi
753 659 922 706 restat
949 651 1127 706 adhuc
1167 650 1429 705 dubitatio
1456 652 1691 707 nominis
1728 651 1924 722 hujus:

498 743 632 800 Nam
675 743 936 798 Mammas
979 742 1256 810 Mammw,
1287 752 1341 798 et
1379 743 1634 800 Mammes
1667 745 1964 801 Mammetis
1991 747 2090 801 ba-

498 907 566 961 Et
596 905 852 960 Hammes
879 903 1126 960 Mammis
1157 909 1419 978 scriptum
1452 909 1658 978 liquere
1686 837 2092 978 priores.[bemr

499 995 583 1052 Sit
605 997 985 1066 quodcunque,
1019 1005 1198 1052 tamen
1235 1000 1474 1055 caelestis
1497 1000 1721 1069 scriptio
1745 1007 1945 1065 servat,

497 1086 864 1158 Quodcunque
884 1087 1240 1157 exprimimus
1257 1099 1502 1146 sanctum
1524 1090 1799 1161 signamus
1818 1090 2087 1146 eumdem.

497 1180 556 1234 Si
582 1182 686 1245 vis,
711 1190 902 1250 sponte
933 1183 1076 1247 veni,
1101 1182 1145 1236 si
1174 1198 1303 1250 non,
1328 1185 1582 1254 permitte
1607 1184 1824 1238 reverti.

495 1269 732 1341 Pergite,
768 1273 866 1338 ait,
891 1272 965 1327 nil
1002 1283 1180 1328 vestra
1207 1275 1372 1328 timor
1391 1273 1502 1343 jam
1535 1285 1756 1344 pectora
1795 1277 1993 1344 turbet,

494 1359 630 1415 Nam
654 1378 981 1434 quocunque
1003 1365 1095 1419 Dei
1121 1380 1207 1420 me
1232 1363 1467 1436 Spiritus
1489 1367 1684 1437 egerit,
1707 1368 1816 1422 ibo.

493 1455 764 1511 Continuo
794 1457 1019 1512 redeunt
1048 1459 1346 1528 gaudentes
1381 1470 1542 1528 atque
1564 1459 1834 1516 timentes.

493 1546 664 1614 Quam
695 1547 854 1603 facile
883 1547 1234 1619 Omnipotens
1262 1551 1537 1605 hominum
1562 1562 1775 1606 mutare
1799 1563 2018 1624 repente

492 1639 668 1694 Corda
695 1650 892 1710 potest,
915 1641 1236 1712 laudemque
1265 1644 1378 1699 suis
1400 1645 1698 1699 concedere
1720 1645 1942 1700 sanctis.

490 1726 608 1784 Non
633 1732 792 1787 modo
817 1741 876 1786 ut
901 1732 1000 1788 hos
1016 1733 1264 1790 homines
1281 1735 1527 1802 timeant,
1554 1735 1649 1821 sed
1664 1744 1857 1791 cuncta
1879 1744 2082 1792 creata.

1078 1845 1308 1902 CAPUT
1347 1847 1481 1904 VIII.

493 1932 788 2002 Quomodo,
837 1937 1160 1991 admonente
1195 1938 1294 1993 Dei
1345 1937 1571 2014 Spiritu,
1617 1939 1840 2008 leonem,
1893 1944 1984 2014 qui
2031 1959 2085 1997 se

970 2018 1292 2078 sequeretur,
1322 2011 1602 2064 vocaverit.

489 2103 727 2173 Spiritus
747 2106 1022 2177 egregium
1055 2107 1238 2162 docuit
1257 2107 1508 2164 sublimia
1531 2109 1814 2164 Mammem
1845 2124 1860 2164 :

489 2195 666 2268 Surge
686 2199 857 2263 aiens,
883 2199 1213 2271 jamjamque
1237 2217 1373 2257 voca
1396 2203 1460 2258 de
1487 2212 1668 2258 monte
1689 2203 1900 2259 leonem

489 2286 592 2354 Qui
617 2289 845 2343 multum
877 2290 1094 2347 virtutis
1119 2292 1344 2356 habens,
1380 2302 1436 2348 et
1460 2308 1688 2363 corpore
1708 2303 1974 2365 praestans

486 2379 701 2437 Judzeos
729 2391 1023 2454 gentesque
1054 2393 1226 2450 vocet,
1255 2401 1377 2440 cum
1409 2386 1580 2456 stirpe
1613 2387 1864 2458 maligna.

487 2473 666 2530 [.mtus
688 2477 755 2531 ad
786 2476 1072 2532 aitherium
1096 2475 1357 2532 Mammes
1382 2479 1625 2549 suSpexit
1650 2475 1938 2551 Olympum
1964 2499 1977 2534 :

486 2565 531 2623 Ο
559 2568 699 2623 Deus
727 2568 868 2624 alme
897 2581 1136 2640 patrum,
1168 2570 1350 2625 mundi
1381 2570 1468 2642 pie
1496 2570 1763 2636 conditor,
1786 2573 1979 2643 inquit,

483 2655 600 2711 Jam
628 2659 908 2725 miserere,
933 2670 1212 2730 tuumque,
1244 2661 1425 2726 Pater,
1456 2677 1524 2716 ne
1550 2662 1738 2718 desere
1763 2679 2008 2730 servum;

485 2746 713 2817 Respice
740 2747 1043 2804 Mammetis
1073 2749 1203 2818 quid
1228 2750 1392 2805 corda
1421 2749 1663 2820 ﬁdesque
1688 2750 1947 2814 volutent,

483 2835 889 2909 Passurumque
916 2847 1006 2895 tuo
1028 2854 1126 2908 pro
1148 2841 1368 2916 nomine
1391 2841 1556 2896 multa
1587 2852 1756 2897 tuere.

485 2928 651 2993 Dixit,
693 2944 814 2984 cum
849 2930 1073 2986 veniens
1108 2933 1276 2986 eremi
1305 2932 1371 2986 de
1399 2941 1552 3002 parte
1575 2933 1786 3002 rugitus

485 3022 586 3076 Dat
607 3022 688 3076 leo
713 3023 1002 3090 terribiles,
1029 3024 1335 3081 horrendus
1363 3025 1499 3080 colla
1520 3023 1812 3094 jubasque.

481 3111 576 3166 Cui
605 3111 895 3169 Mammes:
930 3113 1048 3183 Quo
1077 3115 1344 3181 Christus,
1380 3117 1476 3180 ait,
1499 3125 1678 3182 vocat,
1705 3117 1934 3188 impiger
1963 3119 2071 3174 ibo.

479 3199 558 3253 'I‘u
584 3216 796 3272 quoque
819 3204 998 3260 divina
1027 3206 1212 3261 venias
1244 3205 1312 3260 ad
1334 3216 1630 3261 scammata
1652 3207 1830 3277 jussu,

482 3292 726 3365 Dumque
745 3311 878 3351 cavo
902 3296 1105 3351 fuerint
1130 3297 1438 3367 spectacula
1468 3298 1519 3351 iu
1545 3298 1969 3368 auiphitheatro,

479 3385 642 3456 Impia
668 3394 823 3442 turb'a
845 3403 1000 3443 suum
1025 3389 1262 3444 moriens
1289 3398 1342 3444 te
1369 3389 1570 3445 sentiat
1598 3389 1828 3444 hostem.

480 3475 558 3530 Ac
586 3477 730 3532 velut
759 3479 862 3534 hoc
890 3479 1097 3545 dicens,
1125 3479 1279 3534 miles
1308 3479 1499 3534 vexilla
1532 3479 1796 3549 sequeris,

483 3566 744 3625 Sternere
772 3571 921 3626 disce
953 3571 1106 3627 ducis
1140 3572 1346 3627 strictis
1377 3572 1728 3628 mucronibus
1762 3571 1966 3643 hostes.

1099 3683 1328 3740 CAPUT
1368 3684 1458 3739 IX.

552 3781 1008 3848 Quemadmodum
1048 3783 1360 3867 Ctesaream.
1391 3787 1622 3854 veniens,
1657 3789 1873 3858 prresidi
1920 3789 2005 3843 in—

1154 3867 1402 3911 nocuerit.

478 3954 783 4012 Ctesaream
813 3963 935 4026 post
964 3955 1068 4011 ista
1095 3971 1232 4027 puer
1259 3959 1601 4015 venerandus
1625 3960 1822 4027 adivit,

478 4047 735 4118 Repperit
767 4055 824 4101 et
852 4055 1036 4118 portas
1057 4045 1214 4116 juxta
1245 4050 1482 4105 residere
1510 4059 1758 4120 patentes

477 4139 625 4207 Quos
649 4139 849 4196 dudum
883 4155 1082 4211 praeses
1107 4141 1432 4211 capiendum
1463 4143 1612 4198 misit
1636 4145 1702 4198 ad
1728 4144 1900 4214 ipsum
1927 4162 1939 4199 :

477 4231 579 4299 Qui
610 4239 800 4288 saneto
832 4233 1080 4288 veniente
1104 4243 1341 4304 stupent,
1371 4235 1668 4306 humilique
1691 4237 1930 4292 salutant

475 4324 756 4394 Alloquio:
784 4324 1025 4380 Salutem
1047 4325 1301 4399 [salvum]
1336 4335 1503 4384 temet
1526 4327 1823 4398 gaudemus
1844 4331 2065 4398 adesse;

475 4416 832 4488 Amplexique
855 4419 1045 4489 pedes,
1067 4419 1248 4474 verbis
1274 4428 1607 4475 venerantur
1633 4422 1842 4477 amicis.

478 4508 776 4579 Surgentes
797 4510 864 4564 ad
894 4509 1038 4565 celsa
1063 4511 1162 4565 viri
1188 4511 1438 4581 praetoria
1464 4521 1710 4576 currunt,

476 4599 762 4658 Dicentes:
788 4601 834 4658 O
858 4617 1080 4673 praeses,
1109 4603 1262 4658 adest
1282 4594 1670 4673 quem‘qumris
1691 4611 1750 4658 ut
1778 4604 2014 4671 hostem,

477 4690 600 4747 Mon
631 4708 847 4764 magus,
875 4701 936 4747 ut
962 4692 1112 4748 stulti
1138 4694 1405 4749 conﬁnxit
1430 4695 1613 4765 opinio
1642 4695 1818 4766 vulgi,

476 4781 588 4838 Nec
612 4798 738 4839 reus
758 4783 975 4850 illorum
1005 4799 1125 4854 quae
1149 4785 1365 4855 garrula
1391 4784 1532 4841 fama
1565 4788 1801 4852 serebat,

478 4871 586 4928 Sed
609 4889 800 4929 servus
822 4875 1088 4944 milesque
1114 4876 1208 4930 Del
1238 4876 1354 4931 sine
1375 4877 1604 4932 crimine
1624 4878 1840 4933 summi.

475 4963 648 5021 Iudex
669 4967 785 5021 haec
810 4975 998 5022 contra
1029 4985 1042 5021 :
1071 4967 1256 5024 Pretio
1281 4969 1628 5039 eogndScitur
1657 4970 1759 5026 iste

476 5053 797 5126 Corrupisse
822 5072 992 5124 meos,
1023 5067 1270 5114 sererent
1289 5067 1350 5114 ut
1375 5059 1509 5116 falsa
1531 5061 1789 5118 volentes.

475 5146 586 5202 Nos
611 5147 760 5203 aiunt
787 5163 895 5204 non
924 5147 1059 5206 falsa
1087 5151 1200 5215 tibi,
1232 5151 1328 5208 sed
1355 5151 1472 5207 visa
1499 5152 1689 5219 locuti,

477 5235 630 5293 Ilaud
649 5239 901 5310 cupimus
925 5242 1098 5310 pretio
1125 5257 1313 5298 verum
1341 5250 1554 5298 mutare
1577 5258 1844 5314 saporem.

480 5331 724 5388 Vidimus
745 5335 812 5389 ad
842 5349 1029 5390 vocem
1051 5335 1328 5391 Christum
1364 5335 1429 5392 de
1449 5351 1600 5391 more
1618 5337 1884 5401 vocantis,

477 5425 761 5483 Silvieolas
789 5435 967 5484 astare
989 5443 1201 5499 greges,
1223 5430 1375 5497 quasi
1397 5429 1547 5484 mitia
1574 5430 1841 5499 quaedam,

476 5521 842 5592 Orantemque
868 5521 1001 5576 satis
1028 5521 1214 5576 humili
1246 5521 1585 5577 circumdare
1615 5531 1792 5593 gestu.

477 5611 759 5668 Nescimus
783 5614 924 5668 hunc
953 5627 1072 5668 esse
1098 5627 1346 5682 magum;
1371 5613 1415 5666 si
1446 5614 1672 5668 credere
1703 5613 1858 5669 nobis

477 5703 707 5761 Duxeris
739 5704 1034 5773 indignum,
1067 5710 1265 5775 praesto
1295 5710 1400 5768 est,
1431 5721 1552 5758 nam
1586 5715 1807 5762 venerat
1835 5706 2006 5772 ultro;

478 5792 703 5852 iudiciis
731 5795 945 5867 inquire
977 5796 1080 5852 tuis
1103 5811 1202 5852 nos
1231 5810 1354 5854 vera
1384 5794 1610 5852 locutos.

1007 351 1399 408 wamrmm
1439 351 1687 408 suum
1723 353 1928 411 rum.
1968 351 2138 412 non.
2179 353 2333 412 oar.
2374 353 2566 412 mus
2592 354 2656 411 ιι.
2695 385 2766 396 -
2803 321 3192 413 insvetum.

3661 361 3796 418 103i

2117 474 2168 534 Α
2195 469 2290 525 His
2320 469 2482 525 simul
2501 471 2700 528 auditis
2723 473 2890 528 multa
2914 475 2980 530 de
3000 482 3153 543 parte
3177 475 3389 545 piorum

2192 560 2273 615 Ad
2297 561 2582 617 Mammem
2605 577 2821 630 venere,
2847 566 2985 621 sacri
3011 568 3287 622 consortia
3311 569 3465 624 verbi

2194 651 2526 722 Quaerentes,
2553 655 2765 712 animos
2783 672 2882 728 per
2906 659 3099 729 gaudia
3131 668 3317 716 sancta
3342 659 3564 718 refecti.

2820 769 3047 826 CAPUT
3088 772 3156 826 X.

2195 856 2397 925 Quibus
2433 861 2694 938 responsis
2735 862 2988 931 pra'sidi,
3039 864 3417 938 confessionem
3456 883 3789 938 magicorum

2569 932 2764 984 artium
2791 937 3068 1002 quaerenti,
3103 935 3405 988 obviaverit.

2192 1019 2405 1074 Interea
2427 1035 2628 1090 praeses
2660 1019 2944 1076 Mammem
2962 1021 3117 1091 jubet
3143 1033 3269 1079 ante
3294 1025 3538 1082 tribunal

2191 1111 2493 1178 Constitui,
2519 1122 2575 1167 et
2606 1113 2785 1168 verbis
2814 1113 3104 1168 adductum
3137 1114 3315 1185 pulsat
3344 1119 3580 1173 amaris.

2193 1203 2274 1258 Tu
2297 1203 2586 1269 Mammes,
2618 1220 2777 1274 quem
2803 1205 2946 1260 fama
2978 1222 3193 1278 magum
3224 1211 3391 1275 serit,
3418 1210 3512 1266 ille
3541 1215 3788 1270 vocaris?

2192 1298 2394 1354 Servus
2415 1299 2508 1362 ait,
2535 1298 2760 1366 Christi,
2781 1299 3043 1356 Mammes
3063 1316 3248 1367 vocor,
3274 1302 3455 1360 incola
3485 1308 3721 1363 montis.

2190 1391 2305 1459 Dic,
2330 1392 2526 1463 inquit,
2551 1393 2758 1464 magica
2788 1407 3132 1464 compescere
3149 1396 3381 1465 qualiter
3403 1408 3552 1464 arte,

2188 1484 2256 1539 Et
2278 1484 2542 1542 domitare
2563 1485 2727 1550 feras,
2752 1485 2918 1541 debes
2939 1502 3067 1540 nam
3087 1487 3345 1557 pandere,
3368 1491 3572 1558 possis.

2190 1576 2405 1644 Servio,
2437 1579 2514 1633 ait
2537 1589 2779 1646 sanctus,
2803 1579 3042 1645 Christo,
3073 1581 3164 1650 qui
3191 1591 3386 1636 cuncta
3421 1583 3720 1652 gubernat,

2187 1669 2352 1740 Cujus
2377 1671 2444 1726 ad
2466 1671 2750 1739 imperium
2779 1671 3083 1726 substantia
3118 1670 3352 1726 ﬂectitur
3377 1674 3572 1738 orbis;

2186 1761 2338 1816 Illum
2371 1771 2514 1816 terra
2546 1762 2719 1827 timet,
2747 1760 2971 1827 coelum,
2999 1777 3170 1826 mare,
3205 1762 3434 1832 spiritus
3455 1764 3680 1819 omnis:

2113 1849 2159 1909 B
2188 1849 2314 1906 Hmc
2339 1851 2452 1906 scio
2482 1860 2538 1907 et
2571 1851 2686 1907 haec
2709 1849 2905 1916 fateor,
2937 1853 3061 1906 novi
3090 1868 3215 1906 nam
3245 1865 3448 1909 caetera
3477 1871 3782 1926 nunquam.

2188 1943 2334 1998 Dixit
2361 1942 2668 1997 Alexander
2708 1961 2720 1996 :
2755 1942 2990 2014 Magicas
3013 1945 3056 1998 si
3083 1947 3322 2013 pandere
3348 1944 3579 2003 fraudes

2186 2034 2586 2091 Dissimulando
2615 2033 2779 2105 fugis,
2812 2036 3100 2091 tormentis
3122 2035 3356 2092 fortibus
3386 2048 3570 2104 actus,

2184 2125 2422 2181 Nudabis
2445 2141 2568 2196 qua:
2599 2134 2738 2181 tecta
2769 2135 2952 2192 tenes;
2983 2128 3070 2182 dic
3097 2143 3225 2200 ergo
3255 2129 3400 2198 quod
3427 2138 3585 2201 opto.

2183 2216 2323 2282 Non,
2353 2215 2550 2287 inquit,
2577 2217 2739 2272 didici
2763 2218 3021 2290 mysteria
3046 2217 3189 2272 fteda
3214 2235 3539 2290 magorum;

2182 2312 2379 2367 Invoco
2400 2313 2494 2368 sed
2521 2310 2821 2378 Christum,
2847 2312 3000 2380 cujus
3030 2312 3341 2368 venerabile
3370 2329 3578 2370 nomen

2183 2401 2377 2459 Omuia
2409 2411 2597 2458 sancta
2621 2402 2787 2457 facit:
2827 2417 3050 2458 carnem
3079 2403 3172 2458 tibi
3199 2403 3335 2458 cedo
3364 2405 3659 2461 terendam

2183 2493 2355 2562 Quam
2389 2496 2632 2548 cruciare
2656 2501 2830 2564 potes.
2860 2493 2996 2548 liber
3019 2494 3111 2548 sed
3135 2493 3360 2563 spiritus
3391 2497 3501 2550 iste

2182 2586 2240 2641 In
2276 2586 2487 2641 Domini
2516 2585 2714 2640 virtute
2740 2594 2943 2649 manet,
2966 2601 3125 2654 quem
3163 2596 3361 2641 cuncta
3385 2590 3740 2645 tremiscunt.

2182 2678 2390 2734 Praases
2416 2677 2520 2731 ait:
2553 2675 2776 2747 Magicis
2796 2692 2986 2746 poenas
3014 2687 3368 2734 contemnere
3392 2682 3574 2736 sacris

2183 2770 2258 2825 'I‘e
2295 2770 2481 2836 video;
2513 2784 2580 2824 ne
2607 2770 2768 2826 crede
2792 2778 2970 2826 tamen
3000 2787 3087 2827 me
3115 2771 3334 2828 ﬂectere
3364 2790 3531 2844 posse

2182 2861 2444 2932 Nequitia:
2469 2870 2773 2918 commenta
2799 2871 2923 2930 tuae,
2951 2864 3033 2918 vel
3063 2866 3306 2920 carmine
3335 2867 3476 2922 ludi.

2183 2951 2348 3016 Dixit,
2373 2959 2430 3006 et
2453 2967 2484 3006 ει
2512 2959 2700 3006 contra
2728 2961 2950 3008 sanctus
2979 2953 3081 3010 fert
3110 2955 3239 3010 talia
3267 2955 3538 3014 Mammas
3565 2981 3577 3012 :

2182 3040 2308 3096 Odit
2327 3037 2525 3112 quippe
2551 3043 2692 3097 Deus
2721 3043 2996 3114 vitamque
3027 3061 3306 3117 genusque
3328 3064 3642 3120 magorum,

2183 3131 2249 3186 Et
2276 3149 2464 3204 magus
2487 3149 2609 3190 esse
2632 3135 2819 3204 nequit
2844 3136 3055 3192 Domini
3087 3140 3178 3208 qui
3201 3137 3396 3211 ﬂagrat
3423 3157 3651 3209 amore;

2107 3209 2151 3270 C
2184 3219 2300 3276 Non
2333 3231 2444 3288 tua,
2471 3223 2629 3287 scito,
2659 3224 2842 3288 miser,
2875 3225 3039 3282 timeo
3061 3209 3329 3284 tormenta
3364 3231 3651 3298 minasve,

2185 3313 2482 3371 Salvatoris
2509 3317 2713 3371 habens
2744 3326 2978 3381 scutum,
3012 3319 3103 3388 qui
3140 3320 3318 3376 sidera
3352 3333 3561 3388 servat,

2183 3405 2284 3472 Qui
2317 3422 2402 3461 me
2435 3414 2594 3476 teque
2622 3422 2720 3463 suo
2737 3407 2903 3478 judex
2932 3409 3034 3464 sub
3049 3409 3174 3480 jure
3197 3421 3454 3475 retentat,

2182 3497 2353 3565 Quem
2385 3497 2522 3564 colo,
2555 3513 2716 3569 quem
2743 3500 2919 3556 solum
2947 3515 3042 3571 per
3064 3501 3236 3574 legem
3261 3503 3453 3558 doctus
3477 3505 3672 3561 adoro.

2181 3589 2388 3646 Prmses
2412 3591 2488 3646 ait
2528 3610 2541 3645 :
2573 3592 2799 3648 Diversa
2825 3593 3012 3648 studes
3037 3609 3310 3664 opponere
3332 3597 3483 3652 veris
3510 3617 3524 3652 :

2182 3680 2456 3738 Hactenus
2481 3683 2676 3738 artifici
2699 3683 2854 3739 licuit
2883 3683 3079 3741 lusisse
3101 3684 3333 3757 loquela,

2179 3772 2300 3830 lam
2323 3783 2577 3831 montana
2601 3777 2733 3832 mihi
2753 3777 2915 3834 citius
2941 3787 3149 3837 secreta
3183 3789 3489 3851 patescant.

2181 3865 2248 3920 Et
2273 3866 2424 3936 quid,
2451 3867 2552 3932 ait,
2580 3865 2813 3935 tibimet,
2831 3867 2998 3936 iudex
3021 3870 3313 3938 scelerose,
3336 3871 3592 3928 fatebor?

2793 3978 3024 4037 CAPUT
3059 3980 3150 4036 XI.

2253 4067 2452 4132 Quibus
2495 4069 2673 4124 itidem
2713 4069 2998 4126 blanditias
3038 4073 3280 4143 prmidis
3319 4074 3709 4130 obriationibus

2783 4143 3152 4211 confutarerit.

2179 4231 2317 4287 Hinc
2341 4232 2498 4286 aliam
2528 4241 2738 4289 tentare
2769 4233 2911 4289 viam
2941 4235 3212 4290 dementia
3235 4237 3406 4307 erepit

2176 4323 2402 4380 Iudicis.
2439 4325 2636 4380 Invicti
2662 4325 2786 4396 jura
2817 4341 2917 4396 per
2945 4326 3198 4392 Caesaris,
3227 4327 3428 4398 inquit,

2177 4414 2475 4470 Fortunam
2515 4431 2824 4488 numenque
2845 4419 3026 4483 deum,
3067 4417 3200 4474 nihil
3229 4433 3352 4474 esse
3379 4419 3637 4478 nefande

2176 4509 2324 4565 Artis
2349 4511 2490 4580 apud
2522 4508 2812 4576 Mammen,
2837 4520 2891 4566 et
2913 4511 3076 4566 citius
3102 4523 3327 4567 securus
3351 4511 3560 4567 abibis.

2175 4599 2279 4656 Per
2307 4616 2504 4658 nomen
2533 4600 2795 4657 confirmo
2826 4602 2920 4656 Dei
2953 4601 3130 4657 Patris
3151 4603 3333 4657 omnia
3363 4601 3640 4659 Mammes

2176 4691 2356 4748 Laetus
2386 4692 2479 4756 ait,
2510 4692 2744 4762 Natique
2773 4692 2932 4746 simul
2962 4707 3086 4747 cum
3119 4693 3338 4748 numine
3365 4693 3598 4759 Flatns;

2175 4783 2275 4839 Ast
2298 4783 2578 4839 hominum
2610 4784 2867 4854 ﬁgmenta
2890 4784 3042 4854 sequi
3069 4786 3334 4854 atavisque
3355 4785 3705 4857 redemptam

2175 4877 2520 4934 Dmmonihus
2561 4876 2820 4932 damnare
2852 4877 3087 4930 animam
3116 4877 3264 4933 nullo
3299 4878 3496 4934 ordine
3527 4895 3762 4950 possun.

2174 4965 2424 5042 Prgesidis
2455 4965 2533 5021 ira
2564 4966 2750 5022 videns
2771 4967 2872 5022 sibi
2901 4966 3062 5022 fortia
3087 4968 3188 5022 tela
3217 4968 3448 5035 remitti,

2171 5056 2440 5128 Increpat,
2468 5066 2522 5112 et
2552 5058 2711 5112 dictis
2741 5059 2938 5113 ardens
2959 5073 3057 5127 pro
3083 5058 3280 5114 talibus
3310 5059 3462 5116 intus
3497 5077 3512 5113 :

2170 5147 2395 5213 Nomen,
2424 5149 2519 5213 ait,
2554 5157 2838 5204 contemne
2861 5149 2973 5213 Dei,
3005 5150 3226 5220 jamque
3248 5149 3366 5219 ipsa
3394 5162 3599 5216 negato

2169 5239 2297 5295 Jura
2326 5241 2420 5307 tui,
2449 5241 2756 5310 nostrisque
2778 5241 2960 5296 ferens
2985 5241 3242 5296 libamina
3271 5243 3412 5298 divis

2171 5333 2458 5388 Aureliana
2482 5331 2633 5403 jubet
2658 5331 2869 5386 cunctis
2898 5333 3040 5403 quod
3070 5333 3280 5388 sanctio
3310 5333 3548 5405 comple.

2173 5426 2266 5482 Vir
2293 5415 2508 5481 Domini
2539 5425 2696 5480 solita
2722 5423 2894 5480 fretus
2927 5425 3128 5481 virtute
3164 5426 3467 5482 Tonantis:

2172 5516 2325 5583 Quod
2357 5515 2518 5572 didici
2548 5515 2819 5579 sectabor,
2845 5515 2950 5579 ait;
2980 5511 3074 5584 qui
3106 5525 3304 5572 cuncta
3329 5517 3622 5587 gubernat,

2166 5604 2304 5662 Huic
2330 5607 2498 5662 libare
2529 5605 2678 5671 volo,
2709 5621 2870 5675 quem
2900 5605 3075 5662 solum
3105 5623 3322 5677 semper
3353 5608 3517 5664 adoro
3563 5626 3578 5662 :

2172 5701 2451 5755 Dtemoucs
2481 5698 2568 5753 ille
2593 5696 2734 5753 ‘eolat
2759 5696 3044 5752 Dominum
3069 5698 3161 5767 qui
3192 5699 3366 5760 nescit
3390 5698 3629 5769 Olympi.

2174 5792 2322 5849 Vane
2344 5806 2500 5862 puer,
2537 5790 2761 5847 nimium
2791 5805 2992 5861 praises
3016 5788 3317 5856 seduceris,
3346 5791 3536 5862 inquit,
