3978 6310
195 372 340 430 1055

185 488 260 544 -Ει
284 483 460 549 doleo,
491 495 617 538 nam
643 469 878 553 pulchra
895 479 993 536 tibi
1023 494 1168 535 nunc
1190 479 1429 551 suppetit
1447 489 1610 547 aetas,

189 582 259 636 Et
284 579 491 651 primos
517 575 719 632 teneris
738 581 974 631 ostentat
996 573 1219 630 ﬂoribus
1238 589 1429 641 annos,

188 669 304 725 Nec
330 667 534 738 poteris
561 680 749 738 penes
773 667 989 736 penitus
1015 665 1257 738 perferre
1278 673 1500 736 paratas
1522 705 1538 733 ,

191 758 389 814 Fervet
416 756 561 812 enim
587 755 758 812 crudo
781 756 956 811 virtus
980 756 1033 810 in
1059 765 1281 827 pectore
1304 769 1498 825 magna
1515 797 1529 820 ,

189 847 421 902 Fervida
449 846 545 903 sed
569 845 788 917 languet
822 846 976 902 bellis
1003 846 1228 902 audacia
1253 846 1466 916 emptis.

193 936 456 1000 Flectere,
489 935 676 1007 frange
703 936 886 1002 ﬁdem,
918 935 1090 992 facilis
1119 935 1267 1008 fuga,
1298 936 1437 990 forte
1463 934 1664 990 furoris

192 1026 527 1098 Supplicium
558 1027 766 1094 nostri;
799 1027 1192 1097 Dominamque
1227 1027 1504 1098 Deumque
1538 1025 1784 1098 negando

190 1119 339 1179 Oﬂ‘er
365 1137 523 1178 sacra
549 1122 654 1177 diis
673 1122 892 1177 incensa
922 1120 1250 1190 potentibus,
1290 1120 1397 1176 hoc
1420 1127 1505 1174 est

190 1214 348 1282 Quod
367 1213 524 1282 jubet
542 1214 848 1285 Augustus,
877 1227 984 1284 quo
1015 1211 1158 1266 facto
1180 1211 1316 1266 liber
1339 1211 1512 1267 abibis
1534 1252 1548 1276 ,

189 1305 378 1360 Fultus
405 1304 662 1360 amicitia.
697 1302 888 1359 Reddit
920 1302 1006 1358 eui
1040 1301 1167 1356 talia
1195 1300 1455 1356 Mammes
1487 1319 1498 1354 :

187 1394 310 1449 Iam
340 1409 493 1450 cessa
519 1408 762 1465 sperare,
790 1393 976 1458 miser,
1004 1407 1125 1446 mea
1151 1399 1276 1446 vota
1306 1389 1509 1446 reﬂecti
1530 1431 1545 1456 ,

187 1489 255 1544 Et
279 1505 376 1561 pro
405 1497 454 1544 te
480 1489 660 1560 potius
689 1487 906 1543 tandem
937 1485 1172 1542 doluisse
1194 1491 1497 1550 memento,

187 1579 364 1650 Atque
398 1592 568 1635 annos
596 1575 794 1634 deﬂere
819 1585 975 1643 tuos,
1007 1592 1094 1632 me
1128 1577 1314 1631 desine
1338 1574 1498 1641 ﬂere,

187 1672 286 1731 Cui
313 1671 570 1728 Dominus
594 1679 870 1743 protector
892 1671 1061 1726 adest.
1088 1668 1221 1725 Volo
1249 1669 1519 1739 protinus,
1547 1666 1720 1736 inquit

187 1763 418 1830 Praeses,
450 1773 509 1820 ut
536 1765 650 1834 ipse
675 1779 839 1834 neges
868 1749 1189 1833 qucm'dicis
1211 1759 1334 1831 jure
1360 1759 1662 1816 colendum.

185 1856 304 1911 Non
330 1871 488 1927 nego,
517 1864 738 1912 sanctus
760 1857 856 1920 ait,
885 1855 1202 1920 Dominum;
1228 1860 1494 1908 tormenta
1517 1851 1702 1923 parari
1803 1845 1852 1906 Β

189 1950 394 2005 Cuncta
419 1946 586 2018 jube:
623 1945 864 2002 tolerabo
893 1945 1066 2000 libens
1101 1960 1200 2016 pro
1224 1943 1442 2001 nomine
1475 1943 1700 2000 Christi.

788 2061 1017 2118 CAPUT
1060 2061 1174 2116 XII.

329 2151 395 2206 Ut
415 2169 693 2224 suspensus
713 2153 931 2225 equuleo
964 2152 1172 2225 verbera
1193 2168 1249 2207 se
1276 2168 1380 2207 non
1408 2152 1630 2206 sensisse

779 2224 1047 2294 confessus
1082 2223 1167 2276 sit.

181 2313 485 2369 lnﬂammat
511 2315 722 2384 magnis
745 2316 1040 2369 vehemens
1068 2312 1371 2368 fervoribus
1400 2312 1480 2365 ira

180 2403 380 2458 Pectus
400 2403 694 2458 Alexandri
729 2404 985 2458 miserum
1006 2444 1018 2465 ,
1044 2403 1198 2473 jubet
1224 2401 1386 2456 altius
1409 2417 1538 2472 ergo

180 2493 443 2550 Sanctum
472 2494 755 2564 suspendi,
787 2493 1179 2562 tormentisque
1204 2492 1419 2547 acribus
1443 2507 1630 2545 amens

177 2584 369 2639 Pulsat
395 2595 684 2654 utrumque
709 2584 879 2651 latus;
904 2585 1031 2640 dum
1051 2585 1292 2654 carpitur
1308 2583 1574 2652 unguibus
1598 2583 1768 2648 uncis,

177 2676 392 2732 Nullam
423 2677 515 2731 dat
537 2676 795 2733 Mammes
818 2693 1002 2733 vocem
1027 2677 1094 2733 de
1119 2691 1270 2731 more
1293 2676 1585 2731 dolentum.

179 2766 453 2834 Nondum,
482 2785 682 2839 praeses
707 2771 810 2835 ait,
833 2771 1082 2835 sensisti,
1121 2786 1282 2825 saxee
1301 2810 1314 2834 ,
1340 2769 1560 2840 plagas?

182 2857 361 2922 Dure,
393 2872 492 2911 nec
522 2857 1026 2925 lmmanosjuvenili
1057 2859 1109 2913 in
1140 2874 1370 2929 corpore
1395 2873 1590 2915 sensus

176 2949 348 3005 Error
373 2950 572 3006 habere
603 2951 751 3006 sinit.
797 2951 1058 3006 Mammes
1085 2953 1152 3006 ad
1182 2951 1358 3006 sidera
1388 2951 1540 3005 lzetus

175 3038 434 3094 lntuitum
470 3049 686 3096 vertens
726 3058 738 3094 :
772 3039 968 3097 Grates
990 3041 1349 3112 persolvimus
1371 3083 1384 3104 ,
1415 3042 1623 3112 inquit,

175 3130 473 3188 Terrarum
505 3133 736 3204 caelique
761 3134 872 3190 Deo
893 3177 908 3202 ,
933 3135 1060 3206 quia
1088 3151 1191 3191 non
1224 3136 1394 3206 magis
1423 3135 1538 3206 ipse

171 3221 326 3279 Intus
355 3223 530 3280 adhuc
551 3225 716 3291 sensi,
743 3227 940 3282 mentis
965 3241 1191 3282 securus
1218 3226 1271 3280 in
1299 3241 1454 3291 arce,

172 3313 433 3371 Crudeles
456 3331 617 3386 quam
646 3325 698 3372 te
727 3331 899 3386 poenae
931 3318 1156 3388 tetigere
1181 3318 1479 3373 sedentem.

171 3407 222 3465 0
250 3408 336 3479 pia
369 3418 680 3464 sanctorum
710 3410 864 3465 miris
890 3411 1150 3480 patientia
1183 3413 1406 3467 vincens

168 3498 383 3568 Aspera
417 3509 610 3554 cuneta
643 3502 844 3556 modis!
877 3501 1116 3557 coelestia
1149 3511 1328 3557 mente
1353 3511 1618 3573 petentes,

171 3592 538 3649 Contemnunt
573 3609 791 3649 carnem
820 3596 1045 3650 memori
1078 3595 1159 3650 vel
1185 3611 1405 3651 cernere
1435 3596 1582 3660 visu;

173 3683 270 3738 Sic
302 3684 532 3754 perdunt
555 3685 719 3740 vitam
738 3726 753 3751 ,
781 3685 889 3740 vita
915 3686 1033 3741 sine
1055 3686 1160 3742 line
1191 3695 1422 3756 reperta.

170 3775 272 3832 Est
301 3774 415 3830 leve
445 3785 824 3848 momentoque
845 3779 1033 3834 volans
1060 3779 1196 3850 fugit
1223 3781 1378 3836 ocius
1403 3796 1567 3837 omne

173 3867 330 3936 Quod
361 3867 607 3934 tolerant,
639 3870 785 3924 acuit
807 3885 930 3941 spes
959 3873 1229 3937 muneris,
1259 3873 1422 3927 ardor
1455 3873 1686 3938 amoris,

168 3963 607 4032 Immensumque
638 3963 751 4018 suis
783 3965 1020 4021 ctelestis
1040 3966 1206 4036 gloria
1237 3968 1448 4037 pondus

175 4054 438 4110 Mereedis
467 4055 671 4110 tribuit.
709 4054 847 4123 Quid
872 4073 1098 4128 pronum
1129 4058 1182 4112 in
1212 4057 1392 4128 przelia
1422 4073 1637 4129 semper

174 4147 430 4203 Tironem
460 4146 715 4202 miraris?
740 4147 916 4205 Habet
940 4165 1034 4205 sua
1063 4152 1282 4222 prmmia
1313 4151 1489 4206 vietor
1519 4170 1532 4206 :

171 4237 283 4292 Pro
314 4251 478 4309 regno
505 4245 737 4308 pugnat,
772 4254 1002 4312 regnans
1027 4250 1148 4311 post
1176 4242 1316 4298 bella
1342 4241 1591 4313 quiescit.

770 4349 997 4407 CAPUT
1035 4351 1170 4405 XIII.

317 4441 557 4507 Qualiter
579 4445 754 4498 acrius
783 4454 949 4498 tortus
984 4443 1176 4498 caelesti
1211 4444 1527 4499 allocutione
1547 4447 1613 4499 sit

793 4514 1139 4584 confortatus.

171 4603 379 4660 Praeses
408 4614 466 4660 ut
490 4607 747 4661 invictum
777 4607 947 4662 sensit
968 4622 1065 4677 per
1087 4607 1304 4661 vulnera
1330 4606 1613 4662 Mammem

169 4695 397 4752 Obltixis
424 4697 618 4752 durare
644 4697 838 4752 animis
863 4739 878 4764 ,
905 4712 1007 4754 nec
1030 4697 1166 4752 velle
1190 4696 1388 4752 rcﬂecti

167 4784 256 4840 Ad
285 4785 467 4840 mundi
503 4787 729 4841 ridentis
757 4801 914 4856 opem
938 4804 950 4840 :
976 4786 1094 4842 Jam
1123 4787 1392 4852 funditus,
1419 4787 1610 4857 inquit,

168 4875 434 4930 Interiora
462 4876 565 4930 viri
595 4877 841 4932 manibus
874 4878 1154 4948 pulsentur
1182 4879 1441 4944 obuncis,

173 4964 245 5020 Ut
277 4967 488 5022 tandem
515 4976 693 5022 cesset
721 4968 943 5039 magicis
969 4968 1239 5023 conlidere
1268 4969 1422 5024 vanis
1445 5011 1458 5035 ,

168 5057 240 5111 Et
263 5057 451 5113 saltem
478 5059 668 5116 nolens
691 5060 918 5132 vestigia
944 5071 1128 5117 nostra
1154 5071 1433 5132 sequatur.

169 5146 434 5206 Mammes
455 5151 666 5209 sidereo
699 5153 867 5222 ﬂgens
894 5170 986 5209 sua
1015 5153 1216 5209 lumina
1240 5155 1403 5219 caelo,

172 5237 283 5310 Spe
307 5241 526 5298 meliore
556 5255 756 5300 metum
793 5261 1072 5315 poenarum
1105 5245 1241 5302 liber
1265 5247 1465 5319 abegit.

170 5331 368 5399 Credo,
395 5343 584 5391 tenens
609 5338 752 5406 quod
794 5338 1042 5393 Christus
1068 5338 1171 5403 ait,
1205 5354 1312 5392 non
1348 5353 1468 5393 esse
1495 5338 1759 5395 timendos

170 5421 414 5494 Corpora
437 5426 527 5495 qui
554 5427 858 5497 perimunt,
883 5429 1155 5484 communi
1184 5429 1417 5484 obnoxia
1454 5430 1648 5497 morti,

173 5513 425 5572 Victuras
451 5518 568 5574 sine
599 5518 705 5575 line
733 5521 941 5575 animus
967 5521 1092 5590 quia
1117 5521 1344 5590 perdere
1371 5520 1534 5576 nullis

173 5607 468 5680 Suppliciis
492 5621 739 5684 possunt.
773 5613 913 5684 Ergo
942 5615 1066 5669 dum
1097 5613 1218 5669 talia
1251 5614 1509 5670 Mammes

1375 365 1530 422 VITA
1571 364 1631 422 S.
1672 365 1948 421 ΜΑΜΗᾸΞ
1990 365 2322 423 MONACHI.

1760 522 1771 532 .
1808 485 1856 543 Α
1884 478 2210 550 Perpetitur,
2246 487 2422 535 tractu
2450 479 2575 537 caeli
2605 495 2708 536 vox
2735 479 2900 536 missa
2928 482 3170 537 cucurrit
3198 501 3211 536 :

3335 375 3474 432 i054

1887 571 2042 627 Nunc
2065 587 2233 643 opus,
2265 587 2302 626 ο
2319 571 2580 629 Mammes
2596 613 2612 639 ,
2636 573 2862 639 animis,
2893 589 3038 630 nunc
3061 581 3281 642 pectore
3312 573 3437 630 forti
3455 615 3472 640 ,

1886 664 2204 722 Confortare
2222 706 2238 732 ,
2274 680 2443 737 prope
2468 675 2553 722 est
2581 666 2810 721 victoria
2834 707 2850 731 ,
2880 665 3037 736 plena
3058 680 3258 720 corona

1887 758 2050 814 Utere
2067 798 2083 824 ,
2111 757 2308 814 duritia
2334 757 2490 813 miles
2513 757 2713 812 invicte
2737 757 2898 810 virili.

1885 849 2034 906 Hanc
2058 865 2244 906 vocem
2267 850 2484 920 quidam
2509 850 2714 914 sanctis
2737 864 2768 904 e
2797 849 3058 903 fratribus
3084 847 3226 902 almo

1882 939 2080 995 Auditu
2107 940 2404 1010 excipiunt,
2425 948 2481 996 et
2502 940 2662 1012 pleno
2687 950 2910 1010 pectore
2935 939 3202 1010 gaudent;

1880 1030 1982 1085 Ast
2005 1030 2140 1086 alios
2167 1031 2260 1100 qui
2286 1029 2432 1085 nulla
2461 1031 2602 1085 sacri
2629 1029 2894 1085 solamina
2922 1029 3052 1085 dicti

1880 1121 2207 1194 Percepere,
2239 1132 2415 1180 metus
2443 1121 2650 1192 pariter
2683 1119 2994 1192 mmrorque
3021 1120 3360 1192 premebant.

2472 1212 2701 1268 CAPUT
2742 1211 2881 1266 XIV.

1988 1282 2261 1349 Quomodo
2294 1302 2488 1354 pra’ses
2517 1284 2782 1338 caminum
2812 1283 3001 1364 instrui
3035 1280 3364 1364 praceperit,

2201 1367 2541 1426 sanctumque
2571 1370 2779 1408 carcere
2810 1361 3145 1422 manciparit.

1879 1444 2166 1515 Postquam
2196 1445 2284 1500 illa
2309 1446 2471 1515 judex
2502 1444 2799 1500 animatum
2838 1457 2968 1497 voce
2999 1440 3238 1498 furentes

1876 1536 2203 1591 Carnilicum
2231 1520 2463 1592 tolerare
2490 1552 2680 1591 manus
2711 1546 2764 1590 et
2790 1550 3046 1605 spernere
3075 1533 3362 1589 Mammem

1877 1628 2054 1694 Vidit,
2086 1628 2154 1682 ab
2183 1629 2420 1700 incaepto
2444 1637 2684 1684 mutatus
2704 1668 2719 1693 ,
2740 1628 2902 1699 jussit
2932 1627 3000 1681 ab
3032 1627 3141 1682 alto

1877 1722 2080 1791 Deponi
2111 1731 2332 1794 totaque
2355 1723 2490 1778 strui
2520 1723 2720 1777 virtute
2745 1721 3038 1785 caminum,

1879 1814 1948 1870 Ut
1977 1829 2139 1883 quem
2169 1831 2274 1870 non
2312 1814 2460 1870 ﬂexit
2495 1814 2642 1870 ferus
2671 1811 2969 1883 unguibus,
2992 1813 3117 1880 igne
3144 1814 3392 1878 perurat:

1876 1905 2138 1970 Demens,
2172 1907 2264 1976 qui
2303 1921 2554 1977 magnam
2585 1920 2818 1976 regnare
2848 1903 2901 1957 in
2934 1910 3154 1972 pectore
3191 1897 3468 1952 ﬂammam

1875 1995 2199 2050 Sanctorum
2230 1996 2519 2067 ignorans,
2553 1995 2706 2067 ignes
2734 1995 2992 2048 adhibere
3018 1990 3257 2046 cadueos

1872 2085 1989 2141 Non
2014 2085 2223 2153 timuit,
2256 2102 2377 2142 eum
2408 2085 2664 2156 restingui
2698 2100 2802 2140 non
2829 2084 2970 2156 ignis
2992 2085 3060 2137 ab
3093 2083 3213 2153 igne
3233 2122 3247 2147 ,

1875 2177 1981 2234 Sed
2008 2177 2181 2250 magis
2210 2177 2396 2248 augeri
2426 2176 2626 2242 soleat;
2668 2191 2769 2231 nec
2802 2175 3032 2231 fortibus
3059 2174 3220 2228 undis

1873 2271 2196 2326 Sanctorum
2223 2269 2468 2326 ﬂammas
2499 2271 2743 2342 superari
2770 2285 2930 2341 posse
2959 2271 3147 2324 beatas
3167 2309 3182 2333 ,

1873 2360 2049 2416 Testis
2074 2361 2230 2416 adest
2261 2361 2540 2430 Scriptura
2563 2402 2578 2428 ,
2605 2377 2761 2418 sacro
2788 2377 2909 2432 qua:
2948 2360 3204 2432 praedicat
3229 2374 3326 2416 ore

1871 2452 2026 2520 Quod
2057 2453 2240 2508 multis
2277 2469 2383 2508 non
2406 2455 2579 2523 possit
2606 2456 2762 2524 aquis
2787 2455 2909 2525 pius
2934 2454 3096 2508 ardor
3122 2454 3324 2508 amoris

1870 2545 2175 2615 Exstingui.
2208 2545 2501 2601 Tormenta
2524 2555 2682 2616 parat
2709 2547 2834 2602 dum
2858 2546 2988 2600 talia
3017 2545 3194 2611 miles,

1871 2635 2078 2690 Praeses
2102 2635 2170 2689 ab
2201 2635 2415 2691 interno
2441 2635 2690 2706 pulsatus
2717 2636 2924 2707 judice,
2950 2635 3119 2706 jussis

1870 2723 2038 2780 Obvia
2063 2725 2212 2796 jussa
2245 2725 2457 2794 ferens,
2495 2727 2781 2783 Mammem
2801 2726 2956 2796 jubet
2986 2728 3110 2783 inde
3137 2729 3355 2784 beatum

1869 2816 2116 2872 Carceris
2138 2819 2366 2872 extremi
2395 2819 2601 2890 gremio
2632 2820 2976 2890 tenebrisque
3002 2819 3192 2892 ligari;

1867 2908 1986 2979 Ipse
2017 2911 2188 2981 magis
2218 2910 2455 2967 tenebris
2481 2927 2624 2968 caeca
2651 2921 2707 2967 et
2735 2913 2968 2983 caligine
2996 2927 3216 2983 pressus
3235 2955 3247 2974 .

1869 3002 1971 3069 Qui
2007 3003 2232 3060 Domino
2256 3005 2477 3061 ductore
2504 3021 2718 3068 carens.
2749 3006 2883 3077 petit
2909 3007 3211 3062 exteriores
3230 3047 3244 3070 ,

1869 3094 2000 3160 Quis
2028 3093 2183 3149 ﬂetus
2211 3095 2520 3166 stridorque
2550 3107 2797 3162 manent,
2833 3098 2951 3152 sine
2979 3097 3099 3153 luce
3131 3098 3403 3153 tenebras.

1787 3201 1832 3263 (ς
1870 3185 1939 3238 At
1967 3185 2173 3240 sanctis
2200 3187 2435 3242 mundus
2466 3203 2672 3253 carcer,
2703 3205 2810 3258 quo
2841 3189 3039 3244 solvier
3061 3198 3180 3244 orat

1868 3275 1939 3331 Se
1962 3275 2244 3332 Psalmista
2275 3277 2504 3332 Domum
2532 3279 2766 3348 paradisi
2793 3279 2945 3334 betas
2975 3291 3034 3335 ut
3060 3279 3244 3334 intret.

2474 3368 2705 3424 CAPUT
2748 3367 2862 3422 XV.

1937 3437 2391 3504 Quemadmodum
2431 3439 2697 3562 ingressrs
2744 3455 3039 3508 carcerem,
3085 3441 3282 3511 paverit
3318 3439 3389 3494 ibi

2547 3527 2630 3564 rec
2656 3527 2796 3565 usos.

1866 3596 2099 3653 Sanctus
2127 3599 2181 3652 in
2203 3599 2414 3671 angusti
2445 3600 2738 3670 perductus
2767 3601 3009 3656 carceris
3038 3609 3278 3668 antrum,

1865 3687 2125 3759 Repperit
2149 3689 2384 3745 inclusos
2408 3691 2559 3744 vario
2586 3705 2686 3761 pro
2706 3691 2935 3746 crimine
2966 3691 3102 3745 dura

1866 3781 2023 3836 Sorte
2052 3789 2244 3852 quater
2268 3781 2466 3846 denos;
2495 3792 2620 3837 mox
2647 3782 2826 3852 primo
2855 3781 2908 3836 in
2939 3781 3124 3838 limine
3150 3781 3272 3837 lixis

1863 3873 1945 3930 Ad
1968 3875 2252 3930 Dominum
2279 3874 2506 3945 genibus
2523 3915 2538 3940 ,
2564 3874 2820 3930 fundebat
2843 3874 2971 3929 talia
3001 3873 3293 3930 Mammes:

1863 3965 2245 4036 Omnipotens,
2278 3968 2544 4021 immense
2568 3965 2731 4031 Deus,
2767 3981 2927 4034 quem
2951 3966 3184 4034 denique
3211 3967 3385 4020 nostri

1864 4055 2111 4111 Dilexere
2132 4063 2346 4126 patres,
2372 4057 2499 4126 quia
2528 4063 2585 4110 tu
2615 4056 2906 4110 miseratus
2943 4057 3172 4122 amasti,

1865 4148 2069 4204 Exaudi
2095 4161 2230 4218 quas
2256 4139 2422 4202 fundo
2446 4161 2636 4218 preces
2654 4187 2668 4212 ,
2704 4160 2803 4201 nec
2829 4147 3075 4216 linquere
3097 4153 3298 4204 memet
3323 4159 3348 4186 ει

1862 4237 2090 4293 Auxiliis
2110 4238 2203 4308 qui
2228 4237 2353 4293 vivo
2382 4237 2489 4292 tuis
2505 4277 2520 4304 ,
2545 4237 2794 4307 dignare,
2821 4236 3070 4292 Creator.

1865 4331 2116 4386 Protinus
2139 4329 2366 4397 inclusi,
2398 4338 2654 4400 percepto
2683 4330 2903 4385 nomine
2928 4329 3202 4393 Mammis,

1862 4422 1941 4476 Ad
1972 4421 2182 4492 plantas
2208 4419 2425 4476 volvere
2449 4435 2639 4476 sacras
2663 4435 2761 4475 sua
2779 4435 3011 4491 corpora
3039 4420 3264 4491 passim.

1862 4512 1906 4566 A
1933 4513 2129 4582 quibus
2152 4520 2212 4566 ut
2237 4511 2498 4567 Mammes
2522 4511 2653 4582 quid
2684 4511 2885 4568 vellent
2913 4526 3048 4568 voce
3073 4511 3310 4581 reposcit
3329 4551 3343 4576 ,

1861 4605 2044 4660 Audiit
2069 4604 2303 4660 esuriem
2331 4603 2681 4675 languentum
2702 4613 2897 4660 cuncta
2924 4619 3024 4675 per
3045 4619 3170 4660 ossa

1861 4695 1979 4750 Jam
2013 4697 2219 4752 rabiem
2251 4696 2481 4752 traxisse
2511 4711 2666 4752 suam
2686 4738 2700 4762 ,
2728 4705 2922 4752 nutare
2953 4698 3194 4753 subactis

1863 4786 2078 4844 Viribus
2103 4787 2371 4842 incessum
2394 4828 2409 4854 ,
2432 4787 2734 4858 linguaeque
2762 4788 3039 4844 retundier
3057 4801 3236 4842 usum.

1863 4878 1986 4937 llec
2008 4880 2149 4935 inter
2174 4881 2410 4950 patulam
2443 4889 2734 4952 penetrare
2763 4881 3014 4937 columba
3050 4879 3343 4935 fenestram

1862 4971 1986 5027 Visa
2019 4969 2200 5027 ferens
2227 4972 2431 5036 mellis,
2455 4973 2596 5027 nivei
2621 4988 2836 5042 quoque
2865 4987 3086 5026 munera
3119 4971 3276 5026 laetis

1863 5061 1978 5116 Vox
2001 5063 2160 5118 simul
2187 5063 2460 5133 increpuit
2491 5063 2612 5119 Tibi
2637 5064 2886 5127 mittitur,
2931 5063 3137 5133 accipe,
3167 5062 3450 5123 Mammes,

1862 5153 2080 5210 Dulcius
2107 5154 2209 5210 hoc
2243 5151 2460 5210 domu‘m
2485 5155 2739 5225 pretiosis
2766 5157 2966 5210 sumito
2987 5157 3218 5212 cunctis.

1860 5247 2146 5316 Accipiens
2169 5247 2428 5303 Mammes
2455 5247 2703 5303 manibus
2727 5263 2883 5304 sacra
2903 5249 3040 5303 dona
3063 5249 3272 5318 supinis

1861 5339 2082 5405 Mandit,
2115 5347 2170 5396 et
2188 5338 2496 5409 adjunctam
2519 5339 2683 5394 satiat
2700 5339 3006 5396 benedictio
3033 5340 3269 5394 turbam.

1863 5429 1934 5485 Ut
1963 5445 2152 5500 panes,
2187 5445 2324 5501 quos
2355 5429 2494 5487 forte
2521 5445 2656 5502 puer
2690 5440 3005 5504 portaverat
3034 5447 3196 5497 unus,

1863 5520 2113 5592 Quinque
2135 5522 2281 5578 dedit
2300 5522 2562 5581 Dominus
2586 5525 2856 5596 quondam
2879 5541 2976 5598 per
3002 5523 3167 5589 millia
3184 5521 3448 5593 quinque,

1866 5612 1956 5669 Sic
1978 5613 2121 5685 quod
2152 5622 2331 5686 portat
2354 5615 2491 5686 avis,
2523 5615 2769 5676 Mammat
2795 5617 2897 5676 sub
2921 5617 3126 5676 honore
3150 5612 3315 5678 beati,

244 5777 271 5808 ι
294 5763 465 5822 Hank.
498 5768 647 5840 legit,
674 5769 951 5825 .llammem
977 5769 1030 5826 in
1057 5779 1168 5828 not.
1196 5787 1318 5838 ms.;
1350 5772 1442 5829 scd
1466 5771 1744 5828 retinenda
1787 5781 1939 5827 vetus
1971 5771 2149 5830 lectio.
2183 5774 2343 5830 Bas-.1.
