3978 6310
512 358 654 414 i055

512 473 666 529 Hane
694 472 904 528 turbam
936 471 1135 528 satiare
1167 470 1339 536 valet;
1367 471 1480 525 haec
1506 484 1730 524 munera
1762 479 2008 524 sanctum

515 563 680 619 Triua
708 561 918 623 decent,
949 561 1042 632 qui
1064 560 1186 616 felle
1211 576 1423 625 carens,
1457 559 1737 615 dulcedine
1763 560 1908 619 vitae.

513 653 768 710 Caelestis
791 651 1063 722 jucundus
1085 661 1221 716 erat,
1255 653 1342 708 cui
1369 652 1510 707 trina
1548 660 1806 721 potestas,

514 745 659 811 Vita,
685 743 838 808 lides,
868 743 1061 809 virtus,
1090 744 1325 805 dilectio,
1367 758 1510 812 spes,
1539 743 1644 805 via,
1681 741 1877 811 palma.

1108 853 1337 908 CAPUT
1376 852 1515 907 XVI.

518 941 586 998 Ut
617 943 775 998 vincti
799 942 1076 1012 e/j‘ugerint
1105 959 1396 1012 prioresque
1419 961 1536 997 cum
1562 942 1840 996 Mammete
1873 958 1968 1012 pro
2004 941 2105 994 im-

873 1013 1116 1066 molando
1162 1030 1450 1067 sermonem
1489 1013 1750 1066 habuerit.

518 1100 640 1157 Jam
677 1103 870 1158 media:
889 1118 1013 1158 cum
1046 1102 1222 1157 noctis
1258 1103 1361 1158 iter
1386 1103 1619 1158 labentia
1649 1101 1787 1157 coelo

515 1196 709 1253 Sidera
732 1196 1032 1266 signarent,
1056 1196 1234 1250 subito
1257 1196 1466 1251 sublata
1505 1211 1622 1250 sera
1633 1211 1748 1248 rum

516 1287 766 1342 Claustra
795 1288 938 1342 viam
961 1288 1204 1340 tribuunt
1226 1288 1435 1342 cunctis
1461 1303 1596 1356 quos
1619 1301 1810 1341 carcer
1849 1285 2103 1340 habebat.

516 1374 747 1445 Jamque
769 1376 952 1447 fugam
982 1375 1219 1431 celerant
1243 1377 1446 1442 miseri,
1476 1377 1756 1446 solumque
1798 1376 2107 1446 relinquunt

517 1467 811 1524 Convivam
843 1469 942 1522 sub
965 1477 1122 1522 nocte
1150 1485 1304 1523 suum
1337 1483 1351 1521 :
1379 1470 1538 1523 timor
1570 1469 1771 1524 indicat
1800 1484 1929 1540 ergo

518 1558 630 1614 Hos
654 1559 913 1616 tolerasse
937 1576 1075 1626 reos,
1104 1560 1251 1616 illum
1280 1563 1378 1616 sub
1400 1562 1627 1616 crimine
1654 1562 1824 1627 nullo,

520 1648 628 1706 Sed
658 1661 866 1706 tantum
897 1651 1092 1708 virtute
1123 1653 1310 1718 animi,
1349 1669 1446 1723 per
1479 1654 1661 1724 praelia
1692 1653 1894 1725 Regem

519 1737 669 1794 Velle
698 1742 846 1810 sequi
873 1742 1168 1812 proprium,
1193 1742 1534 1812 palmamque
1569 1744 1752 1799 subire
1774 1745 1993 1814 quietis.

519 1830 728 1886 Prmses
752 1842 806 1887 ut
827 1833 1072 1902 explosus
1105 1834 1312 1888 audivit
1336 1836 1574 1890 carceris
1601 1837 1842 1901 umbras,

521 1923 784 1997 Ell'ugisse
816 1943 956 1991 reos,
995 1926 1277 1997 solumque
1307 1927 1548 1982 residere
1584 1927 1892 1993 Mammem,

520 2016 740 2073 Custodi
766 2018 921 2088 jubet
948 2022 1121 2076 accito
1151 2021 1252 2076 sibi
1278 2022 1469 2077 sistere
1497 2033 1766 2088 sanctum,

520 2107 933 2179 Adductumque
956 2109 1153 2164 affatur
1177 2113 1250 2166 ita
1282 2113 1439 2168 :liacc
1463 2115 1618 2168 datur
1636 2115 1803 2183 optio,
1827 2115 2108 2184 Mammas,

521 2195 647 2251 Sola
672 2199 790 2262 tibi,
827 2200 1038 2254 veniam
1069 2210 1384 2257 cunctorum
1409 2213 1608 2273 priesto
1641 2205 1904 2262 malorum

524 2289 582 2343 Si
616 2298 822 2345 tantum
848 2307 984 2361 puro
1014 2291 1273 2349 Dominus
1294 2310 1544 2350 sermone
1578 2307 1824 2366 negetur,

521 2381 695 2446 Quem
733 2382 900 2437 verbo
929 2383 1144 2453 vitaque
1176 2385 1344 2439 Deum
1373 2385 1526 2451 colis,
1567 2387 1790 2451 asseris,
1816 2403 1963 2443 oras.

527 2469 761 2527 Sanctus
786 2473 892 2527 ait:
923 2473 1137 2529 Prolata
1167 2476 1614 2532 scmclsententia
1639 2479 1823 2533 stabit.
1843 2467 1861 2485 ⁸

522 2567 731 2625 Praeses
757 2570 870 2624 ait:
899 2569 1095 2627 Libare
1109 2572 1358 2638 diis-tibi,
1388 2589 1545 2638 vane,
1575 2590 1795 2631 necesse
1823 2583 1925 2629 est.

525 2657 787 2715 Mammes
807 2677 826 2712 τ
853 2661 1060 2726 Ce'sset,
1087 2663 1191 2728 ait;
1219 2662 1492 2718 Christum
1515 2665 1653 2730 colo,
1680 2665 1850 2732 jussio
1875 2682 2034 2720 vana.

521 2747 695 2804 Iudex
727 2752 973 2817 :Vincet,
1007 2754 1103 2818 ait,
1134 2754 1348 2811 fervens
1378 2765 1468 2811 tua
1494 2757 1636 2811 dieta
1666 2760 1929 2813 caminus.

523 2838 619 2892 Eia
658 2856 776 2911 age,
809 2858 1035 2912 quaeque
1063 2845 1239 2913 placet
1262 2848 1483 2901 tandem
1511 2858 1776 2902 tormenta
1823 2860 2033 2918 parato,

524 2929 788 2987 Mammes
822 2932 975 2988 laetus
1009 2936 1104 2989 ait.
1131 2934 1301 2992 Judex
1328 2938 1414 2992 cui
1449 2937 1574 2991 talia
1607 2938 1781 2992 reddit
1810 2957 1824 2993 :

521 3022 747 3078 Artibus
768 3033 826 3078 ut
854 3040 1067 3093 semper
1092 3028 1315 3098 magicis
1349 3030 1651 3084 contemnis
1675 3040 1728 3084 et
1757 3030 1929 3100 ignes,

524 3111 808 3178 Sacrifica,
843 3113 923 3168 fer
950 3115 1087 3170 dona
1119 3117 1241 3181 diis,
1275 3117 1341 3171 da
1374 3133 1594 3172 munera
1625 3119 1858 3188 templis.

1047 354 1438 412 WALAFRIDI
1479 353 1726 410 S'I‘IlABl
1765 355 1966 410 FULD.
2006 352 2172 411 MON.
2213 353 2365 410 OPP.
2399 353 2580 412 PARS
2619 355 2682 411 ll.
2724 385 2796 397 —
2833 354 3222 412 HISTORICA.

3668 360 3809 416 1056

2123 470 2176 530 Α
2200 468 2363 539 Ignis,
2394 479 2449 524 et
2469 469 2753 525 exstinctis
2775 471 2942 539 coepit
2969 484 3250 526 rarescere
3280 470 3491 539 prunis.

2205 564 2502 633 ConSpecta
2529 563 2786 626 novitate,
2812 563 2904 632 pio
2924 561 3031 616 fert
3059 563 3189 617 talia
3223 561 3487 618 Mammes

2207 653 2313 710 Ore
2343 673 2355 708 :
2385 654 2547 708 Pater
2576 669 2782 718 rerum,
2808 654 2904 708 tibi
2939 654 3235 719 reddimus,
3264 655 3495 724 optime,
3517 663 3738 727 grates,

2207 745 2337 811 Nos,
2370 747 2494 816 quia
2523 761 2628 800 non
2655 745 2814 799 aliter
2837 746 3086 814 dignatus
3114 747 3288 801 visere
3309 746 3512 810 salvas,

2207 837 2378 904 Quam
2405 838 2673 906 quondam
2699 850 2896 906 pueros
2919 836 3210 907 Babylonia
3234 853 3391 892 sacra
3415 837 3572 893 ﬁdeli

2208 925 2434 981 Pectore
2467 935 2786 992 temnentes,
2814 927 2993 980 medio
3023 925 3258 981 fornacis
3284 927 3558 981 honorem

2210 1016 2601 1072 Concelebrare
2630 1025 2802 1082 tuum,
2833 1017 3071 1071 salvator
3098 1033 3222 1072 rore
3245 1018 3475 1072 dedisti:

2201 1106 2468 1164 Mammes
2496 1123 2727 1178 namque
2755 1117 2880 1163 tuus
2901 1123 3007 1162 non
3027 1109 3193 1164 sentit
3218 1107 3273 1162 in
3295 1107 3515 1178 ignibus
3537 1108 3723 1179 ignes.

2777 1219 3003 1275 CAPUT
3043 1218 3226 1273 XVIII.

2211 1309 2485 1377 Quomodo
2530 1329 2720 1382 prterea
2766 1314 3065 1366 incendium
3110 1312 3392 1375 renavarit,
3445 1311 3810 1382 intacth

2249 1389 2258 1420 ί
2601 1384 2820 1438 audiens
2851 1383 3021 1452 ipsum
3061 1382 3407 1436 arcessiverit.

2214 1472 2395 1528 Tertia
2418 1481 2677 1544 praeterea
2703 1473 2830 1528 dum
2859 1472 3057 1528 coelum
3085 1487 3281 1526 aurora
3311 1480 3554 1537 teneret,

2214 1563 2355 1621 Solis
2383 1575 2436 1621 et
2470 1566 2680 1636 impigri
2706 1567 3093 1622 conscenderet
3121 1566 3290 1620 ardua
3313 1580 3535 1629 currus,

2212 1657 2292 1713 Ne
2324 1674 2430 1728 qua
2457 1660 2746 1729 sepultura:
2775 1659 2974 1714 cineris
3004 1673 3289 1728 superesse
3313 1657 3396 1710 vel
3425 1672 3626 1712 ossum

2213 1750 2341 1820 Igne
2367 1751 2571 1806 minuta
2603 1760 2828 1822 queant,
2852 1760 3102 1820 reparato
3129 1749 3293 1805 multa
3326 1748 3520 1804 furore

2137 1827 2186 1888 Β
2213 1842 2380 1913 Ligna
2406 1841 2562 1912 jubet
2587 1858 2789 1912 pra-ses
2817 1842 3153 1912 consumptis
3176 1841 3384 1897 addere
3398 1839 3673 1895 ﬂammis.

2212 1934 2378 1989 Arida
2404 1932 2653 1987 terriﬁcis
2681 1933 2955 2001 crepitant
2981 1933 3238 1987 incendia
3269 1932 3429 1986 tectis

2211 2024 2485 2078 Murmure
2517 2025 2581 2078 de
2605 2039 2823 2094 magno,
2856 2022 3038 2078 fumus
3060 2023 3202 2077 volat
3230 2032 3348 2077 ater
3375 2023 3445 2075 ad
3479 2040 3674 2076 auras.

2212 2113 2324 2170 Nec
2344 2130 2494 2168 mora
2523 2113 2746 2184 pulchra
2776 2113 2885 2168 cito
2910 2113 3130 2170 dimissa
3159 2113 3408 2168 columba
3439 2122 3640 2172 natata

2212 2202 2288 2259 De
2313 2205 2450 2259 ctelo
2469 2205 2641 2268 venit,
2672 2202 2917 2258 ﬂammas
2939 2203 3192 2266 secrevit,
3224 2211 3279 2258 et
3308 2219 3477 2259 omne

2212 2294 2354 2365 Ignis
2383 2310 2520 2349 onus
2545 2308 2774 2350 camera:
2799 2296 3014 2350 curvari
3042 2310 3192 2350 more
3218 2297 3453 2366 peregit,

2211 2384 2322 2440 Nec
2349 2384 2566 2456 longum
2590 2386 2845 2441 restincta
2868 2387 2982 2458 rogi
3005 2387 3256 2441 violentia
3282 2388 3470 2442 cessit.

2211 2475 2280 2530 At
2307 2484 2430 2545 post
2460 2477 2698 2546 quinque
2727 2477 3045 2547 diesjudex,
3073 2478 3118 2532 si
3143 2479 3390 2548 corporis
3415 2479 3547 2533 ulla:

2213 2567 2365 2622 Scire
2396 2568 2582 2623 volens
2602 2576 2752 2624 tanto
2780 2578 3050 2624 restarent
3069 2570 3192 2640 igne
3220 2569 3442 2636 favillae,

2210 2659 2509 2714 Fornacem
2540 2675 2782 2716 reserare
2807 2659 2982 2730 jubet,
3013 2670 3124 2716 tum
3153 2661 3384 2732 plurima
3413 2662 3583 2719 turba

2211 2750 2468 2806 Militibus
2490 2752 2756 2821 permixta
2792 2752 2954 2817 volat,
2985 2753 3230 2807 mirabile
3256 2754 3401 2808 dictu
3428 2755 3444 2807 !

2207 2841 2750 2913 Auribusappositis,
2782 2843 2927 2898 intus
2957 2858 3175 2898 sensere
3197 2842 3518 2912 loquentem

2209 2930 2642 3000 Psallcntemque
2665 2931 2775 2987 Deo
2802 2931 2991 2986 laudes
3019 2939 3313 3002 gratesque
3345 2931 3645 2988 ferentem.

2209 3021 2458 3076 Forsitan
2493 3022 2609 3078 haec
2635 3022 2838 3077 sanctis
2871 3021 3129 3076 Mammes
3163 3022 3489 3092 permiscuit
3518 3023 3642 3077 odis
3667 3041 3684 3076 z

2209 3111 2406 3166 Fecisti
2445 3127 2563 3177 nos,
2604 3127 2799 3183 magne
2827 3112 2991 3176 Deus,
3021 3113 3256 3166 transire
3277 3128 3379 3182 per
3401 3113 3568 3183 ignes

523 3201 642 3266 Dic,
672 3203 844 3273 inquit
879 3204 1160 3270 Mammes,
1184 3222 1376 3263 censes
1417 3209 1614 3278 quibus
1651 3179 1771 3264 esse
1811 3210 2105 3266 litandum?
2131 3179 2183 3244 θ
2209 3203 2587 3274 Fluminatjue,
2625 3214 2680 3260 et
2708 3205 2888 3260 reddis
2925 3217 3046 3275 post
3073 3207 3253 3259 omnia
3292 3205 3428 3260 dura
3462 3207 3730 3275 quietem.

518 3296 604 3352 Ira
628 3298 755 3353 licet
774 3299 904 3354 dare
925 3301 1088 3355 verba
1106 3309 1271 3366 vetet,
1297 3310 1474 3358 tamen
1499 3301 1613 3356 haec
1633 3317 1846 3372 quoque
1869 3318 2100 3372 praeses:

520 3388 736 3446 Alcides
761 3392 898 3446 votis
929 3407 1260 3462 magnusque
1288 3392 1500 3447 colatur
1525 3393 1732 3462 Apollo,

519 3476 703 3533 Proles
732 3490 918 3535 sancta
947 3479 1114 3536 Iovis.
1142 3482 1277 3536 Tum
1309 3482 1566 3537 Mammes
1595 3483 1838 3552 protinus
1865 3483 1987 3538 iniit
2018 3502 2030 3537 :

517 3568 858 3626 Conveniunt
878 3581 966 3626 tua
991 3571 1134 3628 dicta
1164 3575 1270 3630 tuis
1294 3576 1569 3630 erroribus
1597 3591 1750 3646 ergo,

518 3657 780 3726 Perditio,
815 3663 961 3731 quod
987 3662 1177 3732 Apollo
1196 3673 1375 3728 sonat,
1404 3675 1618 3719 vastare
1641 3664 1934 3729 colentum,

519 3748 638 3804 Non
671 3751 883 3807 salvare
911 3756 1122 3809 animas
1156 3770 1298 3810 saevo
1326 3756 1466 3811 solet
1493 3757 1614 3826 igne
1639 3757 1919 3812 tenendas.

520 3841 618 3897 [Iis
646 3843 805 3897 simul
830 3846 1028 3910 auditis
1049 3846 1187 3901 irato
1215 3855 1436 3916 pectore
1458 3849 1627 3918 judex

520 3932 698 3988 Triste
723 3933 978 4006 Dionysio
1002 3935 1217 3992 Satanae
1245 3937 1570 4008 Zosimoque
1594 3937 1860 3994 ministris

520 4025 741 4082 Mandat
760 4043 895 4098 opus
921 4039 1276 4100 sanctumque
1297 4029 1452 4100 jubet
1479 4033 1726 4086 cruciare
1755 4032 1957 4087 camini

516 4118 758 4192 Ignibus,
783 4131 842 4192 ut
873 4131 1014 4179 totas
1037 4124 1333 4180 confundat
1359 4125 1573 4180 llamma
1593 4125 1833 4181 'favillas.

1082 4238 1309 4296 CAPUT
1360 4239 1521 4295 XVII.

518 4326 761 4395 Qualiter
785 4330 838 4384 in
876 4331 1224 4403 caminoDeo
1267 4333 1465 4400 gratias
1514 4331 1748 4385 retulerit
1785 4348 1841 4386 se
1877 4332 1944 4385 ab
1984 4333 2102 4403 igne

1088 4401 1211 4455 tradi
1239 4418 1345 4455 non
1364 4418 1532 4470 posse.

515 4492 760 4564 Cumque
788 4479 883 4550 Dei
917 4495 1088 4559 miles,
1123 4495 1386 4550 deductus
1405 4496 1472 4550 ad
1498 4510 1593 4549 ora
1623 4494 1846 4560 camini,

512 4581 775 4639 Cerneret
792 4583 1025 4640 otlicium
1053 4600 1246 4655 poenas
1277 4587 1476 4642 sudare
1494 4584 1755 4655 parando,

514 4672 732 4729 Visibus
759 4676 1042 4731 attherium
1070 4677 1195 4730 totis
1223 4677 1467 4745 suspexit
1491 4675 1804 4746 Olympum,

513 4763 643 4820 Haac
670 4781 823 4822 sacra
849 4765 990 4822 dicta
1013 4768 1101 4837 pio
1129 4769 1352 4838 supplex
1383 4767 1450 4823 de
1471 4777 1691 4837 pectore
1718 4768 1983 4824 fundens:

511 4856 559 4912 Ο
588 4865 800 4926 patrum
824 4867 1111 4928 nosterque
1136 4861 1314 4926 timor,
1349 4869 1440 4914 tua
1463 4859 1612 4928 jussa
1647 4859 1896 4926 tenendo,

512 4945 591 5001 Te
627 4956 849 5016 propter
879 4949 1055 5018 patior
1075 4951 1344 5004 furibundi
1365 4949 1565 5018 judicis
1591 4951 1720 5012 iras,

513 5039 722 5094 Exaudi
750 5055 888 5109 quas
917 5040 1083 5097 fundo
1106 5057 1314 5112 preces,
1344 5043 1602 5112 patientia
1633 5051 1872 5098 nostram

511 5131 724 5203 Dirigat
752 5132 893 5187 alma
921 5134 1084 5200 viam,
1113 5136 1285 5192 virtus
1309 5136 1468 5192 simul
1500 5136 1638 5206 ignis
1663 5135 1941 5201 hebescat,

510 5223 724 5294 Integer
743 5233 800 5280 et
826 5224 1088 5282 Mammas
1115 5227 1295 5284 vincat
1342 5236 1610 5283 tormenta
1641 5227 1879 5298 tyranni,

513 5314 677 5371 Lucis
701 5324 759 5370 ut
778 5317 952 5388 ignari
981 5318 1200 5387 capiant
1231 5318 1518 5374 manifesta
1544 5326 1792 5389 patenter

513 5407 743 5464 Virtutis
770 5411 1090 5466 documenta
1127 5418 1251 5478 tuae,
1280 5421 1332 5466 te
1361 5413 1579 5468 vincere
1608 5411 1781 5468 solum

511 5496 782 5569 Poseeque
808 5508 1002 5556 cuncta
1031 5499 1225 5555 sciant.
1267 5500 1468 5557 Sancto
1489 5509 1601 5555 tum
1634 5501 1850 5558 nomine
1891 5501 2092 5558 Christi

511 5585 768 5653 Munitus,
793 5591 1054 5662 signoque
1075 5589 1253 5646 crucis
1281 5606 1379 5660 per
1403 5590 1611 5662 singula
1640 5589 1806 5658 facto,

509 5677 664 5735 Haud
689 5681 922 5751 trepidat
945 5679 1176 5737 ﬂamma:
1202 5681 1410 5738 medios
1438 5683 1641 5738 intrare
1667 5698 1764 5754 per
1787 5692 1969 5741 aestus.

508 5769 764 5831 Protinus
791 5773 1034 5846 ingresso
1063 5776 1228 5834 cessit
1258 5778 1340 5834 vis
1372 5786 1478 5835 tota
1506 5777 1700 5835 caloris

2207 3294 2452 3361 Attoniti,
2483 3305 2769 3366 properata
2815 3307 3061 3366 premunt
3088 3296 3310 3366 vestigia
3339 3307 3492 3352 retro

2207 3384 2412 3442 Judicis
2440 3387 2556 3442 haec
2581 3387 2768 3445 rabido
2790 3397 3067 3458 portantes
3096 3390 3238 3444 dicta
3272 3391 3464 3444 furori.

2208 3475 2308 3532 Hic
2329 3479 2489 3534 homo
2517 3495 2620 3535 non
2650 3495 2839 3551 magus
2860 3489 2958 3544 est,
2984 3497 3186 3550 praeses
3207 3482 3372 3536 crede
3392 3482 3604 3552 optime
3625 3481 3797 3548 nobis,

2209 3574 2314 3628 Sed
2341 3579 2522 3644 potius
2542 3575 2744 3631 virtute
2772 3575 2891 3641 Dei,
2924 3591 3030 3630 non
3059 3577 3322 3640 carmine,
3351 3576 3588 3632 vincens

2208 3663 2440 3719 Saevitiae
2469 3673 2738 3720 tormenta
2773 3674 2891 3730 tum,
2921 3671 3081 3736 quem
3106 3665 3323 3721 sedulus
3348 3675 3474 3720 orat

2207 3755 2321 3811 Sub
2347 3756 2565 3812 Christo
2585 3757 2827 3812 salvante
2853 3757 3012 3812 valet.
3047 3757 3151 3812 Sed
3180 3772 3409 3827 praeses,
3437 3766 3502 3811 ut
3536 3757 3698 3812 audit

2207 3848 2322 3904 Non
2362 3850 2512 3921 ignes
2537 3851 2778 3922 tetigisse
2807 3852 2982 3906 virum
3018 3852 3204 3906 :Nunc
3226 3852 3484 3914 arbitror,
3527 3853 3730 3922 inquit,

2205 3940 2316 3997 Nos
2342 3943 2580 4012 magicos
2604 3957 2861 4013 superare
2882 3943 3053 4007 dolos,
3085 3943 3240 3999 miles
3263 3952 3444 3998 tamen
3474 3943 3586 3998 ibis

2205 4030 2560 4102 Adducesque
2587 4033 2765 4088 virum
2798 4052 2809 4087 :
2835 4051 2941 4089 non
2981 4051 3068 4090 me
3091 4036 3305 4090 vivente
3336 4035 3561 4090 recedet

2206 4122 2384 4180 Sanus
2407 4133 2462 4180 et
2490 4125 2794 4194 incolumis,
2819 4127 2994 4196 pinnis
3016 4127 3260 4182 vincetur
3281 4125 3510 4181 amaris.

2789 4239 3018 4296 CAPUT
3050 4239 3193 4294 XIX.

2253 4311 2729 4396 ’Quemadmadum
2760 4332 2942 4386 educto
2963 4348 3178 4395 prmus,
3194 4341 3241 4386 et
3265 4333 3469 4401 magica
3493 4335 3728 4402 neganti,

2735 4402 2875 4471 feras
2923 4402 3240 4472 promiserit.

2203 4489 2355 4545 Miles
2379 4499 2439 4545 ut
2464 4491 2697 4562 ingentis
2730 4502 3069 4546 reseraverat
3097 4508 3194 4547 ora
3217 4492 3441 4557 camini,

2199 4579 2486 4650 Angelicos
2520 4588 2698 4636 astare
2719 4582 2936 4648 choros,
2969 4591 3024 4637 et
3050 4585 3270 4653 cingere
3296 4581 3615 4648 Mammem,

2202 4669 2454 4725 Suaviter
2487 4673 2540 4726 in
2567 4671 2738 4726 media
2775 4673 2907 4726 vidit
2930 4672 3150 4728 fornace
3182 4675 3486 4739 sedentem,

2201 4759 2576 4830 Virtutemque
2603 4761 2790 4816 humili
2829 4763 3021 4817 trinam
3051 4780 3211 4833 prece
3235 4765 3335 4820 rite
3360 4775 3654 4821 vocantem

2201 4849 2474 4905 Laudibus
2501 4852 2762 4907 intentum
2786 4854 3016 4918 Domini,
3045 4865 3235 4910 sancto
3277 4858 3494 4927 agmine
3545 4869 3777 4930 septum;

2202 4940 2541 4998 Christicola:
2567 4945 2793 5014 pariter,
2827 4954 2992 5002 testes
3019 4947 3238 5002 virtutis
3263 4947 3527 5013 habendi,

2202 5033 2319 5089 lloc
2347 5035 2512 5089 etiam
2562 5036 2911 5106 speculantur
2935 5052 3070 5108 opus
3094 5055 3107 5090 :
3141 5037 3400 5104 Procede,
3426 5050 3592 5095 vocat
3612 5050 3685 5103 te,

2199 5124 2351 5179 Miles
2378 5124 2475 5192 ait,
2501 5125 2753 5194 Mamma,
2776 5143 2993 5197 praeses,
3025 5137 3078 5184 te
3108 5143 3332 5184 cernere
3355 5131 3552 5199 quaerit

2199 5220 2315 5286 Quo
2330 5216 2537 5288 jussam
2563 5229 2816 5289 carpento
2837 5221 3002 5284 viam,
3034 5222 3240 5291 petiere
3269 5236 3540 5290 supernas

2197 5313 2419 5384 Fulgida
2451 5312 2710 5368 continuo
2740 5321 3047 5368 sanctorum
3077 5313 3245 5368 millia
3271 5313 3450 5369 sedes.

2201 5403 2331 5471 Quis
2358 5404 2624 5460 dubitabit
2651 5403 2795 5458 enim
2824 5403 2968 5458 cives
2994 5419 3092 5472 pro
3119 5404 3239 5458 cive
3272 5405 3470 5460 beatos

2199 5497 2496 5552 Advenisse
2524 5512 2624 5552 suo
2648 5496 2838 5552 solatia
2869 5506 3055 5552 sancta
3083 5497 3364 5553 ferentes?

2201 5589 2355 5644 Ilunc
2383 5589 2449 5644 ad
2479 5599 2627 5644 certa
2656 5604 2766 5644 sua:
2793 5597 3172 5658 properantem
3197 5590 3418 5658 prmmia
3446 5587 3642 5658 palm

2200 5681 2317 5736 Non
2343 5680 2611 5752 linquunt,
2638 5682 2730 5736 sed
2759 5690 2902 5744 stare
2931 5690 3153 5735 monent
3178 5680 3443 5736 occultius
3473 5681 3670 5753 ipsum,

2203 5774 2471 5833 Victorem
2502 5774 2672 5832 sancti
2705 5775 2903 5830 ducant
2927 5781 2987 5830 ut
3013 5775 3078 5829 ad
3109 5773 3277 5830 ardua
3307 5773 3476 5830 cives.
