3978 6310
239 416 376 474 1057
1405 404 1566 461 VlTA
1607 401 1667 458 S.
1710 399 1805 456 ΜΛ

1938 393 1984 450 Ε
2025 391 2332 450 MONACHI
3379 385 3509 446 I058

236 535 449 590 Praeses
474 537 537 586 ut
565 537 829 584 astantem
858 541 996 582 s:eva
1027 529 1094 583 ad
1125 523 1376 597 praetoria
1402 520 1690 576 Mammem
1852 518 1900 578 Α
1931 512 2223 581 Postquam
2249 509 2386 566 colla
2415 509 2598 564 animo
2625 507 2868 564 subrerit
2893 507 3023 561 dura
3050 502 3282 576 superbo

237 621 536 694 Conspicit,
565 621 651 676 his
680 628 914 675 mentem
943 594 1491 689 pulsat—sermonibus
1515 612 1713 667 almam
1746 625 1760 664 :
1927 601 2284 670 Deseruitque
2311 600 2504 665 Deum,
2531 599 2743 654 Domini
2778 613 2883 653 non
2917 613 2996 652 sei
3011 613 3107 651 vus
3137 594 3326 651 haberi

238 685 631 786 Quid-magicae
657 722 866 767 tantum
899 685 1035 766 artis
1062 725 1196 780 Opus
1225 724 1325 778 per
1353 704 1564 776 singula
1596 716 1755 773 posse
1929 692 2036 786 Sed
2075 691 2245 762 magis
2277 693 2393 760 ipse
2419 690 2604 745 volens
2637 690 2975 744 dominatum
3007 688 3258 759 indignus
3287 685 3459 748 adire.

236 806 539 864 Cernitur?
567 816 626 861 ut
655 805 885 859 ﬂamma:
915 804 1060 858 vires
1086 819 1149 857 ac
1175 800 1365 855 fraude
1395 799 1656 868 perirent,

1617 804 1656 860 ι,
1929 781 2068 837 llinc
2093 782 2286 836 collata
2315 782 2467 851 prius
2493 781 2657 850 cmpit
2685 781 2917 850 fugitare
2941 789 3181 850 potestas

239 899 333 955 Sic
361 900 531 969 ignes,
561 897 640 951 sic
669 905 857 949 nostra
887 894 981 948 tibi
1015 901 1284 948 tormenta
1313 889 1562 944 videntur
1928 873 2277 937 Cunctorum.
2307 873 2396 939 qui
2425 887 2599 942 nuper
2624 883 2744 927 erat
2769 870 3016 926 sublimis
3046 871 3275 932 honore.

239 962 693 1046 Contemnenda?
721 985 866 1040 feras
894 1001 1066 1056 nuper
1090 984 1286 1054 quibus
1321 981 1550 1044 artibus,
1579 977 1720 1042 edic,

1929 966 1973 1019 A
2003 965 2214 1019 cunctis
2244 963 2465 1034 patitur,
2487 963 2599 1033 jam
2627 962 2802 1018 factus
2826 969 3095 1033 apostata,
3120 973 3329 1030 poenas.

238 1079 476 1152 Legibus
501 1094 532 1132 a
561 1077 794 1148 propriis
823 1053 999 1131 aliena
1032 1053 1238 1130 adfata
1267 1085 1540 1133 vocasses,
1931 1054 2080 1152 ῌῖιηο
2113 1054 2526 1152 ἦδηειῇίηβιῖδῑθῐη
2555 1053 2716 1152 Ρνίξηί
2746 1053 2932 1152 Ῐυῧθνς
2956 1053 3201 1148 Daren“?

237 1140 387 1227 [dein
413 1171 530 1225 haec
559 1140 715 1224 ἐτι-ὀι-
743 1167 874 1238 agit,
909 1165 1232 1234 fraudesque
1263 1162 1514 1216 videnlur
1540 1158 1765 1224 eadem,
1929 1145 2106 1216 Atque
2130 1144 2318 1199 humili
2343 1145 2545 1200 virtute
2575 1145 2763 1209 animi,
2793 1144 3152 1198 medicamine
3175 1140 3375 1197 Christi

240 1263 320 1318 Te
353 1272 534 1318 tantus
563 1232 805 1332 fragilem
833 1259 1127 1328 quidquam
1146 1232 1220 1310 ne
1251 1253 1472 1308 laederet
1499 1252 1662 1323 ignis,

1557 1252 1662 1314 nis,
1933 1237 2219 1306 Suscepto,
2247 1235 2408 1306 primi
2439 1249 2686 1290 meruere
2717 1234 2946 1303 insignia
2968 1232 3127 1301 juris.

239 1357 354 1412 Has
384 1367 530 1412 artes
560 1355 647 1410 dic
675 1364 867 1424 sponte
896 1363 1009 1417 tua,
1039 1360 1150 1406 tum
1181 1351 1321 1406 liber
1350 1348 1542 1403 abibis.
2524 1348 2750 1404 CAPUT
2789 1346 2932 1402 XXI.

240 1447 473 1512 Nomen,
503 1448 599 1511 ait,
629 1445 858 1510 Christi,
884 1445 1166 1508 Mammes,
1197 1441 1328 1497 mihi
1361 1441 1486 1495 talia
1517 1451 1725 1506 magna:
1936 1439 2210 1507 Quomodo
2252 1449 2402 1510 capto
2445 1439 2514 1494 ad
2563 1438 2982 1512 interﬁciendum
3032 1453 3150 1490 eun:
3199 1433 3346 1512 leone
3367 1473 3387 1512 ρ
3434 1430 3524 1487 ille

241 1537 480 1593 Virtutis
506 1540 829 1593 documenta
860 1536 1038 1600 dedit;
1069 1549 1247 1602 neque
1276 1548 1413 1586 vana
1439 1505 1667 1586 docebat
1959 1505 1970 1507 ἡ
2005 1505 2352 1602 ιίξι-φξῌρζξιὶε
2404 1520 2672 1566 vocaverat
2701 1505 2942 1573 ueniens.
2979 1523 3148 1562 vocem
3185 1507 3250 1560 sit
3285 1505 3525 1560 imitat“

2024 1598 2315 1635 tumanam.

1937 1671 2007 1727 Ut
2039 1671 2327 1727 Mammem
2359 1670 2505 1726 nullo
2528 1669 2718 1726 violari
2745 1669 2969 1725 vulnere
2988 1669 3154 1740 judex

1937 1765 2250 1835 Conspicit:
2283 1765 2381 1832 Ite,
2409 1765 2530 1829 viri,
2566 1765 2694 1820 totis
2721 1764 3023 1827 conatibus,
3048 1761 3243 1831 inquit,

1861 1880 1910 1940 Β
1936 1855 2266 1910 Lustrentur
2293 1864 2526 1919 montes,
2551 1855 2702 1910 silvis
2727 1854 2838 1909 sint
2866 1857 3023 1917 retia,
3055 1853 3183 1906 totis

1939 1947 2180 2003 Vallibus
2211 1949 2440 2014 insidiae,
2463 1956 2690 2003 cunctas
2719 1955 3006 2018 pcragrate
3037 1945 3296 2008 latebras,

1938 2039 2228 2109 Egregium
2263 2040 2436 2094 donec
2461 2039 2668 2094 sistatis
2693 2038 2746 2092 in
2777 2037 2911 2092 urbe
2945 2036 3155 2091 leonem

1939 2128 2043 2196 Qui
2069 2129 2214 2184 vires
2245 2129 2443 2183 animis
2471 2139 2654 2194 acuat,
2685 2129 2777 2198 qui
2803 2127 3008 2183 viribus
3038 2127 3168 2191 iras,

1939 2219 2041 2288 Qui
2072 2221 2251 2290 primo
2277 2219 2526 2276 Mammis
2552 2221 2901 2275 commisceat
2926 2234 3019 2272 ora
3052 2216 3252 2282 furore,

1941 2310 2008 2365 Et
2036 2325 2102 2364 ne
2131 2309 2414 2380 prceceptis
2446 2309 2692 2378 angustia
2725 2308 2981 2378 temporis
3009 2305 3176 2372 obsit,

1940 2403 2020 2458 En
2047 2404 2200 2458 vobis
2222 2402 2453 2472 spatium
2482 2402 2566 2456 bis
2593 2402 2790 2457 denum
2817 2401 2950 2455 cedo
2980 2399 3210 2453 dierum.

1943 2493 2064 2548 Mox
2095 2493 2264 2562 jussis
2293 2492 2645 2556 famulantur,
2676 2499 2825 2555 eunt,
2856 2490 3084 2558 mirique
3112 2493 3387 2557 repertum

1943 2583 2174 2638 Roboris
2207 2582 2311 2636 alta
2342 2581 2435 2636 citi
2470 2582 2671 2636 ducunt
2701 2581 2768 2634 ad
2801 2589 2940 2634 tecta
2969 2579 3199 2632 leonem.

1944 2675 2154 2730 Praeses
2179 2675 2370 2730 adesse
2399 2673 2570 2728 feram
2599 2672 2761 2727 dictis
2789 2680 2850 2725 ut
2879 2671 3122 2741 pluribus
3155 2669 3306 2723 audit

1944 2769 2209 2842 Inclusam
2235 2768 2440 2833 caveis,
2463 2775 2657 2822 ornent
2680 2764 2837 2834 jubet
2871 2763 3350 2834 amphitheatrum.

1949 2857 2132 2913 Tertia
2157 2856 2352 2912 deinde
2379 2857 2493 2911 dies
2523 2867 2674 2912 certo
2702 2857 2829 2911 dum
2858 2864 3101 2924 tempore
3129 2854 3323 2924 surgit,

1945 2949 2218 3014 Procedit,
2251 2957 2661 3019 monstrumque
2687 2948 2844 3017 jubet
2875 2948 3148 3003 dimittere
3178 2955 3387 3001 sancto.

1947 3039 2083 3095 Dum
2113 3039 2387 3096 timefacta
2414 3056 2629 3104 manus,
2658 3041 2954 3096 dissolvere
2982 3037 3192 3092 vincula
3225 3036 3404 3092 tardat

242 1629 370 1687 Ulla
396 1629 730 1700 superstitio,
761 1627 882 1698 pavi
913 1626 1182 1682 silvestria
1207 1624 1358 1693 jussu

241 1723 379 1789 Quae
405 1738 603 1778 venere
633 1722 748 1785 Dei,
776 1730 1082 1790 memetque
1109 1728 1291 1775 secuta
1318 1717 1618 1772 Tonantem

245 1817 483 1872 Vocibus
511 1818 564 1871 in
591 1815 824 1887 propriis
849 1829 1060 1869 mecum
1089 1815 1309 1868 laudare
1337 1812 1603 1866 solebant.

247 1908 377 1965 Haec
403 1909 688 1964 Mammem
723 1907 915 1963 fecisse
941 1909 1102 1964 scias.
1131 1906 1248 1962 Jam
1279 1906 1508 1978 plurima
1540 1911 1716 1959 cesset

248 2002 553 2058 Verborum
579 2001 788 2070 jactura
818 1999 999 2064 velim,
1028 1999 1241 2054 veracia
1275 1999 1510 2060 tandem,

246 2092 460 2148 Praases
488 2093 583 2157 ait,
612 2091 856 2163 proferre
885 2091 1062 2156 stude,
1089 2092 1134 2144 si
1168 2089 1334 2144 fidere
1365 2089 1517 2142 vanis

247 2183 625 2238 lndubitanter
652 2181 844 2247 habes,
871 2182 1046 2237 habeo
1073 2197 1287 2252 quoque
1317 2181 1535 2253 vincere
1566 2179 1742 2250 poenis

249 2271 511 2337 Conatus,
538 2275 783 2344 dcccpte,
810 2283 949 2336 tuos,
974 2271 1086 2340 jam
1115 2274 1304 2345 detege
1331 2267 1557 2328 demens

249 2365 370 2433 Qua
402 2367 612 2420 ratione
643 2366 808 2429 feras,
831 2380 935 2434 qua
969 2373 1178 2419 tantum
1207 2366 1406 2419 viceris
1433 2365 1633 2434 ignem.

247 2455 394 2520 Non,
425 2457 622 2526 inquit,
654 2457 894 2526 magicas
920 2457 1102 2519 didici,
1131 2455 1211 2510 vel
1245 2455 1462 2526 profero
1495 2455 1729 2522 fraudes,

250 2546 360 2601 Sed
392 2546 586 2601 Natum
615 2547 843 2602 coluisse
870 2547 988 2612 Dei,
1017 2550 1082 2603 de
1110 2549 1326 2604 nomine
1351 2547 1504 2618 cujus

249 2637 460 2694 Nomen
497 2639 729 2704 habens,
755 2640 919 2694 vitam
950 2640 1038 2693 tali
1069 2655 1166 2710 pro
1200 2656 1322 2711 rege
1352 2641 1619 2711 paciscar.

249 2729 506 2784 Prmsidis
537 2729 616 2783 ira
640 2749 650 2781 :
685 2729 872 2795 Feras,
901 2731 1096 2799 inquit,
1122 2733 1379 2800 promitto
1408 2741 1624 2801 paratas

253 2819 502 2874 Humano
533 2821 768 2891 gaudere
797 2820 971 2875 solent
999 2837 1118 2890 qua:
1156 2821 1419 2885 sanguine
1449 2837 1686 2891 semper,

253 2909 351 2965 lis
379 2910 588 2966 dulcem
619 2918 671 2964 te
700 2909 842 2964 ferre
875 2911 995 2964 volo
1026 2910 1281 2966 velociter
1307 2927 1508 2966 escam.

253 3003 374 3060 Non
399 3013 685 3070 terremur,
710 3004 786 3058 ait
813 3003 1104 3067 Mammcs;
1127 3004 1377 3069 immitte,
1408 3002 1662 3058 feremus.

859 3114 1086 3170 CAPUT
1129 3115 1247 3169 ΧΧ·
1949 3130 2084 3186 Nam
2113 3133 2196 3188 leo
2225 3150 2399 3189 saevus
2425 3143 2565 3198 erat,
2590 3133 2871 3188 descendit
2893 3131 3166 3186 montibus
3190 3129 3332 3193 altis,

257 3214 500 3280 Qualiter
526 3231 653 3270 ursa
683 3214 762 3269 vel
789 3216 989 3298 pardus
1026 3232 1128 3298 non
1169 3232 1345 3298 pwnas
1383 3217 1430 3270 ei
1471 3216 1562 3270 sed
1595 3217 1844 3270 honorem
1876 3235 1918 3297 ε
1949 3231 2046 3287 cui
2086 3237 2290 3298 ,ηωιγι-
2322 3227 2531 3297 pridem
2560 3227 2784 3281 dederat
2809 3233 3080 3294 μνωοθριε
3107 3232 3301 3277 vocato
3329 3239 3343 3276 ε

905 3286 1199 3340 """l‘mm‘
1623 3331 1628 3335 '
1953 3321 2153 3377 Urbem
2187 3286 2396 3380 adiens,
2423 3316 2625 3371 nullum
2655 3316 2794 3371 laesit
2817 3316 2918 3370 sub
2954 3314 3224 3368 mtrnibus
3253 3313 3441 3380 urbis;

253 3397 389 3453 Hmc
420 3398 509 3452 ubi
546 3398 716 3462 dicta,
749 3406 903 3452 vocat
925 3397 1090 3467 judex
1121 3397 1187 3452 de
1217 3413 1367 3452 more
1394 3397 1674 3452 ministros
1950 3411 2056 3466 per
2085 3409 2296 3482 patulas
2325 3407 2516 3462 festiva
2547 3406 2692 3461 fores
2719 3405 3023 3476 spectacula
3052 3403 3275 3468 lucrum,

261 3487 510 3544 Vcnandi
540 3505 678 3558 quos
703 3505 831 3543 cura
861 3488 1019 3558 ligat:
1042 3489 1365 3553 Perniciter,
1394 3491 1566 3551 aiens,
1951 3501 2069 3556 Non
2097 3501 2266 3553 risum
2300 3499 2508 3553 ιδιυι-υε
2539 3498 2673 3561 ad“,
2701 3512 2826 3550 ιιιοχ
2853 3511 2946 3550 ora
2975 3494 3115 3549 beati

255 3578 358 3643 Ite,
390 3589 579 3649 parate
609 3579 776 3643 feras,
806 3594 942 3648 quas
973 3580 1141 3633 nostis
1167 3579 1366 3634 habere
1397 3587 1652 3634 cruentos
1951 3591 2184 3646 ιηιιιίιυε
2219 3589 2487 3653 Mammas,
2512 3579 2728 3653 vocem,’
2751 3586 2998 3642 mirabile
3025 3587 3206 3642 diem!

255 3671 597 3741 Atrocesque
625 3672 860 3735 animos,
889 3671 1160 3741 perimant
1186 3684 1254 3724 ne
1278 3685 1507 3739 corpora
1537 3677 1767 3736 tantum,

1951 3681 2129 3737 Induit
2153 3683 2464 3746 humanam,
2490 3681 2833 3751 primumque
2859 3679 2946 3734 his
2972 3679 3196 3733 vocibus
3225 3692 3393 3734 usus:

255 3765 338 3822 De
363 3767 544 3836 Praeda
576 3767 670 3821 Sed
700 3765 899 3820 habere
927 3767 1078 3820 είδοε
1111 3765 1394 3819 Videam“?
1419 3772 1647 3818 θιῐιίιιοε·
1954 3776 2114 3831 Salve
2143 3775 2338 3834 cultor,
2366 3775 2462 3839 ait,
2487 3773 2683 3828 summi
2716 3772 3020 3828 venerande
3049 3771 3333 3838 Tonantis,

255 3855 364 3923 Qui
399 3857 526 3911 dum
553 3855 750 3910 deinde
773 3870 908 3908 cavo
937 3856 1247 3910 consideret
1275 3856 1674 3924 amphitheatro
1954 3867 1999 3923 ο
2029 3877 2222 3921 mum-3
2251 3866 2487 3921 hominis
2514 3873 2705 3920 εεηριο
2730 3864 3038 3935 spiramine
3068 3863 3225 3935 plena

257 3948 557 4002 Αάἀυουηί
589 3945 896 4007 Μθηπηθῖηθ
931 3945 1221 3999 ἀίιηίιιίιυν
1248 3961 1376 3998 υΐείι
1408 3946 1631 4000 ηονθηειέ
1953 3959 2120 4013 Plena
2159 3957 2319 4012 simul
2354 3956 2566 4011 meritis
2595 3957 2737 4020 vitae,
2773 3955 2868 4010 tibi
2899 3956 3130 4023 denique
3154 3955 3311 4023 jussu

260 4044 502 4099 δωνὶιίω
533 4042 755 4097 mentita
786 4041 982 4106 minas.
1008 4055 1127 4110 quae
1155 4054 1376 4094 carcere
1402 4048 1687 4109 postquam
1956 4048 2213 4118 Cogimur
2241 4047 2506 4116 angelico,
2536 4056 2741 4099 natura:
2770 4061 2990 4100 munera
3021 4054 3232 4109 contra,

262 4138 540 4194 Processit
567 4153 744 4192 caveae
771 4136 1002 4207 cteliqne
1028 4135 1203 4189 nitore
1232 4133 1400 4204 polita
1428 4140 1531 4194 est.
1957 4140 2239 4195 llumanos
2268 4139 2512 4210 proferre
2543 4155 2729 4204 sonos,
2753 4141 2991 4194 servitur
3021 4140 3236 4205 honori,

265 4227 557 4282 Mammem
583 4228 703 4282 beta
733 4228 948 4298 quidem
979 4227 1282 4297 praedaque
1312 4225 1528 4294 petebat
1564 4237 1750 4278 amore
1958 4233 2003 4290 0
2027 4243 2214 4304 pastor
2239 4232 2454 4296 dilecte,
2479 4241 2571 4286 tuo
2601 4246 2616 4285 :
2646 4247 2770 4286 nam
2802 4233 2945 4301 quod
2972 4231 3150 4286 minus
3181 4233 3296 4302 ipsa

264 4317 502 4373 smmi-*3
528 4333 737 4374 memor
764 4320 1019 4388 antiquae.
1050 4326 1232 4372 tamen
1263 4317 1434 4371 inSCia
1466 4329 1648 4370 rerum
1960 4328 2063 4382 Dat
2089 4335 2304 4390 natura,
2339 4324 2473 4380 tides
2501 4323 2688 4379 itidem
2719 4337 2810 4378 tua
2835 4339 3028 4394 magna
3061 4333 3320 4380 meretur.

263 4411 388 4468 Jam
418 4419 590 4466 metas
620 4426 838 4465 emensa
870 4411 987 4474 vim,
1013 4419 1194 4480 stupet
1218 4425 1313 4464 ora
1353 4408 1496 4464 beati
1960 4417 2042 4472 Tu
2075 4426 2280 4487 pastor,
2311 4415 2405 4470 tibi
2439 4430 2538 4470 nos
2563 4430 2776 4485 aequum
2807 4416 3012 4471 servire
3042 4414 3296 4470 libenter.

275 4500 348 4560 διδ
363 4513 740 4572 Ἀρεοωωῐιιιε
767 4501 890 4554 viri.
925 4500 1057 4554 Nam
1083 4501 1226 4570 quod
1260 4501 1547 4554 temeraria
1577 4501 1727 4556 venit
1961 4509 2219 4564 Miremur
2243 4506 2460 4560 virtutis
2488 4521 2644 4576 opus,
2671 4505 2950 4560 doleamus
2975 4506 3156 4576 iniqua

275 4592 508 4649 ῖιωεῖι
540 4600 808 4664 ἷπωιηιιὶ
835 4591 972 4656 δοιος
995 4599 1320 4645 venerantet
1345 4591 1578 4646 adorans
1883 4608 1936 4669 ι)
1965 4600 2128 4656 Facta
2159 4599 2441 4654 hominum
2469 4615 2482 4651 :
2510 4597 2697 4652 laudat
2720 4598 2914 4651 brutus
2935 4597 3070 4652 bene
3097 4597 3238 4652 facta
3269 4595 3517 4666 magistri

266 4686 474 4752 Bestia,
520 4701 674 4758 quem
702 4685 871 4740 tantis
901 4684 1178 4739 hominum
1209 4683 1478 4738 dementia
1507 4683 1748 4738 damnat.
1962 4693 2234 4748 concesso
2263 4703 2512 4746 sermone
2541 4689 2648 4754 leo,
2677 4689 2991 4756 meritisque
3017 4686 3218 4741 fatetur

268 4777 402 4832 Post
429 4778 655 4847 pardum
687 4776 870 4830 laxare
892 4774 1046 4845 jubet
1076 4794 1089 4828 :
1117 4774 1230 4828 fera
1259 4775 1471 4829 concita
1500 4773 1786 4830 Mammem
1963 4785 2118 4840 Hunc
2147 4785 2322 4839 sancti
2350 4783 2564 4837 venisse
2590 4781 2728 4846 viri;
2755 4780 2994 4836 doctoris
3019 4795 3206 4834 amore

269 4871 602 4941 Obsequium
636 4871 807 4925 latura
835 4870 988 4940 petit,
1016 4868 1320 4938 collumque
1351 4868 1494 4923 beati
1963 4876 2081 4931 Non
2115 4873 2323 4938 turbas,
2352 4889 2458 4927 non
2489 4887 2640 4927 arma
2667 4872 2839 4935 timet,
2874 4871 3078 4926 servire
3106 4878 3328 4939 paratus

272 4963 526 5036 Martyris
555 4963 910 5033 amplectens,
938 4962 1080 5016 ulnis
1109 4961 1477 5031 przemollibus
1503 4962 1692 5027 ambit,
1965 4969 2199 5024 Eritium
2232 4966 2463 5020 tolerare
2497 4965 2678 5034 cupit;
2713 4978 2812 5022 nos
2839 4963 3019 5019 omnia
3057 4970 3245 5016 contra

274 5053 650 5124 Sudoremque
680 5053 822 5108 sacri
853 5053 1080 5123 detergit
1112 5055 1378 5122 corporis,
1409 5069 1539 5124 ergo
1970 5060 2126 5116 Ultro
2151 5060 2430 5114 doctorum
2463 5057 2646 5112 miseri
2671 5057 2809 5112 bene
2834 5055 2976 5110 facta
3007 5055 3249 5110 silemns.

275 5145 516 5201 8(ἐπ’νῖιίο
544 5149 735 5201 devota
765 5144 932 5209 ἷονεέῐν
959 5159 1119 5212 quem
1151 5153 1392 5198 Sternere
1412 5143 1560 5212 iussa
1587 5153 1690 5198 εει·
1969 5152 2198 5220 Fingere
2231 5147 2361 5203 falsa
2390 5149 2541 5212 libet,
2564 5147 2798 5202 serimus
2826 5146 2910 5200 vel
2939 5145 3083 5201 facta
3112 5145 3361 5201 libenter.

274 5239 569 5294 Possumus
595 5240 720 5294 hinc
749 5239 912 5294 etiam
939 5237 1188 5292 meritum
1221 5237 1552 5307 perpendere
1574 5236 1770 5301 sancti,
1972 5243 2127 5297 Scire
2151 5241 2369 5310 quidem
2401 5239 2665 5301 volumus,
2692 5239 2786 5294 sed
2812 5237 2932 5308 plus
2947 5236 3155 5306 juvisse
3179 5236 3418 5294 laborem

276 5329 415 5385 Nam
443 5332 569 5386 dum
597 5332 804 5401 primus
840 5332 1023 5396 homo,
1051 5328 1277 5384 Domino
1304 5330 1625 5400 plasmantc,
1647 5337 1866 5385 creatus
1973 5337 2147 5402 Quam
2177 5334 2417 5389 doctoris
2441 5348 2632 5403 opem;
2661 5332 2874 5401 probris
2907 5332 3151 5386 lacerare
3177 5331 3462 5400 magistros

279 5420 462 5476 Staret
493 5421 672 5493 imago
697 5421 813 5488 Dei,
840 5421 1046 5493 peccati
1071 5429 1126 5477 et
1151 5421 1398 5476 criminis
1421 5436 1636 5490 expers,
1974 5425 2094 5481 Jam
2126 5426 2283 5496 pauci
2316 5432 2600 5488 metuunt;
2633 5423 2788 5478 multi
2816 5439 2922 5479 non
2949 5423 3198 5492 frangere
3225 5431 3434 5490 portas,

279 5512 370 5566 Illa
400 5514 690 5584 potestatis
720 5514 959 5584 gaudens
986 5512 1216 5584 insignia
1248 5514 1438 5582 prima:
1976 5518 2085 5575 Sed
2120 5529 2332 5575 struere
2363 5517 2590 5573 insidias
2621 5516 2823 5586 polluto
2847 5525 3069 5587 pectore
3095 5515 3348 5585 gaudent,

281 5604 530 5675 Percepit
559 5605 795 5659 donante
822 5604 951 5668 Deo,
985 5621 1093 5676 quo
1118 5614 1324 5660 cuncta
1339 5613 1523 5659 creata
1976 5612 2086 5667 llos
2111 5611 2336 5666 canibus
2367 5611 2653 5682 parcisque
2680 5625 2840 5680 pares
2863 5609 3132 5664 sententia
3156 5607 3358 5662 Christi

283 5694 444 5752 Orbis
467 5697 521 5750 in
548 5695 812 5766 obsequio
839 5696 986 5753 solus
1010 5697 1250 5770 subjecta
1281 5706 1510 5754 teneret.
1977 5701 2177 5758 sancta
2206 5717 2429 5766 vocans,
2454 5701 2608 5773 jubet
2638 5702 2736 5758 hos
2764 5700 3017 5756 fraudare
3044 5697 3207 5753 nitela
3239 5711 3288 5753 α.

358 5865 384 5893 ι
422 5851 625 5908 Versus
656 5851 894 5907 mutilus.
