3978 6310
479 376 506 435 Ι
516 373 624 433 050

1046 474 1277 535 CAPUT
1324 474 1491 531 XXII.

482 585 602 652 Qua
637 577 907 637 severitate
919 572 1106 645 januis
1140 568 1580 655 clausieudazas
1608 567 1923 640 gentilesque
1947 582 2069 638 pro-

1143 651 1406 697 straverit.

477 766 775 832 Postquam
804 758 969 814 verba
996 756 1082 812 leo
1108 754 1391 811 volitantia
1423 752 1529 809 line
1557 752 1788 825 peregit,

482 854 632 911 Ostia
658 860 850 908 cuncta
880 848 984 903 loci
1007 847 1334 901 clauduntur
1365 844 1583 899 coalitus
1612 853 1763 898 arcta

482 944 669 1007 Obice,
702 955 771 995 ne
800 937 978 994 facilis
1004 937 1236 992 miseros
1266 934 1390 1006 fuga
1419 935 1633 990 demere
1652 939 1837 1004 posset

480 1035 619 1102 Quin
646 1045 832 1087 omnes
856 1044 1023 1084 unum
1048 1034 1369 1099 paterentur
1400 1026 1594 1080 saevius
1622 1025 1853 1080 hostem.

479 1123 731 1178 Protinus
754 1117 1002 1174 horribili
1031 1125 1383 1187 prosternere
1408 1119 1602 1169 cuncta
1628 1112 1812 1168 furore

480 1212 784 1284 Ingreditur
808 1251 822 1274 ,
865 1208 1168 1279 tinguitque
1206 1205 1487 1261 hominum
1520 1203 1707 1259 rabida
1734 1217 1829 1258 ora
1860 1215 2075 1257 cruore.

483 1306 746 1364 Dentibus
771 1306 872 1361 bos
906 1304 1125 1366 lacerat,
1160 1301 1304 1357 sevis
1337 1307 1505 1356 saecat
1539 1298 1814 1370 unguibus
1841 1295 1981 1361 illos,

484 1396 697 1468 Impulit
728 1395 830 1451 hos
860 1408 1089 1451 currens
1112 1407 1349 1462 casuque
1372 1389 1608 1463 peremit
1632 1403 1839 1443 amaro.

482 1490 612 1546 Illos
644 1496 821 1542 morte
850 1487 1014 1542 timor
1038 1485 1216 1540 subita
1246 1482 1544 1554 prosternit
1577 1481 1781 1535 inertes

488 1580 719 1637 Casibus
745 1586 799 1633 et
824 1576 1014 1642 variis,
1035 1575 1243 1647 pariter
1267 1572 1556 1644 gentilibus
1582 1571 1747 1624 instat

486 1668 812 1739 Judteosque
842 1666 1069 1737 premit;
1102 1664 1392 1738 prostratis
1413 1661 1664 1718 omnibus
1698 1673 1827 1731 ergo

489 1759 650 1817 Solus
678 1760 746 1814 ab
785 1757 954 1812 exitio
974 1770 1176 1827 praeses
1198 1753 1463 1824 paucique
1492 1750 1728 1807 ministri
1794 1751 1801 1757 ⁴

490 1850 797 1906 Mammetis
813 1850 968 1917 jussu
993 1846 1157 1901 dilata
1182 1854 1357 1900 morte
1384 1841 1636 1899 feruntur

488 1943 780 2007 Immunes,
805 1949 990 2013 Optata
1025 1940 1145 1995 viro
1173 1954 1243 1995 ne
1268 1937 1450 2009 passio
1475 1937 1636 2003 desit,

487 2037 608 2108 Ipse
636 2043 795 2108 parat
819 2035 985 2090 vitam
1015 2040 1286 2090 tormenta
1316 2031 1651 2103 parantibus,
1686 2030 1802 2101 ipse

490 2127 735 2183 Palmam
766 2133 943 2182 morte
978 2124 1134 2196 petit.
1164 2121 1363 2189 Iudex,
1391 2132 1451 2177 ut
1481 2123 1712 2178 crimina
1740 2121 1981 2178 nondum

490 2221 680 2276 Finem
709 2220 968 2285 habeant,
992 2218 1140 2273 vivit.
1165 2216 1457 2275 Numerum
1480 2217 1603 2288 quis
1631 2216 1773 2272 scire
1799 2215 2087 2271 cadentum

498 2310 663 2366 Millia
691 2310 777 2366 vel
802 2309 1001 2375 valeat,
1027 2308 1227 2381 passim
1260 2324 1382 2367 cum
1412 2308 1584 2364 frusta
1611 2324 1710 2380 per
1733 2322 1923 2365 omnes

493 2402 635 2460 Sunt
656 2404 897 2474 dispersa
922 2403 1161 2476 gradus?
1190 2402 1350 2475 longe
1382 2403 1595 2458 cervice
1622 2402 1897 2458 revulsum

493 2497 636 2553 Rere
665 2506 830 2568 caput
860 2496 1028 2552 rubeo
1054 2497 1336 2551 commista
1367 2505 1548 2567 strage
1578 2496 1830 2562 natabat;

497 2587 783 2643 Abscissas
817 2586 990 2641 aliena
1021 2601 1214 2641 manus
1240 2587 1308 2641 ad
1334 2586 1732 2657 corporajungi

496 2679 733 2735 Cernere
755 2686 894 2743 erat,
918 2686 1140 2732 truncos
1169 2678 1385 2748 gemino
1416 2677 1532 2732 sine
1556 2677 1758 2747 poplite
1788 2675 1946 2742 ferri,

497 2768 813 2838 Cunctaque
847 2768 1090 2823 membra
1119 2767 1239 2824 loco
1261 2768 1346 2822 vel
1378 2782 1518 2824 caesa
1547 2783 1734 2826 carere
1753 2768 1947 2841 priori,

500 2859 701 2914 Saucia
732 2857 817 2913 vel
843 2872 1129 2913 remanere
1159 2873 1288 2925 suo;
1320 2867 1608 2928 tantusque
1632 2868 1855 2930 repente

501 2949 736 3022 Sanguis
761 2951 828 3005 ad
854 2949 1113 3005 indicium
1146 2949 1272 3004 faeti
1306 2950 1531 3005 terroris
1559 2953 1628 3004 ab
1655 2952 1769 3006 oris

497 3040 674 3097 Gzedis
698 3040 760 3095 iit
785 3039 980 3110 plenis,
1014 3048 1074 3095 ut
1095 3037 1292 3095 ﬂumen
1318 3040 1470 3097 abire
1494 3048 1716 3113 putares

498 3130 1022 3196 Littoribus;‘veluti
1053 3130 1280 3185 summis
1302 3145 1424 3186 cum
1455 3132 1728 3189 montibus
1758 3132 1951 3205 ingens

1012 361 1406 421 WALAFRIDI
1447 356 1695 416 STRABI
1732 357 1936 416 FULD.
1978 355 2143 414 IION.
2186 351 2339 412 OPP.
2376 350 2558 413 PARS
2593 351 2659 408 ll.
2695 381 2764 392 —-
2801 349 3194 409 HISTORICA.

2092 479 2140 539 Α
2171 469 2303 539 Quae
2331 468 2579 526 facienda
2604 477 2786 541 putas,
2820 468 3039 525 tandem
3070 466 3266 525 fecisse
3292 466 3509 535 licebit,

2174 562 2234 618 Si
2265 561 2424 619 modo
2450 560 2597 631 quod
2624 575 2895 618 memoras
2917 559 3081 617 celeri
3107 559 3469 631 compleveris
3495 571 3654 623 actu.

2174 653 2448 710 Continuo
2476 651 2713 709 stadium
2738 666 2946 724 praeses
2972 651 3128 722 petit,
3152 660 3208 708 et
3222 650 3384 721 jubet
3407 653 3571 710 illum

2175 745 2277 814 Qui
2306 745 2457 801 mirae
2488 744 2710 801 virtutis
2738 752 2877 811 erat,
2915 744 3101 800 laxare
3129 744 3361 813 leonem,

2179 837 2349 904 Quem
2376 837 2576 893 dudum
2607 837 2785 907 spatio
2803 835 2971 906 jussit
2986 837 3250 907 quaesisse
3274 838 3492 895 dierum

2180 928 2405 1000 Viginti,
2432 937 2760 1000 captumque
2789 929 2891 985 sibi
2915 929 3030 1000 jam
3059 930 3289 987 credidit
3312 946 3435 988 esse

2181 1021 2441 1076 Vincendi
2484 1021 2810 1091 auspicium.
2842 1020 3105 1077 Mammes
3131 1021 3246 1077 fera
3272 1024 3427 1094 jussa
3461 1034 3788 1081 vomentem

2180 1110 2450 1181 Increpat,
2476 1122 2532 1166 et
2553 1111 2715 1167 dictis
2739 1111 2999 1167 miserum
3025 1112 3374 1169 mordacibus
3394 1124 3562 1186 urget
3591 1134 3609 1169 :

2179 1200 2370 1270 Impie,
2404 1217 2564 1267 vane,
2592 1202 2775 1266 miser,
2809 1201 3119 1268 maledicte,
3157 1203 3370 1270 insane,
3401 1206 3666 1276 profane,

2180 1290 2339 1348 Iussa
2383 1295 2557 1363 patris
2606 1294 2825 1350 Satanae
2868 1296 3134 1365 sequeris,
3180 1312 3303 1367 qua
3336 1308 3528 1355 mente
3556 1300 3794 1373 maligna

2185 1382 2325 1438 Sunt
2351 1384 2598 1441 facienda
2624 1385 2744 1452 tibi,
2778 1392 2944 1442 temet
2971 1387 3251 1443 vincemus
3277 1398 3336 1445 et
3360 1389 3550 1445 illum.

2183 1476 2279 1532 His
2306 1476 2464 1533 dictis
2493 1492 2692 1549 magno
2717 1477 2947 1533 mittunt
2970 1478 3211 1534 clamore
3236 1479 3477 1536 leonem.

2183 1566 2438 1624 Protinus
2493 1568 2785 1624 adveniens
2833 1578 3081 1626 sanctum
3125 1568 3264 1637 fera,
3316 1580 3374 1626 ut
3405 1572 3522 1629 alta
3556 1583 3792 1631 utente-

2188 1660 2577 1731 Diceutemque
2606 1661 2720 1716 Deo
2741 1659 2933 1716 laudes
2957 1660 3311 1717 meditamine
3336 1662 3470 1717 forti

2186 1751 2492 1823 Perspexit,
2518 1753 2747 1824 pedibus
2774 1753 2998 1825 supplex
3034 1761 3324 1825 prostrata,
3349 1755 3557 1813 beatas

2114 1844 2161 1904 B
2189 1843 2487 1899 Lambebat
2514 1843 2748 1915 plantas,
2778 1845 2995 1901 veniam
3034 1860 3137 1917 pro
3159 1846 3391 1902 crimine
3422 1862 3691 1919 poscens.

2189 1934 2260 1990 Ut
2287 1936 2569 2005 Scriptura
2598 1935 2788 2004 refert,
2820 1945 3010 1992 contra
3039 1945 3311 2008 praecepta
3348 1936 3634 1996 Tonantis

2187 2023 2509 2092 Consilium,
2540 2025 2701 2091 ratio,
2730 2025 3020 2096 sapientia,
3051 2026 3200 2081 nulla
3226 2027 3486 2084 voluntas

2189 2114 2547 2172 Prmvaluisse
2569 2125 2778 2188 potest;
2815 2117 3020 2173 frustra
3049 2127 3320 2175 tormenta
3342 2122 3573 2191 paravit

2187 2205 2417 2274 Praeses,
2446 2208 2537 2263 ubi
2564 2207 2853 2263 Mammem
2878 2209 3090 2265 Domini
3117 2210 3206 2281 pia
3231 2210 3461 2267 dextera
3492 2212 3659 2268 texit.

2761 2342 2993 2400 CAPUT
3016 2343 3205 2401 XXIV.

2265 2436 2509 2504 Qualiter
2535 2453 2568 2491 a
2600 2435 2794 2508 populo
2819 2438 3088 2509 lapidatus
3109 2438 3312 2495 illreeus
3350 2446 3729 2512 permanserit.

2194 2549 2297 2605 Ista
2320 2549 2514 2606 videns
2537 2550 2766 2622 pupulas
2800 2549 3016 2606 fremitu
3043 2550 3313 2623 vultuque
3341 2555 3548 2613 minaci

2196 2639 2469 2694 Murmura
2499 2639 2656 2713 longa
2684 2642 2856 2707 ciens,
2884 2641 3027 2697 celsa
3053 2650 3163 2696 tum
3188 2659 3326 2701 voce
3358 2647 3547 2703 virum
3574 2650 3663 2704 vir

2195 2730 2475 2797 Hortatur,
2508 2746 2699 2803 poenas
2726 2732 2947 2789 inimico
2966 2736 3013 2803 Qa
3041 2736 3305 2807 sanguine
3342 2750 3596 2803 sumant,

2194 2820 2238 2876 Ε
2266 2821 2552 2892 medioque
2587 2837 2802 2894 magum
2831 2838 2973 2878 szevo
2999 2825 3341 2883 cruciamine
3374 2830 3597 2886 tollant.

2195 2910 2467 2969 Continuo
2489 2915 2557 2968 ad
2584 2913 2790 2984 lapides
2819 2914 3000 2970 animo
3029 2913 3273 2973 fervente
3300 2919 3570 2993 legendos

2195 3007 2483 3080 Oppositus
2512 3024 2709 3080 rupere
2739 3001 2941 3077 moras,
2974 3009 3034 3065 ﬁt
3056 3012 3265 3082 grando
3304 3012 3425 3068 sine
3465 3016 3666 3075 imbre.

2199 3098 2343 3156 Saxa
2366 3099 2571 3165 volant,
2608 3109 2968 3171 sanctumque
3010 3112 3169 3156 ruunt
3207 3118 3374 3172 super
3399 3119 3611 3176 aggere
3643 3106 3791 3163 faue.

499 3218 719 3275 Grande
740 3195 906 3286 cadit,
932 3220 1224 3290 mixtisque
1244 3219 1406 3276 simul
1438 3195 1870 3280 tonatimbribiis
1896 3224 2092 3280 aether:
2125 3209 2171 3272 C
2201 3195 2515 3290 939mm!“
2545 3196 2766 3290 “Pe'm‘,
2800 3212 2920 3253 sese
2952 3198 3151 3290 Ϋίθίδδθ
3178 3210 3461 3269 ¹¹¹¹¹³¹¹ίθδτ

503 3312 899 3381 Τυιηόοιιυοιει
928 3312 1066 3367 imas
1095 3311 1432 3369 descendunt
1465 3313 1688 3369 ﬂumina
1720 3316 1904 3381 valles,

504 3402 649 3458 Saxa
680 3404 921 3468 trahunt,
951 3402 1222 3474 silvasque
1250 3402 1453 3470 ferunt,
1492 3392 1715 3476 totaque
1740 3415 2008 3477 vagantur

503 3493 738 3549 Planitie
766 3509 1043 3566 agrorum,
1075 3496 1310 3565 gemitus
1344 3495 1439 3551 dat
1474 3498 1710 3553 rusticus
1737 3499 1847 3554 imo

502 3586 732 3644 Pectore
768 3604 781 3641 :
819 3603 927 3643 non
961 3587 1119 3643 aliter
1143 3603 1407 3643 caesorum
1430 3589 1675 3643 membra
1707 3587 1955 3644 feruntur

505 3679 782 3751 Sanguine
808 3688 963 3750 rapta
993 3694 1111 3735 suo.
1142 3680 1323 3738 Plebis
1352 3681 1659 3753 spectacula
1687 3681 1851 3737 talem

504 3771 696 3828 Finem
718 3771 959 3828 habuere
982 3773 1157 3828 malae.
1183 3773 1446 3830 Mammes
1468 3782 1626 3830 vocat
1650 3775 1774 3831 inde
1794 3774 2025 3845 leonem,

507 3863 576 3917 Et
602 3862 828 3918 mandat
855 3864 1093 3934 propriis
1112 3864 1341 3921 celerem
1370 3880 1429 3921 se
1453 3865 1686 3921 condere
1714 3867 1920 3923 lustris.

1082 3972 1309 4032 CAPUT
1341 3974 1531 4031 XXIII.

508 4064 964 4133 Quemadmodum
986 4078 1199 4144 sanctus
1227 4067 1479 4144 Hammer
1500 4067 1701 4144 leonem
1724 4070 1873 4126 mira:
1887 4087 2103 4144 supera-

1053 4138 1185 4192 verit
1207 4139 1559 4193 crudelitatis.

505 4224 761 4281 Prtesidis
790 4225 872 4280 ira
904 4232 1084 4282 tamen
1117 4225 1209 4281 tali
1232 4242 1333 4282 nec
1360 4227 1584 4283 vulnere
1612 4226 1790 4299 plebis

510 4313 678 4370 Tacta
714 4314 863 4384 capit
888 4316 1152 4386 requiem,
1181 4330 1371 4371 verum
1405 4331 1474 4372 ne
1511 4318 1742 4373 evadere
1768 4320 1959 4390 possit,

493 4406 799 4461 .lnduratur
819 4406 1016 4473 adhuc,
1055 4405 1455 4477 Mammemque
1477 4406 1661 4463 furore
1684 4418 1935 4467 vocatum

510 4497 819 4568 Alloquitur
845 4499 1028 4568 prisco
1052 4516 1065 4552 :
1095 4498 1382 4564 Mammas,
1407 4500 1662 4556 libamina
1689 4501 1829 4558 divis

509 4588 621 4643 Ant
644 4590 836 4645 devota
862 4589 1037 4655 dabis,
1068 4604 1228 4660 pmna
1257 4599 1353 4646 aut
1379 4592 1613 4649 moriere
1638 4602 1884 4650 cruenta.

513 4679 824 4751 Respondet
857 4690 1066 4752 martyr
1095 4699 1111 4735 :
1144 4681 1312 4737 Miror
1336 4689 1391 4738 te
1430 4682 1818 4741 daemoniorum

514 4772 863 4844 Participem,
897 4780 1110 4829 tentare
1136 4773 1232 4830 Dei
1254 4784 1379 4844 post
1399 4776 1523 4830 talia
1554 4792 1790 4833 servum.

515 4862 652 4919 Nam
680 4864 1264 4960 Dominum-cognosco
1286 4880 1487 4929 meum,
1518 4866 1613 4936 qui
1636 4865 1881 4937 linquere
1905 4877 2107 4925 memet
2212 4880 2336 4937 "me
2364 4883 2468 4939 illis
2489 4885 2700 4943 dimiue
2721 4905 2937 4960 precor,

516 4952 803 5022 Nunquam
822 4992 837 5017 ,
865 4952 1058 5016 credo,
1091 4952 1266 5020 volet;
1292 4969 1394 5009 vos
1420 4963 1611 5010 contra
1644 4955 1859 5012 vindice
1885 4956 2103 5014 ﬂamma

516 5044 665 5112 Quos
693 5042 827 5099 facit
851 5044 1103 5113 impietas
1137 5046 1425 5101 Dominum
1451 5047 1716 5103 scelerosa
1740 5063 1962 5122 negare,

517 5134 732 5205 Quique
767 5134 898 5189 deos
931 5133 1127 5203 colitis,
1159 5136 1289 5209 ligni
1313 5137 1575 5208 lapidisve
1606 5141 1825 5199 metallo

517 5226 664 5295 Quos
691 5242 884 5285 manus
909 5226 1179 5285 artiﬁcum
1208 5245 1348 5285 vano
1375 5233 1645 5305 compegit
1666 5233 1893 5302 honore,

520 5319 829 5385 Damnabit,
859 5320 1201 5392 stringetque
1229 5336 1354 5379 reos
1387 5324 1653 5379 sententia
1684 5326 1894 5382 mortis.

519 5408 729 5467 Praises
754 5419 813 5467 ut
846 5412 989 5468 irato
1024 5414 1268 5485 percepit
1294 5414 1422 5472 talia
1444 5431 1608 5473 sensu
1635 5435 1650 5471 :

519 5500 710 5568 Noris,
741 5504 839 5570 ait,
867 5514 1061 5562 nostro
1096 5505 1320 5562 retineri
1339 5506 1462 5576 jure
1490 5508 1700 5567 leonem
1735 5530 1749 5567 :

522 5591 728 5650 Saevior
746 5596 835 5653 ille
859 5604 980 5655 tuas
1008 5598 1300 5663 discindet,
1340 5599 1550 5669 frivole,
1587 5619 1801 5671 carnes,

522 5685 580 5739 Si
606 5702 725 5743 mea
744 5688 896 5757 jussa
926 5690 1112 5747 animo
1140 5690 1308 5747 ducas
1330 5694 1616 5750 temnenda
1643 5697 1895 5768 superbo.

524 5774 601 5831 Ne
625 5770 831 5845 dubita,
865 5780 1099 5837 vinceris
1130 5781 1296 5838 enim.
1331 5780 1467 5839 Tum
1491 5784 1616 5841 talia
1647 5786 1908 5849 Mammes
1936 5811 1949 5849 :

2203 3285 2310 3341 Sed
2336 3286 2518 3355 potius
2543 3286 2713 3343 victos
2742 3302 2921 3343 rerum
2949 3288 3107 3345 docet
3132 3292 3310 3346 exitus
3341 3293 3496 3361 ipsos
3528 3306 3547 3347 :

2201 3377 2286 3432 Nil
2318 3394 2555 3435 nocuere
2578 3378 2799 3450 quidem
2833 3390 2983 3437 tanto
3014 3385 3113 3440 sub
3148 3385 3364 3440 turbine
3396 3385 3717 3450 Mammcm,

2204 3466 2275 3524 Se
2307 3485 2432 3525 vero
2458 3471 2681 3525 internis
2702 3471 3030 3528 damnarunt
3053 3475 3281 3531 crimine
3304 3477 3511 3547 puellis.

2200 3560 2332 3616 Post
2361 3560 2630 3617 modicum
2660 3562 2950 3632 Mammes,
2983 3577 3042 3622 ut
3074 3566 3212 3623 facta
3238 3569 3456 3625 silentia
3489 3586 3701 3627 circum

2204 3652 2408 3720 Sensit,
2442 3654 2510 3710 ab
2533 3665 2756 3727 aggesto
2785 3673 3011 3729 surgens
3042 3659 3238 3716 illaesus
3268 3677 3493 3729 acervo,

2205 3746 2463 3814 Discedit,
2495 3747 2682 3804 laudes
2710 3748 2940 3806 Domino
2962 3761 3251 3824 gratesque
3292 3753 3680 3827 frequentans.

2781 3880 3009 3939 CAPUT
3046 3883 3210 3941 XXV.

2206 3965 2481 4033 Quomodo
2509 3984 2630 4025 voce
2659 3981 2874 4055 vocatas
2899 3990 3132 4057 superna
3158 3993 3271 4057 pro_
3294 3979 3532 4035 inimicis
3555 3982 3795 4053 depren-

2689 4050 2774 4096 tus
2805 4049 2859 4096 in
2888 4061 3016 4114 pace
3041 4049 3311 4117 quieverit.

2214 4148 2490 4222 Pergenti,
2515 4152 2707 4209 sudum
2733 4155 2953 4214 dimissa
2976 4174 3073 4230 per
3099 4176 3229 4217 acra
3258 4164 3412 4220 venit
3438 4184 3453 4220 :

2207 4241 2318 4298 Vos
2365 4243 2549 4312 aiens,
2599 4248 2864 4314 ascende,
2902 4250 3081 4306 virum
3129 4254 3479 4313 sanctissime
3523 4258 3795 4325 ﬂamines,

2206 4330 2384 4388 Janua
2423 4344 2474 4391 te
2497 4336 2618 4393 coeli
2647 4340 2882 4408 paradisi
2913 4351 2967 4397 et
2989 4342 3221 4400 claustra
3247 4349 3457 4418 patenti

2206 4425 2499 4496 Excipiunt
2517 4433 2745 4500 gremio,
2767 4434 2967 4504 gaudet
2994 4444 3046 4492 te
3074 4437 3328 4496 Christus
3353 4443 3539 4509 adire,

2127 4566 2181 4628 Β
2208 4517 2492 4590 Quamque
2524 4521 2616 4577 tibi
2648 4533 2830 4594 portat
2860 4526 3077 4582 tandem
3114 4531 3381 4589 meruisse
3401 4549 3700 4592 coronam.

2208 4607 2329 4665 .Iam
2359 4625 2612 4681 propera,
2640 4623 2860 4670 sanctus
2880 4631 3042 4687 quem
3069 4618 3110 4673 F
3116 4619 3257 4676 latus
3284 4622 3488 4695 ubique
3517 4629 3797 4698 gubernat.

2209 4697 2498 4770 Angelicos
2531 4717 2721 4759 cernes
2756 4706 2923 4763 misso
2947 4711 3248 4768 certamine
3281 4714 3452 4771 cives.

2215 4786 2312 4844 Ilic
2342 4790 2626 4847 Dominum
2657 4793 2901 4863 laudans,
2923 4807 3046 4855 orat
3072 4817 3199 4857 mox
3233 4803 3359 4860 talia
3382 4804 3656 4865 Mammes
3686 4829 3702 4864 :

2972 4909 3077 4951 nec
3102 4897 3329 4955 reddere
3349 4901 3521 4971 judex

2213 4970 2344 5038 Quae
2370 4971 2547 5028 fecere
2575 4976 2725 5041 mihi,
2763 4978 3009 5037 districto
3035 4990 3284 5043 examine
3305 4970 3557 5059 quaeras;

2214 5061 2363 5117 Talia
2392 5066 2483 5134 qui
2513 5068 2759 5135 mandas,
2798 5074 2994 5129 exaudi
3034 5076 3159 5131 talia
3188 5078 3449 5147 clemens,

2212 5152 2387 5224 Atque
2412 5155 2647 5212 animam
2681 5161 2937 5228 permitte
2960 5179 3139 5221 meam
3170 5184 3295 5224 cum
3323 5186 3460 5241 pace
3482 5177 3688 5231 reverti

2211 5244 2295 5300 Ad
2318 5248 2559 5317 requiem
2600 5252 2924 5324 quandoque
2958 5272 3112 5313 suam
3143 5271 3269 5330 post
3291 5265 3480 5334 pmﬁa
3502 5269 3716 5331 menti,

2215 5334 2359 5391 Dixit
2384 5346 2438 5393 et
2460 5338 2738 5396 aetheriam
2772 5347 3088 5404 conscendit
3116 5351 3343 5422 spiritus
3374 5355 3559 5413 aulam

2213 5424 2375 5483 Liber
2401 5428 2455 5482 in
2483 5438 2690 5486 aeterno
2726 5447 2942 5506 semper
2979 5453 3271 5498 mansurus
3290 5445 3519 5503 honore.

2211 5521 2282 5576 At
2312 5538 2533 5578 somnus
2561 5534 2761 5582 sanctae
2786 5529 3054 5588 conclusit
3086 5533 3292 5607 lumina
3313 5541 3517 5596 carnis.

2214 5612 2432 5670 Semina
2469 5630 2589 5684 quae
2620 5615 2873 5689 lacrymis
2901 5621 3164 5682 Mammes
3185 5627 3362 5685 infusa
3381 5629 3594 5688 ferebat

2216 5704 2439 5761 Messuit
2466 5707 2556 5762 hic
2584 5706 2763 5763 fructu
2794 5713 3065 5782 gaudens,
3096 5718 3191 5786 qui
3228 5718 3392 5776 ﬂebat
3415 5723 3599 5778 eundo

2212 5796 2343 5855 Fert
2377 5797 2599 5855 veniens
2624 5798 2812 5870 plenos
2838 5801 2993 5860 laetus
3021 5809 3271 5867 mercede
3297 5812 3582 5882 maniplos.
