  <div class='ocr_page' id='page_1' title='image "/cluster/home/n/w/nwhite01/storage/ocr_20150623/114/hvd.32044018909580/538.png"; bbox 0 0 3978 6310; ppageno 0'>
   <div class='ocr_carea' id='block_1_1' title="bbox 1359 286 2317 348">
    <p class='ocr_par' dir='ltr' id='par_1_1' title="bbox 1359 286 2317 348">
     <span class='ocr_line' id='line_1_1' title="bbox 1359 286 2317 348; baseline -0.004 0"><span class='ocrx_word' id='word_1_1' title='bbox 1359 289 1522 348; x_wconf 81' lang='lat' dir='ltr'><strong>VITA</strong></span> <span class='ocrx_word' id='word_1_2' title='bbox 1558 291 1620 348; x_wconf 90' lang='lat' dir='ltr'><strong>S.</strong></span> <span class='ocrx_word' id='word_1_3' title='bbox 1661 287 1941 346; x_wconf 60' lang='lat' dir='ltr'><strong>MAMMIE</strong></span> <span class='ocrx_word' id='word_1_4' title='bbox 1981 286 2317 347; x_wconf 77' lang='lat' dir='ltr'><strong>MONACHI.</strong></span> 
     </span>
    </p>
   </div>
   <div class='ocr_carea' id='block_1_2' title="bbox 762 401 3220 475">
    <p class='ocr_par' dir='ltr' id='par_1_2' title="bbox 762 401 3220 475">
     <span class='ocr_line' id='line_1_2' title="bbox 762 401 3220 475; baseline -0.001 -13"><span class='ocrx_word' id='word_1_5' title='bbox 762 404 989 467; x_wconf 81' lang='lat' dir='ltr'><strong>CAPUT</strong></span> <span class='ocrx_word' id='word_1_6' title='bbox 1025 403 1216 462; x_wconf 81' lang='lat' dir='ltr'><strong>XXVI.</strong></span> <span class='ocrx_word' id='word_1_7' title='bbox 1801 407 1850 466; x_wconf 80' lang='grc' dir='ltr'><strong>Α</strong></span> <span class='ocrx_word' id='word_1_8' title='bbox 1877 401 1961 458; x_wconf 83' lang='lat' dir='ltr'><strong>Ad</strong></span> <span class='ocrx_word' id='word_1_9' title='bbox 1984 417 2209 473; x_wconf 88' lang='lat' dir='ltr'><strong>regnum</strong></span> <span class='ocrx_word' id='word_1_10' title='bbox 2237 401 2383 470; x_wconf 84' lang='lat' dir='ltr'><strong>coeli,</strong></span> <span class='ocrx_word' id='word_1_11' title='bbox 2415 403 2622 459; x_wconf 98' lang='lat' dir='ltr'><strong>sanctis</strong></span> <span class='ocrx_word' id='word_1_12' title='bbox 2654 418 2753 475; x_wconf 86' lang='lat' dir='ltr'><strong>per</strong></span> <span class='ocrx_word' id='word_1_13' title='bbox 2780 402 2941 461; x_wconf 62' lang='lat' dir='ltr'><strong>saecla</strong></span> <span class='ocrx_word' id='word_1_14' title='bbox 2970 410 3220 475; x_wconf 84' lang='lat' dir='ltr'><strong>paratum</strong></span> 
     </span>
    </p>
   </div>
   <div class='ocr_carea' id='block_1_3' title="bbox 183 491 3167 582">
    <p class='ocr_par' dir='ltr' id='par_1_3' title="bbox 183 491 3167 582">
     <span class='ocr_line' id='line_1_3' title="bbox 183 491 3167 582; baseline -0.003 -21"><span class='ocrx_word' id='word_1_15' title='bbox 183 503 341 574; x_wconf 79' lang='lat' dir='ltr'><strong>Quod</strong></span> <span class='ocrx_word' id='word_1_16' title='bbox 366 510 580 560; x_wconf 66' lang='lat' dir='ltr'><strong>caterua</strong></span> <span class='ocrx_word' id='word_1_17' title='bbox 599 507 810 556; x_wconf 74' lang='lat' dir='ltr'><strong>sanctos</strong></span> <span class='ocrx_word' id='word_1_18' title='bbox 838 515 943 582; x_wconf 76' lang='lat' dir='ltr'><strong>non</strong></span> <span class='ocrx_word' id='word_1_19' title='bbox 962 497 1282 582; x_wconf 44' lang='lat' dir='ltr'><strong>solum&#39;vita,</strong></span> <span class='ocrx_word' id='word_1_20' title='bbox 1311 496 1402 552; x_wconf 81' lang='lat' dir='ltr'><strong>sed</strong></span> <span class='ocrx_word' id='word_1_21' title='bbox 1423 503 1474 551; x_wconf 81' lang='lat' dir='ltr'><strong>et</strong></span> <span class='ocrx_word' id='word_1_22' title='bbox 1493 494 1770 550; x_wconf 72' lang='lat' dir='ltr'><strong>virtutibus</strong></span> <span class='ocrx_word' id='word_1_23' title='bbox 1877 491 2164 559; x_wconf 84' lang='lat' dir='ltr'><strong>Omnibus,</strong></span> <span class='ocrx_word' id='word_1_24' title='bbox 2195 502 2397 549; x_wconf 72' lang='lat' dir='ltr'><strong>aeterna</strong></span> <span class='ocrx_word' id='word_1_25' title='bbox 2428 494 2648 549; x_wconf 78' lang='lat' dir='ltr'><strong>tandem</strong></span> <span class='ocrx_word' id='word_1_26' title='bbox 2677 494 2881 566; x_wconf 77' lang='lat' dir='ltr'><strong>pietate</strong></span> <span class='ocrx_word' id='word_1_27' title='bbox 2904 502 3167 564; x_wconf 86' lang='lat' dir='ltr'><strong>vocatus,</strong></span> 
     </span>
    </p>
   </div>
   <div class='ocr_carea' id='block_1_4' title="bbox 278 578 1849 652">
    <p class='ocr_par' dir='ltr' id='par_1_4' title="bbox 278 578 1189 649">
     <span class='ocr_line' id='line_1_4' title="bbox 278 578 1189 649; baseline -0.001 -25"><span class='ocrx_word' id='word_1_28' title='bbox 278 599 283 603; x_wconf 87' lang='lat'><strong>-</strong></span> <span class='ocrx_word' id='word_1_29' title='bbox 767 578 1189 649; x_wconf 65' lang='lat' dir='ltr'><strong>tequipamerit.</strong></span> 
     </span>
    </p>
   </div>
   <div class='ocr_carea' id='block_1_5' title="bbox 1552 578 3123 652">
    <p class='ocr_par' dir='ltr' id='par_1_5' title="bbox 1875 580 3123 652">
     <span class='ocr_line' id='line_1_5' title="bbox 1875 580 3123 652; baseline 0.004 -15"><span class='ocrx_word' id='word_1_30' title='bbox 1875 580 2016 641; x_wconf 85' lang='lat' dir='ltr'><strong>Pace</strong></span> <span class='ocrx_word' id='word_1_31' title='bbox 2043 582 2139 640; x_wconf 91' lang='lat' dir='ltr'><strong>Dei</strong></span> <span class='ocrx_word' id='word_1_32' title='bbox 2167 582 2365 639; x_wconf 84' lang='lat' dir='ltr'><strong>fruitur</strong></span> <span class='ocrx_word' id='word_1_33' title='bbox 2389 599 2622 652; x_wconf 88' lang='lat' dir='ltr'><strong>summa,</strong></span> <span class='ocrx_word' id='word_1_34' title='bbox 2650 585 2770 641; x_wconf 90' lang='lat' dir='ltr'><strong>sine</strong></span> <span class='ocrx_word' id='word_1_35' title='bbox 2792 584 2901 641; x_wconf 78' lang='lat' dir='ltr'><strong>line</strong></span> <span class='ocrx_word' id='word_1_36' title='bbox 2929 585 3123 642; x_wconf 89' lang='lat' dir='ltr'><strong>beatus</strong></span> 
     </span>
    </p>
   </div>
   <div class='ocr_carea' id='block_1_6' title="bbox 1874 675 3200 750">
    <p class='ocr_par' dir='ltr' id='par_1_6' title="bbox 1874 675 3200 750">
     <span class='ocr_line' id='line_1_6' title="bbox 1874 675 3200 750; baseline 0.001 -18"><span class='ocrx_word' id='word_1_37' title='bbox 1874 675 1989 734; x_wconf 87' lang='lat' dir='ltr'><strong>Illic</strong></span> <span class='ocrx_word' id='word_1_38' title='bbox 2013 687 2202 735; x_wconf 91' lang='lat' dir='ltr'><strong>sancte</strong></span> <span class='ocrx_word' id='word_1_39' title='bbox 2225 678 2299 733; x_wconf 91' lang='lat' dir='ltr'><strong>tui</strong></span> <span class='ocrx_word' id='word_1_40' title='bbox 2330 676 2590 735; x_wconf 89' lang='lat' dir='ltr'><strong>Mammes</strong></span> <span class='ocrx_word' id='word_1_41' title='bbox 2623 694 2839 735; x_wconf 89' lang='lat' dir='ltr'><strong>memor</strong></span> <span class='ocrx_word' id='word_1_42' title='bbox 2862 686 2981 735; x_wconf 90' lang='lat' dir='ltr'><strong>esto</strong></span> <span class='ocrx_word' id='word_1_43' title='bbox 3006 687 3200 750; x_wconf 81' lang='lat' dir='ltr'><strong>poetae,</strong></span> 
     </span>
    </p>
   </div>
   <div class='ocr_carea' id='block_1_7' title="bbox 181 298 317 361">
    <p class='ocr_par' dir='ltr' id='par_1_7' title="bbox 181 298 317 361">
     <span class='ocr_line' id='line_1_7' title="bbox 181 298 317 361; baseline -0.037 1"><span class='ocrx_word' id='word_1_44' title='bbox 181 298 317 361; x_wconf 67' lang='lat'><strong>106!</strong></span> 
     </span>
    </p>
   </div>
   <div class='ocr_carea' id='block_1_8' title="bbox 178 676 1496 758">
    <p class='ocr_par' dir='ltr' id='par_1_8' title="bbox 178 676 1496 758">
     <span class='ocr_line' id='line_1_8' title="bbox 178 676 1496 758; baseline -0.011 -13"><span class='ocrx_word' id='word_1_45' title='bbox 178 689 301 746; x_wconf 82' lang='lat' dir='ltr'><strong>Jam</strong></span> <span class='ocrx_word' id='word_1_46' title='bbox 333 685 462 758; x_wconf 92' lang='lat' dir='ltr'><strong>quia</strong></span> <span class='ocrx_word' id='word_1_47' title='bbox 486 681 797 740; x_wconf 87' lang='lat' dir='ltr'><strong>Mammetis</strong></span> <span class='ocrx_word' id='word_1_48' title='bbox 823 681 991 737; x_wconf 89' lang='lat' dir='ltr'><strong>vitam</strong></span> <span class='ocrx_word' id='word_1_49' title='bbox 1022 678 1292 748; x_wconf 82' lang='lat' dir='ltr'><strong>ﬁnemque</strong></span> <span class='ocrx_word' id='word_1_50' title='bbox 1319 676 1463 733; x_wconf 86' lang='lat' dir='ltr'><strong>beati</strong></span> <span class='ocrx_word' id='word_1_51' title='bbox 1481 717 1496 741; x_wconf 92' lang='lat'><strong>,</strong></span> 
     </span>
    </p>
   </div>
   <div class='ocr_carea' id='block_1_9' title="bbox 179 767 1591 837">
    <p class='ocr_par' dir='ltr' id='par_1_9' title="bbox 179 767 1591 837">
     <span class='ocr_line' id='line_1_9' title="bbox 179 767 1591 837; baseline -0.011 -3"><span class='ocrx_word' id='word_1_52' title='bbox 179 774 424 834; x_wconf 88' lang='lat' dir='ltr'><strong>Deformi</strong></span> <span class='ocrx_word' id='word_1_53' title='bbox 449 787 701 830; x_wconf 83' lang='lat' dir='ltr'><strong>sermone</strong></span> <span class='ocrx_word' id='word_1_54' title='bbox 727 771 872 836; x_wconf 91' lang='lat' dir='ltr'><strong>licet,</strong></span> <span class='ocrx_word' id='word_1_55' title='bbox 906 778 1087 824; x_wconf 90' lang='lat' dir='ltr'><strong>tamen</strong></span> <span class='ocrx_word' id='word_1_56' title='bbox 1111 769 1302 824; x_wconf 89' lang='lat' dir='ltr'><strong>ordine</strong></span> <span class='ocrx_word' id='word_1_57' title='bbox 1325 767 1557 837; x_wconf 91' lang='lat' dir='ltr'><strong>quodam</strong></span> <span class='ocrx_word' id='word_1_58' title='bbox 1576 806 1591 831; x_wconf 94' lang='lat'><strong>,</strong></span> 
     </span>
    </p>
   </div>
   <div class='ocr_carea' id='block_1_10' title="bbox 180 854 1774 930">
    <p class='ocr_par' dir='ltr' id='par_1_10' title="bbox 180 854 1774 930">
     <span class='ocr_line' id='line_1_10' title="bbox 180 854 1774 930; baseline -0.009 -7"><span class='ocrx_word' id='word_1_59' title='bbox 180 854 517 930; x_wconf 69' lang='lat' dir='ltr'><strong>Clausimus,</strong></span> <span class='ocrx_word' id='word_1_60' title='bbox 538 865 606 918; x_wconf 89' lang='lat' dir='ltr'><strong>ad</strong></span> <span class='ocrx_word' id='word_1_61' title='bbox 631 862 809 917; x_wconf 85' lang='lat' dir='ltr'><strong>laudis</strong></span> <span class='ocrx_word' id='word_1_62' title='bbox 835 860 1109 916; x_wconf 83' lang='lat' dir='ltr'><strong>cumulum</strong></span> <span class='ocrx_word' id='word_1_63' title='bbox 1144 858 1270 915; x_wconf 91' lang='lat' dir='ltr'><strong>licet</strong></span> <span class='ocrx_word' id='word_1_64' title='bbox 1299 858 1498 914; x_wconf 83' lang='lat' dir='ltr'><strong>addere</strong></span> <span class='ocrx_word' id='word_1_65' title='bbox 1525 856 1774 928; x_wconf 67' lang='lat' dir='ltr'><strong>quaedam</strong></span> 
     </span>
    </p>
   </div>
   <div class='ocr_carea' id='block_1_11' title="bbox 180 948 1586 1029">
    <p class='ocr_par' dir='ltr' id='par_1_11' title="bbox 180 948 1586 1029">
     <span class='ocr_line' id='line_1_11' title="bbox 180 948 1586 1029; baseline -0.009 -12"><span class='ocrx_word' id='word_1_66' title='bbox 180 962 334 1018; x_wconf 87' lang='lat' dir='ltr'><strong>Dona</strong></span> <span class='ocrx_word' id='word_1_67' title='bbox 360 960 558 1029; x_wconf 87' lang='lat' dir='ltr'><strong>quibus</strong></span> <span class='ocrx_word' id='word_1_68' title='bbox 583 954 796 1012; x_wconf 87' lang='lat' dir='ltr'><strong>Domini</strong></span> <span class='ocrx_word' id='word_1_69' title='bbox 827 953 968 1010; x_wconf 83' lang='lat' dir='ltr'><strong>servi</strong></span> <span class='ocrx_word' id='word_1_70' title='bbox 997 966 1212 1024; x_wconf 87' lang='lat' dir='ltr'><strong>quoque</strong></span> <span class='ocrx_word' id='word_1_71' title='bbox 1237 950 1381 1007; x_wconf 90' lang='lat' dir='ltr'><strong>facta</strong></span> <span class='ocrx_word' id='word_1_72' title='bbox 1410 948 1586 1006; x_wconf 85' lang='lat' dir='ltr'><strong>ﬁdelis</strong></span> 
     </span>
    </p>
   </div>
   <div class='ocr_carea' id='block_1_12' title="bbox 181 1044 1552 1119">
    <p class='ocr_par' dir='ltr' id='par_1_12' title="bbox 181 1044 1552 1119">
     <span class='ocr_line' id='line_1_12' title="bbox 181 1044 1552 1119; baseline -0.008 -9"><span class='ocrx_word' id='word_1_73' title='bbox 181 1054 503 1116; x_wconf 82' lang='lat' dir='ltr'><strong>Narrentur,</strong></span> <span class='ocrx_word' id='word_1_74' title='bbox 531 1062 849 1119; x_wconf 86' lang='lat' dir='ltr'><strong>mercesque</strong></span> <span class='ocrx_word' id='word_1_75' title='bbox 876 1046 1069 1102; x_wconf 87' lang='lat' dir='ltr'><strong>humili</strong></span> <span class='ocrx_word' id='word_1_76' title='bbox 1098 1048 1172 1101; x_wconf 85' lang='lat' dir='ltr'><strong>sit</strong></span> <span class='ocrx_word' id='word_1_77' title='bbox 1195 1044 1349 1116; x_wconf 90' lang='lat' dir='ltr'><strong>plena</strong></span> <span class='ocrx_word' id='word_1_78' title='bbox 1377 1051 1552 1116; x_wconf 73' lang='lat' dir='ltr'><strong>poeta:</strong></span> 
     </span>
    </p>
   </div>
   <div class='ocr_carea' id='block_1_13' title="bbox 185 1135 1554 1212">
    <p class='ocr_par' dir='ltr' id='par_1_13' title="bbox 185 1135 1554 1212">
     <span class='ocr_line' id='line_1_13' title="bbox 185 1135 1554 1212; baseline -0.009 -12"><span class='ocrx_word' id='word_1_79' title='bbox 185 1143 411 1201; x_wconf 86' lang='lat' dir='ltr'><strong>Munera</strong></span> <span class='ocrx_word' id='word_1_80' title='bbox 436 1142 503 1197; x_wconf 90' lang='lat' dir='ltr'><strong>de</strong></span> <span class='ocrx_word' id='word_1_81' title='bbox 528 1140 749 1212; x_wconf 89' lang='lat' dir='ltr'><strong>proprio</strong></span> <span class='ocrx_word' id='word_1_82' title='bbox 772 1154 941 1194; x_wconf 74' lang='lat' dir='ltr'><strong>sacrae</strong></span> <span class='ocrx_word' id='word_1_83' title='bbox 965 1135 1326 1208; x_wconf 78' lang='lat' dir='ltr'><strong>superaddere</strong></span> <span class='ocrx_word' id='word_1_84' title='bbox 1361 1135 1554 1207; x_wconf 80' lang='lat' dir='ltr'><strong>laudis.</strong></span> 
     </span>
    </p>
   </div>
   <div class='ocr_carea' id='block_1_14' title="bbox 184 1216 1597 1302">
    <p class='ocr_par' dir='ltr' id='par_1_14' title="bbox 184 1216 1597 1302">
     <span class='ocr_line' id='line_1_14' title="bbox 184 1216 1597 1302; baseline -0.007 -12"><span class='ocrx_word' id='word_1_85' title='bbox 184 1233 358 1302; x_wconf 84' lang='lat' dir='ltr'><strong>Quem</strong></span> <span class='ocrx_word' id='word_1_86' title='bbox 387 1228 495 1287; x_wconf 91' lang='lat' dir='ltr'><strong>non</strong></span> <span class='ocrx_word' id='word_1_87' title='bbox 523 1239 835 1287; x_wconf 90' lang='lat' dir='ltr'><strong>sanctorum</strong></span> <span class='ocrx_word' id='word_1_88' title='bbox 863 1227 1122 1283; x_wconf 87' lang='lat' dir='ltr'><strong>Mammes</strong></span> <span class='ocrx_word' id='word_1_89' title='bbox 1151 1227 1355 1298; x_wconf 89' lang='lat' dir='ltr'><strong>pietate</strong></span> <span class='ocrx_word' id='word_1_90' title='bbox 1369 1216 1597 1297; x_wconf 54' lang='lat' dir='ltr'><strong>&#39;fideque</strong></span> 
     </span>
    </p>
   </div>
   <div class='ocr_carea' id='block_1_15' title="bbox 184 1316 1507 1393">
    <p class='ocr_par' dir='ltr' id='par_1_15' title="bbox 184 1316 1507 1393">
     <span class='ocr_line' id='line_1_15' title="bbox 184 1316 1507 1393; baseline -0.006 -14"><span class='ocrx_word' id='word_1_91' title='bbox 184 1322 428 1379; x_wconf 81' lang='lat' dir='ltr'><strong>Moribus</strong></span> <span class='ocrx_word' id='word_1_92' title='bbox 452 1330 507 1378; x_wconf 88' lang='lat' dir='ltr'><strong>et</strong></span> <span class='ocrx_word' id='word_1_93' title='bbox 539 1320 729 1393; x_wconf 77' lang='lat' dir='ltr'><strong>signis,</strong></span> <span class='ocrx_word' id='word_1_94' title='bbox 759 1333 858 1375; x_wconf 91' lang='lat' dir='ltr'><strong>nec</strong></span> <span class='ocrx_word' id='word_1_95' title='bbox 885 1334 988 1374; x_wconf 90' lang='lat' dir='ltr'><strong>non</strong></span> <span class='ocrx_word' id='word_1_96' title='bbox 1016 1318 1317 1374; x_wconf 89' lang='lat' dir='ltr'><strong>certamine</strong></span> <span class='ocrx_word' id='word_1_97' title='bbox 1344 1316 1507 1383; x_wconf 87' lang='lat' dir='ltr'><strong>forti,</strong></span> 
     </span>
    </p>
   </div>
   <div class='ocr_carea' id='block_1_16' title="bbox 185 1408 1459 1486">
    <p class='ocr_par' dir='ltr' id='par_1_16' title="bbox 185 1408 1459 1486">
     <span class='ocr_line' id='line_1_16' title="bbox 185 1408 1459 1486; baseline -0.004 -17"><span class='ocrx_word' id='word_1_98' title='bbox 185 1412 549 1486; x_wconf 67' lang='lat' dir='ltr'><strong>Equiparet?</strong></span> <span class='ocrx_word' id='word_1_99' title='bbox 570 1419 786 1468; x_wconf 88' lang='lat' dir='ltr'><strong>sanctos</strong></span> <span class='ocrx_word' id='word_1_100' title='bbox 808 1408 960 1480; x_wconf 88' lang='lat' dir='ltr'><strong>cujus</strong></span> <span class='ocrx_word' id='word_1_101' title='bbox 987 1409 1081 1465; x_wconf 89' lang='lat' dir='ltr'><strong>tibi</strong></span> <span class='ocrx_word' id='word_1_102' title='bbox 1107 1410 1215 1465; x_wconf 87' lang='lat' dir='ltr'><strong>vita</strong></span> <span class='ocrx_word' id='word_1_103' title='bbox 1245 1410 1459 1481; x_wconf 87' lang='lat' dir='ltr'><strong>priores</strong></span> 
     </span>
    </p>
   </div>
   <div class='ocr_carea' id='block_1_17' title="bbox 187 1498 1662 1575">
    <p class='ocr_par' dir='ltr' id='par_1_17' title="bbox 187 1498 1662 1575">
     <span class='ocr_line' id='line_1_17' title="bbox 187 1498 1662 1575; baseline -0.005 -15"><span class='ocrx_word' id='word_1_104' title='bbox 187 1504 391 1561; x_wconf 88' lang='lat' dir='ltr'><strong>Sancta</strong></span> <span class='ocrx_word' id='word_1_105' title='bbox 414 1510 785 1575; x_wconf 67' lang='lat' dir='ltr'><strong>repraesentat,</strong></span> <span class='ocrx_word' id='word_1_106' title='bbox 815 1510 1137 1558; x_wconf 90' lang='lat' dir='ltr'><strong>cunctorum</strong></span> <span class='ocrx_word' id='word_1_107' title='bbox 1169 1498 1310 1555; x_wconf 89' lang='lat' dir='ltr'><strong>facta</strong></span> <span class='ocrx_word' id='word_1_108' title='bbox 1340 1501 1622 1571; x_wconf 83' lang='lat' dir='ltr'><strong>resignans</strong></span> <span class='ocrx_word' id='word_1_109' title='bbox 1648 1516 1662 1552; x_wconf 88' lang='lat'>:</span> 
     </span>
    </p>
   </div>
   <div class='ocr_carea' id='block_1_18' title="bbox 187 1582 1431 1664">
    <p class='ocr_par' dir='ltr' id='par_1_18' title="bbox 187 1582 1431 1664">
     <span class='ocr_line' id='line_1_18' title="bbox 187 1582 1431 1664; baseline -0.005 -13"><span class='ocrx_word' id='word_1_110' title='bbox 187 1593 522 1664; x_wconf 80' lang='lat' dir='ltr'><strong>Simplicitas</strong></span> <span class='ocrx_word' id='word_1_111' title='bbox 550 1593 712 1663; x_wconf 87' lang='lat' dir='ltr'><strong>primi</strong></span> <span class='ocrx_word' id='word_1_112' title='bbox 732 1592 949 1662; x_wconf 79' lang='lat' dir='ltr'><strong>semper</strong></span> <span class='ocrx_word' id='word_1_113' title='bbox 972 1582 1207 1662; x_wconf 83' lang='lat' dir='ltr'><strong>pastoris</strong></span> <span class='ocrx_word' id='word_1_114' title='bbox 1238 1590 1290 1644; x_wconf 92' lang='lat' dir='ltr'><strong>in</strong></span> <span class='ocrx_word' id='word_1_115' title='bbox 1323 1589 1431 1657; x_wconf 91' lang='lat' dir='ltr'><strong>illo,</strong></span> 
     </span>
    </p>
   </div>
   <div class='ocr_carea' id='block_1_19' title="bbox 187 1680 1397 1755">
    <p class='ocr_par' dir='ltr' id='par_1_19' title="bbox 187 1680 1397 1755">
     <span class='ocr_line' id='line_1_19' title="bbox 187 1680 1397 1755; baseline -0.004 -14"><span class='ocrx_word' id='word_1_116' title='bbox 187 1683 440 1755; x_wconf 64' lang='lat' dir='ltr'><strong>Long-aevi</strong></span> <span class='ocrx_word' id='word_1_117' title='bbox 468 1684 556 1753; x_wconf 88' lang='lat' dir='ltr'><strong>pia</strong></span> <span class='ocrx_word' id='word_1_118' title='bbox 583 1684 689 1738; x_wconf 88' lang='lat' dir='ltr'><strong>vita</strong></span> <span class='ocrx_word' id='word_1_119' title='bbox 720 1683 928 1749; x_wconf 89' lang='lat' dir='ltr'><strong>Enoch,</strong></span> <span class='ocrx_word' id='word_1_120' title='bbox 966 1682 1228 1753; x_wconf 80' lang='lat' dir='ltr'><strong>perfectio</strong></span> <span class='ocrx_word' id='word_1_121' title='bbox 1257 1680 1397 1745; x_wconf 82' lang='lat' dir='ltr'><strong>Noe,</strong></span> 
     </span>
    </p>
   </div>
   <div class='ocr_carea' id='block_1_20' title="bbox 189 1774 1852 1847">
    <p class='ocr_par' dir='ltr' id='par_1_20' title="bbox 189 1774 1852 1847">
     <span class='ocr_line' id='line_1_20' title="bbox 189 1774 1852 1847; baseline -0.001 -16"><span class='ocrx_word' id='word_1_122' title='bbox 189 1774 297 1831; x_wconf 87' lang='lat' dir='ltr'><strong>Lot</strong></span> <span class='ocrx_word' id='word_1_123' title='bbox 321 1791 476 1831; x_wconf 89' lang='lat' dir='ltr'><strong>sacra</strong></span> <span class='ocrx_word' id='word_1_124' title='bbox 503 1775 780 1839; x_wconf 89' lang='lat' dir='ltr'><strong>sedulitas,</strong></span> <span class='ocrx_word' id='word_1_125' title='bbox 808 1776 1084 1831; x_wconf 86' lang='lat' dir='ltr'><strong>Abraham</strong></span> <span class='ocrx_word' id='word_1_126' title='bbox 1114 1774 1330 1830; x_wconf 87' lang='lat' dir='ltr'><strong>credula</strong></span> <span class='ocrx_word' id='word_1_127' title='bbox 1356 1774 1561 1840; x_wconf 68' lang='lat' dir='ltr'><strong>virtus,</strong></span> <span class='ocrx_word' id='word_1_128' title='bbox 1806 1788 1852 1847; x_wconf 73' lang='grc' dir='ltr'><strong>Β</strong></span> 
     </span>
    </p>
   </div>
   <div class='ocr_carea' id='block_1_21' title="bbox 187 1865 1341 1939">
    <p class='ocr_par' dir='ltr' id='par_1_21' title="bbox 187 1865 1341 1939">
     <span class='ocr_line' id='line_1_21' title="bbox 187 1865 1341 1939; baseline -0.003 -14"><span class='ocrx_word' id='word_1_129' title='bbox 187 1868 341 1925; x_wconf 82' lang='lat' dir='ltr'><strong>Isaac</strong></span> <span class='ocrx_word' id='word_1_130' title='bbox 367 1867 577 1923; x_wconf 87' lang='lat' dir='ltr'><strong>cautela</strong></span> <span class='ocrx_word' id='word_1_131' title='bbox 600 1867 793 1939; x_wconf 86' lang='lat' dir='ltr'><strong>patris,</strong></span> <span class='ocrx_word' id='word_1_132' title='bbox 823 1867 1128 1923; x_wconf 84' lang='lat' dir='ltr'><strong>benedictio</strong></span> <span class='ocrx_word' id='word_1_133' title='bbox 1154 1865 1341 1929; x_wconf 86' lang='lat' dir='ltr'><strong>Jacob,</strong></span> 
     </span>
    </p>
   </div>
   <div class='ocr_carea' id='block_1_22' title="bbox 188 1958 1440 2032">
    <p class='ocr_par' dir='ltr' id='par_1_22' title="bbox 188 1958 1440 2032">
     <span class='ocr_line' id='line_1_22' title="bbox 188 1958 1440 2032; baseline -0.002 -15"><span class='ocrx_word' id='word_1_134' title='bbox 188 1959 489 2017; x_wconf 84' lang='lat' dir='ltr'><strong>Consilium</strong></span> <span class='ocrx_word' id='word_1_135' title='bbox 514 1958 735 2030; x_wconf 86' lang='lat' dir='ltr'><strong>Joseph,</strong></span> <span class='ocrx_word' id='word_1_136' title='bbox 767 1959 939 2016; x_wconf 87' lang='lat' dir='ltr'><strong>sancti</strong></span> <span class='ocrx_word' id='word_1_137' title='bbox 964 1960 1221 2031; x_wconf 88' lang='lat' dir='ltr'><strong>sapientia</strong></span> <span class='ocrx_word' id='word_1_138' title='bbox 1249 1960 1440 2032; x_wconf 80' lang='lat' dir='ltr'><strong>Moysi,</strong></span> 
     </span>
    </p>
   </div>
   <div class='ocr_carea' id='block_1_23' title="bbox 2224 990 3102 1073">
    <p class='ocr_par' dir='ltr' id='par_1_23' title="bbox 2224 990 3102 1073">
     <span class='ocr_line' id='line_1_23' title="bbox 2224 990 3102 1073; baseline 0.001 -3"><span class='ocrx_word' id='word_1_139' title='bbox 2224 990 2585 1070; x_wconf 78' lang='lat' dir='ltr'><strong>STRABI</strong></span> <span class='ocrx_word' id='word_1_140' title='bbox 2664 992 3102 1073; x_wconf 85' lang='lat' dir='ltr'><strong>HYMNUS</strong></span> 
     </span>
    </p>
   </div>
   <div class='ocr_carea' id='block_1_24' title="bbox 2120 1149 3215 1207">
    <p class='ocr_par' dir='ltr' id='par_1_24' title="bbox 2120 1149 3215 1207">
     <span class='ocr_line' id='line_1_24' title="bbox 2120 1149 3215 1207; baseline -0.003 0"><span class='ocrx_word' id='word_1_141' title='bbox 2120 1150 2189 1207; x_wconf 87' lang='lat' dir='ltr'><strong>IN</strong></span> <span class='ocrx_word' id='word_1_142' title='bbox 2226 1149 2561 1205; x_wconf 84' lang='lat' dir='ltr'><strong>NATALEM</strong></span> <span class='ocrx_word' id='word_1_143' title='bbox 2613 1149 2863 1207; x_wconf 84' lang='lat' dir='ltr'><strong>SANCTI</strong></span> <span class='ocrx_word' id='word_1_144' title='bbox 2917 1149 3215 1207; x_wconf 65' lang='lat' dir='ltr'><strong>MAMME.</strong></span> 
     </span>
    </p>
   </div>
   <div class='ocr_carea' id='block_1_25' title="bbox 2305 1269 3000 1342">
    <p class='ocr_par' dir='ltr' id='par_1_25' title="bbox 2305 1269 3000 1342">
     <span class='ocr_line' id='line_1_25' title="bbox 2305 1269 3000 1342; baseline 0.003 -18"><span class='ocrx_word' id='word_1_145' title='bbox 2305 1269 2543 1325; x_wconf 87' lang='lat' dir='ltr'><strong>Laudem</strong></span> <span class='ocrx_word' id='word_1_146' title='bbox 2572 1269 2716 1325; x_wconf 86' lang='lat' dir='ltr'><strong>beati</strong></span> <span class='ocrx_word' id='word_1_147' title='bbox 2744 1272 3000 1342; x_wconf 86' lang='lat' dir='ltr'><strong>martyris</strong></span> 
     </span>
    </p>
   </div>
   <div class='ocr_carea' id='block_1_26' title="bbox 2233 1361 2875 1433">
    <p class='ocr_par' dir='ltr' id='par_1_26' title="bbox 2233 1361 2875 1433">
     <span class='ocr_line' id='line_1_26' title="bbox 2233 1361 2875 1433; baseline 0.003 -17"><span class='ocrx_word' id='word_1_148' title='bbox 2233 1361 2315 1417; x_wconf 81' lang='lat' dir='ltr'><strong>Ad</strong></span> <span class='ocrx_word' id='word_1_149' title='bbox 2342 1361 2624 1418; x_wconf 85' lang='lat' dir='ltr'><strong>Trinitatis</strong></span> <span class='ocrx_word' id='word_1_150' title='bbox 2647 1361 2875 1433; x_wconf 76' lang='lat' dir='ltr'><strong>gloriam</strong></span> 
     </span>
    </p>
   </div>
   <div class='ocr_carea' id='block_1_27' title="bbox 2230 1451 3029 1524">
    <p class='ocr_par' dir='ltr' id='par_1_27' title="bbox 2230 1451 3029 1524">
     <span class='ocr_line' id='line_1_27' title="bbox 2230 1451 3029 1524; baseline 0.003 -17"><span class='ocrx_word' id='word_1_151' title='bbox 2230 1451 2445 1508; x_wconf 69' lang='lat' dir='ltr'><strong>Sanctaa</strong></span> <span class='ocrx_word' id='word_1_152' title='bbox 2470 1468 2730 1509; x_wconf 89' lang='lat' dir='ltr'><strong>canamus</strong></span> <span class='ocrx_word' id='word_1_153' title='bbox 2759 1452 3029 1524; x_wconf 87' lang='lat' dir='ltr'><strong>supplices</strong></span> 
     </span>
    </p>
   </div>
   <div class='ocr_carea' id='block_1_28' title="bbox 2230 1543 3032 1611">
    <p class='ocr_par' dir='ltr' id='par_1_28' title="bbox 2230 1543 3032 1611">
     <span class='ocr_line' id='line_1_28' title="bbox 2230 1543 3032 1611; baseline 0 -12"><span class='ocrx_word' id='word_1_154' title='bbox 2230 1543 2362 1611; x_wconf 79' lang='lat' dir='ltr'><strong>Quae</strong></span> <span class='ocrx_word' id='word_1_155' title='bbox 2385 1545 2479 1599; x_wconf 88' lang='lat' dir='ltr'><strong>dat</strong></span> <span class='ocrx_word' id='word_1_156' title='bbox 2498 1559 2758 1601; x_wconf 88' lang='lat' dir='ltr'><strong>coronam</strong></span> <span class='ocrx_word' id='word_1_157' title='bbox 2786 1544 3032 1601; x_wconf 89' lang='lat' dir='ltr'><strong>testibus.</strong></span> 
     </span>
    </p>
   </div>
   <div class='ocr_carea' id='block_1_29' title="bbox 2297 1634 3036 1706">
    <p class='ocr_par' dir='ltr' id='par_1_29' title="bbox 2297 1634 3036 1706">
     <span class='ocr_line' id='line_1_29' title="bbox 2297 1634 3036 1706; baseline 0.001 -17"><span class='ocrx_word' id='word_1_158' title='bbox 2297 1634 2548 1691; x_wconf 85' lang='lat' dir='ltr'><strong>&#39;Adversa</strong></span> <span class='ocrx_word' id='word_1_159' title='bbox 2580 1635 2767 1691; x_wconf 88' lang='lat' dir='ltr'><strong>mundi</strong></span> <span class='ocrx_word' id='word_1_160' title='bbox 2792 1634 3036 1706; x_wconf 84' lang='lat' dir='ltr'><strong>pertulit,</strong></span> 
     </span>
    </p>
   </div>
   <div class='ocr_carea' id='block_1_30' title="bbox 2235 1725 2920 1796">
    <p class='ocr_par' dir='ltr' id='par_1_30' title="bbox 2235 1725 2920 1796">
     <span class='ocr_line' id='line_1_30' title="bbox 2235 1725 2920 1796; baseline -0.004 -14"><span class='ocrx_word' id='word_1_161' title='bbox 2235 1726 2479 1782; x_wconf 85' lang='lat' dir='ltr'><strong>Calcavit</strong></span> <span class='ocrx_word' id='word_1_162' title='bbox 2502 1725 2619 1796; x_wconf 87' lang='lat' dir='ltr'><strong>ejus</strong></span> <span class='ocrx_word' id='word_1_163' title='bbox 2641 1741 2920 1796; x_wconf 88' lang='lat' dir='ltr'><strong>prospera.</strong></span> 
     </span>
    </p>
   </div>
   <div class='ocr_carea' id='block_1_31' title="bbox 2235 1816 3019 1873">
    <p class='ocr_par' dir='ltr' id='par_1_31' title="bbox 2235 1816 3019 1873">
     <span class='ocr_line' id='line_1_31' title="bbox 2235 1816 3019 1873; baseline -0.003 0"><span class='ocrx_word' id='word_1_164' title='bbox 2235 1816 2496 1873; x_wconf 87' lang='lat' dir='ltr'><strong>Mammes</strong></span> <span class='ocrx_word' id='word_1_165' title='bbox 2522 1818 2752 1872; x_wconf 85' lang='lat' dir='ltr'><strong>Tonanti</strong></span> <span class='ocrx_word' id='word_1_166' title='bbox 2780 1816 3019 1872; x_wconf 88' lang='lat' dir='ltr'><strong>reddidit</strong></span> 
     </span>
    </p>
   </div>
   <div class='ocr_carea' id='block_1_32' title="bbox 2236 1908 3114 1981">
    <p class='ocr_par' dir='ltr' id='par_1_32' title="bbox 2236 1908 3114 1981">
     <span class='ocr_line' id='line_1_32' title="bbox 2236 1908 3114 1981; baseline 0 -18"><span class='ocrx_word' id='word_1_167' title='bbox 2236 1908 2387 1977; x_wconf 85' lang='lat' dir='ltr'><strong>Quod</strong></span> <span class='ocrx_word' id='word_1_168' title='bbox 2411 1925 2511 1981; x_wconf 91' lang='lat' dir='ltr'><strong>pro</strong></span> <span class='ocrx_word' id='word_1_169' title='bbox 2536 1910 2645 1964; x_wconf 89' lang='lat' dir='ltr'><strong>reis</strong></span> <span class='ocrx_word' id='word_1_170' title='bbox 2675 1910 2765 1965; x_wconf 87' lang='lat' dir='ltr'><strong>hic</strong></span> <span class='ocrx_word' id='word_1_171' title='bbox 2788 1924 2982 1979; x_wconf 81' lang='lat' dir='ltr'><strong>passus</strong></span> <span class='ocrx_word' id='word_1_172' title='bbox 3012 1916 3114 1965; x_wconf 86' lang='lat' dir='ltr'><strong>est.</strong></span> 
     </span>
    </p>
   </div>
   <div class='ocr_carea' id='block_1_33' title="bbox 2310 2000 2999 2068">
    <p class='ocr_par' dir='ltr' id='par_1_33' title="bbox 2310 2000 2999 2068">
     <span class='ocr_line' id='line_1_33' title="bbox 2310 2000 2999 2068; baseline 0.003 -12"><span class='ocrx_word' id='word_1_173' title='bbox 2310 2000 2540 2065; x_wconf 84' lang='lat' dir='ltr'><strong>Virtute,</strong></span> <span class='ocrx_word' id='word_1_174' title='bbox 2569 2002 2700 2068; x_wconf 87' lang='lat' dir='ltr'><strong>vita,</strong></span> <span class='ocrx_word' id='word_1_175' title='bbox 2733 2003 2999 2067; x_wconf 90' lang='lat' dir='ltr'><strong>moribus,</strong></span> 
     </span>
    </p>
   </div>
   <div class='ocr_carea' id='block_1_34' title="bbox 2241 2091 2986 2162">
    <p class='ocr_par' dir='ltr' id='par_1_34' title="bbox 2241 2091 2986 2162">
     <span class='ocr_line' id='line_1_34' title="bbox 2241 2091 2986 2162; baseline 0.001 -14"><span class='ocrx_word' id='word_1_176' title='bbox 2241 2092 2506 2149; x_wconf 86' lang='lat' dir='ltr'><strong>Sermone</strong></span> <span class='ocrx_word' id='word_1_177' title='bbox 2529 2091 2956 2162; x_wconf 76' lang='lat' dir='ltr'><strong>iucundissimus</strong></span> <span class='ocrx_word' id='word_1_178' title='bbox 2973 2134 2986 2156; x_wconf 93' lang='lat'><strong>,</strong></span> 
     </span>
    </p>
   </div>
   <div class='ocr_carea' id='block_1_35' title="bbox 2234 2183 2798 2257">
    <p class='ocr_par' dir='ltr' id='par_1_35' title="bbox 2234 2183 2798 2257">
     <span class='ocr_line' id='line_1_35' title="bbox 2234 2183 2798 2257; baseline 0.005 -20"><span class='ocrx_word' id='word_1_179' title='bbox 2234 2183 2290 2238; x_wconf 86' lang='lat' dir='ltr'><strong>In</strong></span> <span class='ocrx_word' id='word_1_180' title='bbox 2320 2184 2604 2240; x_wconf 89' lang='lat' dir='ltr'><strong>cbaritatis</strong></span> <span class='ocrx_word' id='word_1_181' title='bbox 2626 2186 2798 2257; x_wconf 81' lang='lat' dir='ltr'><strong>gratia</strong></span> 
     </span>
    </p>
   </div>
   <div class='ocr_carea' id='block_1_36' title="bbox 2242 2276 3069 2347">
    <p class='ocr_par' dir='ltr' id='par_1_36' title="bbox 2242 2276 3069 2347">
     <span class='ocr_line' id='line_1_36' title="bbox 2242 2276 3069 2347; baseline -0.001 -15"><span class='ocrx_word' id='word_1_182' title='bbox 2242 2276 2468 2347; x_wconf 88' lang='lat' dir='ltr'><strong>Semper</strong></span> <span class='ocrx_word' id='word_1_183' title='bbox 2496 2293 2720 2334; x_wconf 87' lang='lat' dir='ltr'><strong>manens</strong></span> <span class='ocrx_word' id='word_1_184' title='bbox 2748 2278 3069 2334; x_wconf 90' lang='lat' dir='ltr'><strong>ditissimus.</strong></span> 
     </span>
    </p>
   </div>
   <div class='ocr_carea' id='block_1_37' title="bbox 190 2050 1448 2121">
    <p class='ocr_par' dir='ltr' id='par_1_37' title="bbox 190 2050 1448 2121">
     <span class='ocr_line' id='line_1_37' title="bbox 190 2050 1448 2121; baseline -0.001 -13"><span class='ocrx_word' id='word_1_185' title='bbox 190 2051 378 2108; x_wconf 86' lang='lat' dir='ltr'><strong>Gratia</strong></span> <span class='ocrx_word' id='word_1_186' title='bbox 407 2060 519 2107; x_wconf 90' lang='lat' dir='ltr'><strong>tum</strong></span> <span class='ocrx_word' id='word_1_187' title='bbox 547 2050 790 2118; x_wconf 87' lang='lat' dir='ltr'><strong>Samuel,</strong></span> <span class='ocrx_word' id='word_1_188' title='bbox 827 2052 1087 2121; x_wconf 89' lang='lat' dir='ltr'><strong>patientia</strong></span> <span class='ocrx_word' id='word_1_189' title='bbox 1120 2051 1315 2108; x_wconf 80' lang='lat' dir='ltr'><strong>fertilis</strong></span> <span class='ocrx_word' id='word_1_190' title='bbox 1340 2052 1448 2118; x_wconf 85' lang='lat' dir='ltr'><strong>Iob,</strong></span> 
     </span>
    </p>
   </div>
   <div class='ocr_carea' id='block_1_38' title="bbox 190 2143 1398 2215">
    <p class='ocr_par' dir='ltr' id='par_1_38' title="bbox 190 2143 1398 2215">
     <span class='ocr_line' id='line_1_38' title="bbox 190 2143 1398 2215; baseline 0.001 -15"><span class='ocrx_word' id='word_1_191' title='bbox 190 2145 304 2201; x_wconf 91' lang='lat' dir='ltr'><strong>Pax</strong></span> <span class='ocrx_word' id='word_1_192' title='bbox 333 2143 480 2199; x_wconf 89' lang='lat' dir='ltr'><strong>ldida</strong></span> <span class='ocrx_word' id='word_1_193' title='bbox 508 2144 710 2215; x_wconf 87' lang='lat' dir='ltr'><strong>magni,</strong></span> <span class='ocrx_word' id='word_1_194' title='bbox 737 2143 955 2200; x_wconf 86' lang='lat' dir='ltr'><strong>dilectio</strong></span> <span class='ocrx_word' id='word_1_195' title='bbox 994 2153 1179 2200; x_wconf 90' lang='lat' dir='ltr'><strong>mutua</strong></span> <span class='ocrx_word' id='word_1_196' title='bbox 1207 2145 1398 2212; x_wconf 83' lang='lat' dir='ltr'><strong>David,</strong></span> 
     </span>
    </p>
   </div>
   <div class='ocr_carea' id='block_1_39' title="bbox 174 2236 1592 2320">
    <p class='ocr_par' dir='ltr' id='par_1_39' title="bbox 174 2236 1592 2320">
     <span class='ocr_line' id='line_1_39' title="bbox 174 2236 1592 2320; baseline 0 -27"><span class='ocrx_word' id='word_1_197' title='bbox 174 2239 230 2320; x_wconf 38' lang='grc' dir='ltr'><strong>,Α</strong></span> <span class='ocrx_word' id='word_1_198' title='bbox 241 2238 368 2293; x_wconf 90' lang='lat' dir='ltr'><strong>rdor</strong></span> <span class='ocrx_word' id='word_1_199' title='bbox 391 2236 722 2316; x_wconf 70' lang='lat' dir='ltr'><strong>aposth</strong></span> <span class='ocrx_word' id='word_1_200' title='bbox 747 2237 1035 2312; x_wconf 32' lang='lat' dir='ltr'><strong>fe&#39;rvorque</strong></span> <span class='ocrx_word' id='word_1_201' title='bbox 1059 2239 1410 2309; x_wconf 85' lang='lat' dir='ltr'><strong>propheticus</strong></span> <span class='ocrx_word' id='word_1_202' title='bbox 1436 2253 1592 2307; x_wconf 65' lang='lat' dir='ltr'><strong>aeque</strong></span> 
     </span>
    </p>
   </div>
   <div class='ocr_carea' id='block_1_40' title="bbox 192 2328 1846 2399">
    <p class='ocr_par' dir='ltr' id='par_1_40' title="bbox 192 2328 1846 2399">
     <span class='ocr_line' id='line_1_40' title="bbox 192 2328 1846 2399; baseline 0.001 -16"><span class='ocrx_word' id='word_1_203' title='bbox 192 2330 457 2399; x_wconf 86' lang='lat' dir='ltr'><strong>Quodque</strong></span> <span class='ocrx_word' id='word_1_204' title='bbox 482 2345 639 2384; x_wconf 91' lang='lat' dir='ltr'><strong>suum</strong></span> <span class='ocrx_word' id='word_1_205' title='bbox 669 2338 890 2384; x_wconf 86' lang='lat' dir='ltr'><strong>tenuere</strong></span> <span class='ocrx_word' id='word_1_206' title='bbox 918 2328 1095 2383; x_wconf 87' lang='lat' dir='ltr'><strong>locum</strong></span> <span class='ocrx_word' id='word_1_207' title='bbox 1122 2345 1138 2393; x_wconf 88' lang='lat'><strong>;</strong></span> <span class='ocrx_word' id='word_1_208' title='bbox 1179 2329 1443 2384; x_wconf 88' lang='lat' dir='ltr'><strong>miracula</strong></span> <span class='ocrx_word' id='word_1_209' title='bbox 1470 2344 1602 2385; x_wconf 85' lang='lat' dir='ltr'><strong>vero</strong></span> <span class='ocrx_word' id='word_1_210' title='bbox 1838 2390 1846 2396; x_wconf 12' lang='grc' dir='ltr'><strong><em>ἧ</em></strong></span> 
     </span>
    </p>
   </div>
   <div class='ocr_carea' id='block_1_41' title="bbox 191 2418 1778 2488">
    <p class='ocr_par' dir='ltr' id='par_1_41' title="bbox 191 2418 1778 2488">
     <span class='ocr_line' id='line_1_41' title="bbox 191 2418 1778 2488; baseline -0.001 -14"><span class='ocrx_word' id='word_1_211' title='bbox 191 2420 330 2474; x_wconf 82' lang='lat' dir='ltr'><strong>Tam</strong></span> <span class='ocrx_word' id='word_1_212' title='bbox 354 2418 637 2475; x_wconf 87' lang='lat' dir='ltr'><strong>manifesta</strong></span> <span class='ocrx_word' id='word_1_213' title='bbox 668 2418 816 2474; x_wconf 88' lang='lat' dir='ltr'><strong>dedit</strong></span> <span class='ocrx_word' id='word_1_214' title='bbox 839 2433 1001 2488; x_wconf 91' lang='lat' dir='ltr'><strong>quam</strong></span> <span class='ocrx_word' id='word_1_215' title='bbox 1031 2427 1160 2474; x_wconf 88' lang='lat' dir='ltr'><strong>sunt</strong></span> <span class='ocrx_word' id='word_1_216' title='bbox 1185 2419 1291 2475; x_wconf 90' lang='lat' dir='ltr'><strong>duo</strong></span> <span class='ocrx_word' id='word_1_217' title='bbox 1320 2419 1520 2475; x_wconf 89' lang='lat' dir='ltr'><strong>lumina</strong></span> <span class='ocrx_word' id='word_1_218' title='bbox 1554 2420 1778 2485; x_wconf 85' lang='lat' dir='ltr'><strong>mundi,</strong></span> 
     </span>
    </p>
   </div>
   <div class='ocr_carea' id='block_1_42' title="bbox 190 2510 1564 2583">
    <p class='ocr_par' dir='ltr' id='par_1_42' title="bbox 190 2510 1564 2583">
     <span class='ocr_line' id='line_1_42' title="bbox 190 2510 1564 2583; baseline -0.001 -15"><span class='ocrx_word' id='word_1_219' title='bbox 190 2513 271 2568; x_wconf 85' lang='lat' dir='ltr'><strong>Ex</strong></span> <span class='ocrx_word' id='word_1_220' title='bbox 299 2512 497 2583; x_wconf 87' lang='lat' dir='ltr'><strong>quibus</strong></span> <span class='ocrx_word' id='word_1_221' title='bbox 524 2513 590 2566; x_wconf 88' lang='lat' dir='ltr'><strong>ad</strong></span> <span class='ocrx_word' id='word_1_222' title='bbox 619 2510 754 2566; x_wconf 88' lang='lat' dir='ltr'><strong>tanti</strong></span> <span class='ocrx_word' id='word_1_223' title='bbox 780 2512 992 2568; x_wconf 90' lang='lat' dir='ltr'><strong>laudem</strong></span> <span class='ocrx_word' id='word_1_224' title='bbox 1016 2510 1322 2582; x_wconf 89' lang='lat' dir='ltr'><strong>famamque</strong></span> <span class='ocrx_word' id='word_1_225' title='bbox 1351 2514 1564 2582; x_wconf 87' lang='lat' dir='ltr'><strong>patroni</strong></span> 
     </span>
    </p>
   </div>
   <div class='ocr_carea' id='block_1_43' title="bbox 192 2604 1637 2676">
    <p class='ocr_par' dir='ltr' id='par_1_43' title="bbox 192 2604 1637 2676">
     <span class='ocr_line' id='line_1_43' title="bbox 192 2604 1637 2676; baseline 0 -17"><span class='ocrx_word' id='word_1_226' title='bbox 192 2604 452 2672; x_wconf 64' lang='lat' dir='ltr'><strong>Quaedam</strong></span> <span class='ocrx_word' id='word_1_227' title='bbox 479 2618 647 2674; x_wconf 89' lang='lat' dir='ltr'><strong>pauca</strong></span> <span class='ocrx_word' id='word_1_228' title='bbox 677 2604 808 2659; x_wconf 90' lang='lat' dir='ltr'><strong>libet</strong></span> <span class='ocrx_word' id='word_1_229' title='bbox 832 2611 1077 2659; x_wconf 86' lang='lat' dir='ltr'><strong>veterum</strong></span> <span class='ocrx_word' id='word_1_230' title='bbox 1103 2619 1425 2674; x_wconf 91' lang='lat' dir='ltr'><strong>componere</strong></span> <span class='ocrx_word' id='word_1_231' title='bbox 1448 2605 1637 2676; x_wconf 88' lang='lat' dir='ltr'><strong>gestis,</strong></span> 
     </span>
    </p>
   </div>
   <div class='ocr_carea' id='block_1_44' title="bbox 2308 2366 3122 2437">
    <p class='ocr_par' dir='ltr' id='par_1_44' title="bbox 2308 2366 3122 2437">
     <span class='ocr_line' id='line_1_44' title="bbox 2308 2366 3122 2437; baseline -0.001 -17"><span class='ocrx_word' id='word_1_232' title='bbox 2308 2366 2580 2437; x_wconf 85' lang='lat' dir='ltr'><strong>Spernens</strong></span> <span class='ocrx_word' id='word_1_233' title='bbox 2599 2382 2730 2437; x_wconf 89' lang='lat' dir='ltr'><strong>opes</strong></span> <span class='ocrx_word' id='word_1_234' title='bbox 2755 2381 2879 2421; x_wconf 90' lang='lat' dir='ltr'><strong>cum</strong></span> <span class='ocrx_word' id='word_1_235' title='bbox 2904 2366 3122 2421; x_wconf 86' lang='lat' dir='ltr'><strong>casibus</strong></span> 
     </span>
    </p>
   </div>
   <div class='ocr_carea' id='block_1_45' title="bbox 2237 2455 2984 2526">
    <p class='ocr_par' dir='ltr' id='par_1_45' title="bbox 2237 2455 2984 2526">
     <span class='ocr_line' id='line_1_45' title="bbox 2237 2455 2984 2526; baseline 0 -16"><span class='ocrx_word' id='word_1_236' title='bbox 2237 2455 2442 2522; x_wconf 81' lang='lat' dir='ltr'><strong>Mundi,</strong></span> <span class='ocrx_word' id='word_1_237' title='bbox 2478 2457 2729 2526; x_wconf 89' lang='lat' dir='ltr'><strong>supernis</strong></span> <span class='ocrx_word' id='word_1_238' title='bbox 2763 2456 2984 2511; x_wconf 89' lang='lat' dir='ltr'><strong>institit.</strong></span> 
     </span>
    </p>
   </div>
   <div class='ocr_carea' id='block_1_46' title="bbox 2244 2546 2833 2612">
    <p class='ocr_par' dir='ltr' id='par_1_46' title="bbox 2244 2546 2833 2612">
     <span class='ocr_line' id='line_1_46' title="bbox 2244 2546 2833 2612; baseline 0.002 -12"><span class='ocrx_word' id='word_1_239' title='bbox 2244 2546 2407 2601; x_wconf 88' lang='lat' dir='ltr'><strong>Liber</strong></span> <span class='ocrx_word' id='word_1_240' title='bbox 2433 2546 2653 2602; x_wconf 89' lang='lat' dir='ltr'><strong>caducis</strong></span> <span class='ocrx_word' id='word_1_241' title='bbox 2678 2546 2833 2612; x_wconf 81' lang='lat' dir='ltr'><strong>exiit,</strong></span> 
     </span>
    </p>
   </div>
   <div class='ocr_carea' id='block_1_47' title="bbox 2241 2637 2943 2696">
    <p class='ocr_par' dir='ltr' id='par_1_47' title="bbox 2241 2637 2943 2696">
     <span class='ocr_line' id='line_1_47' title="bbox 2241 2637 2943 2696; baseline 0.003 -4"><span class='ocrx_word' id='word_1_242' title='bbox 2241 2637 2325 2693; x_wconf 79' lang='lat' dir='ltr'><strong>Nil</strong></span> <span class='ocrx_word' id='word_1_243' title='bbox 2356 2639 2599 2695; x_wconf 89' lang='lat' dir='ltr'><strong>ambiens</strong></span> <span class='ocrx_word' id='word_1_244' title='bbox 2627 2654 2691 2694; x_wconf 85' lang='lat' dir='ltr'><strong>ex</strong></span> <span class='ocrx_word' id='word_1_245' title='bbox 2721 2639 2943 2696; x_wconf 80' lang='lat' dir='ltr'><strong>infimis.</strong></span> 
     </span>
    </p>
   </div>
   <div class='ocr_carea' id='block_1_48' title="bbox 2320 2731 2985 2789">
    <p class='ocr_par' dir='ltr' id='par_1_48' title="bbox 2320 2731 2985 2789">
     <span class='ocr_line' id='line_1_48' title="bbox 2320 2731 2985 2789; baseline 0.005 -3"><span class='ocrx_word' id='word_1_246' title='bbox 2320 2731 2466 2787; x_wconf 85' lang='lat' dir='ltr'><strong>Mitis</strong></span> <span class='ocrx_word' id='word_1_247' title='bbox 2500 2732 2731 2788; x_wconf 88' lang='lat' dir='ltr'><strong>domans</strong></span> <span class='ocrx_word' id='word_1_248' title='bbox 2759 2732 2985 2789; x_wconf 91' lang='lat' dir='ltr'><strong>immitia</strong></span> 
     </span>
    </p>
   </div>
   <div class='ocr_carea' id='block_1_49' title="bbox 2232 2822 3031 2897">
    <p class='ocr_par' dir='ltr' id='par_1_49' title="bbox 2232 2822 3031 2897">
     <span class='ocr_line' id='line_1_49' title="bbox 2232 2822 3031 2897; baseline 0.003 -19"><span class='ocrx_word' id='word_1_249' title='bbox 2232 2822 2451 2894; x_wconf 86' lang='lat' dir='ltr'><strong>lllisque</strong></span> <span class='ocrx_word' id='word_1_250' title='bbox 2480 2839 2739 2893; x_wconf 89' lang='lat' dir='ltr'><strong>promens</strong></span> <span class='ocrx_word' id='word_1_251' title='bbox 2767 2826 2996 2897; x_wconf 86' lang='lat' dir='ltr'><strong>mystica</strong></span> <span class='ocrx_word' id='word_1_252' title='bbox 3016 2866 3031 2889; x_wconf 94' lang='lat'><strong>,</strong></span> 
     </span>
    </p>
   </div>
   <div class='ocr_carea' id='block_1_50' title="bbox 2244 2913 2882 2973">
    <p class='ocr_par' dir='ltr' id='par_1_50' title="bbox 2244 2913 2882 2973">
     <span class='ocr_line' id='line_1_50' title="bbox 2244 2913 2882 2973; baseline 0.008 -6"><span class='ocrx_word' id='word_1_253' title='bbox 2244 2913 2472 2971; x_wconf 82' lang='lat' dir='ltr'><strong>Vivebat</strong></span> <span class='ocrx_word' id='word_1_254' title='bbox 2502 2915 2645 2970; x_wconf 89' lang='lat' dir='ltr'><strong>inter</strong></span> <span class='ocrx_word' id='word_1_255' title='bbox 2674 2917 2882 2973; x_wconf 90' lang='lat' dir='ltr'><strong>bestias</strong></span> 
     </span>
    </p>
   </div>
   <div class='ocr_carea' id='block_1_51' title="bbox 2242 3005 2999 3080">
    <p class='ocr_par' dir='ltr' id='par_1_51' title="bbox 2242 3005 2999 3080">
     <span class='ocr_line' id='line_1_51' title="bbox 2242 3005 2999 3080; baseline 0.003 -20"><span class='ocrx_word' id='word_1_256' title='bbox 2242 3005 2361 3073; x_wconf 90' lang='lat' dir='ltr'><strong>Quo</strong></span> <span class='ocrx_word' id='word_1_257' title='bbox 2388 3006 2506 3061; x_wconf 88' lang='lat' dir='ltr'><strong>cive</strong></span> <span class='ocrx_word' id='word_1_258' title='bbox 2537 3007 2775 3075; x_wconf 85' lang='lat' dir='ltr'><strong>gaudent</strong></span> <span class='ocrx_word' id='word_1_259' title='bbox 2802 3008 2999 3080; x_wconf 79' lang='lat' dir='ltr'><strong>angeli.</strong></span> 
     </span>
    </p>
   </div>
   <div class='ocr_carea' id='block_1_52' title="bbox 2316 3095 2990 3167">
    <p class='ocr_par' dir='ltr' id='par_1_52' title="bbox 2316 3095 2990 3167">
     <span class='ocr_line' id='line_1_52' title="bbox 2316 3095 2990 3167; baseline 0.007 -19"><span class='ocrx_word' id='word_1_260' title='bbox 2316 3095 2546 3164; x_wconf 76' lang='lat' dir='ltr'><strong>Adjutus</strong></span> <span class='ocrx_word' id='word_1_261' title='bbox 2569 3097 2738 3152; x_wconf 91' lang='lat' dir='ltr'><strong>armis</strong></span> <span class='ocrx_word' id='word_1_262' title='bbox 2764 3098 2990 3167; x_wconf 84' lang='lat' dir='ltr'><strong>spiritus</strong></span> 
     </span>
    </p>
   </div>
   <div class='ocr_carea' id='block_1_53' title="bbox 2236 3180 3055 3257">
    <p class='ocr_par' dir='ltr' id='par_1_53' title="bbox 2236 3180 3055 3257">
     <span class='ocr_line' id='line_1_53' title="bbox 2236 3180 3055 3257; baseline 0.006 -19"><span class='ocrx_word' id='word_1_263' title='bbox 2236 3180 2379 3240; x_wconf 81' lang='lat' dir='ltr'><strong>Vicit</strong></span> <span class='ocrx_word' id='word_1_264' title='bbox 2408 3184 2620 3241; x_wconf 89' lang='lat' dir='ltr'><strong>furores</strong></span> <span class='ocrx_word' id='word_1_265' title='bbox 2648 3186 2975 3257; x_wconf 88' lang='lat' dir='ltr'><strong>principum,</strong></span> <span class='ocrx_word' id='word_1_266' title='bbox 3050 3220 3055 3225; x_wconf 64' lang='grc' dir='ltr'>ν</span> 
     </span>
    </p>
   </div>
   <div class='ocr_carea' id='block_1_54' title="bbox 2243 3277 2985 3336">
    <p class='ocr_par' dir='ltr' id='par_1_54' title="bbox 2243 3277 2985 3336">
     <span class='ocr_line' id='line_1_54' title="bbox 2243 3277 2985 3336; baseline 0.007 -5"><span class='ocrx_word' id='word_1_267' title='bbox 2243 3277 2383 3332; x_wconf 80' lang='lat' dir='ltr'><strong>Saevi</strong></span> <span class='ocrx_word' id='word_1_268' title='bbox 2417 3278 2669 3333; x_wconf 87' lang='lat' dir='ltr'><strong>draconis</strong></span> <span class='ocrx_word' id='word_1_269' title='bbox 2695 3288 2985 3336; x_wconf 89' lang='lat' dir='ltr'><strong>conterens</strong></span> 
     </span>
    </p>
   </div>
   <div class='ocr_carea' id='block_1_55' title="bbox 2243 3365 2946 3439">
    <p class='ocr_par' dir='ltr' id='par_1_55' title="bbox 2243 3365 2946 3439">
     <span class='ocr_line' id='line_1_55' title="bbox 2243 3365 2946 3439; baseline 0.004 -16"><span class='ocrx_word' id='word_1_270' title='bbox 2243 3365 2428 3423; x_wconf 89' lang='lat' dir='ltr'><strong>Sacris</strong></span> <span class='ocrx_word' id='word_1_271' title='bbox 2453 3377 2616 3439; x_wconf 89' lang='lat' dir='ltr'><strong>caput</strong></span> <span class='ocrx_word' id='word_1_272' title='bbox 2642 3368 2946 3426; x_wconf 88' lang='lat' dir='ltr'><strong>conatibus.</strong></span> 
     </span>
    </p>
   </div>
   <div class='ocr_carea' id='block_1_56' title="bbox 2308 3457 2955 3531">
    <p class='ocr_par' dir='ltr' id='par_1_56' title="bbox 2308 3457 2955 3531">
     <span class='ocr_line' id='line_1_56' title="bbox 2308 3457 2955 3531; baseline 0.005 -19"><span class='ocrx_word' id='word_1_273' title='bbox 2308 3457 2486 3531; x_wconf 83' lang='lat' dir='ltr'><strong>Magni</strong></span> <span class='ocrx_word' id='word_1_274' title='bbox 2519 3459 2675 3514; x_wconf 82' lang='lat' dir='ltr'><strong>favor</strong></span> <span class='ocrx_word' id='word_1_275' title='bbox 2700 3460 2955 3529; x_wconf 65' lang='lat' dir='ltr'><strong>praeconii</strong></span> 
     </span>
    </p>
   </div>
   <div class='ocr_carea' id='block_1_57' title="bbox 2245 3550 2897 3624">
    <p class='ocr_par' dir='ltr' id='par_1_57' title="bbox 2245 3550 2897 3624">
     <span class='ocr_line' id='line_1_57' title="bbox 2245 3550 2897 3624; baseline 0.003 -18"><span class='ocrx_word' id='word_1_276' title='bbox 2245 3550 2483 3606; x_wconf 90' lang='lat' dir='ltr'><strong>Debetur</strong></span> <span class='ocrx_word' id='word_1_277' title='bbox 2512 3552 2603 3607; x_wconf 90' lang='lat' dir='ltr'><strong>isti</strong></span> <span class='ocrx_word' id='word_1_278' title='bbox 2634 3553 2861 3624; x_wconf 88' lang='lat' dir='ltr'><strong>martyri</strong></span> <span class='ocrx_word' id='word_1_279' title='bbox 2882 3594 2897 3620; x_wconf 92' lang='lat'><strong>,</strong></span> 
     </span>
    </p>
   </div>
   <div class='ocr_carea' id='block_1_58' title="bbox 2247 3638 3036 3711">
    <p class='ocr_par' dir='ltr' id='par_1_58' title="bbox 2247 3638 3036 3711">
     <span class='ocr_line' id='line_1_58' title="bbox 2247 3638 3036 3711; baseline 0.005 -16"><span class='ocrx_word' id='word_1_280' title='bbox 2247 3638 2345 3695; x_wconf 89' lang='lat' dir='ltr'><strong>Cui</strong></span> <span class='ocrx_word' id='word_1_281' title='bbox 2373 3639 2622 3697; x_wconf 84' lang='lat' dir='ltr'><strong>Christus</strong></span> <span class='ocrx_word' id='word_1_282' title='bbox 2645 3651 2789 3697; x_wconf 88' lang='lat' dir='ltr'><strong>esset</strong></span> <span class='ocrx_word' id='word_1_283' title='bbox 2819 3642 3036 3711; x_wconf 82' lang='lat' dir='ltr'><strong>vivere,</strong></span> 
     </span>
    </p>
   </div>
   <div class='ocr_carea' id='block_1_59' title="bbox 2238 3733 3053 3793">
    <p class='ocr_par' dir='ltr' id='par_1_59' title="bbox 2238 3733 3053 3793">
     <span class='ocr_line' id='line_1_59' title="bbox 2238 3733 3053 3793; baseline 0.002 -4"><span class='ocrx_word' id='word_1_284' title='bbox 2238 3733 2475 3790; x_wconf 90' lang='lat' dir='ltr'><strong>Lucrum</strong></span> <span class='ocrx_word' id='word_1_285' title='bbox 2506 3734 2705 3791; x_wconf 88' lang='lat' dir='ltr'><strong>resolvi</strong></span> <span class='ocrx_word' id='word_1_286' title='bbox 2736 3736 3053 3793; x_wconf 85' lang='lat' dir='ltr'><strong>maximum.</strong></span> 
     </span>
    </p>
   </div>
   <div class='ocr_carea' id='block_1_60' title="bbox 2320 3826 3007 3901">
    <p class='ocr_par' dir='ltr' id='par_1_60' title="bbox 2320 3826 3007 3901">
     <span class='ocr_line' id='line_1_60' title="bbox 2320 3826 3007 3901; baseline 0.007 -19"><span class='ocrx_word' id='word_1_287' title='bbox 2320 3826 2518 3884; x_wconf 84' lang='lat' dir='ltr'><strong>Mansit</strong></span> <span class='ocrx_word' id='word_1_288' title='bbox 2548 3828 2681 3885; x_wconf 82' lang='lat' dir='ltr'><strong>ﬁdes</strong></span> <span class='ocrx_word' id='word_1_289' title='bbox 2705 3830 2758 3884; x_wconf 93' lang='lat' dir='ltr'><strong>in</strong></span> <span class='ocrx_word' id='word_1_290' title='bbox 2783 3836 3007 3901; x_wconf 86' lang='lat' dir='ltr'><strong>pectore</strong></span> 
     </span>
    </p>
   </div>
   <div class='ocr_carea' id='block_1_61' title="bbox 2251 3918 3019 3993">
    <p class='ocr_par' dir='ltr' id='par_1_61' title="bbox 2251 3918 3019 3993">
     <span class='ocr_line' id='line_1_61' title="bbox 2251 3918 3019 3993; baseline 0.005 -20"><span class='ocrx_word' id='word_1_291' title='bbox 2251 3918 2389 3988; x_wconf 86' lang='lat' dir='ltr'><strong>Spes</strong></span> <span class='ocrx_word' id='word_1_292' title='bbox 2415 3930 2594 3975; x_wconf 88' lang='lat' dir='ltr'><strong>mente</strong></span> <span class='ocrx_word' id='word_1_293' title='bbox 2626 3919 2780 3987; x_wconf 90' lang='lat' dir='ltr'><strong>felix,</strong></span> <span class='ocrx_word' id='word_1_294' title='bbox 2808 3921 3019 3993; x_wconf 88' lang='lat' dir='ltr'><strong>integra</strong></span> 
     </span>
    </p>
   </div>
   <div class='ocr_carea' id='block_1_62' title="bbox 2252 4010 2997 4082">
    <p class='ocr_par' dir='ltr' id='par_1_62' title="bbox 2252 4010 2997 4082">
     <span class='ocr_line' id='line_1_62' title="bbox 2252 4010 2997 4082; baseline 0.005 -17"><span class='ocrx_word' id='word_1_295' title='bbox 2252 4010 2347 4066; x_wconf 85' lang='lat' dir='ltr'><strong>His</strong></span> <span class='ocrx_word' id='word_1_296' title='bbox 2377 4012 2550 4082; x_wconf 87' lang='lat' dir='ltr'><strong>major</strong></span> <span class='ocrx_word' id='word_1_297' title='bbox 2571 4011 2721 4067; x_wconf 87' lang='lat' dir='ltr'><strong>illum</strong></span> <span class='ocrx_word' id='word_1_298' title='bbox 2752 4013 2997 4070; x_wconf 88' lang='lat' dir='ltr'><strong>charitas</strong></span> 
     </span>
    </p>
   </div>
   <div class='ocr_carea' id='block_1_63' title="bbox 2250 4102 2924 4175">
    <p class='ocr_par' dir='ltr' id='par_1_63' title="bbox 2250 4102 2924 4175">
     <span class='ocr_line' id='line_1_63' title="bbox 2250 4102 2924 4175; baseline 0.006 -18"><span class='ocrx_word' id='word_1_299' title='bbox 2250 4104 2399 4159; x_wconf 90' lang='lat' dir='ltr'><strong>lntus</strong></span> <span class='ocrx_word' id='word_1_300' title='bbox 2426 4102 2558 4159; x_wconf 84' lang='lat' dir='ltr'><strong>foris</strong></span> <span class='ocrx_word' id='word_1_301' title='bbox 2584 4105 2924 4175; x_wconf 88' lang='lat' dir='ltr'><strong>possederat.</strong></span> 
     </span>
    </p>
   </div>
   <div class='ocr_carea' id='block_1_64' title="bbox 2322 4194 3101 4270">
    <p class='ocr_par' dir='ltr' id='par_1_64' title="bbox 2322 4194 3101 4270">
     <span class='ocr_line' id='line_1_64' title="bbox 2322 4194 3101 4270; baseline 0.008 -21"><span class='ocrx_word' id='word_1_302' title='bbox 2322 4194 2569 4250; x_wconf 85' lang='lat' dir='ltr'><strong>Exsultet</strong></span> <span class='ocrx_word' id='word_1_303' title='bbox 2597 4197 2776 4252; x_wconf 91' lang='lat' dir='ltr'><strong>omnis</strong></span> <span class='ocrx_word' id='word_1_304' title='bbox 2797 4197 3101 4270; x_wconf 87' lang='lat' dir='ltr'><strong>supplicum</strong></span> 
     </span>
    </p>
   </div>
   <div class='ocr_carea' id='block_1_65' title="bbox 2246 4285 2916 4359">
    <p class='ocr_par' dir='ltr' id='par_1_65' title="bbox 2246 4285 2916 4359">
     <span class='ocr_line' id='line_1_65' title="bbox 2246 4285 2916 4359; baseline 0.006 -18"><span class='ocrx_word' id='word_1_305' title='bbox 2246 4285 2435 4342; x_wconf 85' lang='lat' dir='ltr'><strong>Coetus</strong></span> <span class='ocrx_word' id='word_1_306' title='bbox 2464 4302 2658 4343; x_wconf 89' lang='lat' dir='ltr'><strong>sereno</strong></span> <span class='ocrx_word' id='word_1_307' title='bbox 2685 4288 2882 4359; x_wconf 90' lang='lat' dir='ltr'><strong>gaudio</strong></span> <span class='ocrx_word' id='word_1_308' title='bbox 2899 4330 2916 4357; x_wconf 92' lang='lat'><strong>,</strong></span> 
     </span>
    </p>
   </div>
   <div class='ocr_carea' id='block_1_66' title="bbox 2250 4375 2903 4451">
    <p class='ocr_par' dir='ltr' id='par_1_66' title="bbox 2250 4375 2903 4451">
     <span class='ocr_line' id='line_1_66' title="bbox 2250 4375 2903 4451; baseline 0.008 -20"><span class='ocrx_word' id='word_1_309' title='bbox 2250 4375 2422 4448; x_wconf 86' lang='lat' dir='ltr'><strong>Hujus</strong></span> <span class='ocrx_word' id='word_1_310' title='bbox 2443 4378 2617 4448; x_wconf 88' lang='lat' dir='ltr'><strong>patris</strong></span> <span class='ocrx_word' id='word_1_311' title='bbox 2644 4376 2903 4451; x_wconf 77' lang='lat' dir='ltr'><strong>suffragia</strong></span> 
     </span>
    </p>
   </div>
   <div class='ocr_carea' id='block_1_67' title="bbox 2255 4468 3012 4542">
    <p class='ocr_par' dir='ltr' id='par_1_67' title="bbox 2255 4468 3012 4542">
     <span class='ocr_line' id='line_1_67' title="bbox 2255 4468 3012 4542; baseline 0.008 -18"><span class='ocrx_word' id='word_1_312' title='bbox 2255 4468 2450 4525; x_wconf 90' lang='lat' dir='ltr'><strong>Pronis</strong></span> <span class='ocrx_word' id='word_1_313' title='bbox 2474 4472 2713 4542; x_wconf 90' lang='lat' dir='ltr'><strong>rogando</strong></span> <span class='ocrx_word' id='word_1_314' title='bbox 2737 4474 3012 4531; x_wconf 87' lang='lat' dir='ltr'><strong>cordibus.</strong></span> 
     </span>
    </p>
   </div>
   <div class='ocr_carea' id='block_1_68' title="bbox 2324 4559 3173 4638">
    <p class='ocr_par' dir='ltr' id='par_1_68' title="bbox 2324 4559 3173 4638">
     <span class='ocr_line' id='line_1_68' title="bbox 2324 4559 3173 4638; baseline 0.007 -22"><span class='ocrx_word' id='word_1_315' title='bbox 2324 4559 2401 4616; x_wconf 92' lang='lat' dir='ltr'><strong>Te</strong></span> <span class='ocrx_word' id='word_1_316' title='bbox 2430 4575 2661 4635; x_wconf 83' lang='lat' dir='ltr'><strong>martyr,</strong></span> <span class='ocrx_word' id='word_1_317' title='bbox 2684 4579 2837 4638; x_wconf 90' lang='lat' dir='ltr'><strong>ergo,</strong></span> <span class='ocrx_word' id='word_1_318' title='bbox 2859 4580 3173 4635; x_wconf 64' lang='lat' dir='ltr'><strong>quaasumus</strong></span> 
     </span>
    </p>
   </div>
   <div class='ocr_carea' id='block_1_69' title="bbox 2254 4650 3076 4727">
    <p class='ocr_par' dir='ltr' id='par_1_69' title="bbox 2254 4650 3076 4727">
     <span class='ocr_line' id='line_1_69' title="bbox 2254 4650 3076 4727; baseline 0.007 -21"><span class='ocrx_word' id='word_1_319' title='bbox 2254 4650 2514 4709; x_wconf 85' lang='lat' dir='ltr'><strong>Mammes</strong></span> <span class='ocrx_word' id='word_1_320' title='bbox 2532 4695 2547 4721; x_wconf 97' lang='lat'><strong>,</strong></span> <span class='ocrx_word' id='word_1_321' title='bbox 2577 4654 2697 4710; x_wconf 85' lang='lat' dir='ltr'><strong>fave</strong></span> <span class='ocrx_word' id='word_1_322' title='bbox 2727 4656 3076 4727; x_wconf 90' lang='lat' dir='ltr'><strong>poscentibus</strong></span> 
     </span>
    </p>
   </div>
   <div class='ocr_carea' id='block_1_70' title="bbox 2252 4742 2959 4818">
    <p class='ocr_par' dir='ltr' id='par_1_70' title="bbox 2252 4742 2959 4818">
     <span class='ocr_line' id='line_1_70' title="bbox 2252 4742 2959 4818; baseline 0.006 -21"><span class='ocrx_word' id='word_1_323' title='bbox 2252 4742 2422 4799; x_wconf 87' lang='lat' dir='ltr'><strong>Sacro</strong></span> <span class='ocrx_word' id='word_1_324' title='bbox 2448 4754 2673 4814; x_wconf 83' lang='lat' dir='ltr'><strong>precatu</strong></span> <span class='ocrx_word' id='word_1_325' title='bbox 2703 4754 2924 4818; x_wconf 87' lang='lat' dir='ltr'><strong>protege</strong></span> <span class='ocrx_word' id='word_1_326' title='bbox 2943 4787 2959 4812; x_wconf 92' lang='lat'><strong>,</strong></span> 
     </span>
    </p>
   </div>
   <div class='ocr_carea' id='block_1_71' title="bbox 2252 4832 3001 4901">
    <p class='ocr_par' dir='ltr' id='par_1_71' title="bbox 2252 4832 3001 4901">
     <span class='ocr_line' id='line_1_71' title="bbox 2252 4832 3001 4901; baseline 0.007 -15"><span class='ocrx_word' id='word_1_327' title='bbox 2252 4832 2399 4901; x_wconf 90' lang='lat' dir='ltr'><strong>Quos</strong></span> <span class='ocrx_word' id='word_1_328' title='bbox 2431 4835 2655 4891; x_wconf 88' lang='lat' dir='ltr'><strong>instruis</strong></span> <span class='ocrx_word' id='word_1_329' title='bbox 2682 4837 3001 4892; x_wconf 89' lang='lat' dir='ltr'><strong>certamine.</strong></span> 
     </span>
    </p>
   </div>
   <div class='ocr_carea' id='block_1_72' title="bbox 2333 4924 3076 4999">
    <p class='ocr_par' dir='ltr' id='par_1_72' title="bbox 2333 4924 3076 4999">
     <span class='ocr_line' id='line_1_72' title="bbox 2333 4924 3076 4999; baseline 0.011 -21"><span class='ocrx_word' id='word_1_330' title='bbox 2333 4924 2585 4996; x_wconf 89' lang='lat' dir='ltr'><strong>lmpende</strong></span> <span class='ocrx_word' id='word_1_331' title='bbox 2610 4943 2795 4983; x_wconf 86' lang='lat' dir='ltr'><strong>curam</strong></span> <span class='ocrx_word' id='word_1_332' title='bbox 2827 4928 3076 4999; x_wconf 86' lang='lat' dir='ltr'><strong>dapsilis,</strong></span> 
     </span>
    </p>
   </div>
   <div class='ocr_carea' id='block_1_73' title="bbox 2256 5013 2996 5087">
    <p class='ocr_par' dir='ltr' id='par_1_73' title="bbox 2256 5013 2996 5087">
     <span class='ocr_line' id='line_1_73' title="bbox 2256 5013 2996 5087; baseline 0.008 -19"><span class='ocrx_word' id='word_1_333' title='bbox 2256 5013 2427 5070; x_wconf 84' lang='lat' dir='ltr'><strong>Aufer</strong></span> <span class='ocrx_word' id='word_1_334' title='bbox 2452 5015 2651 5071; x_wconf 87' lang='lat' dir='ltr'><strong>malum</strong></span> <span class='ocrx_word' id='word_1_335' title='bbox 2681 5018 2962 5087; x_wconf 87' lang='lat' dir='ltr'><strong>placabilis</strong></span> <span class='ocrx_word' id='word_1_336' title='bbox 2980 5059 2996 5086; x_wconf 94' lang='lat'><strong>,</strong></span> 
     </span>
    </p>
   </div>
   <div class='ocr_carea' id='block_1_74' title="bbox 2262 5104 2832 5165">
    <p class='ocr_par' dir='ltr' id='par_1_74' title="bbox 2262 5104 2832 5165">
     <span class='ocr_line' id='line_1_74' title="bbox 2262 5104 2832 5165; baseline 0.007 -4"><span class='ocrx_word' id='word_1_337' title='bbox 2262 5104 2463 5162; x_wconf 90' lang='lat' dir='ltr'><strong>Confer</strong></span> <span class='ocrx_word' id='word_1_338' title='bbox 2486 5108 2611 5163; x_wconf 91' lang='lat' dir='ltr'><strong>boni</strong></span> <span class='ocrx_word' id='word_1_339' title='bbox 2639 5109 2832 5165; x_wconf 89' lang='lat' dir='ltr'><strong>solatia</strong></span> 
     </span>
    </p>
   </div>
   <div class='ocr_carea' id='block_1_75' title="bbox 2260 5196 2932 5271">
    <p class='ocr_par' dir='ltr' id='par_1_75' title="bbox 2260 5196 2932 5271">
     <span class='ocr_line' id='line_1_75' title="bbox 2260 5196 2932 5271; baseline 0.009 -20"><span class='ocrx_word' id='word_1_340' title='bbox 2260 5196 2394 5253; x_wconf 68' lang='lat' dir='ltr'><strong>Vita</strong></span> <span class='ocrx_word' id='word_1_341' title='bbox 2420 5200 2662 5268; x_wconf 85' lang='lat' dir='ltr'><strong>parando</strong></span> <span class='ocrx_word' id='word_1_342' title='bbox 2689 5202 2932 5271; x_wconf 83' lang='lat' dir='ltr'><strong>praemia.</strong></span> 
     </span>
    </p>
   </div>
   <div class='ocr_carea' id='block_1_76' title="bbox 2332 5285 2929 5363">
    <p class='ocr_par' dir='ltr' id='par_1_76' title="bbox 2332 5285 2929 5363">
     <span class='ocr_line' id='line_1_76' title="bbox 2332 5285 2929 5363; baseline 0.007 -21"><span class='ocrx_word' id='word_1_343' title='bbox 2332 5285 2416 5342; x_wconf 89' lang='lat' dir='ltr'><strong>Sit</strong></span> <span class='ocrx_word' id='word_1_344' title='bbox 2441 5286 2695 5344; x_wconf 86' lang='lat' dir='ltr'><strong>Trinitati</strong></span> <span class='ocrx_word' id='word_1_345' title='bbox 2722 5290 2892 5363; x_wconf 86' lang='lat' dir='ltr'><strong>gloria</strong></span> <span class='ocrx_word' id='word_1_346' title='bbox 2912 5332 2929 5357; x_wconf 94' lang='lat'><strong>,</strong></span> 
     </span>
    </p>
   </div>
   <div class='ocr_carea' id='block_1_77' title="bbox 2256 5375 3032 5452">
    <p class='ocr_par' dir='ltr' id='par_1_77' title="bbox 2256 5375 3032 5452">
     <span class='ocr_line' id='line_1_77' title="bbox 2256 5375 3032 5452; baseline 0.013 -21"><span class='ocrx_word' id='word_1_347' title='bbox 2256 5375 2461 5445; x_wconf 85' lang='lat' dir='ltr'><strong>Virtus,</strong></span> <span class='ocrx_word' id='word_1_348' title='bbox 2489 5381 2681 5447; x_wconf 87' lang='lat' dir='ltr'><strong>honor,</strong></span> <span class='ocrx_word' id='word_1_349' title='bbox 2708 5397 2806 5452; x_wconf 90' lang='lat' dir='ltr'><strong>per</strong></span> <span class='ocrx_word' id='word_1_350' title='bbox 2833 5384 3032 5441; x_wconf 64' lang='lat' dir='ltr'><strong>saecula</strong></span> 
     </span>
    </p>
   </div>
   <div class='ocr_carea' id='block_1_78' title="bbox 2264 5468 3052 5550">
    <p class='ocr_par' dir='ltr' id='par_1_78' title="bbox 2264 5468 3052 5550">
     <span class='ocr_line' id='line_1_78' title="bbox 2264 5468 3052 5550; baseline 0.013 -25"><span class='ocrx_word' id='word_1_351' title='bbox 2264 5468 2396 5538; x_wconf 66' lang='lat' dir='ltr'><strong>Qum</strong></span> <span class='ocrx_word' id='word_1_352' title='bbox 2424 5488 2525 5529; x_wconf 91' lang='lat' dir='ltr'><strong>nos</strong></span> <span class='ocrx_word' id='word_1_353' title='bbox 2549 5474 2723 5530; x_wconf 82' lang='lat' dir='ltr'><strong>beatis</strong></span> <span class='ocrx_word' id='word_1_354' title='bbox 2749 5486 3052 5550; x_wconf 82' lang='lat' dir='ltr'><strong>martyrum</strong></span> 
     </span>
    </p>
   </div>
   <div class='ocr_carea' id='block_1_79' title="bbox 2263 5561 2982 5641">
    <p class='ocr_par' dir='ltr' id='par_1_79' title="bbox 2263 5561 2982 5641">
     <span class='ocr_line' id='line_1_79' title="bbox 2263 5561 2982 5641; baseline 0.011 -23"><span class='ocrx_word' id='word_1_355' title='bbox 2263 5561 2491 5636; x_wconf 89' lang='lat' dir='ltr'><strong>Semper</strong></span> <span class='ocrx_word' id='word_1_356' title='bbox 2508 5566 2660 5637; x_wconf 89' lang='lat' dir='ltr'><strong>jnvct</strong></span> <span class='ocrx_word' id='word_1_357' title='bbox 2690 5568 2982 5641; x_wconf 72' lang='lat' dir='ltr'><strong>suffragiis.</strong></span> 
     </span>
    </p>
   </div>
   <div class='ocr_carea' id='block_1_80' title="bbox 2726 5662 2922 5719">
    <p class='ocr_par' dir='ltr' id='par_1_80' title="bbox 2726 5662 2922 5719">
     <span class='ocr_line' id='line_1_80' title="bbox 2726 5662 2922 5719; baseline 0 -2"><span class='ocrx_word' id='word_1_358' title='bbox 2726 5662 2922 5719; x_wconf 84' lang='lat' dir='ltr'><strong>Amen.</strong></span> 
     </span>
    </p>
   </div>
   <div class='ocr_carea' id='block_1_81' title="bbox 196 2696 1514 2768">
    <p class='ocr_par' dir='ltr' id='par_1_81' title="bbox 196 2696 1514 2768">
     <span class='ocr_line' id='line_1_81' title="bbox 196 2696 1514 2768; baseline 0.002 -18"><span class='ocrx_word' id='word_1_359' title='bbox 196 2696 269 2752; x_wconf 87' lang='lat' dir='ltr'><strong>Ut</strong></span> <span class='ocrx_word' id='word_1_360' title='bbox 292 2696 494 2766; x_wconf 88' lang='lat' dir='ltr'><strong>liquido</strong></span> <span class='ocrx_word' id='word_1_361' title='bbox 519 2711 784 2767; x_wconf 79' lang='lat' dir='ltr'><strong>agnoscas</strong></span> <span class='ocrx_word' id='word_1_362' title='bbox 804 2706 1122 2753; x_wconf 89' lang='lat' dir='ltr'><strong>cunctorum</strong></span> <span class='ocrx_word' id='word_1_363' title='bbox 1149 2697 1274 2753; x_wconf 91' lang='lat' dir='ltr'><strong>dote</strong></span> <span class='ocrx_word' id='word_1_364' title='bbox 1301 2698 1514 2768; x_wconf 91' lang='lat' dir='ltr'><strong>piorum</strong></span> 
     </span>
    </p>
   </div>
   <div class='ocr_carea' id='block_1_82' title="bbox 195 2787 1582 2845">
    <p class='ocr_par' dir='ltr' id='par_1_82' title="bbox 195 2787 1582 2845">
     <span class='ocr_line' id='line_1_82' title="bbox 195 2787 1582 2845; baseline 0.001 -1"><span class='ocrx_word' id='word_1_365' title='bbox 195 2788 353 2844; x_wconf 86' lang='lat' dir='ltr'><strong>llunc</strong></span> <span class='ocrx_word' id='word_1_366' title='bbox 376 2788 602 2845; x_wconf 90' lang='lat' dir='ltr'><strong>nituisse</strong></span> <span class='ocrx_word' id='word_1_367' title='bbox 628 2788 824 2843; x_wconf 87' lang='lat' dir='ltr'><strong>virum.</strong></span> <span class='ocrx_word' id='word_1_368' title='bbox 851 2787 1010 2843; x_wconf 90' lang='lat' dir='ltr'><strong>Prior</strong></span> <span class='ocrx_word' id='word_1_369' title='bbox 1034 2789 1089 2843; x_wconf 93' lang='lat' dir='ltr'><strong>in</strong></span> <span class='ocrx_word' id='word_1_370' title='bbox 1117 2790 1328 2844; x_wconf 87' lang='lat' dir='ltr'><strong>deserta</strong></span> <span class='ocrx_word' id='word_1_371' title='bbox 1358 2797 1582 2845; x_wconf 88' lang='lat' dir='ltr'><strong>vocatus</strong></span> 
     </span>
    </p>
   </div>
   <div class='ocr_carea' id='block_1_83' title="bbox 172 2878 1610 2951">
    <p class='ocr_par' dir='ltr' id='par_1_83' title="bbox 172 2878 1610 2951">
     <span class='ocr_line' id='line_1_83' title="bbox 172 2878 1610 2951; baseline -0.001 -14"><span class='ocrx_word' id='word_1_372' title='bbox 172 2880 295 2937; x_wconf 83' lang='lat' dir='ltr'><strong>-Est</strong></span> <span class='ocrx_word' id='word_1_373' title='bbox 320 2878 567 2951; x_wconf 89' lang='lat' dir='ltr'><strong>populus,</strong></span> <span class='ocrx_word' id='word_1_374' title='bbox 600 2879 881 2951; x_wconf 87' lang='lat' dir='ltr'><strong>legemque</strong></span> <span class='ocrx_word' id='word_1_375' title='bbox 911 2880 1019 2935; x_wconf 92' lang='lat' dir='ltr'><strong>Deo</strong></span> <span class='ocrx_word' id='word_1_376' title='bbox 1045 2881 1280 2935; x_wconf 84' lang='lat' dir='ltr'><strong>donante</strong></span> <span class='ocrx_word' id='word_1_377' title='bbox 1304 2889 1610 2951; x_wconf 88' lang='lat' dir='ltr'><strong>receptans,</strong></span> 
     </span>
    </p>
   </div>
   <div class='ocr_carea' id='block_1_84' title="bbox 196 2969 1447 3039">
    <p class='ocr_par' dir='ltr' id='par_1_84' title="bbox 196 2969 1447 3039">
     <span class='ocr_line' id='line_1_84' title="bbox 196 2969 1447 3039; baseline -0.001 -14"><span class='ocrx_word' id='word_1_378' title='bbox 196 2970 431 3025; x_wconf 85' lang='lat' dir='ltr'><strong>Pellibus</strong></span> <span class='ocrx_word' id='word_1_379' title='bbox 451 2979 508 3025; x_wconf 88' lang='lat' dir='ltr'><strong>et</strong></span> <span class='ocrx_word' id='word_1_380' title='bbox 535 2969 732 3025; x_wconf 88' lang='lat' dir='ltr'><strong>tabulis</strong></span> <span class='ocrx_word' id='word_1_381' title='bbox 758 2969 989 3024; x_wconf 90' lang='lat' dir='ltr'><strong>tentoria</strong></span> <span class='ocrx_word' id='word_1_382' title='bbox 1018 2984 1170 3025; x_wconf 90' lang='lat' dir='ltr'><strong>sacra</strong></span> <span class='ocrx_word' id='word_1_383' title='bbox 1194 2970 1407 3039; x_wconf 87' lang='lat' dir='ltr'><strong>paravit</strong></span> <span class='ocrx_word' id='word_1_384' title='bbox 1431 2985 1447 3024; x_wconf 89' lang='lat'><strong>:</strong></span> 
     </span>
    </p>
   </div>
   <div class='ocr_carea' id='block_1_85' title="bbox 199 3061 1730 3131">
    <p class='ocr_par' dir='ltr' id='par_1_85' title="bbox 199 3061 1730 3131">
     <span class='ocr_line' id='line_1_85' title="bbox 199 3061 1730 3131; baseline 0 -14"><span class='ocrx_word' id='word_1_385' title='bbox 199 3063 293 3119; x_wconf 91' lang='lat' dir='ltr'><strong>Sic</strong></span> <span class='ocrx_word' id='word_1_386' title='bbox 317 3062 578 3117; x_wconf 89' lang='lat' dir='ltr'><strong>Mammcs</strong></span> <span class='ocrx_word' id='word_1_387' title='bbox 596 3062 809 3118; x_wconf 88' lang='lat' dir='ltr'><strong>deserta</strong></span> <span class='ocrx_word' id='word_1_388' title='bbox 839 3069 1047 3131; x_wconf 89' lang='lat' dir='ltr'><strong>petens,</strong></span> <span class='ocrx_word' id='word_1_389' title='bbox 1077 3062 1204 3116; x_wconf 89' lang='lat' dir='ltr'><strong>dum</strong></span> <span class='ocrx_word' id='word_1_390' title='bbox 1237 3061 1505 3117; x_wconf 89' lang='lat' dir='ltr'><strong>construit</strong></span> <span class='ocrx_word' id='word_1_391' title='bbox 1526 3061 1694 3117; x_wconf 73' lang='lat' dir='ltr'><strong>aedem</strong></span> <span class='ocrx_word' id='word_1_392' title='bbox 1715 3101 1730 3127; x_wconf 93' lang='lat'><strong>,</strong></span> 
     </span>
    </p>
   </div>
   <div class='ocr_carea' id='block_1_86' title="bbox 195 3151 1856 3223">
    <p class='ocr_par' dir='ltr' id='par_1_86' title="bbox 195 3151 1856 3223">
     <span class='ocr_line' id='line_1_86' title="bbox 195 3151 1856 3223; baseline -0.002 -13"><span class='ocrx_word' id='word_1_393' title='bbox 195 3155 407 3210; x_wconf 89' lang='lat' dir='ltr'><strong>Donum</strong></span> <span class='ocrx_word' id='word_1_394' title='bbox 435 3151 732 3223; x_wconf 86' lang='lat' dir='ltr'><strong>evangelici</strong></span> <span class='ocrx_word' id='word_1_395' title='bbox 762 3152 959 3207; x_wconf 89' lang='lat' dir='ltr'><strong>meruit</strong></span> <span class='ocrx_word' id='word_1_396' title='bbox 985 3153 1295 3208; x_wconf 77' lang='lat' dir='ltr'><strong>venerabile</strong></span> <span class='ocrx_word' id='word_1_397' title='bbox 1326 3152 1471 3208; x_wconf 90' lang='lat' dir='ltr'><strong>libri.</strong></span> <span class='ocrx_word' id='word_1_398' title='bbox 1811 3155 1856 3216; x_wconf 85' lang='lat' dir='ltr'><strong>C</strong></span> 
     </span>
    </p>
   </div>
   <div class='ocr_carea' id='block_1_87' title="bbox 196 3242 1780 3319">
    <p class='ocr_par' dir='ltr' id='par_1_87' title="bbox 196 3242 1780 3319">
     <span class='ocr_line' id='line_1_87' title="bbox 196 3242 1780 3319; baseline 0.001 -22"><span class='ocrx_word' id='word_1_399' title='bbox 196 3243 335 3307; x_wconf 83' lang='lat' dir='ltr'><strong>Huic</strong></span> <span class='ocrx_word' id='word_1_400' title='bbox 364 3243 538 3297; x_wconf 84' lang='lat' dir='ltr'><strong>instar</strong></span> <span class='ocrx_word' id='word_1_401' title='bbox 558 3242 885 3310; x_wconf 88' lang='lat' dir='ltr'><strong>Salomonis,</strong></span> <span class='ocrx_word' id='word_1_402' title='bbox 916 3252 1061 3299; x_wconf 87' lang='lat' dir='ltr'><strong>amet</strong></span> <span class='ocrx_word' id='word_1_403' title='bbox 1087 3244 1446 3319; x_wconf 82' lang='lat' dir='ltr'><strong>quodcunque</strong></span> <span class='ocrx_word' id='word_1_404' title='bbox 1472 3243 1780 3316; x_wconf 88' lang='lat' dir='ltr'><strong>petendum,</strong></span> 
     </span>
    </p>
   </div>
   <div class='ocr_carea' id='block_1_88' title="bbox 195 3330 1701 3408">
    <p class='ocr_par' dir='ltr' id='par_1_88' title="bbox 195 3330 1701 3408">
     <span class='ocr_line' id='line_1_88' title="bbox 195 3330 1701 3408; baseline 0.001 -20"><span class='ocrx_word' id='word_1_405' title='bbox 195 3330 425 3388; x_wconf 71' lang='lat' dir='ltr'><strong>leitus</strong></span> <span class='ocrx_word' id='word_1_406' title='bbox 449 3334 728 3388; x_wconf 90' lang='lat' dir='ltr'><strong>annuitur.</strong></span> <span class='ocrx_word' id='word_1_407' title='bbox 760 3331 1046 3388; x_wconf 86' lang='lat' dir='ltr'><strong>Mammem</strong></span> <span class='ocrx_word' id='word_1_408' title='bbox 1071 3350 1225 3390; x_wconf 82' lang='lat' dir='ltr'><strong>sacra</strong></span> <span class='ocrx_word' id='word_1_409' title='bbox 1257 3335 1399 3392; x_wconf 89' lang='lat' dir='ltr'><strong>dicta</strong></span> <span class='ocrx_word' id='word_1_410' title='bbox 1430 3335 1701 3408; x_wconf 79' lang='lat' dir='ltr'><strong>legentem</strong></span> 
     </span>
    </p>
   </div>
   <div class='ocr_carea' id='block_1_89' title="bbox 194 3423 1409 3494">
    <p class='ocr_par' dir='ltr' id='par_1_89' title="bbox 194 3423 1409 3494">
     <span class='ocr_line' id='line_1_89' title="bbox 194 3423 1409 3494; baseline 0.003 -16"><span class='ocrx_word' id='word_1_411' title='bbox 194 3423 454 3479; x_wconf 68' lang='lat' dir='ltr'><strong>Attonitae</strong></span> <span class='ocrx_word' id='word_1_412' title='bbox 476 3432 730 3494; x_wconf 84' lang='lat' dir='ltr'><strong>stupuere</strong></span> <span class='ocrx_word' id='word_1_413' title='bbox 758 3423 909 3490; x_wconf 75' lang='lat' dir='ltr'><strong>fene,</strong></span> <span class='ocrx_word' id='word_1_414' title='bbox 941 3425 1189 3483; x_wconf 89' lang='lat' dir='ltr'><strong>mirabile</strong></span> <span class='ocrx_word' id='word_1_415' title='bbox 1218 3427 1409 3482; x_wconf 88' lang='lat' dir='ltr'><strong>dantes</strong></span> 
     </span>
    </p>
   </div>
   <div class='ocr_carea' id='block_1_90' title="bbox 196 3513 1517 3585">
    <p class='ocr_par' dir='ltr' id='par_1_90' title="bbox 196 3513 1517 3585">
     <span class='ocr_line' id='line_1_90' title="bbox 196 3513 1517 3585; baseline 0.004 -16"><span class='ocrx_word' id='word_1_416' title='bbox 196 3513 420 3570; x_wconf 92' lang='lat' dir='ltr'><strong>Doctori</strong></span> <span class='ocrx_word' id='word_1_417' title='bbox 448 3514 808 3585; x_wconf 88' lang='lat' dir='ltr'><strong>obsequium;</strong></span> <span class='ocrx_word' id='word_1_418' title='bbox 843 3514 1092 3572; x_wconf 89' lang='lat' dir='ltr'><strong>Samsoni</strong></span> <span class='ocrx_word' id='word_1_419' title='bbox 1124 3531 1191 3573; x_wconf 88' lang='lat' dir='ltr'><strong>ex</strong></span> <span class='ocrx_word' id='word_1_420' title='bbox 1219 3532 1315 3572; x_wconf 90' lang='lat' dir='ltr'><strong>ore</strong></span> <span class='ocrx_word' id='word_1_421' title='bbox 1343 3517 1517 3575; x_wconf 87' lang='lat' dir='ltr'><strong>leonis</strong></span> 
     </span>
    </p>
   </div>
   <div class='ocr_carea' id='block_1_91' title="bbox 200 3604 1684 3678">
    <p class='ocr_par' dir='ltr' id='par_1_91' title="bbox 200 3604 1684 3678">
     <span class='ocr_line' id='line_1_91' title="bbox 200 3604 1684 3678; baseline 0.003 -15"><span class='ocrx_word' id='word_1_422' title='bbox 200 3604 275 3663; x_wconf 90' lang='lat' dir='ltr'><strong>Ut</strong></span> <span class='ocrx_word' id='word_1_423' title='bbox 303 3605 532 3661; x_wconf 91' lang='lat' dir='ltr'><strong>dulcedo</strong></span> <span class='ocrx_word' id='word_1_424' title='bbox 561 3607 685 3662; x_wconf 90' lang='lat' dir='ltr'><strong>data</strong></span> <span class='ocrx_word' id='word_1_425' title='bbox 721 3613 824 3663; x_wconf 92' lang='lat' dir='ltr'><strong>est.</strong></span> <span class='ocrx_word' id='word_1_426' title='bbox 854 3604 1097 3678; x_wconf 81' lang='lat' dir='ltr'><strong>PrOpriis</strong></span> <span class='ocrx_word' id='word_1_427' title='bbox 1121 3608 1174 3663; x_wconf 92' lang='lat' dir='ltr'><strong>in</strong></span> <span class='ocrx_word' id='word_1_428' title='bbox 1202 3611 1475 3667; x_wconf 78' lang='lat' dir='ltr'><strong>mteuibus</strong></span> <span class='ocrx_word' id='word_1_429' title='bbox 1497 3612 1684 3667; x_wconf 88' lang='lat' dir='ltr'><strong>hostes</strong></span> 
     </span>
    </p>
   </div>
   <div class='ocr_carea' id='block_1_92' title="bbox 198 3696 1435 3771">
    <p class='ocr_par' dir='ltr' id='par_1_92' title="bbox 198 3696 1435 3771">
     <span class='ocr_line' id='line_1_92' title="bbox 198 3696 1435 3771; baseline 0.005 -20"><span class='ocrx_word' id='word_1_430' title='bbox 198 3696 365 3753; x_wconf 84' lang='lat' dir='ltr'><strong>Elisei</strong></span> <span class='ocrx_word' id='word_1_431' title='bbox 391 3705 627 3752; x_wconf 88' lang='lat' dir='ltr'><strong>sectator</strong></span> <span class='ocrx_word' id='word_1_432' title='bbox 654 3697 771 3753; x_wconf 91' lang='lat' dir='ltr'><strong>alit.</strong></span> <span class='ocrx_word' id='word_1_433' title='bbox 802 3697 956 3766; x_wconf 90' lang='lat' dir='ltr'><strong>Quod</strong></span> <span class='ocrx_word' id='word_1_434' title='bbox 983 3700 1214 3771; x_wconf 87' lang='lat' dir='ltr'><strong>agrestia</strong></span> <span class='ocrx_word' id='word_1_435' title='bbox 1240 3710 1435 3771; x_wconf 87' lang='lat' dir='ltr'><strong>parent</strong></span> 
     </span>
    </p>
   </div>
   <div class='ocr_carea' id='block_1_93' title="bbox 200 3787 1678 3861">
    <p class='ocr_par' dir='ltr' id='par_1_93' title="bbox 200 3787 1678 3861">
     <span class='ocr_line' id='line_1_93' title="bbox 200 3787 1678 3861; baseline 0.005 -19"><span class='ocrx_word' id='word_1_436' title='bbox 200 3787 336 3843; x_wconf 89' lang='lat' dir='ltr'><strong>Tam</strong></span> <span class='ocrx_word' id='word_1_437' title='bbox 363 3787 547 3847; x_wconf 85' lang='lat' dir='ltr'><strong>tritum</strong></span> <span class='ocrx_word' id='word_1_438' title='bbox 576 3796 661 3842; x_wconf 92' lang='lat' dir='ltr'><strong>est</strong></span> <span class='ocrx_word' id='word_1_439' title='bbox 695 3788 918 3861; x_wconf 83' lang='lat' dir='ltr'><strong>sanctis,</strong></span> <span class='ocrx_word' id='word_1_440' title='bbox 946 3798 1005 3843; x_wconf 90' lang='lat' dir='ltr'><strong>ut</strong></span> <span class='ocrx_word' id='word_1_441' title='bbox 1030 3805 1137 3844; x_wconf 92' lang='lat' dir='ltr'><strong>non</strong></span> <span class='ocrx_word' id='word_1_442' title='bbox 1164 3791 1237 3845; x_wconf 90' lang='lat' dir='ltr'><strong>sit</strong></span> <span class='ocrx_word' id='word_1_443' title='bbox 1262 3789 1405 3847; x_wconf 88' lang='lat' dir='ltr'><strong>ferre</strong></span> <span class='ocrx_word' id='word_1_444' title='bbox 1436 3808 1678 3860; x_wconf 88' lang='lat' dir='ltr'><strong>necesse,</strong></span> 
     </span>
    </p>
   </div>
   <div class='ocr_carea' id='block_1_94' title="bbox 198 3879 1645 3953">
    <p class='ocr_par' dir='ltr' id='par_1_94' title="bbox 198 3879 1645 3953">
     <span class='ocr_line' id='line_1_94' title="bbox 198 3879 1645 3953; baseline 0.004 -17"><span class='ocrx_word' id='word_1_445' title='bbox 198 3879 314 3937; x_wconf 85' lang='lat' dir='ltr'><strong>Nec</strong></span> <span class='ocrx_word' id='word_1_446' title='bbox 342 3879 543 3933; x_wconf 92' lang='lat' dir='ltr'><strong>mirum</strong></span> <span class='ocrx_word' id='word_1_447' title='bbox 572 3880 716 3949; x_wconf 91' lang='lat' dir='ltr'><strong>quod</strong></span> <span class='ocrx_word' id='word_1_448' title='bbox 742 3879 907 3933; x_wconf 87' lang='lat' dir='ltr'><strong>stulta</strong></span> <span class='ocrx_word' id='word_1_449' title='bbox 937 3896 1154 3952; x_wconf 86' lang='lat' dir='ltr'><strong>magum</strong></span> <span class='ocrx_word' id='word_1_450' title='bbox 1184 3885 1448 3939; x_wconf 89' lang='lat' dir='ltr'><strong>sententia</strong></span> <span class='ocrx_word' id='word_1_451' title='bbox 1476 3886 1645 3953; x_wconf 81' lang='lat' dir='ltr'><strong>dixit,</strong></span> 
     </span>
    </p>
   </div>
   <div class='ocr_carea' id='block_1_95' title="bbox 198 3968 1495 4040">
    <p class='ocr_par' dir='ltr' id='par_1_95' title="bbox 198 3968 1495 4040">
     <span class='ocr_line' id='line_1_95' title="bbox 198 3968 1495 4040; baseline 0.002 -14"><span class='ocrx_word' id='word_1_452' title='bbox 198 3969 471 4026; x_wconf 82' lang='lat' dir='ltr'><strong>Belzebub</strong></span> <span class='ocrx_word' id='word_1_453' title='bbox 502 3968 789 4025; x_wconf 82' lang='lat' dir='ltr'><strong>Dominum</strong></span> <span class='ocrx_word' id='word_1_454' title='bbox 819 3968 864 4024; x_wconf 92' lang='lat' dir='ltr'><strong>si</strong></span> <span class='ocrx_word' id='word_1_455' title='bbox 891 3983 1022 4040; x_wconf 90' lang='lat' dir='ltr'><strong>gens</strong></span> <span class='ocrx_word' id='word_1_456' title='bbox 1049 3968 1234 4027; x_wconf 66' lang='lat' dir='ltr'><strong>Judaaa</strong></span> <span class='ocrx_word' id='word_1_457' title='bbox 1257 3975 1495 4029; x_wconf 88' lang='lat' dir='ltr'><strong>vocavit&#39;</strong></span> 
     </span>
    </p>
   </div>
   <div class='ocr_carea' id='block_1_96' title="bbox 197 4060 1758 4134">
    <p class='ocr_par' dir='ltr' id='par_1_96' title="bbox 197 4060 1758 4134">
     <span class='ocr_line' id='line_1_96' title="bbox 197 4060 1758 4134; baseline 0.003 -15"><span class='ocrx_word' id='word_1_458' title='bbox 197 4060 446 4133; x_wconf 90' lang='lat' dir='ltr'><strong>Cumque</strong></span> <span class='ocrx_word' id='word_1_459' title='bbox 470 4061 642 4118; x_wconf 90' lang='lat' dir='ltr'><strong>tribus</strong></span> <span class='ocrx_word' id='word_1_460' title='bbox 670 4061 873 4134; x_wconf 90' lang='lat' dir='ltr'><strong>pueris,</strong></span> <span class='ocrx_word' id='word_1_461' title='bbox 905 4063 1088 4118; x_wconf 87' lang='lat' dir='ltr'><strong>mundi</strong></span> <span class='ocrx_word' id='word_1_462' title='bbox 1118 4062 1281 4118; x_wconf 90' lang='lat' dir='ltr'><strong>simul</strong></span> <span class='ocrx_word' id='word_1_463' title='bbox 1309 4064 1449 4120; x_wconf 86' lang='lat' dir='ltr'><strong>idola</strong></span> <span class='ocrx_word' id='word_1_464' title='bbox 1475 4074 1722 4123; x_wconf 86' lang='lat' dir='ltr'><strong>temnens</strong></span> <span class='ocrx_word' id='word_1_465' title='bbox 1741 4107 1758 4134; x_wconf 89' lang='lat'><strong>,</strong></span> 
     </span>
    </p>
   </div>
   <div class='ocr_carea' id='block_1_97' title="bbox 198 4151 1612 4224">
    <p class='ocr_par' dir='ltr' id='par_1_97' title="bbox 198 4151 1612 4224">
     <span class='ocr_line' id='line_1_97' title="bbox 198 4151 1612 4224; baseline 0.001 -14"><span class='ocrx_word' id='word_1_466' title='bbox 198 4152 483 4210; x_wconf 89' lang='lat' dir='ltr'><strong>Clauditur</strong></span> <span class='ocrx_word' id='word_1_467' title='bbox 508 4151 823 4224; x_wconf 86' lang='lat' dir='ltr'><strong>ignicremis</strong></span> <span class='ocrx_word' id='word_1_468' title='bbox 845 4151 1060 4208; x_wconf 82' lang='lat' dir='ltr'><strong>ﬂamma</strong></span> <span class='ocrx_word' id='word_1_469' title='bbox 1089 4153 1336 4211; x_wconf 88' lang='lat' dir='ltr'><strong>fervente</strong></span> <span class='ocrx_word' id='word_1_470' title='bbox 1361 4156 1612 4215; x_wconf 89' lang='lat' dir='ltr'><strong>caminis.</strong></span> 
     </span>
    </p>
   </div>
   <div class='ocr_carea' id='block_1_98' title="bbox 201 4243 1616 4322">
    <p class='ocr_par' dir='ltr' id='par_1_98' title="bbox 201 4243 1616 4322">
     <span class='ocr_line' id='line_1_98' title="bbox 201 4243 1616 4322; baseline 0.008 -25"><span class='ocrx_word' id='word_1_471' title='bbox 201 4243 446 4300; x_wconf 88' lang='lat' dir='ltr'><strong>Verbera</strong></span> <span class='ocrx_word' id='word_1_472' title='bbox 468 4260 592 4300; x_wconf 92' lang='lat' dir='ltr'><strong>cum</strong></span> <span class='ocrx_word' id='word_1_473' title='bbox 616 4244 788 4301; x_wconf 87' lang='lat' dir='ltr'><strong>Paulo</strong></span> <span class='ocrx_word' id='word_1_474' title='bbox 820 4245 1036 4303; x_wconf 91' lang='lat' dir='ltr'><strong>tolerat.</strong></span> <span class='ocrx_word' id='word_1_475' title='bbox 1066 4245 1324 4303; x_wconf 86' lang='lat' dir='ltr'><strong>Sectatur</strong></span> <span class='ocrx_word' id='word_1_476' title='bbox 1352 4256 1616 4322; x_wconf 85' lang='lat' dir='ltr'><strong>utrosque</strong></span> 
     </span>
    </p>
   </div>
   <div class='ocr_carea' id='block_1_99' title="bbox 162 4336 1539 4414">
    <p class='ocr_par' dir='ltr' id='par_1_99' title="bbox 162 4336 1539 4414">
     <span class='ocr_line' id='line_1_99' title="bbox 162 4336 1539 4414; baseline 0.007 -23"><span class='ocrx_word' id='word_1_477' title='bbox 162 4356 167 4359; x_wconf 64' lang='lat'>&#39;</span> <span class='ocrx_word' id='word_1_478' title='bbox 199 4336 261 4392; x_wconf 89' lang='lat' dir='ltr'><strong>ln</strong></span> <span class='ocrx_word' id='word_1_479' title='bbox 290 4337 486 4407; x_wconf 65' lang='lat' dir='ltr'><strong>poenis,</strong></span> <span class='ocrx_word' id='word_1_480' title='bbox 513 4338 697 4393; x_wconf 89' lang='lat' dir='ltr'><strong>itidem</strong></span> <span class='ocrx_word' id='word_1_481' title='bbox 725 4339 949 4396; x_wconf 86' lang='lat' dir='ltr'><strong>vincens</strong></span> <span class='ocrx_word' id='word_1_482' title='bbox 974 4348 1216 4396; x_wconf 90' lang='lat' dir='ltr'><strong>sectatur</strong></span> <span class='ocrx_word' id='word_1_483' title='bbox 1238 4349 1503 4414; x_wconf 88' lang='lat' dir='ltr'><strong>utrosque</strong></span> <span class='ocrx_word' id='word_1_484' title='bbox 1525 4362 1539 4375; x_wconf 89' lang='grc'><strong>·</strong></span> 
     </span>
    </p>
   </div>
   <div class='ocr_carea' id='block_1_100' title="bbox 201 4429 1560 4504">
    <p class='ocr_par' dir='ltr' id='par_1_100' title="bbox 201 4429 1560 4504">
     <span class='ocr_line' id='line_1_100' title="bbox 201 4429 1560 4504; baseline 0.005 -18"><span class='ocrx_word' id='word_1_485' title='bbox 201 4429 486 4500; x_wconf 84' lang='lat' dir='ltr'><strong>Unguibus</strong></span> <span class='ocrx_word' id='word_1_486' title='bbox 511 4431 599 4486; x_wconf 91' lang='lat' dir='ltr'><strong>hic</strong></span> <span class='ocrx_word' id='word_1_487' title='bbox 626 4431 822 4498; x_wconf 90' lang='lat' dir='ltr'><strong>fossus,</strong></span> <span class='ocrx_word' id='word_1_488' title='bbox 846 4433 1015 4489; x_wconf 87' lang='lat' dir='ltr'><strong>serris</strong></span> <span class='ocrx_word' id='word_1_489' title='bbox 1042 4441 1127 4489; x_wconf 91' lang='lat' dir='ltr'><strong>est</strong></span> <span class='ocrx_word' id='word_1_490' title='bbox 1154 4443 1329 4491; x_wconf 91' lang='lat' dir='ltr'><strong>tortus</strong></span> <span class='ocrx_word' id='word_1_491' title='bbox 1352 4435 1560 4504; x_wconf 84' lang='lat' dir='ltr'><strong>Isaias;</strong></span> 
     </span>
    </p>
   </div>
   <div class='ocr_carea' id='block_1_101' title="bbox 200 4517 1870 4594">
    <p class='ocr_par' dir='ltr' id='par_1_101' title="bbox 200 4517 1870 4594">
     <span class='ocr_line' id='line_1_101' title="bbox 200 4517 1870 4594; baseline 0.001 -18"><span class='ocrx_word' id='word_1_492' title='bbox 200 4519 379 4576; x_wconf 87' lang='lat' dir='ltr'><strong>Eliam</strong></span> <span class='ocrx_word' id='word_1_493' title='bbox 407 4522 576 4588; x_wconf 88' lang='lat' dir='ltr'><strong>corvi,</strong></span> <span class='ocrx_word' id='word_1_494' title='bbox 604 4521 891 4579; x_wconf 88' lang='lat' dir='ltr'><strong>Mammem</strong></span> <span class='ocrx_word' id='word_1_495' title='bbox 917 4538 1115 4594; x_wconf 86' lang='lat' dir='ltr'><strong>pavere</strong></span> <span class='ocrx_word' id='word_1_496' title='bbox 1136 4524 1418 4583; x_wconf 82' lang='lat' dir='ltr'><strong>columbae.</strong></span> <span class='ocrx_word' id='word_1_497' title='bbox 1756 4550 1759 4557; x_wconf 89' lang='grc'>·</span> <span class='ocrx_word' id='word_1_498' title='bbox 1816 4517 1870 4578; x_wconf 93' lang='lat' dir='ltr'><strong>D</strong></span> 
     </span>
    </p>
   </div>
   <div class='ocr_carea' id='block_1_102' title="bbox 202 4610 1391 4687">
    <p class='ocr_par' dir='ltr' id='par_1_102' title="bbox 202 4610 1391 4687">
     <span class='ocr_line' id='line_1_102' title="bbox 202 4610 1391 4687; baseline 0.003 -19"><span class='ocrx_word' id='word_1_499' title='bbox 202 4610 282 4668; x_wconf 88' lang='lat' dir='ltr'><strong>Ut</strong></span> <span class='ocrx_word' id='word_1_500' title='bbox 312 4610 477 4668; x_wconf 79' lang='lat' dir='ltr'><strong>Jonas</strong></span> <span class='ocrx_word' id='word_1_501' title='bbox 502 4623 624 4670; x_wconf 92' lang='lat' dir='ltr'><strong>ceto</strong></span> <span class='ocrx_word' id='word_1_502' title='bbox 648 4615 804 4671; x_wconf 83' lang='lat' dir='ltr'><strong>vivus</strong></span> <span class='ocrx_word' id='word_1_503' title='bbox 828 4616 1083 4671; x_wconf 88' lang='lat' dir='ltr'><strong>sorbente</strong></span> <span class='ocrx_word' id='word_1_504' title='bbox 1109 4626 1391 4687; x_wconf 89' lang='lat' dir='ltr'><strong>repertus,</strong></span> 
     </span>
    </p>
   </div>
   <div class='ocr_carea' id='block_1_103' title="bbox 203 4704 1632 4783">
    <p class='ocr_par' dir='ltr' id='par_1_103' title="bbox 203 4704 1632 4783">
     <span class='ocr_line' id='line_1_103' title="bbox 203 4704 1632 4783; baseline 0.006 -21"><span class='ocrx_word' id='word_1_505' title='bbox 203 4704 302 4762; x_wconf 89' lang='lat' dir='ltr'><strong>Sic</strong></span> <span class='ocrx_word' id='word_1_506' title='bbox 327 4704 591 4763; x_wconf 90' lang='lat' dir='ltr'><strong>Mammcu</strong></span> <span class='ocrx_word' id='word_1_507' title='bbox 617 4723 835 4764; x_wconf 87' lang='lat' dir='ltr'><strong>servare</strong></span> <span class='ocrx_word' id='word_1_508' title='bbox 859 4709 1010 4776; x_wconf 72' lang='lat' dir='ltr'><strong>ferae,</strong></span> <span class='ocrx_word' id='word_1_509' title='bbox 1036 4725 1143 4766; x_wconf 90' lang='lat' dir='ltr'><strong>non</strong></span> <span class='ocrx_word' id='word_1_510' title='bbox 1169 4710 1364 4769; x_wconf 61' lang='lat' dir='ltr'><strong>ladere</strong></span> <span class='ocrx_word' id='word_1_511' title='bbox 1388 4722 1632 4783; x_wconf 88' lang='lat' dir='ltr'><strong>possunt.</strong></span> 
     </span>
    </p>
   </div>
   <div class='ocr_carea' id='block_1_104' title="bbox 202 4798 1524 4872">
    <p class='ocr_par' dir='ltr' id='par_1_104' title="bbox 202 4798 1524 4872">
     <span class='ocr_line' id='line_1_104' title="bbox 202 4798 1524 4872; baseline 0.005 -17"><span class='ocrx_word' id='word_1_512' title='bbox 202 4798 567 4870; x_wconf 87' lang='lat' dir='ltr'><strong>Opprobrium</strong></span> <span class='ocrx_word' id='word_1_513' title='bbox 592 4799 753 4856; x_wconf 85' lang='lat' dir='ltr'><strong>Elisei</strong></span> <span class='ocrx_word' id='word_1_514' title='bbox 779 4802 1012 4872; x_wconf 85' lang='lat' dir='ltr'><strong>geminis</strong></span> <span class='ocrx_word' id='word_1_515' title='bbox 1034 4802 1245 4858; x_wconf 84' lang='lat' dir='ltr'><strong>deletur</strong></span> <span class='ocrx_word' id='word_1_516' title='bbox 1269 4805 1339 4861; x_wconf 89' lang='lat' dir='ltr'><strong>ab</strong></span> <span class='ocrx_word' id='word_1_517' title='bbox 1364 4806 1524 4872; x_wconf 89' lang='lat' dir='ltr'><strong>ursis,</strong></span> 
     </span>
    </p>
   </div>
   <div class='ocr_carea' id='block_1_105' title="bbox 202 4890 1513 4957">
    <p class='ocr_par' dir='ltr' id='par_1_105' title="bbox 202 4890 1513 4957">
     <span class='ocr_line' id='line_1_105' title="bbox 202 4890 1513 4957; baseline 0.008 -10"><span class='ocrx_word' id='word_1_518' title='bbox 202 4890 277 4947; x_wconf 84' lang='lat' dir='ltr'><strong>Et</strong></span> <span class='ocrx_word' id='word_1_519' title='bbox 299 4891 382 4947; x_wconf 91' lang='lat' dir='ltr'><strong>leo</strong></span> <span class='ocrx_word' id='word_1_520' title='bbox 412 4890 714 4949; x_wconf 91' lang='lat' dir='ltr'><strong>Mammetis</strong></span> <span class='ocrx_word' id='word_1_521' title='bbox 742 4895 934 4951; x_wconf 85' lang='lat' dir='ltr'><strong>stravit</strong></span> <span class='ocrx_word' id='word_1_522' title='bbox 959 4897 1287 4954; x_wconf 68' lang='lat' dir='ltr'><strong>suavissimus</strong></span> <span class='ocrx_word' id='word_1_523' title='bbox 1311 4898 1513 4957; x_wconf 88' lang='lat' dir='ltr'><strong>hostes.</strong></span> 
     </span>
    </p>
   </div>
   <div class='ocr_carea' id='block_1_106' title="bbox 204 4981 1507 5058">
    <p class='ocr_par' dir='ltr' id='par_1_106' title="bbox 204 4981 1507 5058">
     <span class='ocr_line' id='line_1_106' title="bbox 204 4981 1507 5058; baseline 0.007 -19"><span class='ocrx_word' id='word_1_524' title='bbox 204 4981 284 5039; x_wconf 85' lang='lat' dir='ltr'><strong>Ut</strong></span> <span class='ocrx_word' id='word_1_525' title='bbox 303 4982 446 5039; x_wconf 90' lang='lat' dir='ltr'><strong>bruti</strong></span> <span class='ocrx_word' id='word_1_526' title='bbox 480 4984 739 5039; x_wconf 88' lang='lat' dir='ltr'><strong>Dominus</strong></span> <span class='ocrx_word' id='word_1_527' title='bbox 768 4985 1005 5057; x_wconf 87' lang='lat' dir='ltr'><strong>linguam</strong></span> <span class='ocrx_word' id='word_1_528' title='bbox 1031 4990 1295 5046; x_wconf 89' lang='lat' dir='ltr'><strong>reseravit</strong></span> <span class='ocrx_word' id='word_1_529' title='bbox 1321 4992 1507 5058; x_wconf 88' lang='lat' dir='ltr'><strong>aselli,</strong></span> 
     </span>
    </p>
   </div>
   <div class='ocr_carea' id='block_1_107' title="bbox 203 5072 1488 5154">
    <p class='ocr_par' dir='ltr' id='par_1_107' title="bbox 203 5072 1488 5154">
     <span class='ocr_line' id='line_1_107' title="bbox 203 5072 1488 5154; baseline 0.009 -25"><span class='ocrx_word' id='word_1_530' title='bbox 203 5072 291 5130; x_wconf 81' lang='lat' dir='ltr'><strong>Ne</strong></span> <span class='ocrx_word' id='word_1_531' title='bbox 316 5075 498 5146; x_wconf 85' lang='lat' dir='ltr'><strong>populi</strong></span> <span class='ocrx_word' id='word_1_532' title='bbox 524 5076 749 5132; x_wconf 78' lang='lat' dir='ltr'><strong>exitium</strong></span> <span class='ocrx_word' id='word_1_533' title='bbox 775 5087 927 5134; x_wconf 86' lang='lat' dir='ltr'><strong>vates</strong></span> <span class='ocrx_word' id='word_1_534' title='bbox 957 5086 1218 5135; x_wconf 89' lang='lat' dir='ltr'><strong>tractaret</strong></span> <span class='ocrx_word' id='word_1_535' title='bbox 1247 5083 1488 5154; x_wconf 87' lang='lat' dir='ltr'><strong>iniquus,</strong></span> 
     </span>
    </p>
   </div>
   <div class='ocr_carea' id='block_1_108' title="bbox 205 5162 1473 5233">
    <p class='ocr_par' dir='ltr' id='par_1_108' title="bbox 205 5162 1473 5233">
     <span class='ocr_line' id='line_1_108' title="bbox 205 5162 1473 5233; baseline 0.009 -14"><span class='ocrx_word' id='word_1_536' title='bbox 205 5162 461 5220; x_wconf 79' lang='lat' dir='ltr'><strong>Humana</strong></span> <span class='ocrx_word' id='word_1_537' title='bbox 490 5165 569 5221; x_wconf 89' lang='lat' dir='ltr'><strong>sic</strong></span> <span class='ocrx_word' id='word_1_538' title='bbox 595 5181 728 5223; x_wconf 88' lang='lat' dir='ltr'><strong>voce</strong></span> <span class='ocrx_word' id='word_1_539' title='bbox 763 5167 847 5224; x_wconf 85' lang='lat' dir='ltr'><strong>leo</strong></span> <span class='ocrx_word' id='word_1_540' title='bbox 877 5167 1182 5227; x_wconf 91' lang='lat' dir='ltr'><strong>Mammetis</strong></span> <span class='ocrx_word' id='word_1_541' title='bbox 1210 5172 1473 5233; x_wconf 87' lang='lat' dir='ltr'><strong>honorem</strong></span> 
     </span>
    </p>
   </div>
   <div class='ocr_carea' id='block_1_109' title="bbox 205 5255 1442 5342">
    <p class='ocr_par' dir='ltr' id='par_1_109' title="bbox 205 5255 1442 5342">
     <span class='ocr_line' id='line_1_109' title="bbox 205 5255 1442 5342; baseline 0.008 -28"><span class='ocrx_word' id='word_1_542' title='bbox 205 5255 495 5342; x_wconf 76' lang='lat' dir='ltr'><strong>Prtedicat,</strong></span> <span class='ocrx_word' id='word_1_543' title='bbox 519 5267 579 5314; x_wconf 89' lang='lat' dir='ltr'><strong>ut</strong></span> <span class='ocrx_word' id='word_1_544' title='bbox 603 5259 697 5316; x_wconf 89' lang='lat' dir='ltr'><strong>tali</strong></span> <span class='ocrx_word' id='word_1_545' title='bbox 718 5260 911 5317; x_wconf 91' lang='lat' dir='ltr'><strong>saltem</strong></span> <span class='ocrx_word' id='word_1_546' title='bbox 937 5262 1159 5320; x_wconf 89' lang='lat' dir='ltr'><strong>doctore</strong></span> <span class='ocrx_word' id='word_1_547' title='bbox 1181 5280 1442 5324; x_wconf 86' lang='lat' dir='ltr'><strong>cruentus</strong></span> 
     </span>
    </p>
   </div>
   <div class='ocr_carea' id='block_1_110' title="bbox 204 5349 1772 5436">
    <p class='ocr_par' dir='ltr' id='par_1_110' title="bbox 204 5349 1772 5436">
     <span class='ocr_line' id='line_1_110' title="bbox 204 5349 1772 5436; baseline 0.014 -33"><span class='ocrx_word' id='word_1_548' title='bbox 204 5349 457 5422; x_wconf 82' lang='lat' dir='ltr'><strong>Besipiat</strong></span> <span class='ocrx_word' id='word_1_549' title='bbox 476 5352 664 5423; x_wconf 89' lang='lat' dir='ltr'><strong>judex.</strong></span> <span class='ocrx_word' id='word_1_550' title='bbox 694 5354 957 5429; x_wconf 88' lang='lat' dir='ltr'><strong>Lapidum</strong></span> <span class='ocrx_word' id='word_1_551' title='bbox 987 5374 1204 5432; x_wconf 90' lang='lat' dir='ltr'><strong>quoque</strong></span> <span class='ocrx_word' id='word_1_552' title='bbox 1229 5363 1491 5433; x_wconf 90' lang='lat' dir='ltr'><strong>grandine</strong></span> <span class='ocrx_word' id='word_1_553' title='bbox 1516 5380 1736 5436; x_wconf 87' lang='lat' dir='ltr'><strong>pressus</strong></span> <span class='ocrx_word' id='word_1_554' title='bbox 1757 5408 1772 5435; x_wconf 92' lang='lat'><strong>,</strong></span> 
     </span>
    </p>
   </div>
   <div class='ocr_carea' id='block_1_111' title="bbox 207 5442 1694 5527">
    <p class='ocr_par' dir='ltr' id='par_1_111' title="bbox 207 5442 1694 5527">
     <span class='ocr_line' id='line_1_111' title="bbox 207 5442 1694 5527; baseline 0.013 -31"><span class='ocrx_word' id='word_1_555' title='bbox 207 5442 346 5498; x_wconf 91' lang='lat' dir='ltr'><strong>Cum</strong></span> <span class='ocrx_word' id='word_1_556' title='bbox 376 5444 544 5501; x_wconf 87' lang='lat' dir='ltr'><strong>Paulo</strong></span> <span class='ocrx_word' id='word_1_557' title='bbox 580 5446 965 5524; x_wconf 88' lang='lat' dir='ltr'><strong>Stephauoque</strong></span> <span class='ocrx_word' id='word_1_558' title='bbox 997 5453 1165 5510; x_wconf 92' lang='lat' dir='ltr'><strong>Deum</strong></span> <span class='ocrx_word' id='word_1_559' title='bbox 1195 5471 1295 5527; x_wconf 94' lang='lat' dir='ltr'><strong>pro</strong></span> <span class='ocrx_word' id='word_1_560' title='bbox 1327 5457 1524 5513; x_wconf 87' lang='lat' dir='ltr'><strong>talibus</strong></span> <span class='ocrx_word' id='word_1_561' title='bbox 1550 5468 1694 5527; x_wconf 90' lang='lat' dir='ltr'><strong>orat,</strong></span> 
     </span>
    </p>
   </div>
   <div class='ocr_carea' id='block_1_112' title="bbox 209 5534 1602 5617">
    <p class='ocr_par' dir='ltr' id='par_1_112' title="bbox 209 5534 1602 5617">
     <span class='ocr_line' id='line_1_112' title="bbox 209 5534 1602 5617; baseline 0.01 -27"><span class='ocrx_word' id='word_1_562' title='bbox 209 5534 534 5608; x_wconf 86' lang='lat' dir='ltr'><strong>Exemplum</strong></span> <span class='ocrx_word' id='word_1_563' title='bbox 559 5540 843 5600; x_wconf 88' lang='lat' dir='ltr'><strong>morientis</strong></span> <span class='ocrx_word' id='word_1_564' title='bbox 865 5544 1092 5612; x_wconf 87' lang='lat' dir='ltr'><strong>habens,</strong></span> <span class='ocrx_word' id='word_1_565' title='bbox 1122 5546 1175 5600; x_wconf 89' lang='lat' dir='ltr'><strong>in</strong></span> <span class='ocrx_word' id='word_1_566' title='bbox 1199 5561 1426 5617; x_wconf 91' lang='lat' dir='ltr'><strong>corpore</strong></span> <span class='ocrx_word' id='word_1_567' title='bbox 1452 5547 1602 5616; x_wconf 67' lang='lat' dir='ltr'><strong>Iesu.</strong></span> 
     </span>
    </p>
   </div>
   <div class='ocr_carea' id='block_1_113' title="bbox 210 5627 1533 5708">
    <p class='ocr_par' dir='ltr' id='par_1_113' title="bbox 210 5627 1533 5708">
     <span class='ocr_line' id='line_1_113' title="bbox 210 5627 1533 5708; baseline 0.01 -23"><span class='ocrx_word' id='word_1_568' title='bbox 210 5627 312 5686; x_wconf 74' lang='lat' dir='ltr'><strong>llis</strong></span> <span class='ocrx_word' id='word_1_569' title='bbox 332 5630 560 5706; x_wconf 90' lang='lat' dir='ltr'><strong>aliisque</strong></span> <span class='ocrx_word' id='word_1_570' title='bbox 585 5635 679 5691; x_wconf 90' lang='lat' dir='ltr'><strong>Dei</strong></span> <span class='ocrx_word' id='word_1_571' title='bbox 702 5635 1006 5696; x_wconf 88' lang='lat' dir='ltr'><strong>clarissima</strong></span> <span class='ocrx_word' id='word_1_572' title='bbox 1032 5639 1171 5698; x_wconf 89' lang='lat' dir='ltr'><strong>dona</strong></span> <span class='ocrx_word' id='word_1_573' title='bbox 1196 5640 1533 5708; x_wconf 89' lang='lat' dir='ltr'><strong>ministrans,</strong></span> 
     </span>
    </p>
   </div>
   <div class='ocr_carea' id='block_1_114' title="bbox 1459 5871 2255 5911">
    <p class='ocr_par' dir='ltr' id='par_1_114' title="bbox 1459 5871 2255 5911">
     <span class='ocr_line' id='line_1_114' title="bbox 1459 5871 2255 5911; baseline 0.001 -4"><span class='ocrx_word' id='word_1_574' title='bbox 1459 5871 2255 5911; x_wconf 53' lang='grc' dir='ltr'>ψ</span> 
     </span>
    </p>
   </div>
   <div class='ocr_carea' id='block_1_115' title="bbox 1876 770 3229 845">
    <p class='ocr_par' dir='ltr' id='par_1_115' title="bbox 1876 770 3229 845">
     <span class='ocr_line' id='line_1_115' title="bbox 1876 770 3229 845; baseline -0.001 -21"><span class='ocrx_word' id='word_1_575' title='bbox 1876 770 2048 843; x_wconf 83' lang='lat' dir='ltr'><strong>Augia</strong></span> <span class='ocrx_word' id='word_1_576' title='bbox 2082 786 2243 845; x_wconf 86' lang='lat' dir='ltr'><strong>quem</strong></span> <span class='ocrx_word' id='word_1_577' title='bbox 2273 770 2403 827; x_wconf 87' lang='lat' dir='ltr'><strong>felix</strong></span> <span class='ocrx_word' id='word_1_578' title='bbox 2432 770 2757 829; x_wconf 89' lang='lat' dir='ltr'><strong>Strabonem</strong></span> <span class='ocrx_word' id='word_1_579' title='bbox 2784 771 3010 827; x_wconf 89' lang='lat' dir='ltr'><strong>nomine</strong></span> <span class='ocrx_word' id='word_1_580' title='bbox 3039 771 3229 826; x_wconf 90' lang='lat' dir='ltr'><strong>nutrit.</strong></span> 
     </span>
    </p>
   </div>
   <div class='ocr_carea' id='block_1_116' title="bbox 3326 286 3468 344">
    <p class='ocr_par' dir='ltr' id='par_1_116' title="bbox 3326 286 3468 344">
     <span class='ocr_line' id='line_1_116' title="bbox 3326 286 3468 344; baseline 0 0"><span class='ocrx_word' id='word_1_581' title='bbox 3326 286 3468 344; x_wconf 71' lang='grc'><strong>1062</strong></span> 
     </span>
    </p>
   </div>
  </div>
