3978 6310
1737 473 1899 486 "—-

496 479 1714 514 ω

1174 606 2308 727 WALAFRIDI
2380 603 3075 718 STRABI

1907 487 2206 497 .—.—.————

1909 463 3776 495 Μ

2951 483 3409 494 -οο--ιι

1779 823 2164 882 FULDENSIS
2197 820 2490 878 ABBATIS

695 1024 1155 1184 0PERUM
1260 1017 1721 1178 (unum
1824 1014 2128 1170 PARS
2235 1008 2725 1165 TERTIA.
2781 1073 2963 1100 --
3009 905 3605 1165 unum.

1665 1283 1759 1346 (Ex
1787 1281 1962 1335 Canisii
1988 1280 2155 1344 Antiq.
2184 1277 2343 1341 Lect.,
2368 1282 2484 1330 tom.
2512 1275 2604 1341 Il.)

1196 1592 1378 1702 DE
1462 1582 2281 1708 VISIONIBUS
2364 1585 3013 1702 WETTINI
3061 1577 3095 1616 ³

1848 1823 2427 1898 ΡΒᾸΞΕΑΤΙΟ
2525 1836 2551 1857 ⁸

1605 2002 1700 2058 AD
1739 1999 2157 2057 GRIMALDUM
2197 1998 2689 2058 CAPELLANUM.

584 2277 813 2336 Domino
838 2274 1010 2340 Patri,
1040 2285 1276 2342 vereque
1321 2268 1487 2334 felici,
1511 2276 1565 2322 et
1606 2267 1896 2337 purissima
1925 2266 2100 2322 since-
2127 2268 2180 2329 Α
2207 2275 2290 2322 tas
2318 2267 2707 2338 aliquantisper
2732 2275 3022 2338 tegeretur.
3061 2267 3232 2324 Unam
3272 2269 3469 2342 itaque
3495 2271 3569 2328 ob
3599 2287 3809 2330 causam

513 2373 675 2429 ritate
722 2365 1027 2425 venerando
1071 2365 1356 2420 Garunna
1405 2359 1707 2430 capellauo,
1737 2358 2104 2414 Waurnmus
2131 2422 2146 2434 ο

514 2465 764 2521 ετιιηυε
811 2469 1028 2516 aeterna:
1073 2453 1425 2514 beatitudinis
1472 2454 1526 2508 in
1589 2451 1871 2508 Salvatore
1923 2451 2107 2508 mundi

514 2557 766 2614 salutem.

586 2649 663 2702 Ex
685 2661 812 2716 quo,
833 2645 998 2700 Pater
1017 2640 1351 2703 beatissime,
1376 2637 1629 2691 familiari
1657 2635 1888 2706 quadam
1910 2635 2109 2704 pietate

515 2738 864 2810 exiguitatem
917 2749 1091 2789 meam
1141 2731 1346 2802 dignati
1393 2729 1525 2784 estis
1572 2742 1887 2799 agnoscere,
1921 2726 2110 2780 sedulo

441 2822 450 2831 ’
515 2829 693 2887 tenaci
715 2825 973 2882 memoria
991 2822 1358 2893 amplexabar,
1376 2819 1527 2889 cujus
1543 2819 1883 2890 prmsentiam
1899 2833 2110 2873 summo

517 2921 712 2974 ardore
743 2918 1014 2979 sitiebam,
1044 2916 1183 2969 sicut
1229 2921 1282 2968 et
1313 2913 1574 2967 hactenus
1607 2927 1728 2982 ago.
1778 2911 1930 2967 Licet
1965 2912 2109 2966 enim

517 3012 678 3082 longa
736 3008 1031 3076 interjectae
1086 3005 1294 3061 telluris
1346 3005 1518 3074 spatia
1561 3013 1921 3074 sequestrent,
1970 3006 2111 3061 vasti

519 3101 784 3156 montium
816 3106 871 3153 et
911 3097 1142 3152 saltuum
1190 3095 1447 3150 dirimant
1492 3094 1787 3170 anfractus,
1818 3097 2000 3150 animo
2027 3106 2112 3151 ta-

520 3208 644 3247 men
675 3189 900 3261 spiritali
933 3189 1054 3260 igne
1078 3196 1346 3252 aestuans,
1375 3187 1621 3257 quamvis
1646 3187 1868 3253 absens,
1896 3189 2114 3245 assidue

518 3291 731 3336 vestros
774 3281 930 3351 quasi
970 3281 1238 3349 quoddam
1286 3279 1560 3348 speculum
1609 3279 1822 3335 intueor
1869 3281 2110 3337 obtutus.

520 3375 764 3444 Denique
787 3373 939 3444 jussu
969 3371 1209 3440 Adalgisi
1247 3373 1538 3427 venerandi
1569 3372 1747 3427 Patris
1775 3373 1827 3427 in
1864 3374 2114 3439 Domino,

521 3465 783 3520 visionem
830 3463 1057 3518 Wettini
1103 3463 1390 3533 propinqui
1427 3463 1591 3518 vestri
1625 3463 1672 3528 δ,
1718 3480 1880 3534 quam
1925 3467 2116 3522 beatus

521 3567 678 3628 pater
726 3556 886 3613 Hetto
918 3567 941 3596 ε
975 3557 1196 3611 urbanae
1247 3556 1540 3621 facundiae,
1571 3556 1840 3613 melliﬂuis
1893 3559 2116 3614 floribus

2208 2359 2696 2430 impossibilitatem
2763 2360 3039 2430 superavit
3093 2359 3370 2416 voluntas.
3431 2363 3811 2434 Comperimus

2207 2450 2408 2506 etenim
2461 2449 2724 2519 quosdam
2771 2466 2893 2506 esse
2938 2451 3028 2520 qui
3080 2452 3183 2506 hoc
3241 2451 3316 2506 nil
3369 2455 3624 2524 amplius
3673 2459 3810 2512 vanis

2208 2542 2433 2596 somniis
2462 2540 2842 2609 dijudicantes,
2869 2557 2966 2596 nec
2988 2542 3189 2598 habere
3216 2551 3311 2598 aut
3340 2547 3584 2600 credere
3613 2557 3706 2600 aut
3726 2565 3807 2602 aa-

2210 2633 2325 2688 dire
2353 2633 2664 2703 dignantur.
2715 2632 2866 2686 Hanc
2895 2641 3073 2687 autem
3115 2635 3617 2704 prasumptionem
3646 2647 3700 2690 ut
3731 2655 3810 2691 au-

2210 2723 2430 2788 dierint,
2460 2731 2738 2793 turgentes
2763 2732 3045 2778 assumunt
3073 2726 3124 2778 in
3155 2741 3370 2790 manus,
3397 2729 3672 2797 avidique
3697 2731 3808 2783 vitia

2209 2816 2406 2884 quibus
2428 2814 2693 2870 redundat
2728 2815 3008 2881 rimantes,
3039 2817 3205 2871 velint
3235 2818 3432 2883 nolint,
3469 2820 3660 2890 ipsum
3687 2824 3809 2891 quod

2211 2907 2441 2961 oderunt
2493 2906 2801 2972 invenient,
2863 2905 2988 2960 dum
3037 2908 3178 2976 quod
3228 2909 3422 2962 sitiunt
3480 2911 3806 2979 quaesierint.

2212 2996 2562 3067 Compulsum
2603 3006 2785 3052 tamen
2827 3013 2915 3054 me
2951 2999 3129 3053 sciant
3156 3000 3207 3054 in
3240 3001 3343 3055 hoc
3389 3005 3741 3073 prorupisse.
3766 3014 3811 3058 et

2213 3092 2371 3162 quasi
2397 3091 2630 3147 stimulis
2653 3091 2969 3162 plerumque
2998 3093 3284 3163 impulsum
3312 3096 3691 3166 scriptitasse.
3721 3098 3811 3153 Sed

2213 3192 2436 3254 propter
2472 3199 2712 3240 amorem
2740 3183 2856 3253 ejus
2885 3186 2978 3254 qui
3011 3187 3124 3242 haec
3154 3187 3316 3249 vidit,
3351 3197 3408 3242 et
3435 3191 3553 3245 ista
3582 3190 3700 3244 fieri
3728 3189 3809 3245 de

2216 3278 2493 3340 sideravit.
2517 3287 2572 3331 et
2598 3293 2684 3332 me
2715 3278 2828 3331 haec
2857 3278 3051 3334 fiducia
3078 3279 3359 3334 animavit.

2289 3372 2654 3440 Quapropter,
2681 3372 2992 3426 beatissime
3039 3371 3219 3437 Pater,
3251 3388 3440 3441 qumso
3471 3377 3811 3429 sanctitatem

2218 3473 2454 3519 vestram
2482 3477 2542 3518 ut
2565 3465 2854 3519 emendare
2878 3465 3170 3535 dignemini
3198 3465 3467 3535 quidquid
3503 3467 3560 3520 in
3594 3468 3698 3522 hoc
3724 3468 3812 3536 pit-

2221 3560 2361 3614 tacio
2410 3573 2639 3614 censura
2679 3568 2856 3612 vestra
2913 3567 3096 3627 aptum
3137 3559 3472 3613 correctioni
3525 3559 3609 3613 vel
3643 3575 3674 3612 a
3702 3574 3813 3612 rem

523 3648 818 3712 adornans,
863 3647 1128 3716 prosaicis
1181 3647 1362 3701 verbis
1414 3647 1724 3702 doctissime
1773 3650 2074 3720 composuit
2097 3690 2112 3714 ,
2144 3657 2191 3716 Β
2219 3653 2538 3708 discordans
2573 3652 2970 3707 deliberaverit.
3001 3649 3232 3706 Necesse
3265 3652 3415 3705 enim
3448 3660 3542 3706 est
3573 3663 3636 3706 ut
3675 3651 3812 3705 Eric-

523 3739 770 3793 versibus
807 3737 1138 3792 hexametris
1167 3736 1353 3790 furtim
1387 3738 1699 3806 exemplare
1728 3749 1948 3794 coactus
1974 3755 2114 3794 sum.

495 3829 653 3886 ‘ldco
683 3829 810 3884 nulli
849 3831 950 3884 hoc
975 3839 1033 3883 ut
1064 3830 1276 3900 placeat
1312 3829 1576 3894 exhibeo,
1615 3839 1823 3884 tantum
1857 3831 1998 3888 illius
2023 3847 2118 3888 vo-

526 3921 720 3975 luntati
771 3919 1028 3990 satisfeci,
1055 3928 1111 3976 et
1143 3918 1316 3986 major
1349 3930 1465 3974 crat
1512 3921 1818 3977 obedientia
1851 3939 2011 3994 quam
2043 3923 2123 3977 fa-

527 4015 721 4071 cultas.
770 4015 1018 4073 Sciebam
1067 4015 1268 4070 etenim
1317 4015 1442 4084 quia
1491 4015 1582 4084 qui
1627 4014 1960 4084 spiritalibus
1988 4015 2123 4069 viris

529 4108 888 4176 obtemperat,
915 4122 1190 4176 nunquam
1221 4114 1389 4161 errat.
1422 4105 1489 4160 Et
1519 4106 1563 4160 si
1592 4106 1645 4160 in
1675 4107 1870 4176 pedum
1901 4121 2121 4160 mensu-

530 4200 608 4255 ris
635 4207 689 4253 et
715 4197 1151 4269 synalthllal‘llm
1194 4197 1460 4267 positione
1487 4195 1669 4262 fefelli,
1702 4205 1890 4250 contra
1921 4195 2124 4250 nullum

532 4289 801 4344 luctamen
854 4287 1020 4352 inibo,
1060 4287 1184 4356 quia
1231 4288 1296 4340 ad
1343 4287 1680 4341 rumusculos
1719 4286 1747 4326 ἀ
1795 4287 2128 4357 spargendos

533 4397 641 4435 non
674 4379 784 4449 egi,
806 4380 899 4434 sed
924 4380 1102 4448 potius
1125 4380 1193 4433 ob
1214 4379 1472 4449 pr0positi
1503 4379 1606 4433 mei
1634 4379 2124 4433 conservationem.

534 4472 744 4542 Quippe
773 4475 858 4527 cui
887 4487 989 4527 nec
1017 4482 1150 4527 :etas
1181 4471 1248 4526 ad
1277 4473 1406 4527 talia
1450 4472 1739 4542 competit,
1771 4486 1870 4526 nec
1900 4471 2127 4526 scientia

535 4563 792 4634 suppetit.
832 4563 1079 4618 Scintilla
1109 4565 1356 4634 quaedam
1397 4564 1536 4618 inest
1563 4573 1617 4619 et
1640 4573 1762 4635 eget
1788 4562 1992 4618 fomite.

611 4654 666 4708 In
699 4655 800 4709 hoc
826 4663 1006 4708 autem
1050 4656 1323 4726 primitivo
1369 4655 1612 4710 carmine
1640 4671 1739 4710 nec
1775 4663 1986 4724 tempus
2018 4669 2132 4709 mo-

539 4760 724 4800 rosum
763 4747 829 4802 ad
860 4747 1126 4802 cautelam
1159 4764 1474 4803 concessum
1511 4760 1613 4813 est,
1640 4765 1740 4804 nec
1769 4748 1970 4820 proprii
2013 4763 2130 4803 ser-

542 4838 718 4892 monis
743 4840 905 4894 habui
935 4849 1278 4911 potestatem.
1307 4842 1558 4897 Arbitror
1581 4852 1760 4896 autem
1792 4841 1932 4912 quod
1963 4841 2007 4896 si
2039 4856 2136 4910 per

542 4944 764 5000 campos
790 4931 1049 4986 darentur
1073 4933 1299 5005 vagandi
1324 4933 1570 4998 inducite,
1588 4935 1880 5005 quivisscm
1903 4933 2134 4988 fortasse

547 5023 884 5079 ramusculos
930 5025 1139 5095 aliquos
1172 5027 1483 5097 decerpere,
1514 5028 1710 5098 quibus
1748 5043 1867 5083 mea
1915 5027 2136 5083 rustici-
2167 5022 2211 5085 C

618 5172 643 5199 ι
686 5160 818 5231 Vide
856 5161 1121 5216 visionum
1157 5161 1395 5231 ejusdem
1427 5162 1793 5217 narrationem
1829 5161 2130 5230 prosaicam

547 5230 688 5304 inter
726 5229 898 5304 Opera
924 5229 1196 5304 iHettonis’
1235 5233 1560 5288 Basileensis
1599 5229 1860 5304 episcopi,
1891 5231 2134 5287 Patrolo-

547 5302 648 5374 gize
677 5311 822 5374 torno
849 5301 958 5366 CV,
993 5305 1095 5358 col.
1129 5305 1251 5359 767.
1277 5304 1432 5359 EDIT.

621 5372 648 5412 δ
687 5372 878 5428 Frater
901 5375 1106 5430 scilicet
1137 5374 1414 5431 Grimaldi.
1456 5373 1613 5430 BASN.

2223 3744 2438 3800 baldum
2482 3744 2760 3800 dominum
2789 3753 2847 3798 et
2873 3742 3157 3798 Tattonem
3199 3753 3602 3814 przeccpwrem
3651 3758 3814 3798 meum

2225 3837 2342 3892 haec
2371 3851 2460 3890 res
2485 3850 2591 3890 non
2625 3835 2809 3901 lateat,
2838 3837 2964 3905 quia
2993 3833 3072 3890 fas
3100 3850 3208 3889 non
3236 3843 3322 3890 est
3350 3837 3635 3890 monacho
3671 3850 3815 3890 suun

2225 3929 2518 3999 quidquam
2558 3927 2734 3982 celare
2769 3927 3041 3982 abbatem.
3090 3926 3148 3981 Si
3179 3927 3362 3996 itaque
3407 3927 3818 3981 considerantes

2226 4023 2409 4078 nimiis
2443 4022 2586 4076 nacti
2615 4021 2816 4076 fuerint
2850 4020 3071 4076 sordere
3111 4020 3432 4084 mendaciis,
3466 4021 3660 4075 statim
3690 4034 3817 4088 pune

2228 4121 2375 4181 gent,
2409 4127 2516 4168 non
2558 4112 2870 4182 palpabunt.
2911 4111 3006 4178 ‘Et,
3039 4121 3098 4166 ut
3123 4127 3335 4176 vereor,
3367 4112 3460 4182 qui
3510 4127 3656 4181 pene
3683 4121 3819 4164 octa-

2227 4220 2355 4259 vum
2403 4204 2670 4260 decimum
2695 4203 2807 4274 jam
2853 4220 3051 4260 annum
3083 4204 3339 4273 transegi,
3372 4205 3559 4274 dignis
3591 4203 3822 4258 verberi-

2228 4297 2331 4352 bus
2354 4297 2636 4368 vapulabo.
2667 4297 2882 4366 Optime
2909 4297 3054 4352 enim
3083 4297 3182 4350 hac
3208 4305 3345 4359 arte,
3372 4296 3520 4350 sicut
3545 4305 3599 4349 et
3628 4297 3685 4348 in
3715 4294 3821 4348 aliis

2231 4389 2420 4444 imbuti
2452 4398 2596 4451 sunt,
2631 4391 2725 4444 sed
2766 4389 2944 4444 minus
2989 4389 3236 4458 diligunt.
3271 4387 3397 4441 Ideo
3428 4387 3732 4442 defendere
3755 4385 3823 4438 di-

2231 4481 2468 4552 gnemini
2511 4481 2798 4535 utilitatem
2847 4495 3045 4537 meam.
3077 4488 3130 4534 et
3155 4479 3316 4548 hujus
3344 4478 3589 4533 scedulze
3619 4477 3820 4532 inﬁrma

2233 4570 2394 4624 tueri.
2427 4570 2682 4637 Quaedam
2718 4571 2881 4624 etiam
2913 4571 3130 4625 nomina
3161 4570 3214 4623 in
3241 4578 3500 4623 contextu
3537 4567 3818 4624 occultata.

2235 4664 2326 4735 qui
2363 4664 2649 4734 diligenter
2673 4663 3100 4735 investigaverit,
3134 4663 3251 4718 istis
3273 4661 3529 4716 versibus
3572 4662 3821 4730 impressa

2235 4755 2490 4824 reperiet.
2538 4754 2682 4809 Bene
2734 4753 3033 4818 valentem,
3084 4761 3140 4807 et
3193 4751 3372 4806 Strabi
3427 4764 3752 4809 memorem,
3779 4755 3824 4798 te

2239 4847 2381 4903 Deus
2409 4848 2749 4918 omnipotens
2783 4848 2838 4902 in
2868 4858 3069 4902 aeterna
3099 4846 3354 4901 felicitate
3395 4858 3730 4900 conservare
3758 4840 3825 4894 di-

2241 4950 2453 5013 gnetur,
2483 4941 2825 4997 sanctissime
2853 4941 3033 4997 Pater.
3064 4940 3256 4995 Amen.

2314 5172 2335 5200 ε
2378 5162 2559 5234 Ahbas
2610 5163 2893 5234 Augiensis
2931 5179 3075 5218 anno
3111 5162 3236 5234 80I,
3272 5161 3604 5234 Basileensis
3632 5160 3833 5230 episco-

2238 5247 2358 5306 pus,
2384 5232 2564 5306 garoli
2594 5230 2767 5304 Magni
2799 5236 3008 5306 legatus
3037 5235 3101 5288 ad
3131 5233 3458 5306 Orientales;
3491 5230 3660 5288 Bm.

2311 5301 2337 5342 ι¹
2381 5302 2544 5360 Forte
2571 5301 2918 5372 rumusculos,
2949 5316 3006 5361 ut
3029 5305 3188 5374 paulo
3216 5303 3379 5360 infra.
3411 5301 3553 5359 Cu.
