  <div class='ocr_page' id='page_1' title='image "/cluster/home/n/w/nwhite01/storage/ocr_20150623/114/hvd.32044018909580/540.png"; bbox 0 0 3978 6310; ppageno 0'>
   <div class='ocr_carea' id='block_1_1' title="bbox 258 394 396 452">
    <p class='ocr_par' dir='ltr' id='par_1_1' title="bbox 258 394 396 452">
     <span class='ocr_line' id='line_1_1' title="bbox 258 394 396 452; baseline 0.014 -1"><span class='ocrx_word' id='word_1_1' title='bbox 258 394 396 452; x_wconf 77' lang='grc'><strong>1065</strong></span> 
     </span>
    </p>
   </div>
   <div class='ocr_carea' id='block_1_2' title="bbox 1448 373 2320 454">
    <p class='ocr_par' dir='ltr' id='par_1_2' title="bbox 1448 373 2320 454">
     <span class='ocr_line' id='line_1_2' title="bbox 1448 373 2320 454; baseline 0 -4"><span class='ocrx_word' id='word_1_2' title='bbox 1448 394 1536 451; x_wconf 75' lang='lat' dir='ltr'><strong>ns</strong></span> <span class='ocrx_word' id='word_1_3' title='bbox 1576 394 1961 454; x_wconf 73' lang='lat' dir='ltr'><strong>vrsrorusus</strong></span> <span class='ocrx_word' id='word_1_4' title='bbox 1995 373 2320 452; x_wconf 81' lang='lat' dir='ltr'><strong>WETTINI.</strong></span> 
     </span>
    </p>
   </div>
   <div class='ocr_carea' id='block_1_3' title="bbox 3379 397 3520 456">
    <p class='ocr_par' dir='ltr' id='par_1_3' title="bbox 3379 397 3520 456">
     <span class='ocr_line' id='line_1_3' title="bbox 3379 397 3520 456; baseline -0.014 0"><span class='ocrx_word' id='word_1_5' title='bbox 3379 397 3520 456; x_wconf 68' lang='lat'><strong>{066</strong></span> 
     </span>
    </p>
   </div>
   <div class='ocr_carea' id='block_1_4' title="bbox 252 536 3511 569">
    <p class='ocr_par' dir='ltr' id='par_1_4' title="bbox 252 536 3511 569">
     <span class='ocr_line' id='line_1_4' title="bbox 252 536 3511 569; baseline 0.005 -19"><span class='ocrx_word' id='word_1_6' title='bbox 252 536 3511 569; x_wconf 51' lang='grc' dir='ltr'><em>Μ</em></span> 
     </span>
    </p>
   </div>
   <div class='ocr_carea' id='block_1_5' title="bbox 1480 649 2287 732">
    <p class='ocr_par' dir='ltr' id='par_1_5' title="bbox 1480 649 2287 732">
     <span class='ocr_line' id='line_1_5' title="bbox 1480 649 2287 732; baseline 0.002 -3"><span class='ocrx_word' id='word_1_7' title='bbox 1480 649 1886 731; x_wconf 86' lang='lat' dir='ltr'><strong>INCIPIT</strong></span> <span class='ocrx_word' id='word_1_8' title='bbox 1962 653 2287 732; x_wconf 83' lang='lat' dir='ltr'><strong>LIBER.</strong></span> 
     </span>
    </p>
   </div>
   <div class='ocr_carea' id='block_1_6' title="bbox 748 903 1329 962">
    <p class='ocr_par' dir='ltr' id='par_1_6' title="bbox 748 903 1329 962">
     <span class='ocr_line' id='line_1_6' title="bbox 748 903 1329 962; baseline -0.003 0"><span class='ocrx_word' id='word_1_9' title='bbox 748 905 933 962; x_wconf 86' lang='lat' dir='ltr'><strong>Oratio</strong></span> <span class='ocrx_word' id='word_1_10' title='bbox 952 907 1022 961; x_wconf 80' lang='lat' dir='ltr'><strong>ad</strong></span> <span class='ocrx_word' id='word_1_11' title='bbox 1043 903 1329 962; x_wconf 73' lang='lat' dir='ltr'><strong>Christum.</strong></span> 
     </span>
    </p>
   </div>
   <div class='ocr_carea' id='block_1_7' title="bbox 247 999 1826 1071">
    <p class='ocr_par' dir='ltr' id='par_1_7' title="bbox 247 999 1826 1071">
     <span class='ocr_line' id='line_1_7' title="bbox 247 999 1826 1071; baseline -0.003 -12"><span class='ocrx_word' id='word_1_12' title='bbox 247 1000 484 1067; x_wconf 84' lang='lat' dir='ltr'><strong>Christe,</strong></span> <span class='ocrx_word' id='word_1_13' title='bbox 513 1013 711 1057; x_wconf 86' lang='lat' dir='ltr'><strong>novum</strong></span> <span class='ocrx_word' id='word_1_14' title='bbox 737 999 831 1071; x_wconf 86' lang='lat' dir='ltr'><strong>qui</strong></span> <span class='ocrx_word' id='word_1_15' title='bbox 873 999 1233 1070; x_wconf 61' lang='lat' dir='ltr'><strong>pascha.mihi</strong></span> <span class='ocrx_word' id='word_1_16' title='bbox 1263 999 1514 1055; x_wconf 88' lang='lat' dir='ltr'><strong>concedis</strong></span> <span class='ocrx_word' id='word_1_17' title='bbox 1538 1000 1826 1071; x_wconf 89' lang='lat' dir='ltr'><strong>agendum,</strong></span> 
     </span>
    </p>
   </div>
   <div class='ocr_carea' id='block_1_8' title="bbox 246 1092 1688 1166">
    <p class='ocr_par' dir='ltr' id='par_1_8' title="bbox 246 1092 1688 1166">
     <span class='ocr_line' id='line_1_8' title="bbox 246 1092 1688 1166; baseline 0 -16"><span class='ocrx_word' id='word_1_18' title='bbox 246 1095 471 1166; x_wconf 83' lang='lat' dir='ltr'><strong>Suscipe</strong></span> <span class='ocrx_word' id='word_1_19' title='bbox 496 1093 635 1150; x_wconf 86' lang='lat' dir='ltr'><strong>dona</strong></span> <span class='ocrx_word' id='word_1_20' title='bbox 659 1108 900 1165; x_wconf 85' lang='lat' dir='ltr'><strong>precum,</strong></span> <span class='ocrx_word' id='word_1_21' title='bbox 926 1092 1207 1165; x_wconf 84' lang='lat' dir='ltr'><strong>laudisque</strong></span> <span class='ocrx_word' id='word_1_22' title='bbox 1236 1093 1470 1149; x_wconf 86' lang='lat' dir='ltr'><strong>salubria</strong></span> <span class='ocrx_word' id='word_1_23' title='bbox 1491 1101 1688 1150; x_wconf 72' lang='lat' dir='ltr'><strong>nostra:</strong></span> 
     </span>
    </p>
   </div>
   <div class='ocr_carea' id='block_1_9' title="bbox 243 1186 1685 1257">
    <p class='ocr_par' dir='ltr' id='par_1_9' title="bbox 243 1186 1685 1257">
     <span class='ocr_line' id='line_1_9' title="bbox 243 1186 1685 1257; baseline 0.001 -16"><span class='ocrx_word' id='word_1_24' title='bbox 243 1186 400 1251; x_wconf 81' lang='lat' dir='ltr'><strong>Vota,</strong></span> <span class='ocrx_word' id='word_1_25' title='bbox 434 1187 763 1243; x_wconf 88' lang='lat' dir='ltr'><strong>voluntatem</strong></span> <span class='ocrx_word' id='word_1_26' title='bbox 787 1186 966 1257; x_wconf 91' lang='lat' dir='ltr'><strong>potius</strong></span> <span class='ocrx_word' id='word_1_27' title='bbox 993 1201 1154 1256; x_wconf 91' lang='lat' dir='ltr'><strong>quam</strong></span> <span class='ocrx_word' id='word_1_28' title='bbox 1184 1187 1323 1242; x_wconf 91' lang='lat' dir='ltr'><strong>dona</strong></span> <span class='ocrx_word' id='word_1_29' title='bbox 1355 1187 1685 1257; x_wconf 84' lang='lat' dir='ltr'><strong>requirens.‘</strong></span> 
     </span>
    </p>
   </div>
   <div class='ocr_carea' id='block_1_10' title="bbox 243 1274 1698 1354">
    <p class='ocr_par' dir='ltr' id='par_1_10' title="bbox 243 1274 1698 1354">
     <span class='ocr_line' id='line_1_10' title="bbox 243 1274 1698 1354; baseline -0.001 -17"><span class='ocrx_word' id='word_1_30' title='bbox 243 1274 514 1351; x_wconf 79' lang='lat' dir='ltr'><strong>Quantum</strong></span> <span class='ocrx_word' id='word_1_31' title='bbox 541 1295 700 1354; x_wconf 85' lang='lat' dir='ltr'><strong>posse</strong></span> <span class='ocrx_word' id='word_1_32' title='bbox 724 1279 900 1346; x_wconf 89' lang='lat' dir='ltr'><strong>dabis,</strong></span> <span class='ocrx_word' id='word_1_33' title='bbox 932 1288 1141 1334; x_wconf 90' lang='lat' dir='ltr'><strong>tantum</strong></span> <span class='ocrx_word' id='word_1_34' title='bbox 1170 1295 1288 1335; x_wconf 90' lang='lat' dir='ltr'><strong>sum</strong></span> <span class='ocrx_word' id='word_1_35' title='bbox 1316 1279 1451 1335; x_wconf 82' lang='lat' dir='ltr'><strong>velle</strong></span> <span class='ocrx_word' id='word_1_36' title='bbox 1477 1288 1698 1352; x_wconf 90' lang='lat' dir='ltr'><strong>paratus</strong></span> 
     </span>
    </p>
   </div>
   <div class='ocr_carea' id='block_1_11' title="bbox 241 1372 1654 1443">
    <p class='ocr_par' dir='ltr' id='par_1_11' title="bbox 241 1372 1654 1443">
     <span class='ocr_line' id='line_1_11' title="bbox 241 1372 1654 1443; baseline -0.004 -12"><span class='ocrx_word' id='word_1_37' title='bbox 241 1375 373 1432; x_wconf 91' lang='lat' dir='ltr'><strong>Cum</strong></span> <span class='ocrx_word' id='word_1_38' title='bbox 405 1384 493 1430; x_wconf 89' lang='lat' dir='ltr'><strong>tua</strong></span> <span class='ocrx_word' id='word_1_39' title='bbox 525 1373 782 1443; x_wconf 89' lang='lat' dir='ltr'><strong>majestas</strong></span> <span class='ocrx_word' id='word_1_40' title='bbox 803 1372 940 1429; x_wconf 84' lang='lat' dir='ltr'><strong>velle</strong></span> <span class='ocrx_word' id='word_1_41' title='bbox 968 1380 1132 1442; x_wconf 90' lang='lat' dir='ltr'><strong>atque</strong></span> <span class='ocrx_word' id='word_1_42' title='bbox 1155 1372 1339 1428; x_wconf 86' lang='lat' dir='ltr'><strong>valere</strong></span> <span class='ocrx_word' id='word_1_43' title='bbox 1367 1373 1654 1429; x_wconf 75' lang='lat' dir='ltr'><strong>ministret.</strong></span> 
     </span>
    </p>
   </div>
   <div class='ocr_carea' id='block_1_12' title="bbox 240 1464 1604 1538">
    <p class='ocr_par' dir='ltr' id='par_1_12' title="bbox 240 1464 1604 1538">
     <span class='ocr_line' id='line_1_12' title="bbox 240 1464 1604 1538; baseline -0.001 -16"><span class='ocrx_word' id='word_1_44' title='bbox 240 1466 317 1522; x_wconf 89' lang='lat' dir='ltr'><strong>Te</strong></span> <span class='ocrx_word' id='word_1_45' title='bbox 341 1481 548 1538; x_wconf 85' lang='lat' dir='ltr'><strong>precor,</strong></span> <span class='ocrx_word' id='word_1_46' title='bbox 587 1465 727 1521; x_wconf 85' lang='lat' dir='ltr'><strong>alme</strong></span> <span class='ocrx_word' id='word_1_47' title='bbox 760 1466 922 1529; x_wconf 90' lang='lat' dir='ltr'><strong>Deus,</strong></span> <span class='ocrx_word' id='word_1_48' title='bbox 950 1465 1187 1536; x_wconf 87' lang='lat' dir='ltr'><strong>pueriles</strong></span> <span class='ocrx_word' id='word_1_49' title='bbox 1213 1464 1400 1534; x_wconf 92' lang='lat' dir='ltr'><strong>disjice</strong></span> <span class='ocrx_word' id='word_1_50' title='bbox 1429 1465 1604 1532; x_wconf 92' lang='lat' dir='ltr'><strong>ludos,</strong></span> 
     </span>
    </p>
   </div>
   <div class='ocr_carea' id='block_1_13' title="bbox 239 1560 1650 1631">
    <p class='ocr_par' dir='ltr' id='par_1_13' title="bbox 239 1560 1650 1631">
     <span class='ocr_line' id='line_1_13' title="bbox 239 1560 1650 1631; baseline 0.001 -15"><span class='ocrx_word' id='word_1_51' title='bbox 239 1561 303 1616; x_wconf 83' lang='lat' dir='ltr'><strong>Et</strong></span> <span class='ocrx_word' id='word_1_52' title='bbox 332 1562 593 1616; x_wconf 89' lang='lat' dir='ltr'><strong>fermenta</strong></span> <span class='ocrx_word' id='word_1_53' title='bbox 621 1561 698 1615; x_wconf 90' lang='lat' dir='ltr'><strong>tui</strong></span> <span class='ocrx_word' id='word_1_54' title='bbox 726 1560 935 1631; x_wconf 86' lang='lat' dir='ltr'><strong>placida</strong></span> <span class='ocrx_word' id='word_1_55' title='bbox 960 1560 1138 1615; x_wconf 83' lang='lat' dir='ltr'><strong>insere</strong></span> <span class='ocrx_word' id='word_1_56' title='bbox 1162 1560 1461 1631; x_wconf 80' lang='lat' dir='ltr'><strong>dogmatis,</strong></span> <span class='ocrx_word' id='word_1_57' title='bbox 1490 1569 1550 1615; x_wconf 92' lang='lat' dir='ltr'><strong>ut</strong></span> <span class='ocrx_word' id='word_1_58' title='bbox 1577 1561 1650 1618; x_wconf 92' lang='lat' dir='ltr'><strong>sit</strong></span> 
     </span>
    </p>
   </div>
   <div class='ocr_carea' id='block_1_14' title="bbox 237 1650 1615 1721">
    <p class='ocr_par' dir='ltr' id='par_1_14' title="bbox 237 1650 1615 1721">
     <span class='ocr_line' id='line_1_14' title="bbox 237 1650 1615 1721; baseline 0.001 -14"><span class='ocrx_word' id='word_1_59' title='bbox 237 1652 437 1708; x_wconf 89' lang='lat' dir='ltr'><strong>Blanda</strong></span> <span class='ocrx_word' id='word_1_60' title='bbox 472 1652 604 1707; x_wconf 89' lang='lat' dir='ltr'><strong>mihi</strong></span> <span class='ocrx_word' id='word_1_61' title='bbox 633 1651 911 1721; x_wconf 85' lang='lat' dir='ltr'><strong>dulcisque</strong></span> <span class='ocrx_word' id='word_1_62' title='bbox 937 1650 1117 1706; x_wconf 85' lang='lat' dir='ltr'><strong>Patris</strong></span> <span class='ocrx_word' id='word_1_63' title='bbox 1143 1652 1434 1717; x_wconf 90' lang='lat' dir='ltr'><strong>sententia,</strong></span> <span class='ocrx_word' id='word_1_64' title='bbox 1461 1650 1615 1720; x_wconf 87' lang='lat' dir='ltr'><strong>cujus</strong></span> 
     </span>
    </p>
   </div>
   <div class='ocr_carea' id='block_1_15' title="bbox 235 1742 1572 1820">
    <p class='ocr_par' dir='ltr' id='par_1_15' title="bbox 235 1742 1572 1820">
     <span class='ocr_line' id='line_1_15' title="bbox 235 1742 1572 1820; baseline 0 -21"><span class='ocrx_word' id='word_1_65' title='bbox 235 1743 391 1800; x_wconf 83' lang='lat' dir='ltr'><strong>Jussa</strong></span> <span class='ocrx_word' id='word_1_66' title='bbox 419 1760 641 1815; x_wconf 91' lang='lat' dir='ltr'><strong>sequor,</strong></span> <span class='ocrx_word' id='word_1_67' title='bbox 673 1760 739 1800; x_wconf 93' lang='lat' dir='ltr'><strong>ne</strong></span> <span class='ocrx_word' id='word_1_68' title='bbox 765 1744 923 1800; x_wconf 91' lang='lat' dir='ltr'><strong>dorsa</strong></span> <span class='ocrx_word' id='word_1_69' title='bbox 950 1743 1066 1799; x_wconf 92' lang='lat' dir='ltr'><strong>fero</strong></span> <span class='ocrx_word' id='word_1_70' title='bbox 1092 1743 1333 1799; x_wconf 87' lang='lat' dir='ltr'><strong>lacerare</strong></span> <span class='ocrx_word' id='word_1_71' title='bbox 1362 1742 1572 1820; x_wconf 77' lang='lat' dir='ltr'><strong>ﬂagello</strong></span> 
     </span>
    </p>
   </div>
   <div class='ocr_carea' id='block_1_16' title="bbox 235 1837 1572 1910">
    <p class='ocr_par' dir='ltr' id='par_1_16' title="bbox 235 1837 1572 1910">
     <span class='ocr_line' id='line_1_16' title="bbox 235 1837 1572 1910; baseline 0.001 -19"><span class='ocrx_word' id='word_1_72' title='bbox 235 1837 463 1909; x_wconf 89' lang='lat' dir='ltr'><strong>Incipiat</strong></span> <span class='ocrx_word' id='word_1_73' title='bbox 491 1854 819 1910; x_wconf 85' lang='lat' dir='ltr'><strong>carmenque</strong></span> <span class='ocrx_word' id='word_1_74' title='bbox 853 1837 1034 1893; x_wconf 90' lang='lat' dir='ltr'><strong>animo</strong></span> <span class='ocrx_word' id='word_1_75' title='bbox 1063 1837 1357 1908; x_wconf 89' lang='lat' dir='ltr'><strong>reprobare</strong></span> <span class='ocrx_word' id='word_1_76' title='bbox 1387 1839 1572 1893; x_wconf 90' lang='lat' dir='ltr'><strong>citato.</strong></span> 
     </span>
    </p>
   </div>
   <div class='ocr_carea' id='block_1_17' title="bbox 237 1929 1713 2002">
    <p class='ocr_par' dir='ltr' id='par_1_17' title="bbox 237 1929 1713 2002">
     <span class='ocr_line' id='line_1_17' title="bbox 237 1929 1713 2002; baseline -0.001 -17"><span class='ocrx_word' id='word_1_77' title='bbox 237 1930 354 1986; x_wconf 83' lang='lat' dir='ltr'><strong>Non</strong></span> <span class='ocrx_word' id='word_1_78' title='bbox 376 1931 593 1987; x_wconf 85' lang='lat' dir='ltr'><strong>aliunde</strong></span> <span class='ocrx_word' id='word_1_79' title='bbox 625 1929 842 2002; x_wconf 89' lang='lat' dir='ltr'><strong>quidem</strong></span> <span class='ocrx_word' id='word_1_80' title='bbox 873 1931 1104 2000; x_wconf 91' lang='lat' dir='ltr'><strong>primum</strong></span> <span class='ocrx_word' id='word_1_81' title='bbox 1137 1944 1465 2000; x_wconf 88' lang='lat' dir='ltr'><strong>componere</strong></span> <span class='ocrx_word' id='word_1_82' title='bbox 1493 1945 1713 1987; x_wconf 87' lang='lat' dir='ltr'><strong>carmen</strong></span> 
     </span>
    </p>
   </div>
   <div class='ocr_carea' id='block_1_18' title="bbox 236 2021 1746 2093">
    <p class='ocr_par' dir='ltr' id='par_1_18' title="bbox 236 2021 1746 2093">
     <span class='ocr_line' id='line_1_18' title="bbox 236 2021 1746 2093; baseline 0 -17"><span class='ocrx_word' id='word_1_83' title='bbox 236 2021 484 2093; x_wconf 88' lang='lat' dir='ltr'><strong>Disposui</strong></span> <span class='ocrx_word' id='word_1_84' title='bbox 509 2037 692 2092; x_wconf 91' lang='lat' dir='ltr'><strong>quam,</strong></span> <span class='ocrx_word' id='word_1_85' title='bbox 721 2030 908 2077; x_wconf 90' lang='lat' dir='ltr'><strong>sancta</strong></span> <span class='ocrx_word' id='word_1_86' title='bbox 933 2035 1163 2092; x_wconf 88' lang='lat' dir='ltr'><strong>sequens</strong></span> <span class='ocrx_word' id='word_1_87' title='bbox 1189 2030 1456 2093; x_wconf 77' lang='lat' dir='ltr'><strong>praecepta</strong></span> <span class='ocrx_word' id='word_1_88' title='bbox 1483 2023 1746 2093; x_wconf 88' lang='lat' dir='ltr'><strong>priorum,</strong></span> 
     </span>
    </p>
   </div>
   <div class='ocr_carea' id='block_1_19' title="bbox 235 2114 1430 2180">
    <p class='ocr_par' dir='ltr' id='par_1_19' title="bbox 235 2114 1430 2180">
     <span class='ocr_line' id='line_1_19' title="bbox 235 2114 1430 2180; baseline 0.001 -10"><span class='ocrx_word' id='word_1_89' title='bbox 235 2114 511 2171; x_wconf 88' lang='lat' dir='ltr'><strong>Primitias</strong></span> <span class='ocrx_word' id='word_1_90' title='bbox 542 2115 752 2172; x_wconf 88' lang='lat' dir='ltr'><strong>deferre</strong></span> <span class='ocrx_word' id='word_1_91' title='bbox 779 2115 907 2180; x_wconf 89' lang='lat' dir='ltr'><strong>Deo,</strong></span> <span class='ocrx_word' id='word_1_92' title='bbox 933 2115 1019 2170; x_wconf 91' lang='lat' dir='ltr'><strong>cui</strong></span> <span class='ocrx_word' id='word_1_93' title='bbox 1041 2115 1222 2170; x_wconf 89' lang='lat' dir='ltr'><strong>cordis</strong></span> <span class='ocrx_word' id='word_1_94' title='bbox 1251 2115 1303 2169; x_wconf 93' lang='lat' dir='ltr'><strong>in</strong></span> <span class='ocrx_word' id='word_1_95' title='bbox 1335 2131 1430 2171; x_wconf 90' lang='lat' dir='ltr'><strong>ara</strong></span> 
     </span>
    </p>
   </div>
   <div class='ocr_carea' id='block_1_20' title="bbox 237 2207 1638 2279">
    <p class='ocr_par' dir='ltr' id='par_1_20' title="bbox 237 2207 1638 2279">
     <span class='ocr_line' id='line_1_20' title="bbox 237 2207 1638 2279; baseline -0.001 -15"><span class='ocrx_word' id='word_1_96' title='bbox 237 2209 429 2264; x_wconf 82' lang='lat' dir='ltr'><strong>Fertur</strong></span> <span class='ocrx_word' id='word_1_97' title='bbox 457 2209 640 2279; x_wconf 82' lang='lat' dir='ltr'><strong>adeps,</strong></span> <span class='ocrx_word' id='word_1_98' title='bbox 666 2217 866 2263; x_wconf 73' lang='lat' dir='ltr'><strong>sancta:</strong></span> <span class='ocrx_word' id='word_1_99' title='bbox 891 2223 1016 2263; x_wconf 90' lang='lat' dir='ltr'><strong>cum</strong></span> <span class='ocrx_word' id='word_1_100' title='bbox 1044 2207 1218 2263; x_wconf 90' lang='lat' dir='ltr'><strong>laudis</strong></span> <span class='ocrx_word' id='word_1_101' title='bbox 1242 2208 1409 2264; x_wconf 88' lang='lat' dir='ltr'><strong>odore</strong></span> <span class='ocrx_word' id='word_1_102' title='bbox 1433 2208 1638 2265; x_wconf 90' lang='lat' dir='ltr'><strong>litatus.</strong></span> 
     </span>
    </p>
   </div>
   <div class='ocr_carea' id='block_1_21' title="bbox 1857 907 3344 982">
    <p class='ocr_par' dir='ltr' id='par_1_21' title="bbox 1857 907 3344 982">
     <span class='ocr_line' id='line_1_21' title="bbox 1857 907 3344 982; baseline 0.008 -20"><span class='ocrx_word' id='word_1_103' title='bbox 1857 910 1908 972; x_wconf 77' lang='grc' dir='ltr'><strong>Α</strong></span> <span class='ocrx_word' id='word_1_104' title='bbox 1932 907 2138 975; x_wconf 84' lang='lat' dir='ltr'><strong>Elevat,</strong></span> <span class='ocrx_word' id='word_1_105' title='bbox 2169 909 2331 981; x_wconf 89' lang='lat' dir='ltr'><strong>inque</strong></span> <span class='ocrx_word' id='word_1_106' title='bbox 2354 909 2450 968; x_wconf 88' lang='lat' dir='ltr'><strong>Dei</strong></span> <span class='ocrx_word' id='word_1_107' title='bbox 2478 913 2686 970; x_wconf 90' lang='lat' dir='ltr'><strong>varium</strong></span> <span class='ocrx_word' id='word_1_108' title='bbox 2712 922 3038 972; x_wconf 84' lang='lat' dir='ltr'><strong>transmutat</strong></span> <span class='ocrx_word' id='word_1_109' title='bbox 3061 918 3344 982; x_wconf 84' lang='lat' dir='ltr'><strong>honorem,</strong></span> 
     </span>
    </p>
   </div>
   <div class='ocr_carea' id='block_1_22' title="bbox 1927 987 3266 1075">
    <p class='ocr_par' dir='ltr' id='par_1_22' title="bbox 1927 987 3266 1075">
     <span class='ocr_line' id='line_1_22' title="bbox 1927 987 3266 1075; baseline 0.01 -22"><span class='ocrx_word' id='word_1_110' title='bbox 1927 987 2190 1058; x_wconf 72' lang='lat' dir='ltr'><strong>Interiora</strong></span> <span class='ocrx_word' id='word_1_111' title='bbox 2216 1004 2438 1060; x_wconf 91' lang='lat' dir='ltr'><strong>medens</strong></span> <span class='ocrx_word' id='word_1_112' title='bbox 2457 1014 2619 1075; x_wconf 90' lang='lat' dir='ltr'><strong>atque</strong></span> <span class='ocrx_word' id='word_1_113' title='bbox 2647 1009 2914 1064; x_wconf 80' lang='lat' dir='ltr'><strong>exteriora</strong></span> <span class='ocrx_word' id='word_1_114' title='bbox 2943 1009 3266 1067; x_wconf 89' lang='lat' dir='ltr'><strong>reformans.</strong></span> 
     </span>
    </p>
   </div>
   <div class='ocr_carea' id='block_1_23' title="bbox 1928 1088 3374 1165">
    <p class='ocr_par' dir='ltr' id='par_1_23' title="bbox 1928 1088 3374 1165">
     <span class='ocr_line' id='line_1_23' title="bbox 1928 1088 3374 1165; baseline 0.01 -20"><span class='ocrx_word' id='word_1_115' title='bbox 1928 1088 2093 1159; x_wconf 85' lang='lat' dir='ltr'><strong>Cujus</strong></span> <span class='ocrx_word' id='word_1_116' title='bbox 2116 1093 2183 1148; x_wconf 91' lang='lat' dir='ltr'><strong>ad</strong></span> <span class='ocrx_word' id='word_1_117' title='bbox 2211 1093 2483 1165; x_wconf 89' lang='lat' dir='ltr'><strong>ingenium</strong></span> <span class='ocrx_word' id='word_1_118' title='bbox 2521 1096 2699 1152; x_wconf 91' lang='lat' dir='ltr'><strong>nullus</strong></span> <span class='ocrx_word' id='word_1_119' title='bbox 2730 1099 2860 1154; x_wconf 90' lang='lat' dir='ltr'><strong>mihi</strong></span> <span class='ocrx_word' id='word_1_120' title='bbox 2896 1115 3074 1156; x_wconf 91' lang='lat' dir='ltr'><strong>sermo</strong></span> <span class='ocrx_word' id='word_1_121' title='bbox 3106 1103 3374 1158; x_wconf 85' lang='lat' dir='ltr'><strong>redundat</strong></span> 
     </span>
    </p>
   </div>
   <div class='ocr_carea' id='block_1_24' title="bbox 1926 1180 3274 1258">
    <p class='ocr_par' dir='ltr' id='par_1_24' title="bbox 1926 1180 3274 1258">
     <span class='ocr_line' id='line_1_24' title="bbox 1926 1180 3274 1258; baseline 0.012 -23"><span class='ocrx_word' id='word_1_122' title='bbox 1926 1180 2288 1250; x_wconf 86' lang='lat' dir='ltr'><strong>Narrandum,</strong></span> <span class='ocrx_word' id='word_1_123' title='bbox 2317 1186 2531 1256; x_wconf 88' lang='lat' dir='ltr'><strong>quando</strong></span> <span class='ocrx_word' id='word_1_124' title='bbox 2553 1189 2801 1258; x_wconf 86' lang='lat' dir='ltr'><strong>specialis</strong></span> <span class='ocrx_word' id='word_1_125' title='bbox 2823 1190 2877 1244; x_wconf 93' lang='lat' dir='ltr'><strong>in</strong></span> <span class='ocrx_word' id='word_1_126' title='bbox 2903 1189 3036 1248; x_wconf 86' lang='lat' dir='ltr'><strong>orbe</strong></span> <span class='ocrx_word' id='word_1_127' title='bbox 3065 1194 3274 1250; x_wconf 79' lang='lat' dir='ltr'><strong>refulsit</strong></span> 
     </span>
    </p>
   </div>
   <div class='ocr_carea' id='block_1_25' title="bbox 1926 1271 3327 1355">
    <p class='ocr_par' dir='ltr' id='par_1_25' title="bbox 1926 1271 3327 1355">
     <span class='ocr_line' id='line_1_25' title="bbox 1926 1271 3327 1355; baseline 0.012 -29"><span class='ocrx_word' id='word_1_128' title='bbox 1926 1271 2126 1328; x_wconf 89' lang='lat' dir='ltr'><strong>Doctus</strong></span> <span class='ocrx_word' id='word_1_129' title='bbox 2154 1273 2207 1328; x_wconf 92' lang='lat' dir='ltr'><strong>in</strong></span> <span class='ocrx_word' id='word_1_130' title='bbox 2242 1275 2458 1332; x_wconf 87' lang='lat' dir='ltr'><strong>incultis</strong></span> <span class='ocrx_word' id='word_1_131' title='bbox 2475 1275 2686 1346; x_wconf 89' lang='lat' dir='ltr'><strong>jaciens</strong></span> <span class='ocrx_word' id='word_1_132' title='bbox 2705 1295 2860 1336; x_wconf 90' lang='lat' dir='ltr'><strong>sacra</strong></span> <span class='ocrx_word' id='word_1_133' title='bbox 2885 1285 3093 1339; x_wconf 86' lang='lat' dir='ltr'><strong>semina</strong></span> <span class='ocrx_word' id='word_1_134' title='bbox 3124 1286 3288 1343; x_wconf 89' lang='lat' dir='ltr'><strong>sulcis</strong></span> <span class='ocrx_word' id='word_1_135' title='bbox 3312 1306 3327 1355; x_wconf 89' lang='lat'><strong>;</strong></span> 
     </span>
    </p>
   </div>
   <div class='ocr_carea' id='block_1_26' title="bbox 1924 1362 3267 1444">
    <p class='ocr_par' dir='ltr' id='par_1_26' title="bbox 1924 1362 3267 1444">
     <span class='ocr_line' id='line_1_26' title="bbox 1924 1362 3267 1444; baseline 0.012 -26"><span class='ocrx_word' id='word_1_136' title='bbox 1924 1362 2136 1436; x_wconf 84' lang='lat' dir='ltr'><strong>Largus</strong></span> <span class='ocrx_word' id='word_1_137' title='bbox 2163 1366 2216 1420; x_wconf 89' lang='lat' dir='ltr'><strong>in</strong></span> <span class='ocrx_word' id='word_1_138' title='bbox 2244 1369 2471 1435; x_wconf 89' lang='lat' dir='ltr'><strong>auxilio,</strong></span> <span class='ocrx_word' id='word_1_139' title='bbox 2500 1370 2608 1425; x_wconf 94' lang='lat' dir='ltr'><strong>vita</strong></span> <span class='ocrx_word' id='word_1_140' title='bbox 2639 1373 2858 1442; x_wconf 90' lang='lat' dir='ltr'><strong>probus,</strong></span> <span class='ocrx_word' id='word_1_141' title='bbox 2886 1363 3042 1444; x_wconf 81' lang='lat' dir='ltr'><strong>aptus</strong></span> <span class='ocrx_word' id='word_1_142' title='bbox 3069 1379 3267 1444; x_wconf 89' lang='lat' dir='ltr'><strong>amori,</strong></span> 
     </span>
    </p>
   </div>
   <div class='ocr_carea' id='block_1_27' title="bbox 1923 1453 3352 1537">
    <p class='ocr_par' dir='ltr' id='par_1_27' title="bbox 1923 1453 3352 1537">
     <span class='ocr_line' id='line_1_27' title="bbox 1923 1453 3352 1537; baseline 0.012 -28"><span class='ocrx_word' id='word_1_143' title='bbox 1923 1453 2111 1512; x_wconf 85' lang='lat' dir='ltr'><strong>Justus</strong></span> <span class='ocrx_word' id='word_1_144' title='bbox 2140 1457 2193 1512; x_wconf 90' lang='lat' dir='ltr'><strong>in</strong></span> <span class='ocrx_word' id='word_1_145' title='bbox 2221 1459 2471 1527; x_wconf 87' lang='lat' dir='ltr'><strong>arbitrio,</strong></span> <span class='ocrx_word' id='word_1_146' title='bbox 2499 1472 2615 1516; x_wconf 89' lang='lat' dir='ltr'><strong>arte</strong></span> <span class='ocrx_word' id='word_1_147' title='bbox 2644 1479 2807 1532; x_wconf 82' lang='lat' dir='ltr'><strong>sagax</strong></span> <span class='ocrx_word' id='word_1_148' title='bbox 2825 1506 2838 1530; x_wconf 93' lang='lat'><strong>,</strong></span> <span class='ocrx_word' id='word_1_149' title='bbox 2866 1467 3158 1536; x_wconf 82' lang='lat' dir='ltr'><strong>perfectior</strong></span> <span class='ocrx_word' id='word_1_150' title='bbox 3186 1479 3310 1525; x_wconf 90' lang='lat' dir='ltr'><strong>actu</strong></span> <span class='ocrx_word' id='word_1_151' title='bbox 3338 1489 3352 1537; x_wconf 93' lang='lat'><strong>;</strong></span> 
     </span>
    </p>
   </div>
   <div class='ocr_carea' id='block_1_28' title="bbox 1925 1547 3384 1632">
    <p class='ocr_par' dir='ltr' id='par_1_28' title="bbox 1925 1547 3384 1632">
     <span class='ocr_line' id='line_1_28' title="bbox 1925 1547 3384 1632; baseline 0.012 -31"><span class='ocrx_word' id='word_1_152' title='bbox 1925 1547 2064 1616; x_wconf 86' lang='lat' dir='ltr'><strong>Quid</strong></span> <span class='ocrx_word' id='word_1_153' title='bbox 2091 1551 2271 1606; x_wconf 85' lang='lat' dir='ltr'><strong>moror</strong></span> <span class='ocrx_word' id='word_1_154' title='bbox 2307 1552 2409 1608; x_wconf 88' lang='lat' dir='ltr'><strong>ista</strong></span> <span class='ocrx_word' id='word_1_155' title='bbox 2440 1570 2663 1621; x_wconf 89' lang='lat' dir='ltr'><strong>canens,</strong></span> <span class='ocrx_word' id='word_1_156' title='bbox 2693 1574 2814 1612; x_wconf 92' lang='lat' dir='ltr'><strong>cum</strong></span> <span class='ocrx_word' id='word_1_157' title='bbox 2846 1562 3046 1629; x_wconf 92' lang='lat' dir='ltr'><strong>possim</strong></span> <span class='ocrx_word' id='word_1_158' title='bbox 3072 1563 3198 1632; x_wconf 87' lang='lat' dir='ltr'><strong>jure</strong></span> <span class='ocrx_word' id='word_1_159' title='bbox 3226 1564 3384 1620; x_wconf 82' lang='lat' dir='ltr'><strong>fateri</strong></span> 
     </span>
    </p>
   </div>
   <div class='ocr_carea' id='block_1_29' title="bbox 1924 1639 3281 1722">
    <p class='ocr_par' dir='ltr' id='par_1_29' title="bbox 1924 1639 3281 1722">
     <span class='ocr_line' id='line_1_29' title="bbox 1924 1639 3281 1722; baseline 0.013 -28"><span class='ocrx_word' id='word_1_160' title='bbox 1924 1639 2008 1696; x_wconf 87' lang='lat' dir='ltr'><strong>Me</strong></span> <span class='ocrx_word' id='word_1_161' title='bbox 2037 1644 2247 1700; x_wconf 79' lang='lat' dir='ltr'><strong>nescire</strong></span> <span class='ocrx_word' id='word_1_162' title='bbox 2271 1645 2434 1701; x_wconf 89' lang='lat' dir='ltr'><strong>alium</strong></span> <span class='ocrx_word' id='word_1_163' title='bbox 2463 1650 2552 1718; x_wconf 92' lang='lat' dir='ltr'><strong>qui</strong></span> <span class='ocrx_word' id='word_1_164' title='bbox 2581 1663 2960 1722; x_wconf 73' lang='lat' dir='ltr'><strong>compensatur</strong></span> <span class='ocrx_word' id='word_1_165' title='bbox 2985 1658 3051 1710; x_wconf 91' lang='lat' dir='ltr'><strong>ad</strong></span> <span class='ocrx_word' id='word_1_166' title='bbox 3084 1658 3281 1714; x_wconf 88' lang='lat' dir='ltr'><strong>istum?</strong></span> 
     </span>
    </p>
   </div>
   <div class='ocr_carea' id='block_1_30' title="bbox 1923 1729 3258 1814">
    <p class='ocr_par' dir='ltr' id='par_1_30' title="bbox 1923 1729 3258 1814">
     <span class='ocr_line' id='line_1_30' title="bbox 1923 1729 3258 1814; baseline 0.013 -28"><span class='ocrx_word' id='word_1_167' title='bbox 1923 1729 2146 1803; x_wconf 87' lang='lat' dir='ltr'><strong>Cogitur</strong></span> <span class='ocrx_word' id='word_1_168' title='bbox 2172 1735 2377 1793; x_wconf 89' lang='lat' dir='ltr'><strong>interea</strong></span> <span class='ocrx_word' id='word_1_169' title='bbox 2406 1742 2791 1797; x_wconf 90' lang='lat' dir='ltr'><strong>monachorum</strong></span> <span class='ocrx_word' id='word_1_170' title='bbox 2822 1755 3008 1814; x_wconf 91' lang='lat' dir='ltr'><strong>pastor</strong></span> <span class='ocrx_word' id='word_1_171' title='bbox 3038 1749 3258 1804; x_wconf 88' lang='lat' dir='ltr'><strong>haberi:</strong></span> 
     </span>
    </p>
   </div>
   <div class='ocr_carea' id='block_1_31' title="bbox 1922 1825 3262 1913">
    <p class='ocr_par' dir='ltr' id='par_1_31' title="bbox 1922 1825 3262 1913">
     <span class='ocr_line' id='line_1_31' title="bbox 1922 1825 3262 1913; baseline 0.014 -33"><span class='ocrx_word' id='word_1_172' title='bbox 1922 1825 2226 1898; x_wconf 82' lang='lat' dir='ltr'><strong>Discipulos</strong></span> <span class='ocrx_word' id='word_1_173' title='bbox 2254 1831 2453 1888; x_wconf 91' lang='lat' dir='ltr'><strong>dudum</strong></span> <span class='ocrx_word' id='word_1_174' title='bbox 2474 1875 2488 1900; x_wconf 95' lang='lat'><strong>,</strong></span> <span class='ocrx_word' id='word_1_175' title='bbox 2517 1835 2819 1906; x_wconf 88' lang='lat' dir='ltr'><strong>disponitur</strong></span> <span class='ocrx_word' id='word_1_176' title='bbox 2843 1839 2958 1908; x_wconf 90' lang='lat' dir='ltr'><strong>ipse</strong></span> <span class='ocrx_word' id='word_1_177' title='bbox 2988 1843 3262 1913; x_wconf 77' lang='lat' dir='ltr'><strong>magister.</strong></span> 
     </span>
    </p>
   </div>
   <div class='ocr_carea' id='block_1_32' title="bbox 1922 1921 3206 2008">
    <p class='ocr_par' dir='ltr' id='par_1_32' title="bbox 1922 1921 3206 2008">
     <span class='ocr_line' id='line_1_32' title="bbox 1922 1921 3206 2008; baseline 0.01 -30"><span class='ocrx_word' id='word_1_178' title='bbox 1922 1921 2173 1981; x_wconf 88' lang='lat' dir='ltr'><strong>Carceris</strong></span> <span class='ocrx_word' id='word_1_179' title='bbox 2196 1927 2309 1998; x_wconf 91' lang='lat' dir='ltr'><strong>ipse</strong></span> <span class='ocrx_word' id='word_1_180' title='bbox 2332 1927 2434 1984; x_wconf 87' lang='lat' dir='ltr'><strong>fuit</strong></span> <span class='ocrx_word' id='word_1_181' title='bbox 2459 1940 2666 1998; x_wconf 90' lang='lat' dir='ltr'><strong>custos,</strong></span> <span class='ocrx_word' id='word_1_182' title='bbox 2693 1949 2800 2002; x_wconf 92' lang='lat' dir='ltr'><strong>quo</strong></span> <span class='ocrx_word' id='word_1_183' title='bbox 2829 1950 2972 2004; x_wconf 72' lang='lat' dir='ltr'><strong>saepe</strong></span> <span class='ocrx_word' id='word_1_184' title='bbox 2998 1937 3206 2008; x_wconf 80' lang='lat' dir='ltr'><strong>cupivit</strong></span> 
     </span>
    </p>
   </div>
   <div class='ocr_carea' id='block_1_33' title="bbox 1923 2013 3350 2090">
    <p class='ocr_par' dir='ltr' id='par_1_33' title="bbox 1923 2013 3350 2090">
     <span class='ocr_line' id='line_1_33' title="bbox 1923 2013 3350 2090; baseline 0.011 -22"><span class='ocrx_word' id='word_1_185' title='bbox 1923 2013 2237 2073; x_wconf 89' lang='lat' dir='ltr'><strong>Finitimum</strong></span> <span class='ocrx_word' id='word_1_186' title='bbox 2265 2030 2582 2090; x_wconf 86' lang='lat' dir='ltr'><strong>exspectare</strong></span> <span class='ocrx_word' id='word_1_187' title='bbox 2606 2023 2771 2089; x_wconf 90' lang='lat' dir='ltr'><strong>diem,</strong></span> <span class='ocrx_word' id='word_1_188' title='bbox 2805 2034 2915 2080; x_wconf 91' lang='lat' dir='ltr'><strong>tum</strong></span> <span class='ocrx_word' id='word_1_189' title='bbox 2944 2037 3117 2082; x_wconf 90' lang='lat' dir='ltr'><strong>morte</strong></span> <span class='ocrx_word' id='word_1_190' title='bbox 3148 2029 3350 2086; x_wconf 80' lang='lat' dir='ltr'><strong>revicta</strong></span> 
     </span>
    </p>
   </div>
   <div class='ocr_carea' id='block_1_34' title="bbox 1924 2107 3231 2185">
    <p class='ocr_par' dir='ltr' id='par_1_34' title="bbox 1924 2107 3231 2185">
     <span class='ocr_line' id='line_1_34' title="bbox 1924 2107 3231 2185; baseline 0.011 -22"><span class='ocrx_word' id='word_1_191' title='bbox 1924 2107 2294 2184; x_wconf 89' lang='lat' dir='ltr'><strong>Perpetuaque</strong></span> <span class='ocrx_word' id='word_1_192' title='bbox 2321 2113 2450 2182; x_wconf 83' lang='lat' dir='ltr'><strong>frui,</strong></span> <span class='ocrx_word' id='word_1_193' title='bbox 2479 2115 2697 2173; x_wconf 90' lang='lat' dir='ltr'><strong>Christo</strong></span> <span class='ocrx_word' id='word_1_194' title='bbox 2729 2119 2983 2185; x_wconf 90' lang='lat' dir='ltr'><strong>donante,</strong></span> <span class='ocrx_word' id='word_1_195' title='bbox 3007 2137 3231 2178; x_wconf 90' lang='lat' dir='ltr'><strong>corona.</strong></span> 
     </span>
    </p>
   </div>
   <div class='ocr_carea' id='block_1_35' title="bbox 1922 2208 3233 2288">
    <p class='ocr_par' dir='ltr' id='par_1_35' title="bbox 1922 2208 3233 2288">
     <span class='ocr_line' id='line_1_35' title="bbox 1922 2208 3233 2288; baseline 0.008 -25"><span class='ocrx_word' id='word_1_196' title='bbox 1922 2208 2158 2265; x_wconf 72' lang='lat' dir='ltr'><strong>Vocibus</strong></span> <span class='ocrx_word' id='word_1_197' title='bbox 2187 2210 2239 2264; x_wconf 92' lang='lat' dir='ltr'><strong>in</strong></span> <span class='ocrx_word' id='word_1_198' title='bbox 2265 2221 2471 2282; x_wconf 88' lang='lat' dir='ltr'><strong>septem</strong></span> <span class='ocrx_word' id='word_1_199' title='bbox 2502 2213 2546 2269; x_wconf 93' lang='lat' dir='ltr'><strong>si</strong></span> <span class='ocrx_word' id='word_1_200' title='bbox 2569 2226 2783 2285; x_wconf 88' lang='lat' dir='ltr'><strong>promat</strong></span> <span class='ocrx_word' id='word_1_201' title='bbox 2810 2217 2973 2272; x_wconf 91' lang='lat' dir='ltr'><strong>verba</strong></span> <span class='ocrx_word' id='word_1_202' title='bbox 3002 2217 3233 2288; x_wconf 87' lang='lat' dir='ltr'><strong>palatus,</strong></span> 
     </span>
    </p>
   </div>
   <div class='ocr_carea' id='block_1_36' title="bbox 231 2289 3303 2375">
    <p class='ocr_par' dir='ltr' id='par_1_36' title="bbox 231 2289 3303 2375">
     <span class='ocr_line' id='line_1_36' title="bbox 231 2289 3303 2375; baseline 0.005 -17"><span class='ocrx_word' id='word_1_203' title='bbox 231 2300 358 2358; x_wconf 79' lang='lat' dir='ltr'><strong>Jesu</strong></span> <span class='ocrx_word' id='word_1_204' title='bbox 385 2301 618 2366; x_wconf 87' lang='lat' dir='ltr'><strong>Christe,</strong></span> <span class='ocrx_word' id='word_1_205' title='bbox 649 2301 829 2356; x_wconf 90' lang='lat' dir='ltr'><strong>crucis</strong></span> <span class='ocrx_word' id='word_1_206' title='bbox 855 2317 986 2372; x_wconf 81' lang='lat' dir='ltr'><strong>rogo</strong></span> <span class='ocrx_word' id='word_1_207' title='bbox 1013 2317 1111 2372; x_wconf 90' lang='lat' dir='ltr'><strong>per</strong></span> <span class='ocrx_word' id='word_1_208' title='bbox 1132 2302 1325 2357; x_wconf 90' lang='lat' dir='ltr'><strong>merita</strong></span> <span class='ocrx_word' id='word_1_209' title='bbox 1349 2302 1491 2358; x_wconf 90' lang='lat' dir='ltr'><strong>alma</strong></span> <span class='ocrx_word' id='word_1_210' title='bbox 1519 2315 1748 2362; x_wconf 72' lang='lat' dir='ltr'><strong>sacratte</strong></span> <span class='ocrx_word' id='word_1_211' title='bbox 1846 2289 1896 2350; x_wconf 82' lang='lat' dir='ltr'><strong>B</strong></span> <span class='ocrx_word' id='word_1_212' title='bbox 1922 2298 2038 2356; x_wconf 84' lang='lat' dir='ltr'><strong>Non</strong></span> <span class='ocrx_word' id='word_1_213' title='bbox 2063 2301 2171 2356; x_wconf 86' lang='lat' dir='ltr'><strong>erit</strong></span> <span class='ocrx_word' id='word_1_214' title='bbox 2197 2302 2304 2357; x_wconf 90' lang='lat' dir='ltr'><strong>ulla</strong></span> <span class='ocrx_word' id='word_1_215' title='bbox 2331 2313 2508 2360; x_wconf 93' lang='lat' dir='ltr'><strong>tamen</strong></span> <span class='ocrx_word' id='word_1_216' title='bbox 2545 2309 2799 2362; x_wconf 86' lang='lat' dir='ltr'><strong>narrandi</strong></span> <span class='ocrx_word' id='word_1_217' title='bbox 2831 2318 3025 2366; x_wconf 91' lang='lat' dir='ltr'><strong>cuncta</strong></span> <span class='ocrx_word' id='word_1_218' title='bbox 3057 2310 3303 2375; x_wconf 75' lang='lat' dir='ltr'><strong>facultas.</strong></span> 
     </span>
    </p>
   </div>
   <div class='ocr_carea' id='block_1_37' title="bbox 233 2393 1562 2466">
    <p class='ocr_par' dir='ltr' id='par_1_37' title="bbox 233 2393 1562 2466">
     <span class='ocr_line' id='line_1_37' title="bbox 233 2393 1562 2466; baseline 0.002 -18"><span class='ocrx_word' id='word_1_219' title='bbox 233 2394 410 2464; x_wconf 87' lang='lat' dir='ltr'><strong>Atque</strong></span> <span class='ocrx_word' id='word_1_220' title='bbox 432 2395 764 2466; x_wconf 80' lang='lat' dir='ltr'><strong>resurgentis</strong></span> <span class='ocrx_word' id='word_1_221' title='bbox 788 2408 884 2464; x_wconf 91' lang='lat' dir='ltr'><strong>per</strong></span> <span class='ocrx_word' id='word_1_222' title='bbox 913 2393 1146 2448; x_wconf 86' lang='lat' dir='ltr'><strong>maxima</strong></span> <span class='ocrx_word' id='word_1_223' title='bbox 1175 2394 1310 2450; x_wconf 88' lang='lat' dir='ltr'><strong>festa</strong></span> <span class='ocrx_word' id='word_1_224' title='bbox 1346 2394 1562 2464; x_wconf 88' lang='lat' dir='ltr'><strong>Leonis,</strong></span> 
     </span>
    </p>
   </div>
   <div class='ocr_carea' id='block_1_38' title="bbox 237 2482 1588 2553">
    <p class='ocr_par' dir='ltr' id='par_1_38' title="bbox 237 2482 1588 2553">
     <span class='ocr_line' id='line_1_38' title="bbox 237 2482 1588 2553; baseline 0.005 -17"><span class='ocrx_word' id='word_1_225' title='bbox 237 2482 405 2553; x_wconf 87' lang='lat' dir='ltr'><strong>Cujus</strong></span> <span class='ocrx_word' id='word_1_226' title='bbox 434 2485 587 2538; x_wconf 87' lang='lat' dir='ltr'><strong>adest</strong></span> <span class='ocrx_word' id='word_1_227' title='bbox 619 2483 778 2539; x_wconf 87' lang='lat' dir='ltr'><strong>hodie</strong></span> <span class='ocrx_word' id='word_1_228' title='bbox 803 2482 996 2540; x_wconf 89' lang='lat' dir='ltr'><strong>festum</strong></span> <span class='ocrx_word' id='word_1_229' title='bbox 1020 2485 1328 2541; x_wconf 87' lang='lat' dir='ltr'><strong>venerabile</strong></span> <span class='ocrx_word' id='word_1_230' title='bbox 1354 2487 1588 2553; x_wconf 86' lang='lat' dir='ltr'><strong>cunctis,</strong></span> 
     </span>
    </p>
   </div>
   <div class='ocr_carea' id='block_1_39' title="bbox 235 2575 1438 2649">
    <p class='ocr_par' dir='ltr' id='par_1_39' title="bbox 235 2575 1438 2649">
     <span class='ocr_line' id='line_1_39' title="bbox 235 2575 1438 2649; baseline 0.004 -17"><span class='ocrx_word' id='word_1_231' title='bbox 235 2575 304 2632; x_wconf 87' lang='lat' dir='ltr'><strong>Ut</strong></span> <span class='ocrx_word' id='word_1_232' title='bbox 334 2591 422 2632; x_wconf 91' lang='lat' dir='ltr'><strong>me</strong></span> <span class='ocrx_word' id='word_1_233' title='bbox 445 2576 683 2649; x_wconf 82' lang='lat' dir='ltr'><strong>digneris</strong></span> <span class='ocrx_word' id='word_1_234' title='bbox 713 2578 858 2633; x_wconf 83' lang='lat' dir='ltr'><strong>vitiis</strong></span> <span class='ocrx_word' id='word_1_235' title='bbox 881 2579 1143 2634; x_wconf 90' lang='lat' dir='ltr'><strong>mundare</strong></span> <span class='ocrx_word' id='word_1_236' title='bbox 1171 2578 1438 2646; x_wconf 86' lang='lat' dir='ltr'><strong>nefandis,</strong></span> 
     </span>
    </p>
   </div>
   <div class='ocr_carea' id='block_1_40' title="bbox 234 2667 1814 2740">
    <p class='ocr_par' dir='ltr' id='par_1_40' title="bbox 234 2667 1814 2740">
     <span class='ocr_line' id='line_1_40' title="bbox 234 2667 1814 2740; baseline 0.003 -18"><span class='ocrx_word' id='word_1_237' title='bbox 234 2667 312 2725; x_wconf 84' lang='lat' dir='ltr'><strong>Ne</strong></span> <span class='ocrx_word' id='word_1_238' title='bbox 339 2668 482 2739; x_wconf 91' lang='lat' dir='ltr'><strong>quod</strong></span> <span class='ocrx_word' id='word_1_239' title='bbox 530 2685 660 2724; x_wconf 87' lang='lat' dir='ltr'><strong>voce</strong></span> <span class='ocrx_word' id='word_1_240' title='bbox 700 2670 889 2740; x_wconf 91' lang='lat' dir='ltr'><strong>probo,</strong></span> <span class='ocrx_word' id='word_1_241' title='bbox 918 2670 1021 2725; x_wconf 91' lang='lat' dir='ltr'><strong>hoc</strong></span> <span class='ocrx_word' id='word_1_242' title='bbox 1044 2679 1230 2726; x_wconf 91' lang='lat' dir='ltr'><strong>nostro</strong></span> <span class='ocrx_word' id='word_1_243' title='bbox 1259 2671 1546 2727; x_wconf 89' lang='lat' dir='ltr'><strong>damnetur</strong></span> <span class='ocrx_word' id='word_1_244' title='bbox 1571 2673 1626 2728; x_wconf 92' lang='lat' dir='ltr'><strong>in</strong></span> <span class='ocrx_word' id='word_1_245' title='bbox 1669 2683 1814 2730; x_wconf 89' lang='lat' dir='ltr'><strong>actu.</strong></span> 
     </span>
    </p>
   </div>
   <div class='ocr_carea' id='block_1_41' title="bbox 234 2760 1778 2837">
    <p class='ocr_par' dir='ltr' id='par_1_41' title="bbox 234 2760 1778 2837">
     <span class='ocr_line' id='line_1_41' title="bbox 234 2760 1778 2837; baseline 0.006 -23"><span class='ocrx_word' id='word_1_246' title='bbox 234 2760 372 2829; x_wconf 91' lang='lat' dir='ltr'><strong>Quid</strong></span> <span class='ocrx_word' id='word_1_247' title='bbox 398 2761 588 2831; x_wconf 90' lang='lat' dir='ltr'><strong>loquar</strong></span> <span class='ocrx_word' id='word_1_248' title='bbox 620 2761 881 2818; x_wconf 89' lang='lat' dir='ltr'><strong>ulterius?</strong></span> <span class='ocrx_word' id='word_1_249' title='bbox 907 2763 1092 2818; x_wconf 88' lang='lat' dir='ltr'><strong>mundi</strong></span> <span class='ocrx_word' id='word_1_250' title='bbox 1121 2766 1399 2828; x_wconf 89' lang='lat' dir='ltr'><strong>miserere,</strong></span> <span class='ocrx_word' id='word_1_251' title='bbox 1428 2764 1778 2837; x_wconf 83' lang='lat' dir='ltr'><strong>Redemptor,</strong></span> 
     </span>
    </p>
   </div>
   <div class='ocr_carea' id='block_1_42' title="bbox 236 2852 1570 2924">
    <p class='ocr_par' dir='ltr' id='par_1_42' title="bbox 236 2852 1570 2924">
     <span class='ocr_line' id='line_1_42' title="bbox 236 2852 1570 2924; baseline 0.005 -18"><span class='ocrx_word' id='word_1_252' title='bbox 236 2852 441 2924; x_wconf 88' lang='lat' dir='ltr'><strong>Perque</strong></span> <span class='ocrx_word' id='word_1_253' title='bbox 465 2854 748 2923; x_wconf 88' lang='lat' dir='ltr'><strong>potestatis</strong></span> <span class='ocrx_word' id='word_1_254' title='bbox 774 2869 971 2910; x_wconf 91' lang='lat' dir='ltr'><strong>numen</strong></span> <span class='ocrx_word' id='word_1_255' title='bbox 997 2871 1256 2912; x_wconf 86' lang='lat' dir='ltr'><strong>succurre</strong></span> <span class='ocrx_word' id='word_1_256' title='bbox 1290 2854 1570 2913; x_wconf 90' lang='lat' dir='ltr'><strong>triformis.</strong></span> 
     </span>
    </p>
   </div>
   <div class='ocr_carea' id='block_1_43' title="bbox 235 2967 1818 3044">
    <p class='ocr_par' dir='ltr' id='par_1_43' title="bbox 235 2967 1818 3044">
     <span class='ocr_line' id='line_1_43' title="bbox 235 2967 1818 3044; baseline 0.003 -21"><span class='ocrx_word' id='word_1_257' title='bbox 235 2967 311 3023; x_wconf 82' lang='lat' dir='ltr'><strong>De</strong></span> <span class='ocrx_word' id='word_1_258' title='bbox 344 2967 614 3023; x_wconf 83' lang='lat' dir='ltr'><strong>abbatibus</strong></span> <span class='ocrx_word' id='word_1_259' title='bbox 646 2967 1009 3044; x_wconf 67' lang='lat' dir='ltr'><strong>Augieasibus.</strong></span> <span class='ocrx_word' id='word_1_260' title='bbox 1045 3002 1116 3011; x_wconf 91' lang='lat'><strong>—</strong></span> <span class='ocrx_word' id='word_1_261' title='bbox 1143 2969 1379 3026; x_wconf 82' lang='lat' dir='ltr'><strong>Hettom&#39;s</strong></span> <span class='ocrx_word' id='word_1_262' title='bbox 1413 2972 1658 3040; x_wconf 82' lang='lat' dir='ltr'><strong>pueritia,</strong></span> <span class='ocrx_word' id='word_1_263' title='bbox 1681 2990 1818 3044; x_wconf 80' lang='lat' dir='ltr'><strong>pra:—</strong></span> 
     </span>
    </p>
   </div>
   <div class='ocr_carea' id='block_1_44' title="bbox 805 3040 1208 3108">
    <p class='ocr_par' dir='ltr' id='par_1_44' title="bbox 805 3040 1208 3108">
     <span class='ocr_line' id='line_1_44' title="bbox 805 3040 1208 3108; baseline 0.005 -14"><span class='ocrx_word' id='word_1_264' title='bbox 805 3040 1028 3108; x_wconf 77' lang='lat' dir='ltr'><strong>fectura,</strong></span> <span class='ocrx_word' id='word_1_265' title='bbox 1049 3059 1208 3096; x_wconf 78' lang='lat' dir='ltr'><strong>mors.</strong></span> 
     </span>
    </p>
   </div>
   <div class='ocr_carea' id='block_1_45' title="bbox 235 3129 1688 3210">
    <p class='ocr_par' dir='ltr' id='par_1_45' title="bbox 235 3129 1688 3210">
     <span class='ocr_line' id='line_1_45' title="bbox 235 3129 1688 3210; baseline 0.004 -25"><span class='ocrx_word' id='word_1_266' title='bbox 235 3129 456 3188; x_wconf 79' lang='lat' dir='ltr'><strong>Rhenus</strong></span> <span class='ocrx_word' id='word_1_267' title='bbox 481 3133 549 3188; x_wconf 88' lang='lat' dir='ltr'><strong>ab</strong></span> <span class='ocrx_word' id='word_1_268' title='bbox 577 3132 832 3187; x_wconf 85' lang='lat' dir='ltr'><strong>Ausoniis</strong></span> <span class='ocrx_word' id='word_1_269' title='bbox 856 3149 963 3203; x_wconf 88' lang='lat' dir='ltr'><strong>quo</strong></span> <span class='ocrx_word' id='word_1_270' title='bbox 992 3134 1208 3190; x_wconf 87' lang='lat' dir='ltr'><strong>ducitur</strong></span> <span class='ocrx_word' id='word_1_271' title='bbox 1227 3135 1472 3205; x_wconf 82' lang='lat' dir='ltr'><strong>Alpibus,</strong></span> <span class='ocrx_word' id='word_1_272' title='bbox 1501 3152 1688 3210; x_wconf 66' lang='lat' dir='ltr'><strong>aequor</strong></span> 
     </span>
    </p>
   </div>
   <div class='ocr_carea' id='block_1_46' title="bbox 232 3221 1572 3298">
    <p class='ocr_par' dir='ltr' id='par_1_46' title="bbox 232 3221 1572 3298">
     <span class='ocr_line' id='line_1_46' title="bbox 232 3221 1572 3298; baseline 0.004 -21"><span class='ocrx_word' id='word_1_273' title='bbox 232 3221 442 3288; x_wconf 83' lang='lat' dir='ltr'><strong>Miscet,</strong></span> <span class='ocrx_word' id='word_1_274' title='bbox 476 3222 529 3276; x_wconf 90' lang='lat' dir='ltr'><strong>in</strong></span> <span class='ocrx_word' id='word_1_275' title='bbox 557 3222 797 3278; x_wconf 89' lang='lat' dir='ltr'><strong>occiduis</strong></span> <span class='ocrx_word' id='word_1_276' title='bbox 821 3221 1048 3279; x_wconf 83' lang='lat' dir='ltr'><strong>dill‘usus</strong></span> <span class='ocrx_word' id='word_1_277' title='bbox 1082 3227 1348 3295; x_wconf 90' lang='lat' dir='ltr'><strong>partibus,</strong></span> <span class='ocrx_word' id='word_1_278' title='bbox 1381 3226 1572 3298; x_wconf 90' lang='lat' dir='ltr'><strong>ingens</strong></span> 
     </span>
    </p>
   </div>
   <div class='ocr_carea' id='block_1_47' title="bbox 234 3314 1732 3392">
    <p class='ocr_par' dir='ltr' id='par_1_47' title="bbox 234 3314 1732 3392">
     <span class='ocr_line' id='line_1_47' title="bbox 234 3314 1732 3392; baseline 0.003 -23"><span class='ocrx_word' id='word_1_279' title='bbox 234 3314 380 3371; x_wconf 87' lang='lat' dir='ltr'><strong>[llius</strong></span> <span class='ocrx_word' id='word_1_280' title='bbox 411 3316 464 3370; x_wconf 93' lang='lat' dir='ltr'><strong>in</strong></span> <span class='ocrx_word' id='word_1_281' title='bbox 488 3315 666 3371; x_wconf 91' lang='lat' dir='ltr'><strong>medio</strong></span> <span class='ocrx_word' id='word_1_282' title='bbox 692 3317 1037 3387; x_wconf 89' lang='lat' dir='ltr'><strong>suspenditur</strong></span> <span class='ocrx_word' id='word_1_283' title='bbox 1068 3317 1239 3372; x_wconf 91' lang='lat' dir='ltr'><strong>insula</strong></span> <span class='ocrx_word' id='word_1_284' title='bbox 1263 3317 1447 3385; x_wconf 87' lang='lat' dir='ltr'><strong>fluctu,</strong></span> <span class='ocrx_word' id='word_1_285' title='bbox 1724 3385 1732 3392; x_wconf 87' lang='lat'>_</span> 
     </span>
    </p>
   </div>
   <div class='ocr_carea' id='block_1_48' title="bbox 231 3407 1743 3480">
    <p class='ocr_par' dir='ltr' id='par_1_48' title="bbox 231 3407 1743 3480">
     <span class='ocr_line' id='line_1_48' title="bbox 231 3407 1743 3480; baseline 0.005 -18"><span class='ocrx_word' id='word_1_286' title='bbox 231 3407 406 3480; x_wconf 85' lang='lat' dir='ltr'><strong>Augia</strong></span> <span class='ocrx_word' id='word_1_287' title='bbox 433 3423 629 3463; x_wconf 89' lang='lat' dir='ltr'><strong>nomen</strong></span> <span class='ocrx_word' id='word_1_288' title='bbox 657 3408 890 3474; x_wconf 89' lang='lat' dir='ltr'><strong>habens,</strong></span> <span class='ocrx_word' id='word_1_289' title='bbox 912 3408 1058 3478; x_wconf 67' lang='lat' dir='ltr'><strong>jaret</strong></span> <span class='ocrx_word' id='word_1_290' title='bbox 1089 3411 1230 3466; x_wconf 90' lang='lat' dir='ltr'><strong>hanc</strong></span> <span class='ocrx_word' id='word_1_291' title='bbox 1257 3412 1546 3468; x_wconf 85' lang='lat' dir='ltr'><strong>Germania</strong></span> <span class='ocrx_word' id='word_1_292' title='bbox 1578 3414 1743 3470; x_wconf 90' lang='lat' dir='ltr'><strong>circa.</strong></span> 
     </span>
    </p>
   </div>
   <div class='ocr_carea' id='block_1_49' title="bbox 232 3498 1707 3575">
    <p class='ocr_par' dir='ltr' id='par_1_49' title="bbox 232 3498 1707 3575">
     <span class='ocr_line' id='line_1_49' title="bbox 232 3498 1707 3575; baseline 0.004 -21"><span class='ocrx_word' id='word_1_293' title='bbox 232 3498 360 3555; x_wconf 60' lang='lat' dir='ltr'><strong>Haec</strong></span> <span class='ocrx_word' id='word_1_294' title='bbox 385 3499 521 3556; x_wconf 88' lang='lat' dir='ltr'><strong>solet</strong></span> <span class='ocrx_word' id='word_1_295' title='bbox 543 3501 786 3573; x_wconf 89' lang='lat' dir='ltr'><strong>egregias</strong></span> <span class='ocrx_word' id='word_1_296' title='bbox 814 3503 1202 3558; x_wconf 89' lang='lat' dir='ltr'><strong>monachorum</strong></span> <span class='ocrx_word' id='word_1_297' title='bbox 1232 3504 1456 3575; x_wconf 80' lang='lat' dir='ltr'><strong>gignere</strong></span> <span class='ocrx_word' id='word_1_298' title='bbox 1484 3513 1707 3562; x_wconf 90' lang='lat' dir='ltr'><strong>turmas.</strong></span> 
     </span>
    </p>
   </div>
   <div class='ocr_carea' id='block_1_50' title="bbox 232 3592 1692 3670">
    <p class='ocr_par' dir='ltr' id='par_1_50' title="bbox 232 3592 1692 3670">
     <span class='ocr_line' id='line_1_50' title="bbox 232 3592 1692 3670; baseline 0.004 -22"><span class='ocrx_word' id='word_1_299' title='bbox 232 3592 447 3649; x_wconf 85' lang='lat' dir='ltr'><strong>Primus</strong></span> <span class='ocrx_word' id='word_1_300' title='bbox 474 3594 529 3648; x_wconf 91' lang='lat' dir='ltr'><strong>in</strong></span> <span class='ocrx_word' id='word_1_301' title='bbox 561 3595 661 3650; x_wconf 87' lang='lat' dir='ltr'><strong>ha&#39;c</strong></span> <span class='ocrx_word' id='word_1_302' title='bbox 689 3605 908 3651; x_wconf 89' lang='lat' dir='ltr'><strong>sanctus</strong></span> <span class='ocrx_word' id='word_1_303' title='bbox 939 3598 1240 3653; x_wconf 79' lang='lat' dir='ltr'><strong>construxit</strong></span> <span class='ocrx_word' id='word_1_304' title='bbox 1271 3600 1469 3654; x_wconf 70' lang='lat' dir='ltr'><strong>mmnia</strong></span> <span class='ocrx_word' id='word_1_305' title='bbox 1495 3601 1692 3670; x_wconf 65' lang='lat' dir='ltr'><strong>prmsul</strong></span> 
     </span>
    </p>
   </div>
   <div class='ocr_carea' id='block_1_51' title="bbox 232 3687 1638 3764">
    <p class='ocr_par' dir='ltr' id='par_1_51' title="bbox 232 3687 1638 3764">
     <span class='ocr_line' id='line_1_51' title="bbox 232 3687 1638 3764; baseline 0.006 -23"><span class='ocrx_word' id='word_1_306' title='bbox 232 3687 545 3753; x_wconf 89' lang='lat' dir='ltr'><strong>Pirminius,</strong></span> <span class='ocrx_word' id='word_1_307' title='bbox 578 3690 852 3761; x_wconf 87' lang='lat' dir='ltr'><strong>ternisque</strong></span> <span class='ocrx_word' id='word_1_308' title='bbox 879 3707 1095 3764; x_wconf 87' lang='lat' dir='ltr'><strong>gregem</strong></span> <span class='ocrx_word' id='word_1_309' title='bbox 1121 3702 1432 3764; x_wconf 83' lang='lat' dir='ltr'><strong>protexerat</strong></span> <span class='ocrx_word' id='word_1_310' title='bbox 1458 3695 1638 3750; x_wconf 91' lang='lat' dir='ltr'><strong>annis.</strong></span> 
     </span>
    </p>
   </div>
   <div class='ocr_carea' id='block_1_52' title="bbox 233 3776 1708 3854">
    <p class='ocr_par' dir='ltr' id='par_1_52' title="bbox 233 3776 1708 3854">
     <span class='ocr_line' id='line_1_52' title="bbox 233 3776 1708 3854; baseline 0.003 -21"><span class='ocrx_word' id='word_1_311' title='bbox 233 3776 404 3848; x_wconf 85' lang='lat' dir='ltr'><strong>Hujus</strong></span> <span class='ocrx_word' id='word_1_312' title='bbox 433 3779 663 3850; x_wconf 87' lang='lat' dir='ltr'><strong>quisque</strong></span> <span class='ocrx_word' id='word_1_313' title='bbox 684 3781 812 3836; x_wconf 88' lang='lat' dir='ltr'><strong>velit</strong></span> <span class='ocrx_word' id='word_1_314' title='bbox 839 3791 1144 3837; x_wconf 88' lang='lat' dir='ltr'><strong>sanctorum</strong></span> <span class='ocrx_word' id='word_1_315' title='bbox 1173 3799 1500 3854; x_wconf 78' lang='lat' dir='ltr'><strong>cognoscere</strong></span> <span class='ocrx_word' id='word_1_316' title='bbox 1524 3785 1708 3849; x_wconf 92' lang='lat' dir='ltr'><strong>vitam,</strong></span> 
     </span>
    </p>
   </div>
   <div class='ocr_carea' id='block_1_53' title="bbox 233 3869 1813 3944">
    <p class='ocr_par' dir='ltr' id='par_1_53' title="bbox 233 3869 1813 3944">
     <span class='ocr_line' id='line_1_53' title="bbox 233 3869 1813 3944; baseline 0.001 -19"><span class='ocrx_word' id='word_1_317' title='bbox 233 3869 354 3941; x_wconf 89' lang='lat' dir='ltr'><strong>Ipsa</strong></span> <span class='ocrx_word' id='word_1_318' title='bbox 379 3869 627 3940; x_wconf 90' lang='lat' dir='ltr'><strong>sepulcra</strong></span> <span class='ocrx_word' id='word_1_319' title='bbox 650 3880 819 3940; x_wconf 87' lang='lat' dir='ltr'><strong>petat,</strong></span> <span class='ocrx_word' id='word_1_320' title='bbox 849 3873 980 3927; x_wconf 80' lang='lat' dir='ltr'><strong>satis</strong></span> <span class='ocrx_word' id='word_1_321' title='bbox 1010 3874 1124 3943; x_wconf 88' lang='lat' dir='ltr'><strong>ipse</strong></span> <span class='ocrx_word' id='word_1_322' title='bbox 1149 3877 1400 3944; x_wconf 89' lang='lat' dir='ltr'><strong>probabit</strong></span> <span class='ocrx_word' id='word_1_323' title='bbox 1427 3877 1478 3929; x_wconf 92' lang='lat' dir='ltr'><strong>in</strong></span> <span class='ocrx_word' id='word_1_324' title='bbox 1505 3875 1813 3930; x_wconf 84' lang='lat' dir='ltr'><strong>Hornbach.</strong></span> 
     </span>
    </p>
   </div>
   <div class='ocr_carea' id='block_1_54' title="bbox 233 3959 1466 4033">
    <p class='ocr_par' dir='ltr' id='par_1_54' title="bbox 233 3959 1466 4033">
     <span class='ocr_line' id='line_1_54' title="bbox 233 3959 1466 4033; baseline 0.005 -18"><span class='ocrx_word' id='word_1_325' title='bbox 233 3959 431 4018; x_wconf 84' lang='lat' dir='ltr'><strong>Postea</strong></span> <span class='ocrx_word' id='word_1_326' title='bbox 459 3961 735 4033; x_wconf 88' lang='lat' dir='ltr'><strong>septennis</strong></span> <span class='ocrx_word' id='word_1_327' title='bbox 768 3964 1022 4032; x_wconf 63' lang='lat' dir='ltr'><strong>praesedit</strong></span> <span class='ocrx_word' id='word_1_328' title='bbox 1049 3965 1298 4020; x_wconf 86' lang='lat' dir='ltr'><strong>cursibus</strong></span> <span class='ocrx_word' id='word_1_329' title='bbox 1326 3965 1426 4021; x_wconf 84' lang='lat' dir='ltr'><strong>Eto</strong></span> <span class='ocrx_word' id='word_1_330' title='bbox 1451 3983 1466 4031; x_wconf 88' lang='lat'><strong>;</strong></span> 
     </span>
    </p>
   </div>
   <div class='ocr_carea' id='block_1_55' title="bbox 238 4055 1643 4127">
    <p class='ocr_par' dir='ltr' id='par_1_55' title="bbox 238 4055 1643 4127">
     <span class='ocr_line' id='line_1_55' title="bbox 238 4055 1643 4127; baseline 0.002 -16"><span class='ocrx_word' id='word_1_331' title='bbox 238 4056 375 4112; x_wconf 91' lang='lat' dir='ltr'><strong>Tum</strong></span> <span class='ocrx_word' id='word_1_332' title='bbox 405 4057 651 4127; x_wconf 86' lang='lat' dir='ltr'><strong>sequitur</strong></span> <span class='ocrx_word' id='word_1_333' title='bbox 680 4056 822 4111; x_wconf 91' lang='lat' dir='ltr'><strong>binis</strong></span> <span class='ocrx_word' id='word_1_334' title='bbox 853 4055 1151 4112; x_wconf 89' lang='lat' dir='ltr'><strong>laudandus</strong></span> <span class='ocrx_word' id='word_1_335' title='bbox 1177 4056 1324 4114; x_wconf 87' lang='lat' dir='ltr'><strong>Geba</strong></span> <span class='ocrx_word' id='word_1_336' title='bbox 1366 4059 1643 4125; x_wconf 91' lang='lat' dir='ltr'><strong>sacerdos,</strong></span> 
     </span>
    </p>
   </div>
   <div class='ocr_carea' id='block_1_56' title="bbox 237 4144 1610 4219">
    <p class='ocr_par' dir='ltr' id='par_1_56' title="bbox 237 4144 1610 4219">
     <span class='ocr_line' id='line_1_56' title="bbox 237 4144 1610 4219; baseline 0.002 -18"><span class='ocrx_word' id='word_1_337' title='bbox 237 4146 372 4201; x_wconf 88' lang='lat' dir='ltr'><strong>Dina</strong></span> <span class='ocrx_word' id='word_1_338' title='bbox 393 4144 778 4201; x_wconf 85' lang='lat' dir='ltr'><strong>Ermenfredus</strong></span> <span class='ocrx_word' id='word_1_339' title='bbox 799 4155 912 4200; x_wconf 90' lang='lat' dir='ltr'><strong>tum</strong></span> <span class='ocrx_word' id='word_1_340' title='bbox 938 4146 1106 4202; x_wconf 89' lang='lat' dir='ltr'><strong>lustra</strong></span> <span class='ocrx_word' id='word_1_341' title='bbox 1134 4157 1421 4219; x_wconf 91' lang='lat' dir='ltr'><strong>peregerat</strong></span> <span class='ocrx_word' id='word_1_342' title='bbox 1450 4148 1610 4216; x_wconf 89' lang='lat' dir='ltr'><strong>abba,</strong></span> 
     </span>
    </p>
   </div>
   <div class='ocr_carea' id='block_1_57' title="bbox 239 4237 1537 4310">
    <p class='ocr_par' dir='ltr' id='par_1_57' title="bbox 239 4237 1537 4310">
     <span class='ocr_line' id='line_1_57' title="bbox 239 4237 1537 4310; baseline 0 -16"><span class='ocrx_word' id='word_1_343' title='bbox 239 4237 512 4309; x_wconf 85' lang='lat' dir='ltr'><strong>Sydonius</strong></span> <span class='ocrx_word' id='word_1_344' title='bbox 539 4237 708 4292; x_wconf 89' lang='lat' dir='ltr'><strong>ternis</strong></span> <span class='ocrx_word' id='word_1_345' title='bbox 734 4237 994 4308; x_wconf 90' lang='lat' dir='ltr'><strong>denisque</strong></span> <span class='ocrx_word' id='word_1_346' title='bbox 1021 4239 1094 4294; x_wconf 89' lang='lat' dir='ltr'><strong>ibi</strong></span> <span class='ocrx_word' id='word_1_347' title='bbox 1122 4238 1338 4310; x_wconf 62' lang='lat' dir='ltr'><strong>praefuit</strong></span> <span class='ocrx_word' id='word_1_348' title='bbox 1363 4239 1537 4296; x_wconf 90' lang='lat' dir='ltr'><strong>annis.</strong></span> 
     </span>
    </p>
   </div>
   <div class='ocr_carea' id='block_1_58' title="bbox 239 4329 1532 4401">
    <p class='ocr_par' dir='ltr' id='par_1_58' title="bbox 239 4329 1532 4401">
     <span class='ocr_line' id='line_1_58' title="bbox 239 4329 1532 4401; baseline 0.001 -15"><span class='ocrx_word' id='word_1_349' title='bbox 239 4329 476 4386; x_wconf 82' lang='lat' dir='ltr'><strong>Vicenos</strong></span> <span class='ocrx_word' id='word_1_350' title='bbox 500 4329 763 4400; x_wconf 89' lang='lat' dir='ltr'><strong>binosque</strong></span> <span class='ocrx_word' id='word_1_351' title='bbox 791 4339 1070 4401; x_wconf 88' lang='lat' dir='ltr'><strong>receperat</strong></span> <span class='ocrx_word' id='word_1_352' title='bbox 1104 4331 1228 4386; x_wconf 90' lang='lat' dir='ltr'><strong>inde</strong></span> <span class='ocrx_word' id='word_1_353' title='bbox 1261 4329 1532 4398; x_wconf 77' lang='lat' dir='ltr'><strong>Joannes;</strong></span> 
     </span>
    </p>
   </div>
   <div class='ocr_carea' id='block_1_59' title="bbox 239 4419 1681 4492">
    <p class='ocr_par' dir='ltr' id='par_1_59' title="bbox 239 4419 1681 4492">
     <span class='ocr_line' id='line_1_59' title="bbox 239 4419 1681 4492; baseline 0.004 -18"><span class='ocrx_word' id='word_1_354' title='bbox 239 4422 489 4492; x_wconf 86' lang='lat' dir='ltr'><strong>Quinque</strong></span> <span class='ocrx_word' id='word_1_355' title='bbox 513 4419 707 4477; x_wconf 90' lang='lat' dir='ltr'><strong>Petrus</strong></span> <span class='ocrx_word' id='word_1_356' title='bbox 733 4423 957 4478; x_wconf 90' lang='lat' dir='ltr'><strong>sortitur</strong></span> <span class='ocrx_word' id='word_1_357' title='bbox 985 4424 1112 4478; x_wconf 91' lang='lat' dir='ltr'><strong>item</strong></span> <span class='ocrx_word' id='word_1_358' title='bbox 1139 4423 1466 4480; x_wconf 89' lang='lat' dir='ltr'><strong>venerabilis</strong></span> <span class='ocrx_word' id='word_1_359' title='bbox 1490 4439 1681 4491; x_wconf 91' lang='lat' dir='ltr'><strong>annos,</strong></span> 
     </span>
    </p>
   </div>
   <div class='ocr_carea' id='block_1_60' title="bbox 239 4513 1602 4585">
    <p class='ocr_par' dir='ltr' id='par_1_60' title="bbox 239 4513 1602 4585">
     <span class='ocr_line' id='line_1_60' title="bbox 239 4513 1602 4585; baseline 0.001 -17"><span class='ocrx_word' id='word_1_360' title='bbox 239 4515 508 4582; x_wconf 87' lang='lat' dir='ltr'><strong>Quattuor</strong></span> <span class='ocrx_word' id='word_1_361' title='bbox 533 4514 660 4570; x_wconf 88' lang='lat' dir='ltr'><strong>inde</strong></span> <span class='ocrx_word' id='word_1_362' title='bbox 690 4513 810 4568; x_wconf 93' lang='lat' dir='ltr'><strong>tulit</strong></span> <span class='ocrx_word' id='word_1_363' title='bbox 834 4513 1116 4570; x_wconf 88' lang='lat' dir='ltr'><strong>Waldonis</strong></span> <span class='ocrx_word' id='word_1_364' title='bbox 1143 4515 1314 4570; x_wconf 91' lang='lat' dir='ltr'><strong>lustra</strong></span> <span class='ocrx_word' id='word_1_365' title='bbox 1343 4524 1602 4585; x_wconf 89' lang='lat' dir='ltr'><strong>potestas.</strong></span> 
     </span>
    </p>
   </div>
   <div class='ocr_carea' id='block_1_61' title="bbox 238 4603 1686 4678">
    <p class='ocr_par' dir='ltr' id='par_1_61' title="bbox 238 4603 1686 4678">
     <span class='ocr_line' id='line_1_61' title="bbox 238 4603 1686 4678; baseline 0.001 -17"><span class='ocrx_word' id='word_1_366' title='bbox 238 4606 510 4677; x_wconf 88' lang='lat' dir='ltr'><strong>Tempore</strong></span> <span class='ocrx_word' id='word_1_367' title='bbox 536 4605 634 4661; x_wconf 90' lang='lat' dir='ltr'><strong>sub</strong></span> <span class='ocrx_word' id='word_1_368' title='bbox 665 4620 893 4674; x_wconf 91' lang='lat' dir='ltr'><strong>quorum</strong></span> <span class='ocrx_word' id='word_1_369' title='bbox 915 4603 1132 4673; x_wconf 85' lang='lat' dir='ltr'><strong>juvenis</strong></span> <span class='ocrx_word' id='word_1_370' title='bbox 1153 4606 1305 4661; x_wconf 90' lang='lat' dir='ltr'><strong>velut</strong></span> <span class='ocrx_word' id='word_1_371' title='bbox 1328 4621 1489 4662; x_wconf 85' lang='lat' dir='ltr'><strong>aurea</strong></span> <span class='ocrx_word' id='word_1_372' title='bbox 1517 4608 1686 4678; x_wconf 88' lang='lat' dir='ltr'><strong>surgit</strong></span> 
     </span>
    </p>
   </div>
   <div class='ocr_carea' id='block_1_62' title="bbox 239 4696 1658 4769">
    <p class='ocr_par' dir='ltr' id='par_1_62' title="bbox 239 4696 1658 4769">
     <span class='ocr_line' id='line_1_62' title="bbox 239 4696 1658 4769; baseline -0.001 -15"><span class='ocrx_word' id='word_1_373' title='bbox 239 4697 433 4761; x_wconf 88' lang='lat' dir='ltr'><strong>Stella,</strong></span> <span class='ocrx_word' id='word_1_374' title='bbox 464 4697 808 4752; x_wconf 89' lang='lat' dir='ltr'><strong>tenebrosum</strong></span> <span class='ocrx_word' id='word_1_375' title='bbox 834 4696 995 4752; x_wconf 90' lang='lat' dir='ltr'><strong>citius</strong></span> <span class='ocrx_word' id='word_1_376' title='bbox 1019 4696 1285 4769; x_wconf 20' lang='lat' dir='ltr'><strong>vulganiila</strong></span> <span class='ocrx_word' id='word_1_377' title='bbox 1315 4712 1414 4768; x_wconf 91' lang='lat' dir='ltr'><strong>per</strong></span> <span class='ocrx_word' id='word_1_378' title='bbox 1438 4697 1658 4754; x_wconf 89' lang='lat' dir='ltr'><strong>orbem:</strong></span> 
     </span>
    </p>
   </div>
   <div class='ocr_carea' id='block_1_63' title="bbox 239 4789 1786 4862">
    <p class='ocr_par' dir='ltr' id='par_1_63' title="bbox 239 4789 1786 4862">
     <span class='ocr_line' id='line_1_63' title="bbox 239 4789 1786 4862; baseline 0 -15"><span class='ocrx_word' id='word_1_379' title='bbox 239 4789 561 4846; x_wconf 76' lang='lat' dir='ltr'><strong>C(enobium</strong></span> <span class='ocrx_word' id='word_1_380' title='bbox 588 4789 950 4859; x_wconf 90' lang='lat' dir='ltr'><strong>quinquennis</strong></span> <span class='ocrx_word' id='word_1_381' title='bbox 971 4791 1115 4844; x_wconf 90' lang='lat' dir='ltr'><strong>enim</strong></span> <span class='ocrx_word' id='word_1_382' title='bbox 1143 4789 1491 4847; x_wconf 89' lang='lat' dir='ltr'><strong>lnsulanense</strong></span> <span class='ocrx_word' id='word_1_383' title='bbox 1516 4793 1723 4862; x_wconf 85' lang='lat' dir='ltr'><strong>petivit.</strong></span> <span class='ocrx_word' id='word_1_384' title='bbox 1769 4821 1786 4840; x_wconf 80' lang='grc' dir='ltr'><strong><em>ο</em></strong></span> 
     </span>
    </p>
   </div>
   <div class='ocr_carea' id='block_1_64' title="bbox 241 4881 1718 4954">
    <p class='ocr_par' dir='ltr' id='par_1_64' title="bbox 241 4881 1718 4954">
     <span class='ocr_line' id='line_1_64' title="bbox 241 4881 1718 4954; baseline 0.005 -17"><span class='ocrx_word' id='word_1_385' title='bbox 241 4881 356 4938; x_wconf 76' lang='lat' dir='ltr'><strong>Nec</strong></span> <span class='ocrx_word' id='word_1_386' title='bbox 384 4881 515 4953; x_wconf 74' lang='lat' dir='ltr'><strong>latet</strong></span> <span class='ocrx_word' id='word_1_387' title='bbox 538 4881 667 4936; x_wconf 90' lang='lat' dir='ltr'><strong>urbs</strong></span> <span class='ocrx_word' id='word_1_388' title='bbox 695 4882 942 4939; x_wconf 91' lang='lat' dir='ltr'><strong>homines</strong></span> <span class='ocrx_word' id='word_1_389' title='bbox 968 4884 1023 4938; x_wconf 93' lang='lat' dir='ltr'><strong>in</strong></span> <span class='ocrx_word' id='word_1_390' title='bbox 1054 4885 1257 4940; x_wconf 91' lang='lat' dir='ltr'><strong>vertice</strong></span> <span class='ocrx_word' id='word_1_391' title='bbox 1285 4893 1492 4940; x_wconf 90' lang='lat' dir='ltr'><strong>structa</strong></span> <span class='ocrx_word' id='word_1_392' title='bbox 1517 4885 1718 4954; x_wconf 89' lang='lat' dir='ltr'><strong>levato,</strong></span> 
     </span>
    </p>
   </div>
   <div class='ocr_carea' id='block_1_65' title="bbox 243 4973 1753 5048">
    <p class='ocr_par' dir='ltr' id='par_1_65' title="bbox 243 4973 1753 5048">
     <span class='ocr_line' id='line_1_65' title="bbox 243 4973 1753 5048; baseline 0.004 -18"><span class='ocrx_word' id='word_1_393' title='bbox 243 4973 354 5030; x_wconf 88' lang='lat' dir='ltr'><strong>Sed</strong></span> <span class='ocrx_word' id='word_1_394' title='bbox 381 4991 555 5046; x_wconf 91' lang='lat' dir='ltr'><strong>neque</strong></span> <span class='ocrx_word' id='word_1_395' title='bbox 581 4982 717 5030; x_wconf 86' lang='lat' dir='ltr'><strong>testa</strong></span> <span class='ocrx_word' id='word_1_396' title='bbox 745 4976 888 5031; x_wconf 91' lang='lat' dir='ltr'><strong>subit</strong></span> <span class='ocrx_word' id='word_1_397' title='bbox 909 4978 1175 5044; x_wconf 89' lang='lat' dir='ltr'><strong>modium;</strong></span> <span class='ocrx_word' id='word_1_398' title='bbox 1206 4979 1489 5048; x_wconf 90' lang='lat' dir='ltr'><strong>peregrina</strong></span> <span class='ocrx_word' id='word_1_399' title='bbox 1523 4979 1753 5036; x_wconf 90' lang='lat' dir='ltr'><strong>volando</strong></span> 
     </span>
    </p>
   </div>
   <div class='ocr_carea' id='block_1_66' title="bbox 242 5064 1426 5139">
    <p class='ocr_par' dir='ltr' id='par_1_66' title="bbox 242 5064 1426 5139">
     <span class='ocr_line' id='line_1_66' title="bbox 242 5064 1426 5139; baseline 0.003 -18"><span class='ocrx_word' id='word_1_400' title='bbox 242 5064 405 5121; x_wconf 87' lang='lat' dir='ltr'><strong>Tanti</strong></span> <span class='ocrx_word' id='word_1_401' title='bbox 437 5066 576 5122; x_wconf 86' lang='lat' dir='ltr'><strong>fama</strong></span> <span class='ocrx_word' id='word_1_402' title='bbox 603 5067 702 5122; x_wconf 91' lang='lat' dir='ltr'><strong>viri</strong></span> <span class='ocrx_word' id='word_1_403' title='bbox 731 5067 940 5139; x_wconf 87' lang='lat' dir='ltr'><strong>regales</strong></span> <span class='ocrx_word' id='word_1_404' title='bbox 967 5069 1218 5124; x_wconf 87' lang='lat' dir='ltr'><strong>verberat</strong></span> <span class='ocrx_word' id='word_1_405' title='bbox 1245 5085 1426 5125; x_wconf 90' lang='lat' dir='ltr'><strong>aures.</strong></span> 
     </span>
    </p>
   </div>
   <div class='ocr_carea' id='block_1_67' title="bbox 243 5158 1714 5231">
    <p class='ocr_par' dir='ltr' id='par_1_67' title="bbox 243 5158 1714 5231">
     <span class='ocr_line' id='line_1_67' title="bbox 243 5158 1714 5231; baseline 0.004 -17"><span class='ocrx_word' id='word_1_406' title='bbox 243 5158 376 5214; x_wconf 87' lang='lat' dir='ltr'><strong>Post</strong></span> <span class='ocrx_word' id='word_1_407' title='bbox 396 5159 621 5229; x_wconf 87' lang='lat' dir='ltr'><strong>rapitur,</strong></span> <span class='ocrx_word' id='word_1_408' title='bbox 647 5176 753 5215; x_wconf 93' lang='lat' dir='ltr'><strong>non</strong></span> <span class='ocrx_word' id='word_1_409' title='bbox 782 5169 992 5230; x_wconf 89' lang='lat' dir='ltr'><strong>sponte,</strong></span> <span class='ocrx_word' id='word_1_410' title='bbox 1019 5160 1164 5216; x_wconf 92' lang='lat' dir='ltr'><strong>foras</strong></span> <span class='ocrx_word' id='word_1_411' title='bbox 1198 5162 1264 5217; x_wconf 92' lang='lat' dir='ltr'><strong>de</strong></span> <span class='ocrx_word' id='word_1_412' title='bbox 1286 5177 1506 5219; x_wconf 89' lang='lat' dir='ltr'><strong>carcere</strong></span> <span class='ocrx_word' id='word_1_413' title='bbox 1529 5165 1714 5231; x_wconf 89' lang='lat' dir='ltr'><strong>charo,</strong></span> 
     </span>
    </p>
   </div>
   <div class='ocr_carea' id='block_1_68' title="bbox 244 5251 1376 5321">
    <p class='ocr_par' dir='ltr' id='par_1_68' title="bbox 244 5251 1376 5321">
     <span class='ocr_line' id='line_1_68' title="bbox 244 5251 1376 5321; baseline 0.002 -15"><span class='ocrx_word' id='word_1_414' title='bbox 244 5251 314 5306; x_wconf 86' lang='lat' dir='ltr'><strong>Et</strong></span> <span class='ocrx_word' id='word_1_415' title='bbox 342 5251 432 5321; x_wconf 91' lang='lat' dir='ltr'><strong>qui</strong></span> <span class='ocrx_word' id='word_1_416' title='bbox 458 5251 594 5307; x_wconf 90' lang='lat' dir='ltr'><strong>liber</strong></span> <span class='ocrx_word' id='word_1_417' title='bbox 617 5260 757 5318; x_wconf 90' lang='lat' dir='ltr'><strong>erat,</strong></span> <span class='ocrx_word' id='word_1_418' title='bbox 789 5252 872 5318; x_wconf 79' lang='lat' dir='ltr'><strong>ﬁt,</strong></span> <span class='ocrx_word' id='word_1_419' title='bbox 901 5252 1152 5308; x_wconf 90' lang='lat' dir='ltr'><strong>libertate</strong></span> <span class='ocrx_word' id='word_1_420' title='bbox 1181 5253 1376 5321; x_wconf 91' lang='lat' dir='ltr'><strong>soluta,</strong></span> 
     </span>
    </p>
   </div>
   <div class='ocr_carea' id='block_1_69' title="bbox 243 5343 1653 5420">
    <p class='ocr_par' dir='ltr' id='par_1_69' title="bbox 243 5343 1653 5420">
     <span class='ocr_line' id='line_1_69' title="bbox 243 5343 1653 5420; baseline 0.006 -22"><span class='ocrx_word' id='word_1_421' title='bbox 243 5343 442 5399; x_wconf 87' lang='lat' dir='ltr'><strong>Pastor</strong></span> <span class='ocrx_word' id='word_1_422' title='bbox 471 5343 608 5398; x_wconf 90' lang='lat' dir='ltr'><strong>ovile</strong></span> <span class='ocrx_word' id='word_1_423' title='bbox 633 5352 808 5408; x_wconf 86' lang='lat' dir='ltr'><strong>tuens,</strong></span> <span class='ocrx_word' id='word_1_424' title='bbox 839 5343 997 5416; x_wconf 90' lang='lat' dir='ltr'><strong>cujus</strong></span> <span class='ocrx_word' id='word_1_425' title='bbox 1018 5361 1144 5418; x_wconf 89' lang='lat' dir='ltr'><strong>pars</strong></span> <span class='ocrx_word' id='word_1_426' title='bbox 1166 5361 1382 5418; x_wconf 88' lang='lat' dir='ltr'><strong>magna,</strong></span> <span class='ocrx_word' id='word_1_427' title='bbox 1411 5349 1653 5420; x_wconf 89' lang='lat' dir='ltr'><strong>profanis</strong></span> 
     </span>
    </p>
   </div>
   <div class='ocr_carea' id='block_1_70' title="bbox 243 5435 1468 5500">
    <p class='ocr_par' dir='ltr' id='par_1_70' title="bbox 243 5435 1468 5500">
     <span class='ocr_line' id='line_1_70' title="bbox 243 5435 1468 5500; baseline 0.002 -9"><span class='ocrx_word' id='word_1_428' title='bbox 243 5435 471 5492; x_wconf 84' lang='lat' dir='ltr'><strong>Actibus</strong></span> <span class='ocrx_word' id='word_1_429' title='bbox 498 5435 772 5500; x_wconf 89' lang='lat' dir='ltr'><strong>insistens,</strong></span> <span class='ocrx_word' id='word_1_430' title='bbox 795 5435 996 5492; x_wconf 90' lang='lat' dir='ltr'><strong>Christi</strong></span> <span class='ocrx_word' id='word_1_431' title='bbox 1020 5437 1087 5494; x_wconf 91' lang='lat' dir='ltr'><strong>de</strong></span> <span class='ocrx_word' id='word_1_432' title='bbox 1118 5438 1258 5494; x_wconf 85' lang='lat' dir='ltr'><strong>valle</strong></span> <span class='ocrx_word' id='word_1_433' title='bbox 1282 5439 1468 5494; x_wconf 87' lang='lat' dir='ltr'><strong>viavit.</strong></span> 
     </span>
    </p>
   </div>
   <div class='ocr_carea' id='block_1_71' title="bbox 245 5526 1549 5601">
    <p class='ocr_par' dir='ltr' id='par_1_71' title="bbox 245 5526 1549 5601">
     <span class='ocr_line' id='line_1_71' title="bbox 245 5526 1549 5601; baseline 0.005 -17"><span class='ocrx_word' id='word_1_434' title='bbox 245 5527 478 5584; x_wconf 88' lang='lat' dir='ltr'><strong>Provida</strong></span> <span class='ocrx_word' id='word_1_435' title='bbox 515 5527 714 5599; x_wconf 90' lang='lat' dir='ltr'><strong>quippe</strong></span> <span class='ocrx_word' id='word_1_436' title='bbox 740 5526 835 5582; x_wconf 92' lang='lat' dir='ltr'><strong>Dei</strong></span> <span class='ocrx_word' id='word_1_437' title='bbox 862 5529 1021 5585; x_wconf 90' lang='lat' dir='ltr'><strong>talem</strong></span> <span class='ocrx_word' id='word_1_438' title='bbox 1050 5532 1312 5601; x_wconf 84' lang='lat' dir='ltr'><strong>sapientia</strong></span> <span class='ocrx_word' id='word_1_439' title='bbox 1335 5533 1549 5589; x_wconf 90' lang='lat' dir='ltr'><strong>Patrem</strong></span> 
     </span>
    </p>
   </div>
   <div class='ocr_carea' id='block_1_72' title="bbox 246 5619 1689 5696">
    <p class='ocr_par' dir='ltr' id='par_1_72' title="bbox 246 5619 1689 5696">
     <span class='ocr_line' id='line_1_72' title="bbox 246 5619 1689 5696; baseline 0.004 -20"><span class='ocrx_word' id='word_1_440' title='bbox 246 5619 558 5683; x_wconf 90' lang='lat' dir='ltr'><strong>Constituit,</strong></span> <span class='ocrx_word' id='word_1_441' title='bbox 587 5619 679 5690; x_wconf 92' lang='lat' dir='ltr'><strong>qui</strong></span> <span class='ocrx_word' id='word_1_442' title='bbox 703 5627 897 5675; x_wconf 88' lang='lat' dir='ltr'><strong>cuncta</strong></span> <span class='ocrx_word' id='word_1_443' title='bbox 925 5621 1096 5678; x_wconf 90' lang='lat' dir='ltr'><strong>sacris</strong></span> <span class='ocrx_word' id='word_1_444' title='bbox 1119 5623 1219 5680; x_wconf 90' lang='lat' dir='ltr'><strong>sub</strong></span> <span class='ocrx_word' id='word_1_445' title='bbox 1249 5624 1454 5696; x_wconf 91' lang='lat' dir='ltr'><strong>legibus</strong></span> <span class='ocrx_word' id='word_1_446' title='bbox 1479 5639 1689 5693; x_wconf 89' lang='lat' dir='ltr'><strong>arcens,</strong></span> 
     </span>
    </p>
   </div>
   <div class='ocr_carea' id='block_1_73' title="bbox 251 5712 1726 5790">
    <p class='ocr_par' dir='ltr' id='par_1_73' title="bbox 251 5712 1726 5790">
     <span class='ocr_line' id='line_1_73' title="bbox 251 5712 1726 5790; baseline 0.004 -21"><span class='ocrx_word' id='word_1_447' title='bbox 251 5714 398 5772; x_wconf 81' lang='lat' dir='ltr'><strong>Rure</strong></span> <span class='ocrx_word' id='word_1_448' title='bbox 423 5723 578 5770; x_wconf 87' lang='lat' dir='ltr'><strong>tenus</strong></span> <span class='ocrx_word' id='word_1_449' title='bbox 599 5712 872 5770; x_wconf 88' lang='lat' dir='ltr'><strong>destructa</strong></span> <span class='ocrx_word' id='word_1_450' title='bbox 899 5724 1080 5782; x_wconf 91' lang='lat' dir='ltr'><strong>novat,</strong></span> <span class='ocrx_word' id='word_1_451' title='bbox 1109 5717 1487 5790; x_wconf 88' lang='lat' dir='ltr'><strong>geminamque</strong></span> <span class='ocrx_word' id='word_1_452' title='bbox 1512 5719 1726 5775; x_wconf 88' lang='lat' dir='ltr'><strong>ruinam</strong></span> 
     </span>
    </p>
   </div>
   <div class='ocr_carea' id='block_1_74' title="bbox 1922 2389 3270 2467">
    <p class='ocr_par' dir='ltr' id='par_1_74' title="bbox 1922 2389 3270 2467">
     <span class='ocr_line' id='line_1_74' title="bbox 1922 2389 3270 2467; baseline 0.007 -23"><span class='ocrx_word' id='word_1_453' title='bbox 1922 2389 1982 2444; x_wconf 92' lang='lat' dir='ltr'><strong>In</strong></span> <span class='ocrx_word' id='word_1_454' title='bbox 2013 2391 2209 2461; x_wconf 89' lang='lat' dir='ltr'><strong>quibus</strong></span> <span class='ocrx_word' id='word_1_455' title='bbox 2236 2393 2557 2449; x_wconf 90' lang='lat' dir='ltr'><strong>immensum</strong></span> <span class='ocrx_word' id='word_1_456' title='bbox 2581 2395 2869 2466; x_wconf 89' lang='lat' dir='ltr'><strong>perfecerit</strong></span> <span class='ocrx_word' id='word_1_457' title='bbox 2897 2399 2984 2452; x_wconf 92' lang='lat' dir='ltr'><strong>ille</strong></span> <span class='ocrx_word' id='word_1_458' title='bbox 3011 2399 3270 2467; x_wconf 86' lang='lat' dir='ltr'><strong>laborem,</strong></span> 
     </span>
    </p>
   </div>
   <div class='ocr_carea' id='block_1_75' title="bbox 1925 2480 3349 2560">
    <p class='ocr_par' dir='ltr' id='par_1_75' title="bbox 1925 2480 3349 2560">
     <span class='ocr_line' id='line_1_75' title="bbox 1925 2480 3349 2560; baseline 0.008 -26"><span class='ocrx_word' id='word_1_459' title='bbox 1925 2480 2196 2552; x_wconf 86' lang='lat' dir='ltr'><strong>Quidquid</strong></span> <span class='ocrx_word' id='word_1_460' title='bbox 2222 2494 2339 2539; x_wconf 91' lang='lat' dir='ltr'><strong>erat</strong></span> <span class='ocrx_word' id='word_1_461' title='bbox 2367 2484 2563 2540; x_wconf 83' lang='lat' dir='ltr'><strong>Christi</strong></span> <span class='ocrx_word' id='word_1_462' title='bbox 2599 2503 2696 2556; x_wconf 91' lang='lat' dir='ltr'><strong>per</strong></span> <span class='ocrx_word' id='word_1_463' title='bbox 2723 2489 2884 2544; x_wconf 86' lang='lat' dir='ltr'><strong>ovilia</strong></span> <span class='ocrx_word' id='word_1_464' title='bbox 2906 2490 3030 2560; x_wconf 91' lang='lat' dir='ltr'><strong>jure</strong></span> <span class='ocrx_word' id='word_1_465' title='bbox 3057 2493 3349 2559; x_wconf 81' lang='lat' dir='ltr'><strong>regendum</strong></span> 
     </span>
    </p>
   </div>
   <div class='ocr_carea' id='block_1_76' title="bbox 1923 2573 3181 2651">
    <p class='ocr_par' dir='ltr' id='par_1_76' title="bbox 1923 2573 3181 2651">
     <span class='ocr_line' id='line_1_76' title="bbox 1923 2573 3181 2651; baseline 0.008 -23"><span class='ocrx_word' id='word_1_466' title='bbox 1923 2573 2094 2636; x_wconf 89' lang='lat' dir='ltr'><strong>Fecit,</strong></span> <span class='ocrx_word' id='word_1_467' title='bbox 2125 2584 2179 2630; x_wconf 90' lang='lat' dir='ltr'><strong>et</strong></span> <span class='ocrx_word' id='word_1_468' title='bbox 2205 2577 2419 2632; x_wconf 89' lang='lat' dir='ltr'><strong>assidua</strong></span> <span class='ocrx_word' id='word_1_469' title='bbox 2449 2589 2765 2636; x_wconf 87' lang='lat' dir='ltr'><strong>constanter</strong></span> <span class='ocrx_word' id='word_1_470' title='bbox 2794 2597 2926 2651; x_wconf 90' lang='lat' dir='ltr'><strong>pace</strong></span> <span class='ocrx_word' id='word_1_471' title='bbox 2953 2583 3181 2639; x_wconf 88' lang='lat' dir='ltr'><strong>salutem</strong></span> 
     </span>
    </p>
   </div>
   <div class='ocr_carea' id='block_1_77' title="bbox 1923 2666 3168 2748">
    <p class='ocr_par' dir='ltr' id='par_1_77' title="bbox 1923 2666 3168 2748">
     <span class='ocr_line' id='line_1_77' title="bbox 1923 2666 3168 2748; baseline 0.009 -26"><span class='ocrx_word' id='word_1_472' title='bbox 1923 2666 2262 2724; x_wconf 87' lang='lat' dir='ltr'><strong>Christicolis</strong></span> <span class='ocrx_word' id='word_1_473' title='bbox 2289 2671 2498 2726; x_wconf 90' lang='lat' dir='ltr'><strong>statuit.</strong></span> <span class='ocrx_word' id='word_1_474' title='bbox 2535 2671 2720 2744; x_wconf 83' lang='lat' dir='ltr'><strong>Regali</strong></span> <span class='ocrx_word' id='word_1_475' title='bbox 2749 2691 2972 2732; x_wconf 89' lang='lat' dir='ltr'><strong>munere</strong></span> <span class='ocrx_word' id='word_1_476' title='bbox 3001 2676 3168 2748; x_wconf 85' lang='lat' dir='ltr'><strong>fultus</strong></span> 
     </span>
    </p>
   </div>
   <div class='ocr_carea' id='block_1_78' title="bbox 1923 2757 3370 2840">
    <p class='ocr_par' dir='ltr' id='par_1_78' title="bbox 1923 2757 3370 2840">
     <span class='ocr_line' id='line_1_78' title="bbox 1923 2757 3370 2840; baseline 0.009 -29"><span class='ocrx_word' id='word_1_477' title='bbox 1923 2757 2290 2829; x_wconf 90' lang='lat' dir='ltr'><strong>Dirigiturque</strong></span> <span class='ocrx_word' id='word_1_478' title='bbox 2319 2763 2486 2817; x_wconf 88' lang='lat' dir='ltr'><strong>maris</strong></span> <span class='ocrx_word' id='word_1_479' title='bbox 2517 2773 2666 2818; x_wconf 91' lang='lat' dir='ltr'><strong>trans</strong></span> <span class='ocrx_word' id='word_1_480' title='bbox 2694 2781 2912 2835; x_wconf 68' lang='lat' dir='ltr'><strong>aequora</strong></span> <span class='ocrx_word' id='word_1_481' title='bbox 2935 2777 3089 2823; x_wconf 89' lang='lat' dir='ltr'><strong>vasta</strong></span> <span class='ocrx_word' id='word_1_482' title='bbox 3119 2769 3370 2840; x_wconf 86' lang='lat' dir='ltr'><strong>profundi</strong></span> 
     </span>
    </p>
   </div>
   <div class='ocr_carea' id='block_1_79' title="bbox 1921 2851 3401 2931">
    <p class='ocr_par' dir='ltr' id='par_1_79' title="bbox 1921 2851 3401 2931">
     <span class='ocr_line' id='line_1_79' title="bbox 1921 2851 3401 2931; baseline 0.009 -25"><span class='ocrx_word' id='word_1_483' title='bbox 1921 2851 2232 2907; x_wconf 76' lang='lat' dir='ltr'><strong>Grmeorum</strong></span> <span class='ocrx_word' id='word_1_484' title='bbox 2263 2853 2328 2908; x_wconf 90' lang='lat' dir='ltr'><strong>ad</strong></span> <span class='ocrx_word' id='word_1_485' title='bbox 2359 2872 2629 2926; x_wconf 91' lang='lat' dir='ltr'><strong>proceres,</strong></span> <span class='ocrx_word' id='word_1_486' title='bbox 2659 2861 3001 2931; x_wconf 89' lang='lat' dir='ltr'><strong>scopulisque</strong></span> <span class='ocrx_word' id='word_1_487' title='bbox 3033 2863 3168 2919; x_wconf 88' lang='lat' dir='ltr'><strong>illisa</strong></span> <span class='ocrx_word' id='word_1_488' title='bbox 3196 2865 3401 2930; x_wconf 89' lang='lat' dir='ltr'><strong>carina,</strong></span> 
     </span>
    </p>
   </div>
   <div class='ocr_carea' id='block_1_80' title="bbox 1919 2944 3517 3025">
    <p class='ocr_par' dir='ltr' id='par_1_80' title="bbox 1919 2944 3517 3025">
     <span class='ocr_line' id='line_1_80' title="bbox 1919 2944 3517 3025; baseline 0.008 -25"><span class='ocrx_word' id='word_1_489' title='bbox 1919 2944 2082 3000; x_wconf 87' lang='lat' dir='ltr'><strong>Fudit</strong></span> <span class='ocrx_word' id='word_1_490' title='bbox 2105 2963 2240 3002; x_wconf 91' lang='lat' dir='ltr'><strong>onus</strong></span> <span class='ocrx_word' id='word_1_491' title='bbox 2267 2961 2630 3021; x_wconf 90' lang='lat' dir='ltr'><strong>cunctumque</strong></span> <span class='ocrx_word' id='word_1_492' title='bbox 2676 2953 2868 3016; x_wconf 89' lang='lat' dir='ltr'><strong>virum,</strong></span> <span class='ocrx_word' id='word_1_493' title='bbox 2895 2956 2989 3010; x_wconf 89' lang='lat' dir='ltr'><strong>sed</strong></span> <span class='ocrx_word' id='word_1_494' title='bbox 3031 2957 3226 3025; x_wconf 68' lang='lat' dir='ltr'><strong>praesul</strong></span> <span class='ocrx_word' id='word_1_495' title='bbox 3257 2959 3325 3013; x_wconf 91' lang='lat' dir='ltr'><strong>ab</strong></span> <span class='ocrx_word' id='word_1_496' title='bbox 3355 2960 3517 3013; x_wconf 87' lang='lat' dir='ltr'><strong>undis</strong></span> 
     </span>
    </p>
   </div>
   <div class='ocr_carea' id='block_1_81' title="bbox 1922 3034 3565 3125">
    <p class='ocr_par' dir='ltr' id='par_1_81' title="bbox 1922 3034 3565 3125">
     <span class='ocr_line' id='line_1_81' title="bbox 1922 3034 3565 3125; baseline 0.007 -35"><span class='ocrx_word' id='word_1_497' title='bbox 1922 3034 2102 3105; x_wconf 90' lang='lat' dir='ltr'><strong>Seque</strong></span> <span class='ocrx_word' id='word_1_498' title='bbox 2128 3054 2382 3125; x_wconf 65' lang='lat' dir='ltr'><strong>suqsque,</strong></span> <span class='ocrx_word' id='word_1_499' title='bbox 2415 3057 2634 3096; x_wconf 90' lang='lat' dir='ltr'><strong>manum</strong></span> <span class='ocrx_word' id='word_1_500' title='bbox 2662 3043 2890 3100; x_wconf 90' lang='lat' dir='ltr'><strong>Domino</strong></span> <span class='ocrx_word' id='word_1_501' title='bbox 2918 3047 3214 3115; x_wconf 69' lang='lat' dir='ltr'><strong>praebente,</strong></span> <span class='ocrx_word' id='word_1_502' title='bbox 3240 3049 3509 3119; x_wconf 68' lang='lat' dir='ltr'><strong>recepita.</strong></span> <span class='ocrx_word' id='word_1_503' title='bbox 3550 3081 3565 3102; x_wconf 71' lang='grc' dir='ltr'><em>κ</em></span> 
     </span>
    </p>
   </div>
   <div class='ocr_carea' id='block_1_82' title="bbox 1920 3129 3353 3212">
    <p class='ocr_par' dir='ltr' id='par_1_82' title="bbox 1920 3129 3353 3212">
     <span class='ocr_line' id='line_1_82' title="bbox 1920 3129 3353 3212; baseline 0.01 -29"><span class='ocrx_word' id='word_1_504' title='bbox 1920 3129 2074 3185; x_wconf 84' lang='lat' dir='ltr'><strong>Nulla</strong></span> <span class='ocrx_word' id='word_1_505' title='bbox 2107 3133 2272 3188; x_wconf 87' lang='lat' dir='ltr'><strong>maris</strong></span> <span class='ocrx_word' id='word_1_506' title='bbox 2296 3142 2415 3203; x_wconf 90' lang='lat' dir='ltr'><strong>post</strong></span> <span class='ocrx_word' id='word_1_507' title='bbox 2449 3135 2564 3190; x_wconf 57' lang='lat' dir='ltr'><strong>haec</strong></span> <span class='ocrx_word' id='word_1_508' title='bbox 2595 3135 2768 3192; x_wconf 86' lang='lat' dir='ltr'><strong>rabidi</strong></span> <span class='ocrx_word' id='word_1_509' title='bbox 2801 3139 3114 3195; x_wconf 91' lang='lat' dir='ltr'><strong>discrimina</strong></span> <span class='ocrx_word' id='word_1_510' title='bbox 3141 3157 3353 3212; x_wconf 87' lang='lat' dir='ltr'><strong>passus,</strong></span> 
     </span>
    </p>
   </div>
   <div class='ocr_carea' id='block_1_83' title="bbox 1922 3222 3140 3299">
    <p class='ocr_par' dir='ltr' id='par_1_83' title="bbox 1922 3222 3140 3299">
     <span class='ocr_line' id='line_1_83' title="bbox 1922 3222 3140 3299; baseline 0.007 -21"><span class='ocrx_word' id='word_1_511' title='bbox 1922 3222 2027 3278; x_wconf 88' lang='lat' dir='ltr'><strong>Sed</strong></span> <span class='ocrx_word' id='word_1_512' title='bbox 2052 3224 2230 3292; x_wconf 89' lang='lat' dir='ltr'><strong>potius</strong></span> <span class='ocrx_word' id='word_1_513' title='bbox 2257 3233 2402 3280; x_wconf 90' lang='lat' dir='ltr'><strong>recto</strong></span> <span class='ocrx_word' id='word_1_514' title='bbox 2428 3241 2588 3282; x_wconf 91' lang='lat' dir='ltr'><strong>cursu</strong></span> <span class='ocrx_word' id='word_1_515' title='bbox 2623 3227 2856 3299; x_wconf 87' lang='lat' dir='ltr'><strong>fatisque</strong></span> <span class='ocrx_word' id='word_1_516' title='bbox 2885 3233 3140 3288; x_wconf 90' lang='lat' dir='ltr'><strong>secundis</strong></span> 
     </span>
    </p>
   </div>
   <div class='ocr_carea' id='block_1_84' title="bbox 1917 3313 3257 3386">
    <p class='ocr_par' dir='ltr' id='par_1_84' title="bbox 1917 3313 3257 3386">
     <span class='ocr_line' id='line_1_84' title="bbox 1917 3313 3257 3386; baseline 0.009 -19"><span class='ocrx_word' id='word_1_517' title='bbox 1917 3313 2176 3382; x_wconf 84' lang='lat' dir='ltr'><strong>Argivum</strong></span> <span class='ocrx_word' id='word_1_518' title='bbox 2207 3330 2459 3386; x_wconf 88' lang='lat' dir='ltr'><strong>responsa</strong></span> <span class='ocrx_word' id='word_1_519' title='bbox 2495 3326 2613 3371; x_wconf 89' lang='lat' dir='ltr'><strong>rato</strong></span> <span class='ocrx_word' id='word_1_520' title='bbox 2643 3318 2766 3372; x_wconf 85' lang='lat' dir='ltr'><strong>tulit</strong></span> <span class='ocrx_word' id='word_1_521' title='bbox 2786 3320 2981 3376; x_wconf 87' lang='lat' dir='ltr'><strong>ordine</strong></span> <span class='ocrx_word' id='word_1_522' title='bbox 3011 3321 3257 3378; x_wconf 86' lang='lat' dir='ltr'><strong>Francis.</strong></span> 
     </span>
    </p>
   </div>
   <div class='ocr_carea' id='block_1_85' title="bbox 1921 3404 3278 3486">
    <p class='ocr_par' dir='ltr' id='par_1_85' title="bbox 1921 3404 3278 3486">
     <span class='ocr_line' id='line_1_85' title="bbox 1921 3404 3278 3486; baseline 0.01 -28"><span class='ocrx_word' id='word_1_523' title='bbox 1921 3404 2162 3477; x_wconf 90' lang='lat' dir='ltr'><strong>Denique</strong></span> <span class='ocrx_word' id='word_1_524' title='bbox 2197 3407 2352 3480; x_wconf 85' lang='lat' dir='ltr'><strong>longa</strong></span> <span class='ocrx_word' id='word_1_525' title='bbox 2384 3409 2503 3463; x_wconf 91' lang='lat' dir='ltr'><strong>tulit</strong></span> <span class='ocrx_word' id='word_1_526' title='bbox 2529 3419 2815 3482; x_wconf 84' lang='lat' dir='ltr'><strong>postquam</strong></span> <span class='ocrx_word' id='word_1_527' title='bbox 2843 3412 3080 3478; x_wconf 83' lang='lat' dir='ltr'><strong>fastidia,</strong></span> <span class='ocrx_word' id='word_1_528' title='bbox 3111 3417 3278 3486; x_wconf 73' lang='lat' dir='ltr'><strong>cmpit</strong></span> 
     </span>
    </p>
   </div>
   <div class='ocr_carea' id='block_1_86' title="bbox 1919 3495 3292 3575">
    <p class='ocr_par' dir='ltr' id='par_1_86' title="bbox 1919 3495 3292 3575">
     <span class='ocr_line' id='line_1_86' title="bbox 1919 3495 3292 3575; baseline 0.009 -25"><span class='ocrx_word' id='word_1_529' title='bbox 1919 3495 2097 3554; x_wconf 88' lang='lat' dir='ltr'><strong>Mente</strong></span> <span class='ocrx_word' id='word_1_530' title='bbox 2125 3497 2226 3554; x_wconf 84' lang='lat' dir='ltr'><strong>sub</strong></span> <span class='ocrx_word' id='word_1_531' title='bbox 2249 3501 2478 3556; x_wconf 91' lang='lat' dir='ltr'><strong>obscura</strong></span> <span class='ocrx_word' id='word_1_532' title='bbox 2509 3502 2726 3575; x_wconf 87' lang='lat' dir='ltr'><strong>refugus</strong></span> <span class='ocrx_word' id='word_1_533' title='bbox 2751 3514 2988 3560; x_wconf 85' lang='lat' dir='ltr'><strong>tractare</strong></span> <span class='ocrx_word' id='word_1_534' title='bbox 3019 3522 3292 3563; x_wconf 86' lang='lat' dir='ltr'><strong>recessum</strong></span> 
     </span>
    </p>
   </div>
   <div class='ocr_carea' id='block_1_87' title="bbox 1919 3587 3228 3665">
    <p class='ocr_par' dir='ltr' id='par_1_87' title="bbox 1919 3587 3228 3665">
     <span class='ocr_line' id='line_1_87' title="bbox 1919 3587 3228 3665; baseline 0.008 -21"><span class='ocrx_word' id='word_1_535' title='bbox 1919 3587 2123 3644; x_wconf 89' lang='lat' dir='ltr'><strong>Ordine</strong></span> <span class='ocrx_word' id='word_1_536' title='bbox 2155 3590 2224 3644; x_wconf 87' lang='lat' dir='ltr'><strong>de</strong></span> <span class='ocrx_word' id='word_1_537' title='bbox 2257 3601 2430 3657; x_wconf 86' lang='lat' dir='ltr'><strong>tanto,</strong></span> <span class='ocrx_word' id='word_1_538' title='bbox 2462 3609 2530 3649; x_wconf 89' lang='lat' dir='ltr'><strong>ne</strong></span> <span class='ocrx_word' id='word_1_539' title='bbox 2563 3604 2751 3665; x_wconf 91' lang='lat' dir='ltr'><strong>captus</strong></span> <span class='ocrx_word' id='word_1_540' title='bbox 2790 3613 2976 3652; x_wconf 89' lang='lat' dir='ltr'><strong>amore</strong></span> <span class='ocrx_word' id='word_1_541' title='bbox 3012 3600 3228 3654; x_wconf 91' lang='lat' dir='ltr'><strong>tenendi</strong></span> 
     </span>
    </p>
   </div>
   <div class='ocr_carea' id='block_1_88' title="bbox 1845 3669 3367 3759">
    <p class='ocr_par' dir='ltr' id='par_1_88' title="bbox 1845 3669 3367 3759">
     <span class='ocr_line' id='line_1_88' title="bbox 1845 3669 3367 3759; baseline 0.01 -27"><span class='ocrx_word' id='word_1_542' title='bbox 1845 3669 1890 3732; x_wconf 90' lang='lat' dir='ltr'><strong>C</strong></span> <span class='ocrx_word' id='word_1_543' title='bbox 1920 3677 2214 3750; x_wconf 89' lang='lat' dir='ltr'><strong>Linqueret</strong></span> <span class='ocrx_word' id='word_1_544' title='bbox 2253 3693 2514 3739; x_wconf 59' lang='lat' dir='ltr'><strong>aeternum</strong></span> <span class='ocrx_word' id='word_1_545' title='bbox 2544 3687 2632 3740; x_wconf 88' lang='lat' dir='ltr'><strong>cui</strong></span> <span class='ocrx_word' id='word_1_546' title='bbox 2664 3703 2881 3759; x_wconf 89' lang='lat' dir='ltr'><strong>semper</strong></span> <span class='ocrx_word' id='word_1_547' title='bbox 2911 3707 3107 3745; x_wconf 90' lang='lat' dir='ltr'><strong>munus</strong></span> <span class='ocrx_word' id='word_1_548' title='bbox 3137 3692 3367 3747; x_wconf 73' lang='lat' dir='ltr'><strong>inlucsit.</strong></span> 
     </span>
    </p>
   </div>
   <div class='ocr_carea' id='block_1_89' title="bbox 1919 3771 3266 3852">
    <p class='ocr_par' dir='ltr' id='par_1_89' title="bbox 1919 3771 3266 3852">
     <span class='ocr_line' id='line_1_89' title="bbox 1919 3771 3266 3852; baseline 0.011 -29"><span class='ocrx_word' id='word_1_549' title='bbox 1919 3771 2076 3826; x_wconf 89' lang='lat' dir='ltr'><strong>Anno</strong></span> <span class='ocrx_word' id='word_1_550' title='bbox 2100 3772 2263 3844; x_wconf 90' lang='lat' dir='ltr'><strong>igitur</strong></span> <span class='ocrx_word' id='word_1_551' title='bbox 2289 3775 2498 3831; x_wconf 92' lang='lat' dir='ltr'><strong>decimo</strong></span> <span class='ocrx_word' id='word_1_552' title='bbox 2527 3777 2786 3833; x_wconf 88' lang='lat' dir='ltr'><strong>Ludovici</strong></span> <span class='ocrx_word' id='word_1_553' title='bbox 2819 3779 3068 3847; x_wconf 73' lang='lat' dir='ltr'><strong>Ctesaris,</strong></span> <span class='ocrx_word' id='word_1_554' title='bbox 3103 3791 3266 3852; x_wconf 84' lang='lat' dir='ltr'><strong>atque</strong></span> 
     </span>
    </p>
   </div>
   <div class='ocr_carea' id='block_1_90' title="bbox 1919 3859 3227 3940">
    <p class='ocr_par' dir='ltr' id='par_1_90' title="bbox 1919 3859 3227 3940">
     <span class='ocr_line' id='line_1_90' title="bbox 1919 3859 3227 3940; baseline 0.01 -26"><span class='ocrx_word' id='word_1_555' title='bbox 1919 3859 2011 3916; x_wconf 86' lang='lat' dir='ltr'><strong>Bis</strong></span> <span class='ocrx_word' id='word_1_556' title='bbox 2036 3877 2251 3920; x_wconf 89' lang='lat' dir='ltr'><strong>cessere</strong></span> <span class='ocrx_word' id='word_1_557' title='bbox 2278 3882 2468 3921; x_wconf 90' lang='lat' dir='ltr'><strong>novem</strong></span> <span class='ocrx_word' id='word_1_558' title='bbox 2511 3868 2655 3924; x_wconf 92' lang='lat' dir='ltr'><strong>illius</strong></span> <span class='ocrx_word' id='word_1_559' title='bbox 2685 3880 2812 3924; x_wconf 90' lang='lat' dir='ltr'><strong>tunc</strong></span> <span class='ocrx_word' id='word_1_560' title='bbox 2839 3872 3046 3928; x_wconf 88' lang='lat' dir='ltr'><strong>ordinis</strong></span> <span class='ocrx_word' id='word_1_561' title='bbox 3078 3875 3227 3940; x_wconf 92' lang='lat' dir='ltr'><strong>anni,</strong></span> 
     </span>
    </p>
   </div>
   <div class='ocr_carea' id='block_1_91' title="bbox 1924 3952 3308 4032">
    <p class='ocr_par' dir='ltr' id='par_1_91' title="bbox 1924 3952 3308 4032">
     <span class='ocr_line' id='line_1_91' title="bbox 1924 3952 3308 4032; baseline 0.007 -24"><span class='ocrx_word' id='word_1_562' title='bbox 1924 3952 2215 4026; x_wconf 82' lang='lat' dir='ltr'><strong>Sexaginta</strong></span> <span class='ocrx_word' id='word_1_563' title='bbox 2246 3973 2461 4026; x_wconf 91' lang='lat' dir='ltr'><strong>quoque</strong></span> <span class='ocrx_word' id='word_1_564' title='bbox 2482 3961 2658 4013; x_wconf 75' lang='lat' dir='ltr'><strong>aetatis</strong></span> <span class='ocrx_word' id='word_1_565' title='bbox 2683 3960 2795 4028; x_wconf 88' lang='lat' dir='ltr'><strong>jam</strong></span> <span class='ocrx_word' id='word_1_566' title='bbox 2827 3970 3067 4032; x_wconf 89' lang='lat' dir='ltr'><strong>tempora</strong></span> <span class='ocrx_word' id='word_1_567' title='bbox 3093 3965 3308 4030; x_wconf 83' lang='lat' dir='ltr'><strong>clausit,</strong></span> 
     </span>
    </p>
   </div>
   <div class='ocr_carea' id='block_1_92' title="bbox 1924 4046 3231 4122">
    <p class='ocr_par' dir='ltr' id='par_1_92' title="bbox 1924 4046 3231 4122">
     <span class='ocr_line' id='line_1_92' title="bbox 1924 4046 3231 4122; baseline 0.005 -22"><span class='ocrx_word' id='word_1_568' title='bbox 1924 4046 2145 4103; x_wconf 82' lang='lat' dir='ltr'><strong>Morbus</strong></span> <span class='ocrx_word' id='word_1_569' title='bbox 2170 4047 2224 4102; x_wconf 92' lang='lat' dir='ltr'><strong>in</strong></span> <span class='ocrx_word' id='word_1_570' title='bbox 2255 4049 2478 4103; x_wconf 80' lang='lat' dir='ltr'><strong>exitium</strong></span> <span class='ocrx_word' id='word_1_571' title='bbox 2512 4051 2677 4104; x_wconf 78' lang='lat' dir='ltr'><strong>traxit</strong></span> <span class='ocrx_word' id='word_1_572' title='bbox 2702 4051 2899 4105; x_wconf 89' lang='lat' dir='ltr'><strong>letbalc</strong></span> <span class='ocrx_word' id='word_1_573' title='bbox 2925 4061 3231 4122; x_wconf 89' lang='lat' dir='ltr'><strong>patronum.</strong></span> 
     </span>
    </p>
   </div>
   <div class='ocr_carea' id='block_1_93' title="bbox 1921 4137 3183 4212">
    <p class='ocr_par' dir='ltr' id='par_1_93' title="bbox 1921 4137 3183 4212">
     <span class='ocr_line' id='line_1_93' title="bbox 1921 4137 3183 4212; baseline 0.008 -21"><span class='ocrx_word' id='word_1_574' title='bbox 1921 4137 2014 4193; x_wconf 91' lang='lat' dir='ltr'><strong>llle</strong></span> <span class='ocrx_word' id='word_1_575' title='bbox 2039 4138 2191 4194; x_wconf 90' lang='lat' dir='ltr'><strong>dolor</strong></span> <span class='ocrx_word' id='word_1_576' title='bbox 2217 4139 2443 4196; x_wconf 89' lang='lat' dir='ltr'><strong>dilectus</strong></span> <span class='ocrx_word' id='word_1_577' title='bbox 2471 4150 2610 4208; x_wconf 91' lang='lat' dir='ltr'><strong>erat,</strong></span> <span class='ocrx_word' id='word_1_578' title='bbox 2641 4144 2960 4200; x_wconf 89' lang='lat' dir='ltr'><strong>charissima</strong></span> <span class='ocrx_word' id='word_1_579' title='bbox 2995 4145 3183 4212; x_wconf 90' lang='lat' dir='ltr'><strong>febris,</strong></span> 
     </span>
    </p>
   </div>
   <div class='ocr_carea' id='block_1_94' title="bbox 1924 4227 3506 4308">
    <p class='ocr_par' dir='ltr' id='par_1_94' title="bbox 1924 4227 3506 4308">
     <span class='ocr_line' id='line_1_94' title="bbox 1924 4227 3506 4308; baseline 0.008 -26"><span class='ocrx_word' id='word_1_580' title='bbox 1924 4227 2070 4282; x_wconf 86' lang='lat' dir='ltr'><strong>Mors</strong></span> <span class='ocrx_word' id='word_1_581' title='bbox 2103 4237 2430 4299; x_wconf 90' lang='lat' dir='ltr'><strong>contempta,</strong></span> <span class='ocrx_word' id='word_1_582' title='bbox 2471 4231 2608 4301; x_wconf 69' lang='lat' dir='ltr'><strong>fugai</strong></span> <span class='ocrx_word' id='word_1_583' title='bbox 2648 4233 2762 4288; x_wconf 65' lang='lat' dir='ltr'><strong>haec</strong></span> <span class='ocrx_word' id='word_1_584' title='bbox 2790 4236 3004 4290; x_wconf 89' lang='lat' dir='ltr'><strong>occasio</strong></span> <span class='ocrx_word' id='word_1_585' title='bbox 3034 4237 3208 4304; x_wconf 88' lang='lat' dir='ltr'><strong>prima</strong></span> <span class='ocrx_word' id='word_1_586' title='bbox 3249 4238 3506 4308; x_wconf 74' lang='lat' dir='ltr'><strong>patebat;</strong></span> 
     </span>
    </p>
   </div>
   <div class='ocr_carea' id='block_1_95' title="bbox 1922 4317 3307 4390">
    <p class='ocr_par' dir='ltr' id='par_1_95' title="bbox 1922 4317 3307 4390">
     <span class='ocr_line' id='line_1_95' title="bbox 1922 4317 3307 4390; baseline 0.009 -18"><span class='ocrx_word' id='word_1_587' title='bbox 1922 4317 2084 4373; x_wconf 73' lang='lat' dir='ltr'><strong>Venit</strong></span> <span class='ocrx_word' id='word_1_588' title='bbox 2111 4319 2420 4390; x_wconf 85' lang='lat' dir='ltr'><strong>adoptivum</strong></span> <span class='ocrx_word' id='word_1_589' title='bbox 2450 4324 2706 4380; x_wconf 89' lang='lat' dir='ltr'><strong>redeundi</strong></span> <span class='ocrx_word' id='word_1_590' title='bbox 2739 4326 2790 4380; x_wconf 93' lang='lat' dir='ltr'><strong>in</strong></span> <span class='ocrx_word' id='word_1_591' title='bbox 2819 4328 3058 4382; x_wconf 86' lang='lat' dir='ltr'><strong>carceris</strong></span> <span class='ocrx_word' id='word_1_592' title='bbox 3095 4339 3307 4385; x_wconf 91' lang='lat' dir='ltr'><strong>antrum</strong></span> 
     </span>
    </p>
   </div>
   <div class='ocr_carea' id='block_1_96' title="bbox 1926 4410 3336 4489">
    <p class='ocr_par' dir='ltr' id='par_1_96' title="bbox 1926 4410 3336 4489">
     <span class='ocr_line' id='line_1_96' title="bbox 1926 4410 3336 4489; baseline 0.01 -25"><span class='ocrx_word' id='word_1_593' title='bbox 1926 4410 2183 4483; x_wconf 91' lang='lat' dir='ltr'><strong>Tempus,</strong></span> <span class='ocrx_word' id='word_1_594' title='bbox 2217 4423 2279 4468; x_wconf 92' lang='lat' dir='ltr'><strong>ut</strong></span> <span class='ocrx_word' id='word_1_595' title='bbox 2306 4413 2527 4470; x_wconf 90' lang='lat' dir='ltr'><strong>alterius</strong></span> <span class='ocrx_word' id='word_1_596' title='bbox 2554 4418 2925 4488; x_wconf 90' lang='lat' dir='ltr'><strong>contemplans</strong></span> <span class='ocrx_word' id='word_1_597' title='bbox 2956 4437 3049 4474; x_wconf 90' lang='lat' dir='ltr'><strong>ora</strong></span> <span class='ocrx_word' id='word_1_598' title='bbox 3076 4419 3336 4489; x_wconf 85' lang='lat' dir='ltr'><strong>jubentis,</strong></span> 
     </span>
    </p>
   </div>
   <div class='ocr_carea' id='block_1_97' title="bbox 1925 4504 3366 4586">
    <p class='ocr_par' dir='ltr' id='par_1_97' title="bbox 1925 4504 3366 4586">
     <span class='ocr_line' id='line_1_97' title="bbox 1925 4504 3366 4586; baseline 0.006 -27"><span class='ocrx_word' id='word_1_599' title='bbox 1925 4504 2078 4572; x_wconf 88' lang='lat' dir='ltr'><strong>Quod</strong></span> <span class='ocrx_word' id='word_1_600' title='bbox 2114 4507 2264 4576; x_wconf 88' lang='lat' dir='ltr'><strong>prius</strong></span> <span class='ocrx_word' id='word_1_601' title='bbox 2295 4507 2544 4577; x_wconf 90' lang='lat' dir='ltr'><strong>injunxit,</strong></span> <span class='ocrx_word' id='word_1_602' title='bbox 2569 4508 2682 4578; x_wconf 91' lang='lat' dir='ltr'><strong>jam</strong></span> <span class='ocrx_word' id='word_1_603' title='bbox 2715 4520 2839 4566; x_wconf 88' lang='lat' dir='ltr'><strong>tunc</strong></span> <span class='ocrx_word' id='word_1_604' title='bbox 2868 4525 3110 4570; x_wconf 88' lang='lat' dir='ltr'><strong>servaret</strong></span> <span class='ocrx_word' id='word_1_605' title='bbox 3141 4516 3366 4586; x_wconf 86' lang='lat' dir='ltr'><strong>agendo.</strong></span> 
     </span>
    </p>
   </div>
   <div class='ocr_carea' id='block_1_98' title="bbox 1927 4596 3325 4672">
    <p class='ocr_par' dir='ltr' id='par_1_98' title="bbox 1927 4596 3325 4672">
     <span class='ocr_line' id='line_1_98' title="bbox 1927 4596 3325 4672; baseline 0.006 -21"><span class='ocrx_word' id='word_1_606' title='bbox 1927 4596 2164 4653; x_wconf 91' lang='lat' dir='ltr'><strong>Solvitur</strong></span> <span class='ocrx_word' id='word_1_607' title='bbox 2189 4613 2255 4653; x_wconf 84' lang='lat' dir='ltr'><strong>ex</strong></span> <span class='ocrx_word' id='word_1_608' title='bbox 2288 4615 2474 4666; x_wconf 91' lang='lat' dir='ltr'><strong>onere,</strong></span> <span class='ocrx_word' id='word_1_609' title='bbox 2511 4611 2673 4671; x_wconf 89' lang='lat' dir='ltr'><strong>atque</strong></span> <span class='ocrx_word' id='word_1_610' title='bbox 2703 4603 2804 4657; x_wconf 87' lang='lat' dir='ltr'><strong>sibi</strong></span> <span class='ocrx_word' id='word_1_611' title='bbox 2835 4603 3074 4672; x_wconf 88' lang='lat' dir='ltr'><strong>subjecta</strong></span> <span class='ocrx_word' id='word_1_612' title='bbox 3108 4605 3325 4669; x_wconf 90' lang='lat' dir='ltr'><strong>refutat,</strong></span> 
     </span>
    </p>
   </div>
   <div class='ocr_carea' id='block_1_99' title="bbox 1924 4691 3224 4766">
    <p class='ocr_par' dir='ltr' id='par_1_99' title="bbox 1924 4691 3224 4766">
     <span class='ocr_line' id='line_1_99' title="bbox 1924 4691 3224 4766; baseline 0.008 -20"><span class='ocrx_word' id='word_1_613' title='bbox 1924 4691 2332 4764; x_wconf 89' lang='lat' dir='ltr'><strong>Perfruiturque</strong></span> <span class='ocrx_word' id='word_1_614' title='bbox 2371 4696 2551 4766; x_wconf 91' lang='lat' dir='ltr'><strong>quiete</strong></span> <span class='ocrx_word' id='word_1_615' title='bbox 2581 4697 2742 4752; x_wconf 87' lang='lat' dir='ltr'><strong>silens</strong></span> <span class='ocrx_word' id='word_1_616' title='bbox 2780 4697 3012 4755; x_wconf 88' lang='lat' dir='ltr'><strong>feliciter</strong></span> <span class='ocrx_word' id='word_1_617' title='bbox 3049 4701 3174 4756; x_wconf 81' lang='lat' dir='ltr'><strong>exin</strong></span> <span class='ocrx_word' id='word_1_618' title='bbox 3209 4719 3224 4758; x_wconf 87' lang='lat'><strong>:</strong></span> 
     </span>
    </p>
   </div>
   <div class='ocr_carea' id='block_1_100' title="bbox 1925 4783 3386 4862">
    <p class='ocr_par' dir='ltr' id='par_1_100' title="bbox 1925 4783 3386 4862">
     <span class='ocr_line' id='line_1_100' title="bbox 1925 4783 3386 4862; baseline 0.008 -23"><span class='ocrx_word' id='word_1_619' title='bbox 1925 4783 2065 4843; x_wconf 87' lang='lat' dir='ltr'><strong>Fare</strong></span> <span class='ocrx_word' id='word_1_620' title='bbox 2101 4802 2314 4857; x_wconf 89' lang='lat' dir='ltr'><strong>precor,</strong></span> <span class='ocrx_word' id='word_1_621' title='bbox 2353 4789 2660 4859; x_wconf 91' lang='lat' dir='ltr'><strong>quicunque</strong></span> <span class='ocrx_word' id='word_1_622' title='bbox 2695 4791 2842 4856; x_wconf 83' lang='lat' dir='ltr'><strong>velis,</strong></span> <span class='ocrx_word' id='word_1_623' title='bbox 2878 4794 3136 4862; x_wconf 76' lang='lat' dir='ltr'><strong>qtncsitor</strong></span> <span class='ocrx_word' id='word_1_624' title='bbox 3167 4795 3386 4851; x_wconf 86' lang='lat' dir='ltr'><strong>honoris</strong></span> 
     </span>
    </p>
   </div>
   <div class='ocr_carea' id='block_1_101' title="bbox 1925 4879 3432 4954">
    <p class='ocr_par' dir='ltr' id='par_1_101' title="bbox 1925 4879 3432 4954">
     <span class='ocr_line' id='line_1_101' title="bbox 1925 4879 3432 4954; baseline 0.006 -21"><span class='ocrx_word' id='word_1_625' title='bbox 1925 4879 2079 4947; x_wconf 90' lang='lat' dir='ltr'><strong>Quod</strong></span> <span class='ocrx_word' id='word_1_626' title='bbox 2111 4881 2205 4935; x_wconf 86' lang='lat' dir='ltr'><strong>tibi</strong></span> <span class='ocrx_word' id='word_1_627' title='bbox 2239 4897 2434 4937; x_wconf 91' lang='lat' dir='ltr'><strong>munus</strong></span> <span class='ocrx_word' id='word_1_628' title='bbox 2463 4883 2589 4948; x_wconf 87' lang='lat' dir='ltr'><strong>erit,</strong></span> <span class='ocrx_word' id='word_1_629' title='bbox 2619 4883 2772 4954; x_wconf 90' lang='lat' dir='ltr'><strong>cujus</strong></span> <span class='ocrx_word' id='word_1_630' title='bbox 2804 4884 2942 4938; x_wconf 92' lang='lat' dir='ltr'><strong>mala</strong></span> <span class='ocrx_word' id='word_1_631' title='bbox 2977 4883 3120 4940; x_wconf 88' lang='lat' dir='ltr'><strong>fama</strong></span> <span class='ocrx_word' id='word_1_632' title='bbox 3150 4886 3432 4942; x_wconf 87' lang='lat' dir='ltr'><strong>cerebrum</strong></span> 
     </span>
    </p>
   </div>
   <div class='ocr_carea' id='block_1_102' title="bbox 1933 4974 3508 5052">
    <p class='ocr_par' dir='ltr' id='par_1_102' title="bbox 1933 4974 3508 5052">
     <span class='ocr_line' id='line_1_102' title="bbox 1933 4974 3508 5052; baseline 0.005 -24"><span class='ocrx_word' id='word_1_633' title='bbox 1933 4974 2137 5030; x_wconf 88' lang='lat' dir='ltr'><strong>Turhat</strong></span> <span class='ocrx_word' id='word_1_634' title='bbox 2164 4983 2220 5031; x_wconf 91' lang='lat' dir='ltr'><strong>et</strong></span> <span class='ocrx_word' id='word_1_635' title='bbox 2252 4975 2391 5032; x_wconf 90' lang='lat' dir='ltr'><strong>hanc</strong></span> <span class='ocrx_word' id='word_1_636' title='bbox 2437 4975 2638 5030; x_wconf 90' lang='lat' dir='ltr'><strong>famam</strong></span> <span class='ocrx_word' id='word_1_637' title='bbox 2684 4977 2967 5032; x_wconf 88' lang='lat' dir='ltr'><strong>durissima</strong></span> <span class='ocrx_word' id='word_1_638' title='bbox 2998 4995 3155 5048; x_wconf 71' lang='lat' dir='ltr'><strong>paena</strong></span> <span class='ocrx_word' id='word_1_639' title='bbox 3200 4981 3508 5052; x_wconf 87' lang='lat' dir='ltr'><strong>sequetur?</strong></span> 
     </span>
    </p>
   </div>
   <div class='ocr_carea' id='block_1_103' title="bbox 1933 5065 3324 5136">
    <p class='ocr_par' dir='ltr' id='par_1_103' title="bbox 1933 5065 3324 5136">
     <span class='ocr_line' id='line_1_103' title="bbox 1933 5065 3324 5136; baseline 0.007 -17"><span class='ocrx_word' id='word_1_640' title='bbox 1933 5065 2214 5136; x_wconf 88' lang='lat' dir='ltr'><strong>Conspicis</strong></span> <span class='ocrx_word' id='word_1_641' title='bbox 2250 5081 2378 5122; x_wconf 91' lang='lat' dir='ltr'><strong>ecce</strong></span> <span class='ocrx_word' id='word_1_642' title='bbox 2406 5082 2583 5122; x_wconf 91' lang='lat' dir='ltr'><strong>meum</strong></span> <span class='ocrx_word' id='word_1_643' title='bbox 2616 5067 2758 5123; x_wconf 91' lang='lat' dir='ltr'><strong>dulci</strong></span> <span class='ocrx_word' id='word_1_644' title='bbox 2806 5085 3022 5125; x_wconf 90' lang='lat' dir='ltr'><strong>rumore</strong></span> <span class='ocrx_word' id='word_1_645' title='bbox 3066 5071 3324 5129; x_wconf 86' lang='lat' dir='ltr'><strong>refertum</strong></span> 
     </span>
    </p>
   </div>
   <div class='ocr_carea' id='block_1_104' title="bbox 1933 5157 3202 5222">
    <p class='ocr_par' dir='ltr' id='par_1_104' title="bbox 1933 5157 3202 5222">
     <span class='ocr_line' id='line_1_104' title="bbox 1933 5157 3202 5222; baseline 0.009 -11"><span class='ocrx_word' id='word_1_646' title='bbox 1933 5157 2039 5212; x_wconf 87' lang='lat' dir='ltr'><strong>Pro</strong></span> <span class='ocrx_word' id='word_1_647' title='bbox 2068 5158 2238 5213; x_wconf 92' lang='lat' dir='ltr'><strong>nihilo</strong></span> <span class='ocrx_word' id='word_1_648' title='bbox 2268 5159 2487 5216; x_wconf 90' lang='lat' dir='ltr'><strong>duxisse</strong></span> <span class='ocrx_word' id='word_1_649' title='bbox 2516 5159 2706 5216; x_wconf 88' lang='lat' dir='ltr'><strong>volans</strong></span> <span class='ocrx_word' id='word_1_650' title='bbox 2731 5170 2784 5217; x_wconf 91' lang='lat' dir='ltr'><strong>et</strong></span> <span class='ocrx_word' id='word_1_651' title='bbox 2816 5163 2975 5218; x_wconf 91' lang='lat' dir='ltr'><strong>inane</strong></span> <span class='ocrx_word' id='word_1_652' title='bbox 3005 5164 3202 5222; x_wconf 88' lang='lat' dir='ltr'><strong>favoris</strong></span> 
     </span>
    </p>
   </div>
   <div class='ocr_carea' id='block_1_105' title="bbox 1932 5251 3379 5330">
    <p class='ocr_par' dir='ltr' id='par_1_105' title="bbox 1932 5251 3379 5330">
     <span class='ocr_line' id='line_1_105' title="bbox 1932 5251 3379 5330; baseline 0.005 -25"><span class='ocrx_word' id='word_1_653' title='bbox 1932 5251 2087 5307; x_wconf 78' lang='lat' dir='ltr'><strong>Molle</strong></span> <span class='ocrx_word' id='word_1_654' title='bbox 2117 5253 2302 5316; x_wconf 90' lang='lat' dir='ltr'><strong>decus,</strong></span> <span class='ocrx_word' id='word_1_655' title='bbox 2337 5255 2674 5324; x_wconf 89' lang='lat' dir='ltr'><strong>multumque</strong></span> <span class='ocrx_word' id='word_1_656' title='bbox 2702 5255 2831 5311; x_wconf 90' lang='lat' dir='ltr'><strong>viris</strong></span> <span class='ocrx_word' id='word_1_657' title='bbox 2863 5257 3172 5314; x_wconf 88' lang='lat' dir='ltr'><strong>miserabile</strong></span> <span class='ocrx_word' id='word_1_658' title='bbox 3196 5260 3379 5330; x_wconf 89' lang='lat' dir='ltr'><strong>justis.</strong></span> 
     </span>
    </p>
   </div>
   <div class='ocr_carea' id='block_1_106' title="bbox 1929 5343 3323 5419">
    <p class='ocr_par' dir='ltr' id='par_1_106' title="bbox 1929 5343 3323 5419">
     <span class='ocr_line' id='line_1_106' title="bbox 1929 5343 3323 5419; baseline 0.006 -20"><span class='ocrx_word' id='word_1_659' title='bbox 1929 5343 1974 5399; x_wconf 91' lang='grc' dir='ltr'>Ο</span> <span class='ocrx_word' id='word_1_660' title='bbox 2000 5360 2068 5401; x_wconf 91' lang='lat' dir='ltr'><strong>ne</strong></span> <span class='ocrx_word' id='word_1_661' title='bbox 2096 5361 2291 5418; x_wconf 84' lang='lat' dir='ltr'><strong>magna</strong></span> <span class='ocrx_word' id='word_1_662' title='bbox 2317 5347 2434 5403; x_wconf 89' lang='lat' dir='ltr'><strong>dies</strong></span> <span class='ocrx_word' id='word_1_663' title='bbox 2461 5347 2724 5404; x_wconf 86' lang='lat' dir='ltr'><strong>damnans</strong></span> <span class='ocrx_word' id='word_1_664' title='bbox 2751 5349 3055 5419; x_wconf 91' lang='lat' dir='ltr'><strong>inhonoret,</strong></span> <span class='ocrx_word' id='word_1_665' title='bbox 3090 5354 3323 5408; x_wconf 91' lang='lat' dir='ltr'><strong>honores</strong></span> 
     </span>
    </p>
   </div>
   <div class='ocr_carea' id='block_1_107' title="bbox 1930 5435 3503 5513">
    <p class='ocr_par' dir='ltr' id='par_1_107' title="bbox 1930 5435 3503 5513">
     <span class='ocr_line' id='line_1_107' title="bbox 1930 5435 3503 5513; baseline 0.003 -21"><span class='ocrx_word' id='word_1_666' title='bbox 1930 5435 2202 5509; x_wconf 87' lang='lat' dir='ltr'><strong>Spernite,</strong></span> <span class='ocrx_word' id='word_1_667' title='bbox 2243 5452 2340 5508; x_wconf 90' lang='lat' dir='ltr'><strong>per</strong></span> <span class='ocrx_word' id='word_1_668' title='bbox 2366 5453 2718 5510; x_wconf 87' lang='lat' dir='ltr'><strong>normamque</strong></span> <span class='ocrx_word' id='word_1_669' title='bbox 2764 5443 2902 5497; x_wconf 90' lang='lat' dir='ltr'><strong>sacri</strong></span> <span class='ocrx_word' id='word_1_670' title='bbox 2949 5442 3246 5513; x_wconf 86' lang='lat' dir='ltr'><strong>resipiscite</strong></span> <span class='ocrx_word' id='word_1_671' title='bbox 3297 5442 3503 5498; x_wconf 82' lang='lat' dir='ltr'><strong>Patris!</strong></span> 
     </span>
    </p>
   </div>
   <div class='ocr_carea' id='block_1_108' title="bbox 1891 5531 3264 5610">
    <p class='ocr_par' dir='ltr' id='par_1_108' title="bbox 1891 5531 3264 5610">
     <span class='ocr_line' id='line_1_108' title="bbox 1891 5531 3264 5610; baseline 0.006 -25"><span class='ocrx_word' id='word_1_672' title='bbox 1891 5575 1900 5585; x_wconf 93' lang='lat'><strong>.</strong></span> <span class='ocrx_word' id='word_1_673' title='bbox 1930 5531 2188 5588; x_wconf 73' lang='lat' dir='ltr'><strong>Versibus</strong></span> <span class='ocrx_word' id='word_1_674' title='bbox 2217 5532 2269 5587; x_wconf 90' lang='lat' dir='ltr'><strong>in</strong></span> <span class='ocrx_word' id='word_1_675' title='bbox 2297 5533 2482 5604; x_wconf 89' lang='lat' dir='ltr'><strong>paucis</strong></span> <span class='ocrx_word' id='word_1_676' title='bbox 2522 5531 2768 5591; x_wconf 84' lang='lat' dir='ltr'><strong>Hettonis</strong></span> <span class='ocrx_word' id='word_1_677' title='bbox 2797 5547 2947 5607; x_wconf 87' lang='lat' dir='ltr'><strong>gesta</strong></span> <span class='ocrx_word' id='word_1_678' title='bbox 2975 5553 3264 5610; x_wconf 88' lang='lat' dir='ltr'><strong>parumper</strong></span> 
     </span>
    </p>
   </div>
   <div class='ocr_carea' id='block_1_109' title="bbox 1933 5626 3180 5700">
    <p class='ocr_par' dir='ltr' id='par_1_109' title="bbox 1933 5626 3180 5700">
     <span class='ocr_line' id='line_1_109' title="bbox 1933 5626 3180 5700; baseline 0.004 -19"><span class='ocrx_word' id='word_1_679' title='bbox 1933 5626 2179 5697; x_wconf 86' lang='lat' dir='ltr'><strong>Depinxi,</strong></span> <span class='ocrx_word' id='word_1_680' title='bbox 2215 5627 2476 5684; x_wconf 89' lang='lat' dir='ltr'><strong>brevitate</strong></span> <span class='ocrx_word' id='word_1_681' title='bbox 2509 5635 2686 5684; x_wconf 91' lang='lat' dir='ltr'><strong>tamen</strong></span> <span class='ocrx_word' id='word_1_682' title='bbox 2718 5628 2924 5698; x_wconf 91' lang='lat' dir='ltr'><strong>majora</strong></span> <span class='ocrx_word' id='word_1_683' title='bbox 2954 5631 3180 5700; x_wconf 88' lang='lat' dir='ltr'><strong>potestis</strong></span> 
     </span>
    </p>
   </div>
   <div class='ocr_carea' id='block_1_110' title="bbox 1934 5718 3379 5794">
    <p class='ocr_par' dir='ltr' id='par_1_110' title="bbox 1934 5718 3379 5794">
     <span class='ocr_line' id='line_1_110' title="bbox 1934 5718 3379 5794; baseline 0.003 -20"><span class='ocrx_word' id='word_1_684' title='bbox 1934 5718 2103 5775; x_wconf 83' lang='lat' dir='ltr'><strong>Nosse</strong></span> <span class='ocrx_word' id='word_1_685' title='bbox 2129 5718 2230 5775; x_wconf 88' lang='lat' dir='ltr'><strong>sub</strong></span> <span class='ocrx_word' id='word_1_686' title='bbox 2260 5719 2461 5776; x_wconf 90' lang='lat' dir='ltr'><strong>invidia</strong></span> <span class='ocrx_word' id='word_1_687' title='bbox 2496 5721 2542 5776; x_wconf 89' lang='lat' dir='ltr'><strong>si</strong></span> <span class='ocrx_word' id='word_1_688' title='bbox 2573 5735 2727 5776; x_wconf 86' lang='lat' dir='ltr'><strong>mens</strong></span> <span class='ocrx_word' id='word_1_689' title='bbox 2756 5736 2866 5776; x_wconf 89' lang='lat' dir='ltr'><strong>non</strong></span> <span class='ocrx_word' id='word_1_690' title='bbox 2898 5730 3078 5778; x_wconf 89' lang='lat' dir='ltr'><strong>vestra</strong></span> <span class='ocrx_word' id='word_1_691' title='bbox 3107 5734 3379 5794; x_wconf 87' lang='lat' dir='ltr'><strong>gravatur.</strong></span> 
     </span>
    </p>
   </div>
   <div class='ocr_carea' id='block_1_111' title="bbox 324 5850 2583 5935">
    <p class='ocr_par' dir='ltr' id='par_1_111' title="bbox 324 5850 2583 5935">
     <span class='ocr_line' id='line_1_111' title="bbox 324 5850 2583 5935; baseline 0.003 -29"><span class='ocrx_word' id='word_1_692' title='bbox 324 5863 350 5896; x_wconf 81' lang='grc' dir='ltr'>ι</span> <span class='ocrx_word' id='word_1_693' title='bbox 386 5851 477 5908; x_wconf 89' lang='lat' dir='ltr'><strong>Illa</strong></span> <span class='ocrx_word' id='word_1_694' title='bbox 524 5850 720 5923; x_wconf 85' lang='lat' dir='ltr'><strong>legatio</strong></span> <span class='ocrx_word' id='word_1_695' title='bbox 745 5851 811 5907; x_wconf 89' lang='lat' dir='ltr'><strong>ad</strong></span> <span class='ocrx_word' id='word_1_696' title='bbox 842 5850 1059 5908; x_wconf 68' lang='lat' dir='ltr'><strong>Graecos</strong></span> <span class='ocrx_word' id='word_1_697' title='bbox 1083 5853 1152 5908; x_wconf 92' lang='lat' dir='ltr'><strong>ah</strong></span> <span class='ocrx_word' id='word_1_698' title='bbox 1178 5854 1505 5925; x_wconf 68' lang='lat' dir='ltr'><strong>imperatore</strong></span> <span class='ocrx_word' id='word_1_699' title='bbox 1531 5857 1723 5914; x_wconf 89' lang='lat' dir='ltr'><strong>Carolo</strong></span> <span class='ocrx_word' id='word_1_700' title='bbox 1749 5858 1936 5916; x_wconf 83' lang='lat' dir='ltr'><strong>incidit</strong></span> <span class='ocrx_word' id='word_1_701' title='bbox 1967 5858 2021 5916; x_wconf 91' lang='lat' dir='ltr'><strong>in</strong></span> <span class='ocrx_word' id='word_1_702' title='bbox 2055 5875 2255 5935; x_wconf 74' lang='lat' dir='ltr'><strong>annum</strong></span> <span class='ocrx_word' id='word_1_703' title='bbox 2287 5860 2406 5917; x_wconf 85' lang='lat' dir='ltr'><strong>8H.</strong></span> <span class='ocrx_word' id='word_1_704' title='bbox 2446 5858 2583 5914; x_wconf 73' lang='grc' dir='ltr'><strong>ΜΑιι.</strong></span> 
     </span>
    </p>
   </div>
   <div class='ocr_carea' id='block_1_112' title="bbox 654 5965 1186 6029">
    <p class='ocr_par' dir='ltr' id='par_1_112' title="bbox 654 5965 1186 6029">
     <span class='ocr_line' id='line_1_112' title="bbox 654 5965 1186 6029; baseline 0.006 -3"><span class='ocrx_word' id='word_1_705' title='bbox 654 5965 922 6028; x_wconf 62' lang='lat' dir='ltr'><strong>Parnm.</strong></span> <span class='ocrx_word' id='word_1_706' title='bbox 969 5966 1186 6029; x_wconf 68' lang='lat' dir='ltr'><strong>CXIV.</strong></span> 
     </span>
    </p>
   </div>
   <div class='ocr_carea' id='block_1_113' title="bbox 3039 5973 3114 6033">
    <p class='ocr_par' dir='ltr' id='par_1_113' title="bbox 3039 5973 3114 6033">
     <span class='ocr_line' id='line_1_113' title="bbox 3039 5973 3114 6033; baseline 0.013 -1"><span class='ocrx_word' id='word_1_707' title='bbox 3039 5973 3114 6033; x_wconf 64' lang='lat' dir='ltr'><strong>3&#39;s</strong></span> 
     </span>
    </p>
   </div>
  </div>
