3978 6310
465 370 603 440 1ὒ67

635 494 714 551 De
742 491 978 548 Erbaldo
1015 500 1062 545 et
1100 489 1212 560 ejus
1240 488 1490 544 electione
1520 487 1574 541 in
1605 485 1865 540 abbatem.

467 608 616 669 "usa
647 625 820 675 soror,
852 603 1057 676 majora
1089 602 1240 660 refer
1268 603 1545 674 celerique
1576 601 1757 658 volatu

469 704 648 774 Pange
679 701 871 766 melos,
917 698 1203 768 laudisque
1240 695 1411 752 facem
1460 694 1783 767 generisque
1825 691 2060 748 latebras

468 794 635 868 Cujus
679 792 749 848 ab
776 778 971 847 exortu
1001 789 1221 844 Hettoni
1250 788 1482 843 traditur
1511 788 1703 842 haeres.

468 888 568 946 Est
608 884 817 942 famosa
847 884 1020 938 tribus
1063 897 1186 955 qua:
1216 881 1390 952 legum
1420 881 1574 935 docta
1612 894 1710 950 per
1735 886 1881 933 artes

469 978 787 1037 Promeruit-t
822 972 1001 1048 primo
1036 973 1222 1046 populi
1271 973 1475 1028 sedisse
1516 960 1730 1036 senatu,

475 1074 791 1143 iudicioque
832 1071 1007 1126 bonas
1050 1070 1209 1141 justo
1243 1069 1558 1124 discernere
1586 1066 1753 1137 leges.

472 1164 629 1223 illius
658 1178 692 1219 θ
727 1161 907 1218 medio
952 1160 1128 1231 surgit
1153 1159 1505 1231 generamine
1532 1157 1734 1230 proles,

474 1257 683 1314 Dicitur
724 1254 1009 1322 Erbaldus,
1038 1269 1198 1309 verso
1236 1266 1489 1309 sermone
1516 1252 1596 1307 vir
1631 1250 1831 1307 audax.

473 1348 606 1408 Post
652 1356 860 1418 septem
904 1347 1183 1416 denosque
1209 1345 1349 1415 petit
1370 1342 1697 1400 venerabilis
1744 1354 1914 1397 annos

473 1439 824 1497 lnsulanense
853 1436 1048 1503 solum,
1079 1435 1323 1492 sociatur
1347 1434 1604 1490 fratribus
1630 1432 1737 1489 illis

474 1531 654 1603 Atque
686 1530 1004 1604 magisterio
1042 1527 1293 1584 Hettonis
1324 1528 1556 1583 traditur
1583 1526 1711 1582 almi
1741 1542 1755 1579 :

477 1622 987 1692 Quezmonstrante,
1035 1620 1208 1676 sacris
1246 1634 1356 1674 non
1392 1634 1558 1690 parva
1586 1632 1652 1672 ex
1686 1622 1843 1688 parte
1876 1609 2073 1669 libellis

475 1714 764 1783 lmbuitur,
811 1714 1080 1783 variatque
1122 1719 1312 1767 vetant
1352 1726 1422 1767 ne
1454 1712 1694 1766 traderet
1724 1714 1873 1763 artes

479 1806 749 1880 Septenas
788 1820 956 1873 curas,
1007 1805 1216 1875 antiqui
1258 1820 1395 1875 quas
1444 1801 1664 1859 auribus
1715 1801 1908 1857 indunt

477 1897 780 1966 Nobilium;
810 1912 1045 1969 namque
1088 1896 1178 1951 illa
1214 1894 1384 1951 refert
1423 1896 1694 1966 scriptura
1733 1891 1959 1949 Joannis

479 1990 620 2048 Ante
662 1997 919 2059 retroque
954 1988 1211 2043 animalia
1247 1996 1434 2044 sancta
1481 1985 1696 2042 oculata
1722 1984 1923 2050 fuisse;

480 2083 695 2142 Sensum
730 2082 924 2139 adest:
948 2082 1043 2138 Sic
1070 2082 1260 2137 doctus
1291 2083 1454 2137 homo
1483 2097 1548 2136 ex
1578 2080 1791 2135 ratione
1827 2075 2071 2145 biformi,

479 2177 621 2234 Ante
664 2191 920 2248 superna,
952 2175 1114 2238 videt,
1156 2184 1304 2230 retro
1331 2183 1568 2240 terrena,
1598 2179 1862 2242 cavetque

481 2267 598 2325 Hac
626 2274 875 2339 exparte
917 2264 1060 2321 foret
1104 2281 1174 2321 ne
1216 2266 1402 2321 clauso
1442 2265 1649 2319 lumine
1695 2277 1893 2318 caecus.

482 2360 714 2421 Mittitur
757 2359 825 2416 ad
870 2358 1180 2430 quemdam,
1224 2359 1374 2413 socio
1410 2357 1721 2420 comitatus,
1755 2353 1822 2408 ab
1854 2351 2000 2419 inde,

484 2441 651 2523 Cujus
687 2450 854 2508 multa
894 2450 1035 2505 viret
1068 2450 1332 2520 sapientia
1372 2450 1645 2517 dogmate,
1681 2446 1931 2501 Scottum
1955 2453 2005 2509 ι,

484 2542 663 2614 Quem
686 2542 797 2600 dixi
817 2542 1047 2606 socium,
1080 2557 1301 2597 carmen
1335 2539 1603 2611 perquirit
1630 2538 1931 2603 abundans,

482 2635 621 2694 Nam
665 2637 834 2693 vitam
881 2642 1025 2691 meta
1051 2643 1105 2689 et
1131 2635 1274 2689 vires
1300 2635 1355 2689 in
1391 2642 1567 2689 morte
1604 2632 1928 2702 triumphat.

484 2729 640 2787 Nunc
680 2728 919 2799 incmpta
959 2742 1181 2798 sequar,
1206 2735 1331 2798 post
1354 2740 1523 2796 pauca
1554 2724 1791 2795 parabor
1816 2723 1883 2777 ad
1924 2720 2075 2777 illud.

483 2820 728 2894 Denique
771 2827 896 2891 post
937 2819 1171 2875 reditum
1220 2818 1358 2873 luxit
1392 2816 1687 2889 perfectior
1711 2824 1899 2880 actus;

489 2914 732 2969 Moribus
767 2912 930 2968 ardor
957 2913 1117 2977 inest,
1147 2924 1397 2965 sermone
1424 2908 1601 2965 ﬁdelis
1643 2921 1798 2962 amor
1821 2913 1929 2961 stat
1953 2922 1969 2971 ;

488 3004 682 3077 Fulget
719 3004 773 3060 in
812 3002 1028 3075 ingenio
1067 3016 1257 3067 verax,
1296 2999 1517 3070 probus,
1569 3005 1748 3069 aptus,
1795 2998 2080 3063 honestus,

490 3096 689 3154 Norma
735 3095 881 3161 boni,
908 3110 1061 3166 aequa
1088 3092 1243 3160 fides,
1277 3091 1496 3148 dilectio
1541 3099 1730 3147 sancta
1756 3089 1860 3171 syb
1896 3089 1954 3144 ill

489 3186 902 3257 lnnumerisque
934 3185 1093 3241 bonis
1123 3183 1305 3248 nituit,
1338 3197 1458 3254 quae
1484 3190 1680 3237 cuncta
1706 3180 1808 3237 sub
1833 3180 1939 3236 ista

490 3278 608 3336 Non
639 3293 858 3349 possum
888 3277 1158 3333 brevitate
1186 3274 1362 3345 sequi,
1394 3288 1464 3330 ne
1491 3274 1681 3329 audire
1709 3287 1953 3329 recuses.

494 3372 622 3428 Haec
663 3368 913 3427 Hettonis
954 3376 1112 3423 erant
1136 3375 1422 3438 postquam
1448 3364 1652 3436 jacta'ta
1681 3380 1779 3436 per
1808 3379 1993 3432 aures,

492 3463 773 3535 Approbat
800 3463 916 3532 ipse
944 3476 1042 3517 suo
1088 3460 1290 3530 passim
1332 3457 1707 3513 moderamine
1746 3471 1875 3512 vera

492 3557 628 3612 Esse
673 3555 825 3620 satis,
862 3567 1154 3621 secumque
1186 3551 1336 3605 vehit
1362 3566 1460 3621 per
1484 3558 1636 3620 terga
1659 3548 1963 3619 liquentem

494 3645 843 3716 Camporum,
874 3641 1175 3711 ﬂuctusque
1211 3650 1415 3703 secant,
1463 3632 1749 3710 Argosque
1773 3646 2089 3709 penetrant,

495 3735 743 3794 Diximus
772 3741 834 3787 ut
856 3748 1043 3802 supra,
1071 3731 1406 3800 redeuntque
1433 3730 1687 3801 Augense
1713 3732 1817 3786 sub
1844 3726 2084 3787 antrum.

494 3824 640 3894 Ergo
677 3822 768 3877 ubi
790 3818 1040 3877 llettonis
1080 3819 1206 3876 silet
1246 3827 1561 3889 argumenta
1588 3829 1833 3891 potestas

494 3913 602 3972 Per
647 3911 837 3979 multa,
879 3911 1215 3980 alteriusque
1251 3909 1379 3965 licet
1419 3910 1548 3965 dum
1569 3909 1696 3979 jura
1718 3910 1921 3978 levare,

1017 372 1418 431 WALAFRIDI
1457 370 1701 427 STRABI
1742 367 1944 425 FULD.
1988 363 2154 422 MON.
2195 358 2347 420 OPP.
2384 360 2566 445 PAR‘S
2602 358 2690 413 ιιι.
2725 386 2798 402 -
2829 352 3161 413 CARMINA.

2082 484 2133 543 Α
2160 476 2235 533 Ex
2269 484 2429 534 aetate
2473 476 2575 531 fuit
2616 473 2810 546 puerili
2848 473 3020 543 ipsam
3048 485 3220 542 usque
3247 479 3548 526 senectam.

2102 1887 2151 1947 B

3612 353 3760 410 1068

2162 570 2335 638 Quam
2369 569 2592 642 pulchre
2620 576 2675 623 et
2698 567 2857 639 digne
2892 565 3229 634 multumque
3260 564 3549 635 insigniter
3579 562 3763 618 lueret

2165 662 2389 731 Vernat,
2416 672 2645 733 uterque
2686 660 2849 715 Pater
2875 659 3095 729 vitaque
3122 658 3402 730 graduque
3431 657 3671 712 beatus!

2165 748 2265 810 Hic
2299 763 2452 825 pater
2474 761 2600 808 ante
2628 751 2747 817 fuit,
2779 750 2939 805 modo
2964 748 3130 815 filius,
3158 756 3321 815 astat,
3352 748 3605 813 obaudit,

2164 844 2270 901 Per
2306 855 2601 914 natumque
2630 842 2744 913 regi
2781 842 3063 912 proprium
3092 840 3209 895 vult
3237 840 3402 897 corde
3430 850 3688 911 paterno.

2166 937 2339 993 Filius
2373 937 2474 992 iste
2510 936 2683 1007 prius,
2711 935 2905 990 duretur
2933 934 3106 1004 patris
3139 947 3261 989 esse
3293 933 3540 1003 iubetur,

2169 1030 2236 1086 Et
2273 1038 2452 1085 tamen
2482 1028 2723 1085 intendit
2738 1041 2847 1098 qua
2881 1041 2945 1083 se
2967 1026 3237 1084 sententia
3259 1026 3417 1081 docti

2168 1120 2287 1177 Jam
2312 1120 2546 1179 senioris
2585 1126 2729 1191 agat,
2754 1119 3107 1190 sequiturque
3130 1133 3231 1190 per
3252 1116 3439 1173 omnia
3467 1118 3629 1188 pacis

2172 1213 2491 1285 Congeries,
2515 1212 2806 1284 jungitque
2839 1226 3061 1284 gregem
3090 1209 3387 1267 concordia
3408 1225 3631 1281 praepes

2169 1305 2476 1371 Pastorum,
2508 1303 2821 1374 nullumque
2847 1303 3024 1369 dolus,
3071 1303 3281 1359 nullum
3316 1302 3397 1359 ista
3438 1301 3700 1365 lacessit;

2172 1399 2283 1455 Res
2321 1398 2589 1455 laudanda
2626 1397 2842 1467 quidem
2870 1397 3023 1468 pacis
3050 1397 3237 1453 innata
3276 1395 3595 1467 magistris:

2173 1492 2551 1564 Omnipotens,
2587 1492 2728 1555 vitae,
2760 1491 2914 1562 pacis
2941 1490 3189 1561 lucisque
3223 1500 3492 1562 repertor,

2173 1582 2450 1642 Ambobus
2473 1584 2649 1640 vitam
2666 1598 2765 1654 per
2796 1583 2995 1639 sarcula
3027 1582 3201 1640 multa
3233 1583 3529 1639 ministret.

2175 1701 2254 1757 De
2288 1701 2495 1756 Vettino
2532 1710 2581 1755 et
2613 1701 2727 1771 ejus
2756 1708 2926 1755 (etate.
2948 1729 3017 1740 --
3037 1698 3183 1754 Vitio
3210 1700 3515 1771 deponunt
3545 1708 3776 1771 mato-

2247 1789 2384 1826 rum.
2442 1769 2673 1843 Angelus
2726 1772 3015 1843 daemonem
3057 1772 3228 1843 fugat.
3276 1769 3567 1843 Orationes
3615 1769 3777 1841 poscit

2248 1840 2545 1899 Wettinusf
2570 1842 2754 1914 Angeli
2789 1840 3078 1898 consolatio
3106 1840 3156 1897 et
3185 1840 3429 1897 consilia.

2179 1955 2414 2029 Spiritus
2454 1956 2596 2012 alme
2626 1956 2773 2023 veni,
2804 1964 3119 2026 nostraque
3142 1956 3445 2027 adjungere
3485 1954 3663 2013 Im

2184 2050 2356 2107 Unius
2384 2059 2443 2104 ut
2468 2050 2634 2105 vitam
2667 2051 2949 2121 prastanti
2976 2049 3084 2107 line
3110 2066 3419 2122 capessam.

2174 2142 2349 2216 Perge
2384 2144 2663 2210 Camoena,
2690 2143 2869 2199 virum
2897 2159 3063 2214 quem
3090 2158 3274 2214 supra,
3306 2142 3461 2209 mlle,
3494 2142 3715 2215 vehi,

2178 2237 2315 2294 Nam
2352 2237 2628 2294 Wettinus
2659 2246 2780 2294 erat
2809 2237 3013 2294 celebri
3041 2252 3262 2293 uulnere
3294 2237 3585 2308 magister,

2178 2332 2404 2389 Artibus
2438 2332 2735 2388 instructus
2763 2340 2971 2403 septem
2995 2332 3063 2388 de
3088 2347 3242 2387 more
3268 2332 3544 2403 priorum,

2181 2426 2283 2484 Cui
2311 2426 2531 2483 fortuna
2564 2426 2713 2481 dedit
2737 2425 2939 2482 scholis
2964 2426 3246 2482 adnectier
3274 2424 3383 2480 illis

2182 2519 2315 2589 Quis
2342 2521 2576 2591 gaudere
2610 2519 2945 2575 solet‘nitida
2970 2529 3027 2575 et
3053 2518 3270 2586 lasciva.
3282 2517 3570 2589 juventus.

2184 2610 2295 2667 Sed
2309 2622 2507 2675 tamen,
2534 2612 2776 2669 exterius
2787 2621 3051 2682 quantum
3072 2611 3393 2668 discernere
3403 2620 3666 2667 nostrum
3682 2616 3779 2675 est,

2183 2703 2424 2761 Moribus
2460 2705 2516 2760 in
2540 2706 2708 2760 castis
2734 2704 2902 2760 vitam
2929 2704 3284 2760 mediocriter
3308 2704 3442 2775 egit,

2184 2796 2458 2853 Laudibus
2490 2813 2559 2853 ex
2588 2797 2869 2852 hominum
2906 2796 3105 2852 multas
3133 2795 3386 2868 vulgatus
3412 2794 3484 2849 ad
3511 2809 3697 2851 auras.

2189 2887 2287 2945 llic
2319 2888 2486 2960 igitur
2511 2896 2799 2958 postquam
2837 2888 3101 2944 Dominus
3139 2886 3421 2944 descendit
3466 2887 3545 2943 ab
3566 2887 3681 2943 aha

2186 2979 2379 3037 Carnis
2412 2981 2469 3036 in
2490 2981 2789 3052 hospitium
2818 2991 2973 3038 sexto
3000 2990 3194 3054 quater
3229 2990 3395 3053 atque
3433 2991 3671 3052 peracto

2186 3070 2646 3145 Octingentesimo
2684 3074 2888 3144 rapidis
2931 3074 3266 3130 discursibus
3302 3088 3450 3129 anno
3476 3074 3531 3141 ι’,

2191 3167 2600 3238 Undecimoque
2637 3168 2713 3239 pii
2741 3168 3003 3225 Ludovici
3034 3168 3286 3235 Caesaris,
3323 3169 3541 3223 etdum

2113 3296 2162 3361 ο
2192 3258 2382 3361 Series
2411 3258 2697 3361 Detimber
2719 3252 2987 3335 [october]
3015 3259 3253 3317 declinat
3280 3261 3528 3331 quinque
3574 3260 3787 3326 (ﬁebat,

2190 3349 2379 3437 Adfuit
2408 3350 2499 3405 illa
2536 3351 2653 3407 dies
2676 3366 2801 3422 quae
2827 3353 3060 3424 septima
3089 3352 3145 3408 in
3176 3353 3368 3409 ordine
3390 3360 3637 3418 constat,

2194 3444 2268 3502 Ut
2300 3445 2406 3502 sibi
2439 3446 2609 3501 moris
2633 3453 2771 3512 erat,
2811 3448 3101 3516 querndam
3129 3462 3231 3517 pro
3252 3447 3507 3515 corporis
3532 3448 3787 3504 haustu-

2190 3535 2558 3609 Prosperitate
2591 3538 2729 3606 tulit,
2761 3539 2909 3610 quod
2934 3546 3065 3594 tunc
3097 3553 3205 3595 non
3232 3536 3383 3595 solus
3407 3537 3645 3610 agebat;

2190 3626 2482 3685 Adduntur
2513 3630 2646 3685 socii
2672 3629 3006 3701 reliquisque
3034 3630 3323 3687 salubriter
3351 3630 3521 3695 actis,

2191 3718 2313 3789 Ipse
2341 3735 2479 3774 nova
2506 3721 2752 3791 iungentes
2784 3722 2990 3792 patitur
3016 3723 3283 3794 gravitate
3304 3721 3549 3788 dolores,

2192 3810 2460 3886 lndigesta
2485 3828 2731 3880 vomens,
2758 3814 3096 3887 dapibusque
3123 3815 3178 3870 in
3210 3816 3454 3885 corporis
3490 3829 3631 3871 ulls

2195 3902 2486 3960 Sumendis
2510 3902 2717 3961 fastidit
2744 3904 2814 3960 ali
2846 3922 2861 3961 :
2882 3905 2997 3977 jam
3024 3905 3176 3960 venit
3214 3905 3286 3960 ab
3314 3915 3439 3961 ortu

494 4005 616 4061 1am
658 4003 837 4077 precis
880 4011 1001 4060 arte
1046 4010 1217 4074 patet,
1272 4001 1553 4073 curritque
1578 4016 1679 4072 per
1723 4017 1820 4059 ora
1852 4003 2091 4060 vicissim
2193 3995 2372 4051 Prima
2410 3997 2546 4063 dies,
2577 3999 2889 4070 multusque
2916 4014 3108 4070 parum
3136 3999 3470 4056 discesserat
3496 4017 3706 4074 angor;

497 4098 731 4156 Erbaldo
777 4097 977 4157 debere
1005 4095 1123 4151 dari
1164 4094 1252 4151 his
1286 4095 1341 4150 in
1383 4094 1652 4151 moenibus
1677 4110 1881 4152 arcem.

496 4193 702 4248 Annuit
752 4191 868 4262 ipse
911 4190 1077 4253 Deus,
1123 4195 1349 4244 cunctos
1377 4187 1469 4257 qui
1502 4196 1685 4243 mente
1721 4187 1822 4242 sub
1848 4203 1955 4242 una

501 4284 617 4339 Hoc
655 4280 893 4336 voluiSse
924 4278 1090 4340 dedit,
1124 4278 1329 4348 pastori
1374 4279 1595 4332 mandat
1620 4277 1845 4334 alendus

503 4375 560 4431 lu
592 4373 785 4429 tellure
812 4370 964 4426 ferax
989 4385 1111 4440 quae
1139 4370 1340 4442 gaudet
1364 4368 1518 4440 fruge
1544 4369 1808 4426 bidentes.

500 4464 638 4519 Tum
680 4459 920 4535 perfecta
947 4460 1123 4531 magis
1167 4458 1398 4514 Domitio
1427 4460 1637 4515 servire
1662 4461 1910 4517 voluntas

500 4557 747 4624 lncubat,
789 4556 1162 4626 insignemque
1195 4554 1374 4611 virum
1425 4563 1549 4609 vota
1592 4555 1795 4625 optima
1829 4556 2087 4626 produnt.

501 4649 697 4704 Mentis
743 4648 797 4703 in
833 4645 1045 4703 occulto
1068 4654 1330 4716 quantum
1361 4645 1512 4715 prius
1540 4660 1659 4701 esse
1688 4648 1955 4719 benignus

504 4737 696 4802 Vellet,
729 4738 785 4791 in
810 4738 1019 4808 adjecta
1048 4737 1252 4806 poteris
1279 4736 1522 4791 bonitate
1553 4736 1803 4805 probare.

502 4828 688 4884 Dicam
718 4827 966 4897 equidem
1004 4824 1135 4894 quid
1165 4825 1219 4880 in
1246 4825 1485 4896 antiquis
1521 4826 1751 4883 donasse
1780 4827 1968 4900 ﬁguris

501 4920 643 4977 Hinc
666 4934 902 4993 agnosco
930 4919 1100 4974 Deum
1128 4927 1340 4975 veteres
1370 4920 1656 4977 recolendo
1684 4923 1996 4993 prophetas.

503 5013 674 5071 llelite
702 5013 964 5069 successit
999 5012 1142 5069 enim
1179 5014 1505 5070 venerabilis
1534 5015 1624 5070 ille

503 5107 771 5174 Heliseus,
804 5113 1123 5176 vectamque
1151 5106 1295 5163 leves
1321 5106 1520 5163 aﬂ’atur
1545 5108 1598 5164 in
1626 5124 1823 5175 auras;

504 5199 743 5271 Spiritus
771 5213 870 5254 oro
897 5207 1019 5254 tuus
1045 5213 1257 5254 mecum
1282 5200 1614 5269 duplicetur;
1647 5209 1703 5255 at
1734 5201 1823 5256 ille
1847 5219 1860 5255 :

503 5291 764 5357 Grandia,
798 5299 940 5356 nate,
971 5291 1132 5362 petis,
1165 5289 1260 5344 ﬁat
1286 5298 1466 5344 tamen
1494 5292 1609 5361 ipsa
1635 5290 1907 5347 voluntas.

506 5383 740 5439 Maxima
767 5382 1018 5439 Hettonis
1041 5380 1321 5437 nituerunt
1359 5380 1499 5439 facta
1528 5396 1626 5452 per
1651 5384 1864 5449 orbem,

507 5476 567 5534 Si
594 5477 725 5550 quid
755 5478 945 5534 adesse
988 5482 1188 5547 potest,
1236 5484 1417 5533 tamen
1464 5485 1826 5547 essuperatur
1861 5475 1935 5533 ab
1966 5476 2093 5542 isto,

507 5568 610 5638 Qui
641 5568 799 5625 solita
826 5569 1027 5625 virtute
1052 5574 1244 5637 potens
1278 5568 1589 5638 pariterque
1619 5568 1902 5640 benignus,
1952 5578 1957 5583 '

510 5663 780 5722 Virtutum
811 5671 1017 5729 custos,
1058 5659 1205 5717 vitiis
1233 5660 1565 5717 saevissimus
1594 5661 1769 5718 hostis

577 5805 602 5832 ι
634 5796 717 5852 An
741 5795 1073 5853 Clementem
1101 5792 1375 5865 Scottum,
1419 5808 1580 5865 quem
1613 5798 1913 5853 monachus
1951 5794 2093 5853 San-

504 5867 762 5941 gallensis
800 5869 849 5920 in
881 5868 1002 5922 Vita
1051 5866 1229 5921 Caroli
1277 5864 1452 5938 Magni
1484 5868 1560 5922 ait
1595 5867 1803 5925 litteras
1849 5866 2097 5926 docuisse

2195 4086 2330 4142 Tum
2373 4088 2546 4144 reiicit
2572 4105 2679 4144 non
2705 4098 2883 4161 empta
2914 4098 3097 4145 tamen
3126 4089 3342 4145 fastidia
3372 4084 3653 4162 linquens,

2194 4178 2303 4238 Nec
2342 4184 2592 4239 tractavit
2618 4184 2672 4239 in
2703 4184 2808 4240 hoc
2830 4183 2998 4239 ullum
3027 4198 3087 4239 se
3114 4182 3259 4239 ferre
3285 4184 3555 4256 periclum

2194 4276 2404 4341 Mortis,
2436 4275 2505 4331 ad
2535 4276 2678 4331 hanc
2720 4276 2891 4330 vitant
2930 4275 3149 4346 quando
3194 4275 3350 4331 cibus
3378 4276 3473 4332 ille
3499 4279 3782 4335 animavit.

2194 4368 2377 4424 Tertia
2401 4367 2490 4421 lux
2521 4368 2696 4425 oritur
2740 4368 3025 4439 noctisque
3068 4376 3246 4423 rotam
3286 4367 3571 4440 Hesperus
3608 4369 3783 4437 ﬁert,

2194 4460 2478 4534 Colligitur
2512 4460 2751 4516 mixtura
2787 4461 2986 4527 virum,
3014 4461 3285 4517 residetur
3307 4462 3375 4517 ad
3402 4476 3600 4531 escas;

2195 4555 2333 4612 Tum
2364 4555 2516 4611 fratri
2549 4573 2562 4608 :
2593 4554 2709 4611 Non
2749 4569 2935 4610 mensa
2960 4554 3158 4625 placet,
3186 4570 3293 4611 non
3318 4555 3515 4626 pabula
3540 4567 3784 4629 prosunt,

2118 4663 2173 4725 Ι)
2198 4645 2347 4703 Cedo
2380 4646 2577 4712 locum,
2605 4644 2901 4716 compellor
2921 4646 3069 4703 enim
3108 4644 3326 4702 feritate
3361 4646 3575 4705 doloris

2200 4739 2383 4795 Strata
2421 4739 2607 4794 videre
2635 4752 2777 4803 mea,
2809 4738 2925 4794 haec
2953 4737 3112 4793 aliam
3144 4748 3358 4809 portate
3382 4739 3487 4795 sub
3514 4743 3781 4797 utubi-am.

2197 4833 2482 4890 Tolluntur
2518 4840 2815 4887 stramenta
2858 4831 3129 4901 aliamque
3166 4829 3417 4887 feruntur
3441 4832 3498 4887 in
3524 4834 3716 4900 adem.

2197 4923 2519 4993 Contiguam
2545 4921 2693 4977 cellae
2718 4935 2878 4990 quam
2919 4929 3195 4977 ccenatum
3217 4930 3343 4977 ante
3369 4925 3589 4993 petivit.

2197 5017 2338 5088 Ergo
2365 5016 2455 5072 ubi
2482 5014 2723 5070 membra
2755 5030 2851 5070 suo
2881 5014 3158 5084 componit
3181 5014 3435 5086 languida
3459 5015 3610 5073 lecto

2197 5106 2510 5163 Conclausis
2558 5106 2729 5162 oculis
2759 5106 2976 5176 penitus
3006 5106 3244 5163 dormire
3277 5108 3567 5178 nequibat,

2198 5199 2434 5270 Spiritus
2475 5211 2604 5255 ecce
2634 5196 2742 5253 deli
2782 5195 2989 5253 foribus
3016 5198 3284 5267 processit
3313 5199 3543 5269 apertis,

2195 5291 2435 5347 Clericus
2479 5292 2531 5345 in
2571 5290 2771 5361 specie,
2801 5288 2996 5345 frontis
3024 5290 3235 5346 latuere
3271 5291 3548 5360 fenestra,

2197 5385 2269 5443 Ut
2315 5401 2419 5442 nec
2442 5385 2595 5457 signa
2626 5383 2843 5454 quidem
2876 5384 3026 5454 parvi
3058 5383 3348 5440 videantur
3383 5385 3544 5441 ocelli
3574 5404 3591 5452 ;

2195 5476 2314 5533 Jam
2338 5477 2586 5532 manibus
2602 5482 2871 5531 tormenta
2892 5489 3087 5547 gerens
3099 5477 3374 5547 capitique
3395 5478 3787 5549 propinquans,

2198 5571 2389 5644 Magna
2430 5570 2530 5626 sub
2573 5569 2785 5625 ardenti
2810 5569 3178 5640 complectens
3218 5572 3643 5643 gaudiaeorde:

2199 5663 2334 5720 Cras
2363 5664 2658 5735 torqueris,
2684 5664 2785 5730 ait,
2815 5664 3183 5736 meritumque
3222 5668 3547 5737 rependitur
3566 5682 3752 5725 omne.

2196 5796 2255 5852 in
2284 5794 2502 5854 Callia?
2539 5797 2678 5853 Msa.

2272 5869 2300 5909 δ
2331 5884 2492 5926 anno.
2529 5868 2654 5925 825.
