3978 6310
267 428 403 487 1075

267 543 508 613 Denique
535 541 678 612 quod
705 539 890 610 paucis
916 539 1092 594 visum
1120 535 1487 608 percurrimus
1506 532 1645 597 odis,

264 638 405 694 Ante
437 650 536 691 nec
562 634 767 690 audivit
794 634 888 705 qui
912 648 1057 688 nunc
1084 637 1340 687 renavata
1367 628 1593 692 revexit,

266 728 334 785 Et
357 727 501 782 velut
522 726 592 780 ad
620 740 847 795 superos
875 724 985 780 imo
1005 723 1220 779 devexit
1248 723 1462 794 abysso.

265 822 468 881 Annuit
498 822 599 877 iste
626 821 776 877 locus
801 820 1029 875 multum
1058 819 1145 889 pia
1174 825 1297 872 vota
1325 815 1524 871 mereri
1549 832 1562 869 :

266 915 459 970 Fidere
480 916 574 970 sed
602 912 712 968 noli
742 920 866 984 post
892 912 1016 967 vitae
1043 920 1288 980 tempora
1319 909 1455 963 solvi

263 1006 502 1062 Alterius
524 1021 622 1078 per
649 1006 814 1061 verba
843 1004 992 1060 focos
1012 1018 1149 1074 quos
1173 1001 1379 1072 colligit
1412 1000 1528 1071 ipse

264 1098 494 1155 Actibus
518 1114 587 1154 ex
612 1099 794 1169 pravis
818 1114 833 1163 ;
863 1098 989 1153 licet
1018 1094 1337 1151 intercessio
1364 1099 1558 1163 purget

262 1190 506 1246 Crimina
538 1191 853 1254 multorum,
884 1198 1062 1243 tamen
1094 1188 1196 1242 bac
1233 1200 1458 1241 securus
1483 1182 1676 1237 haberi

261 1280 434 1338 Nemo
459 1290 653 1352 potest,
681 1281 807 1353 quia
834 1296 941 1351 quo
963 1280 1139 1335 nescit
1157 1293 1254 1333 sua
1278 1276 1517 1348 pondere
1540 1276 1683 1330 facta

258 1372 563 1429 Pensentur
586 1391 602 1439 ;
634 1382 963 1444 quapropter
990 1387 1091 1443 ego
1114 1385 1234 1427 esse
1257 1370 1389 1424 mihi
1411 1368 1542 1423 utile
1561 1367 1683 1423 dico

259 1462 413 1533 Quod
439 1466 579 1536 gessi
609 1480 837 1536 purgare
864 1464 1016 1533 prius
1034 1504 1049 1530 ,
1075 1479 1172 1519 sua
1202 1475 1472 1533 quemque
1500 1462 1816 1528 sequentur.

274 1557 840 1627 mutemplaturitem
863 1556 1151 1628 quemdam
1175 1567 1223 1620 ι,
1254 1553 1520 1609 lustrante
1546 1548 1747 1621 pupilla

272 1651 535 1708 >usonize
561 1651 950 1722 quondamqui
983 1664 1149 1721 regna
1180 1650 1400 1703 tenebat
1425 1654 1481 1701 et
1507 1644 1628 1699 alta:

271 1750 542 1799 womana?
571 1741 767 1810 gentis,
801 1739 909 1795 fixo
937 1740 1237 1796 consistere
1257 1751 1465 1809 gressu,

269 1835 710 1906 appositumque
736 1835 937 1890 animal
963 1834 1201 1890 lacerare
1229 1832 1405 1887 virilia
1437 1830 1651 1897 stantis,

1479 418 1567 476 DE
1599 412 1987 473 VlSlONlBUS
2026 410 2352 467 WETTINI.

1870 530 1922 589 Α
1947 524 2063 579 Non
2096 523 2362 580 scelerum
2391 522 2595 577 ultores
2627 521 2845 577 Satanae
2867 562 2880 589 ,
2914 522 3005 576 sed
3045 521 3312 577 habentur

3395 408 3526 469 1074

1950 617 2166 673 Illorum
2193 615 2410 686 quidam
2442 615 2629 671 multis
2656 614 2970 685 stringendo
2998 614 3215 684 periclis

1950 706 2203 763 Adiciunt
2234 706 2501 772 homines,
2529 706 2705 777 iustos
2735 707 2994 763 damnare
3024 722 3253 777 reosque

1949 798 2255 854 Justilicare
2279 798 2448 864 viros,
2474 804 2783 868 contempta
2807 797 2945 869 lege,
2979 797 3214 854 solentes
3246 817 3259 852 :

1949 890 2185 947 Furibus
2213 891 2406 946 adnexi
2435 889 2734 959 vitiumque
2760 904 2859 960 per
2887 904 3047 943 omne
3077 889 3320 953 sodales;

1950 982 2263 1037 Muneribus
2290 981 2455 1051 capti,
2482 980 2572 1049 qui
2603 996 2702 1051 pro
2728 980 2977 1035 mercede
3006 979 3191 1034 futura

1949 1073 2036 1129 Nil
2064 1073 2289 1139 faciunt,
2318 1072 2413 1127 sed
2441 1087 2564 1127 cum
2594 1072 2835 1142 quaedam
2867 1072 2968 1127 sub
3000 1072 3117 1141 lege
3142 1081 3392 1128 coercent

1951 1163 2141 1219 Debita
2168 1162 2417 1233 iustitiae,
2454 1162 2660 1216 furiunt
2686 1163 2886 1232 pietate
2913 1172 3178 1219 carentes.

1949 1254 2130 1311 Ardor
2150 1255 2392 1310 avaritiae
2420 1255 2596 1310 nescit
2623 1255 2920 1311 concedere
2948 1255 3266 1326 quidquam,

1952 1347 2060 1404 Sed
2088 1355 2258 1402 totmn
2288 1355 2575 1417 extorquet
2605 1354 2885 1416 totumque
2914 1346 2980 1401 ad
3010 1356 3211 1401 tartara
3245 1346 3428 1413 mittit,

1949 1440 2315 1497 Accumulans
2340 1440 2478 1494 iram
2508 1454 2629 1495 cum
2659 1438 2870 1494 venerit
2896 1440 3029 1493 hora
3059 1437 3280 1494 furoris.

1950 1533 2227 1591 Justitiam
2252 1548 2526 1603 nunquam
2554 1532 2721 1586 vitam
2746 1532 3038 1601 quaerendo
3066 1531 3282 1585 beatam

1950 1626 2291 1698 Impendunt,
2322 1633 2378 1681 et
2403 1641 2564 1696 quam
2597 1624 2767 1696 gratis
2796 1624 3035 1695 praebere
3064 1624 3334 1688 videntur,

1953 1718 2211 1775 Venalem
2236 1725 2453 1789 portant
2486 1717 2721 1771 animam
2748 1730 2847 1785 pro
2872 1715 3096 1786 pignore
3120 1715 3331 1768 dantes.

1951 1809 2165 1867 Judicio
2192 1811 2453 1881 quosdam
2479 1810 2592 1880 jam
2621 1823 2766 1864 nunc
2793 1805 3145 1862 succumbere
3172 1804 3329 1871 dixit,

270 1935 543 1997 metaque
561 1897 660 1999 per
685 1928 950 1999 reliquum
975 1943 1174 1998 corpus
1196 1926 1283 1981 lue
1310 1924 1550 1979 membra
1563 1921 1848 1987 carebant,
1876 1905 1928 1967 Β
1953 1902 2177 1999 Phi???“
2204 1910 2264 1957 υῑ
2293 1902 2554 1999 Dominus
2579 1902 2646 1999 fle
2675 1914 2783 1954 ηοη
2814 1897 3159 1999 ρξ’θάθη-ιῖψιε
3186 1897 3317 1952 οιίηι
3344 1909 3362 1950 ³

268 2016 507 2072 <iderat
535 2020 667 2084 hmo,
696 2034 998 2090 magnoque
1022 2027 1244 2087 stupens
1274 2026 1483 2071 terrore
1496 2011 1751 2083 profatur
1759 2026 1775 2064 :

268 2109 644 2168 mortibushic
666 2112 946 2167 hominum
973 2109 1099 2164 dum
1124 2110 1292 2163 vitam
1326 2108 1380 2162 in
1410 2120 1640 2175 corpore
1662 2102 1849 2175 gessit,

272 2201 537 2257 u—ustitia:
562 2204 796 2258 nutritor
830 2213 949 2257 erat
976 2201 1241 2272 saecloque
1270 2200 1553 2264 moderno,

273 2294 514 2352 Saxima
542 2310 640 2364 pro
664 2294 892 2349 Domino
920 2294 1049 2348 fecit
1072 2294 1395 2348 documenta
1420 2291 1626 2360 vigere,

271 2386 641 2455 vrotexitque
662 2386 750 2455 pio
771 2400 982 2440 sacram
998 2384 1258 2438 tutamine
1283 2382 1493 2452 plebem
1514 2397 1530 2447 ;

272 2486 355 2538 aut
376 2475 587 2531 velutin
620 2478 820 2532 mundo
846 2478 1075 2548 sumpsit
1097 2475 1331 2547 speciale
1353 2469 1636 2541 cacumen,
1666 2542 1671 2547 _

272 2579 455 2630 auecta
491 2570 678 2626 volens
712 2570 962 2642 dulcique
987 2570 1173 2625 volans
1200 2587 1298 2642 per
1324 2585 1488 2641 regna
1522 2567 1733 2624 favore.

270 2671 384 2722 νει
410 2663 497 2719 hic
527 2678 686 2734 quam
714 2680 855 2719 saeva
881 2665 980 2719 sub
1008 2663 1311 2718 conditione
1336 2669 1569 2726 tenetur,

274 2768 426 2812 r-lam
459 2756 706 2826 tristique
736 2764 917 2811 notam
946 2763 1214 2811 sustentat
1239 2762 1391 2824 peste
1421 2767 1692 2820 severam,

270 2862 423 2915 Oro,
454 2849 620 2904 refer.
649 2849 786 2904 Tum
812 2850 1007 2905 ductor
1034 2869 1048 2903 :
1079 2850 1133 2904 In
1165 2849 1251 2903 his
1276 2847 1627 2912 cruciatibus,
1646 2844 1848 2918 inquit,

272 2949 481 3002 :uestat
502 2943 572 2996 ob
597 2941 702 2996 hoc
728 2943 943 3011 quando
966 2942 1105 2996 bona
1123 2941 1264 2995 facta
1284 2939 1506 2994 libidine
1528 2938 1674 3009 turpi

256 3032 537 3098 Faedavit,
570 3040 719 3088 ratus
749 3032 1029 3088 illecebras
1056 3033 1154 3086 sub
1185 3031 1326 3087 mole
1353 3030 1617 3086 bonorum

254 3126 503 3191 Assumi,
533 3135 586 3181 et
613 3126 778 3179 vitam
811 3124 979 3180 voluit
1008 3124 1163 3180 finire
1191 3124 1360 3199 suetis

257 3215 560 3284 Sordibus;
595 3218 708 3288 ipse
740 3226 922 3271 tamen
952 3217 1117 3271 vitam
1158 3214 1396 3286 captabit
1424 3213 1678 3284 opimam,

254 3310 601 3381 Dispositum
630 3328 659 3366 a
689 3311 919 3366 Domino
946 3310 1183 3382 gaudens
1213 3308 1431 3363 invadet
1455 3308 1738 3381 honorem.

254 3404 539 3460 Admonet
565 3405 653 3461 hic
684 3405 956 3459 hominem
985 3403 1076 3474 qui
1109 3403 1284 3474 dignis
1313 3402 1554 3456 moribus
1583 3400 1746 3456 horas

256 3495 380 3551 Has
409 3511 629 3551 scrvare
659 3498 825 3567 cupit,
858 3511 925 3551 ne
955 3495 1187 3567 quodam
1218 3493 1444 3548 crimine
1470 3500 1666 3547 cuncta

258 3587 491 3650 Perdat,
522 3595 579 3641 et
601 3602 762 3642 omne
788 3587 1016 3657 probum
1046 3585 1234 3640 fundat
1258 3591 1506 3637 vastante
1533 3581 1689 3636 ruina
1718 3596 1734 3634 :

257 3678 419 3735 Talis
447 3694 617 3750 aquas
648 3679 827 3735 haurit
854 3688 1073 3750 pertuso
1103 3692 1231 3732 vase
1258 3684 1565 3745 receptans,

257 3772 532 3841 Quodque
558 3771 649 3824 diu
680 3769 905 3824 immisit
933 3771 1189 3825 sorbente
1221 3767 1484 3821 foramine
1525 3764 1737 3835 linquit.

256 3866 363 3922 Est
394 3860 549 3917 labor
571 3861 673 3915 iste
693 3861 891 3930 gravis,
908 3860 1081 3913 malus
1101 3867 1261 3927 atque
1283 3856 1644 3920 miserrimus,
1661 3870 1729 3910 ex
1756 3868 1866 3926 quo

261 3955 503 4023 Semper
517 3950 969 4014 habetdamnum,
986 3962 1263 4017 nunquam
1285 3946 1553 4001 mercedis
1567 3948 1859 4012 honorem;

260 4048 539 4108 Omnibus
568 4046 621 4101 in
656 4047 819 4100 rebus
846 4044 1014 4099 vitam
1044 4043 1353 4097 moderetur
1382 4042 1435 4095 in
1465 4040 1632 4105 arvis,

262 4144 376 4213 Qui
406 4141 559 4211 cupit
585 4140 640 4194 in
671 4137 822 4193 cmlis
850 4150 1076 4209 regnum
1104 4134 1340 4189 retinere
1370 4146 1629 4202 perenne.

260 4235 391 4291 Illic
424 4231 725 4302 magnificis
751 4228 1031 4298 conspexit
1057 4240 1281 4282 munera
1307 4223 1519 4295 pompis

264 4324 553 4383 Dmmonis
583 4323 637 4377 in
665 4321 933 4386 munibus,
956 4320 1067 4391 jam
1095 4315 1469 4388 przesentanda
1497 4313 1679 4385 parari

264 4417 473 4479 Pallia,
503 4422 557 4469 ct
585 4414 638 4468 in
665 4412 813 4468 vasis
838 4411 956 4466 auri
985 4409 1303 4478 argentique
1333 4404 1633 4469 metallum,

266 4511 342 4568 Et
367 4507 466 4562 lini
493 4505 807 4576 obsequitur
830 4502 1118 4558 candentia
1146 4500 1232 4554 fila
1258 4497 1517 4561 caballus,

264 4600 556 4659 Plurimus
586 4598 729 4652 hunc
755 4603 913 4650 ornat
941 4593 1151 4664 species
1181 4590 1432 4663 fulgentis
1458 4586 1701 4643 habenae.

270 4693 424 4750 Tum
452 4696 605 4759 rogat
632 4688 747 4742 hmc
771 4686 923 4756 cujus
952 4683 1228 4738 hominum
1260 4682 1325 4736 de
1352 4685 1506 4749 parte
1530 4675 1796 4740 venirent,

272 4779 536 4850 Quidque
568 4776 878 4849 ﬁgurarent.
910 4771 1027 4827 Tali
1056 4785 1304 4826 sermone
1333 4765 1576 4837 rependit

270 4869 526 4943 Angelus
556 4887 570 4923 :
611 4866 737 4923 Haec
763 4867 1017 4922 comitum
1048 4870 1172 4919 sunt
1200 4877 1297 4933 per
1320 4859 1536 4915 diversa
1559 4861 1873 4912 manentum

273 4965 477 5036 Regna
506 4960 626 5026 soli,
658 4957 855 5030 injuste
881 4955 1075 5028 legalia
1097 4955 1221 5026 jura
1251 4957 1553 5023 regentum,

277 5059 569 5128 Quatenus
591 5055 698 5110 huc
721 5050 868 5108 ducti
898 5048 1183 5119 inspiciunt
1208 5044 1351 5117 quod
1380 5050 1575 5099 cuncta
1599 5038 1803 5112 rapinis

279 5153 569 5223 Collegere
595 5150 858 5219 avidoque
883 5145 1119 5200 minores
1143 5155 1238 5197 ore
1266 5138 1555 5194 vorabant.

278 5248 526 5309 Nomina
556 5243 911 5316 quorumdam
936 5235 1221 5295 manifeste
1244 5230 1468 5305 protulit
1496 5245 1564 5285 ex
1592 5227 1698 5292 bis,

176 5339 182 5345 ’
282 5340 448 5401 Dixit
473 5346 527 5393 et
551 5338 669 5392 haec
696 5346 970 5405 nunquam
1003 5326 1147 5383 ﬁniri
1176 5326 1337 5389 dona,
1366 5321 1684 5393 priusquam

285 5433 539 5503 Quisque
560 5429 735 5486 sinum
757 5427 810 5482 in
836 5422 1109 5498 proprium
1129 5424 1433 5491 praeventus
1452 5419 1627 5468 morte
1643 5414 1885 5480 receptet

288 5502 572 5593 Quidquid
601 5519 668 5575 ad
693 5517 982 5587 hospitium
1009 5522 1223 5569 aeterna:
1248 5505 1631 5593 transmiserat
1650 5502 1806 5557 aulae.

291 5591 477 5683 Quam
505 5625 632 5665 vero
659 5606 926 5663 horrendo
953 5604 1210 5660 comitum
1238 5610 1487 5656 sermone
1510 5591 1794 5666 profanam

173 5699 189 5714 ⁸
291 5702 551 5762 Intulerit
575 5702 759 5766 vitam,
791 5696 967 5751 nullus
991 5707 1215 5749 narrare
1241 5688 1506 5747 redundat
1535 5704 1549 5741 :

1955 1995 2225 2052 Iudicium
2248 1995 2477 2066 sumpsit
2502 1995 2812 2066 quicunque
2836 1990 3146 2048 incredulus
3172 1996 3368 2046 exstat.

1953 2173 2076 2231 Jam
2104 2172 2237 2229 satis
2260 2181 2347 2229 est
2374 2173 2577 2228 dictum
2608 2190 2622 2226 :
2655 2170 2780 2227 felix
2809 2171 2903 2242 qui
2933 2171 3097 2227 corde
3129 2177 3393 2237 reservat,

1953 2265 2035 2322 Ne
2064 2266 2135 2322 sit
2160 2281 2314 2321 amor
2342 2265 2549 2319 nummi
2574 2262 2748 2334 major
2775 2278 2939 2334 quam
2970 2263 3177 2318 mansio
3203 2261 3346 2317 coeli.

1955 2357 2159 2413 Grandi
2188 2357 2524 2412 abundantes
2553 2356 2730 2411 subito
2758 2356 3108 2426 comprendet
3139 2364 3371 2426 egestas.

1957 2447 2003 2505 Ο
2028 2449 2273 2515 comites,
2306 2449 2459 2519 cujus
2486 2448 2713 2504 comites
2738 2447 3054 2518 perpendite
3083 2446 3231 2503 sitis!

1957 2536 2204 2595 Christus
2224 2538 2302 2592 ait
2325 2557 2339 2591 :
2364 2538 2680 2609 Quicunque
2701 2539 2881 2609 polum
2904 2539 3269 2594 conscendere
3288 2536 3505 2609 quaerit,

1956 2630 2129 2686 Debet
2154 2630 2209 2684 in
2240 2639 2468 2700 angusto
2493 2644 2737 2700 gressum
2768 2628 3039 2700 contigere
3068 2628 3223 2684 calle.

1959 2722 2163 2780 Servus
2188 2723 2318 2779 item
2346 2723 2537 2779 mortis
2564 2724 2791 2793 vestigia
2820 2723 2927 2777 lata
2955 2722 3227 2792 sequendo

1958 2815 2147 2888 Vergit
2171 2817 2227 2872 in
2256 2826 2517 2872 aeternum
2546 2817 2761 2873 miseris
2787 2816 3083 2887 ploratibus
3111 2816 3310 2887 ignem.

1959 2908 2156 2966 Omnia
2185 2911 2487 2975 mittantur,
2518 2926 2661 2966 nunc
2693 2911 2873 2965 tristes
2900 2909 3019 2963 laeta
3049 2909 3328 2973 tenebunt,

1961 3002 2110 3071 Quos
2135 3006 2368 3073 gaudere
2398 3005 2550 3069 libet,
2577 3004 2764 3059 tristes
2793 3004 3084 3058 tundentur
3114 3002 3169 3056 in
3198 3002 3438 3057 umbras.

1962 3095 2115 3164 Quod
2144 3097 2319 3168 placet
2350 3097 2651 3169 ingredere,
2681 3105 2766 3152 est
2798 3095 2989 3151 melius
3028 3106 3154 3150 tunc
3190 3093 3309 3149 laeta
3339 3101 3544 3150 tenere.

1965 3229 2283 3287 Sanctorum
2322 3249 2495 3302 preces
2535 3248 2627 3301 pro
2663 3229 2926 3300 ﬁdelibus.
2968 3228 3205 3302 Visiones
3247 3216 3549 3302 sanctorum

2035 3294 2422 3368 defunctorum.
2458 3294 2543 3355 De
2568 3294 2871 3371 martyrum,
2903 3309 2948 3353 et
2982 3300 3247 3371 virginum
3268 3296 3405 3371 sede.
3439 3294 3549 3371 Δῃ-

2032 3365 2135 3444 geli
2174 3374 2345 3427 oratio
2383 3373 2451 3426 ad
2500 3365 2807 3444 Wettinum.
2852 3365 3136 3444 Responsio
3178 3367 3420 3424 Wettt'm'.
3466 3365 3548 3420 De

2034 3441 2220 3515 angelo
2246 3443 2477 3498 custode.
2514 3441 2725 3497 Recedit
2753 3460 2785 3496 a
2813 3441 3033 3495 vitiosis.

1966 3555 2113 3611 Vidit
2137 3561 2193 3611 et
2219 3556 2533 3610 innumeras
2561 3555 2776 3610 diverso
2801 3563 2950 3608 sorte
2978 3549 3275 3622 phalanges

1965 3647 2043 3703 De
2078 3649 2379 3713 monachis,
2411 3646 2774 3719 gradibusque
2802 3644 2943 3709 aliis,
2968 3642 3259 3714 popuiique
3287 3647 3500 3707 senatu,

1964 3741 2044 3796 De
2066 3741 2341 3811 variisque
2372 3739 2505 3795 locis
2533 3739 2690 3810 longe
2717 3736 3017 3807 patriisque
3043 3733 3268 3789 remotis
3312 3751 3325 3787 :

1967 3831 2078 3887 Hos
2111 3832 2347 3904 gaudere
2376 3830 2597 3895 hilares,
2632 3828 2751 3883 illos
2781 3827 3032 3882 frendere
3058 3833 3335 3896 gementes
3363 3841 3378 3890 ;

1968 3922 2081 3978 Hos
2104 3923 2386 3993 paradisus
2410 3923 2592 3985 habet,
2623 3918 2875 3973 discindit
2899 3926 3135 3972 tartarus
3163 3916 3301 3971 illos.

1969 4012 2068 4068 His
2096 4013 2228 4067 visis
2253 4012 2541 4080 multisque
2571 4010 2691 4065 aliis
2716 4024 2836 4080 quae
2864 4009 3102 4064 scribere
3131 4006 3348 4076 longum
3374 4014 3476 4070 est,

1972 4105 2209 4175 Quaeque
2233 4103 2403 4176 stylus
2429 4118 2656 4159 currens
2681 4101 2869 4157 stricta
2893 4100 3157 4156 brevitate
3185 4097 3459 4167 relinquit,

1973 4196 2199 4251 Ducitur
2225 4196 2292 4250 ad
2316 4195 2562 4265 quaedam
2591 4192 2943 4265 praepulchra:
2972 4191 3175 4245 mtenia
3205 4188 3369 4251 sedis.

1974 4290 2105 4357 Quae
2134 4287 2365 4344 naturali
2398 4287 2700 4343 consistere
2728 4285 2868 4341 mole
2900 4284 3125 4339 ferebat.

1973 4380 2090 4436 Hoc
2113 4394 2247 4449 opus
2273 4379 2539 4433 immenso
2565 4376 2727 4432 nituit
2751 4374 3056 4445 splendore,
3084 4385 3377 4428 coruscans

1973 4472 2239 4537 Areubus,
2267 4471 2526 4543 elfulgens
2553 4471 2828 4540 variisque
2853 4468 3134 4525 ornatibus
3161 4466 3360 4530 aureis,

1975 4566 2307 4638 Argentique
2333 4579 2525 4635 gerens
2560 4562 2786 4619 multum
2819 4554 3092 4618 structura
3120 4555 3411 4622 metallum,

1897 4645 1955 4709 Ῑ)
1974 4658 2213 4715 Praebuit
2241 4664 2358 4712 arte
2384 4654 2555 4711 oculis
2583 4652 2830 4725 anaglyfa
2855 4664 3078 4722 pascere
3106 4656 3345 4703 mentem

1978 4750 2196 4815 Moenia,
2220 4763 2339 4819 qua:
2364 4755 2572 4802 tantum
2596 4745 2760 4799 latam
2789 4743 3111 4814 longamque
3130 4738 3383 4795 tenebant

1977 4841 2308 4905 Mensuram,
2336 4838 2730 4909 pulchrumque
2756 4842 2957 4889 statum
2988 4829 3231 4886 mirabile
3264 4827 3484 4892 factum,

1978 4934 2211 5003 Altaque
2232 4946 2329 5003 per
2352 4929 2597 4985 volucres
2621 4926 2932 4998 pandebant
2962 4922 3196 4979 culmina
3224 4928 3416 4976 ventos

1979 5025 2248 5094 Quantum
2277 5021 2421 5078 nulla
2440 5015 2863 5090 potestintentio
2877 5013 3073 5069 mentis
3097 5013 3151 5068 in
3164 5013 3336 5068 visum
3352 5007 3445 5083 (F.
3475 5010 3529 5064 in
3542 5049 3557 5073 ,

1978 5117 2240 5175 Claudere
2268 5111 2551 5176 tractandi,
2576 5108 2821 5178 nec-quis
2848 5120 3099 5162 sermone
3122 5103 3280 5158 fateri
3354 5099 3559 5173 [usum)

1977 5209 2087 5265 Aut
2113 5207 2266 5279 operi
2295 5212 2443 5262 tanto
2470 5216 2720 5259 veracem
2748 5207 2938 5272 optare
2963 5207 3248 5261 staturam,

1982 5303 2090 5359 Aut
2115 5301 2280 5357 decus
2305 5298 2575 5355 excellens
2600 5295 2745 5351 veris
2771 5294 3058 5365 diSponere
3084 5289 3287 5347 verbis.

1984 5396 2112 5453 Haec
2139 5401 2369 5451 cernunt
2397 5390 2659 5460 fratrique
2688 5402 2844 5443 sacer
2872 5396 3002 5442 tunc
3027 5381 3248 5454 angelus
3274 5378 3351 5435 illi
3378 5394 3394 5434 :

1988 5489 2122 5546 Cras
2148 5485 2429 5557 migrabis,
2456 5483 2551 5549 ait,
2581 5482 2703 5538 vitae
2728 5480 2960 5537 confinia
2986 5478 3236 5546 linquens

1990 5583 2264 5646 Terrenaz,
2291 5587 2468 5634 tamen
2497 5577 2702 5632 interea
2732 5573 3060 5631 certabimus
3086 5567 3248 5623 ambo

1991 5675 2099 5733 Pro
2125 5675 2322 5747 pietate
2347 5686 2537 5744 preces
2560 5668 2761 5726 sanctis
2783 5672 3128 5739 prosternere
3146 5656 3372 5721 Christi,

375 5832 406 5861 ιι
442 5819 631 5892 Agitur
654 5816 744 5873 hic
772 5809 1060 5892 de_Caroto
1088 5808 1306 5892 Magno,
1348 5805 1440 5878 qui
1476 5801 1783 5877 patiebatur
1812 5796 1883 5853 ob
1914 5793 2194 5853 libidinem
2252 5789 2541 5859 impuram.
2599 5779 2902 5842 Acrostichi
2933 5789 3125 5833 versus
3152 5773 3208 5832 id
3235 5771 3467 5845 probant
3496 5767 3566 5825 ab

295 5907 372 5952 eo
400 5882 563 5949 versu
587 5882 979 5957 (ἱοηεεηψιαιυν
1004 5882 1145 5935 item.
1176 5882 1335 5934 Basn.
