3978 6310
565 529 703 586 1075

565 643 637 701 Ut
665 642 749 698 vel
780 656 944 713 parva
975 646 1082 694 tuis
1112 636 1206 692 fiat
1229 633 1511 693 concessio
1538 633 1719 690 factis.

560 736 691 793 Inde
716 734 997 791 beatorum
1026 728 1185 803 parili
1211 744 1408 785 venere
1436 727 1619 783 volatu

566 829 737 885 Sedes
767 841 939 897 usque
972 824 1339 888 sacerdotum,
1365 822 1488 891 quis
1520 820 1751 893 fulgidus
1770 819 1906 876 ordo

564 921 759 991 Captat
785 935 924 975 ortus
953 917 1157 982 meriti,
1183 914 1638 987 jugique'potitur
1666 910 1907 968 honore?

562 1010 841 1084 Angelus:
872 1008 1004 1074 llos,
1035 1006 1229 1078 inquit,
1260 1022 1445 1061 secum
1478 1005 1792 1060 Dominator
1817 1000 2013 1073 opimis

567 1103 771 1158 Ditavit
802 1099 1034 1163 meritis,
1072 1098 1195 1153 ideo
1223 1111 1483 1151 enarrare
1518 1110 1775 1151 coronam

565 1192 734 1249 Nemo
748 1198 925 1263 potest
940 1205 1042 1259 qua
1065 1188 1296 1260 quisque
1318 1189 1454 1243 nitet
1476 1187 1561 1243 cui
1583 1186 1829 1243 Christus
1846 1185 2154 1243 obumbrat.

564 1284 633 1339 Et
662 1283 858 1354 quibus
887 1279 1059 1336 ollicia
1084 1288 1309 1335 ornatas
1337 1279 1590 1350 praebetis
1621 1279 1687 1333 ad
1716 1294 1863 1345 aras,

565 1379 677 1434 Hos
707 1379 1001 1449 rogitemus
1027 1377 1169 1448 apud
1200 1375 1487 1431 Dominum
1514 1374 1853 1430 intercedere
1880 1384 1981 1443 pro
2002 1382 2084 1429 te.
2140 1409 2144 1414 ι

565 1452 717 1525 Tunc
746 1468 973 1543 pedibus
1001 1467 1434 1522 venerandorum
1462 1465 1728 1521 subnixus
1750 1474 1988 1536 uterque

566 1562 740 1619 Unius
768 1560 1053 1615 illecebras
1076 1557 1331 1630 precibus
1359 1558 1601 1613 relevare
1630 1565 1918 1629 precatur;

565 1651 678 1707 Nec
708 1666 858 1731 mora
888 1659 1198 1707 sanctorum
1222 1648 1432 1721 .pariter
1462 1639 1736 1704 consortia
1761 1654 2006 1719 surgunt.

566 1743 931 1820 Aggressique
957 1744 1214 1799 thronum
1243 1741 1521 1798 Christum
1536 1742 1750 1812 :petiere
1772 1740 2021 1810 iacentes

569 1835 640 1891 Ut
666 1836 847 1905 potius
871 1834 1055 1890 laxare
1083 1833 1211 1890 velit
1236 1849 1399 1905 quam
1427 1832 1591 1905 digna
1620 1833 1847 1891 referre.

567 1926 707 1982 Tum
738 1928 927 1983 reboat
960 1926 1026 1982 de
1064 1934 1255 1982 sancta
1280 1940 1385 1981 vox
1420 1924 1688 1980 testudine
1720 1925 1906 1981 dicens
1941 1941 1958 1979 :

568 2020 766 2097 Debuit
788 2018 1052 2090 exemplis
1081 2018 1281 2073 multos
1310 2018 1599 2097 incendere
1625 2016 1844 2085 fratres,

568 2111 677 2169 Sed
704 2121 924 2183 torpore
946 2114 1173 2168 madens
1199 2111 1394 2167 desivit
1420 2110 1565 2167 ferre
1590 2110 1851 2166 laborem.

567 2204 986 2283 Hincresponsa
1016 2203 1195 2267 silent,
1225 2216 1523 2272 vocemque
1550 2202 1801 2256 emittere
1832 2209 2066 2256 cessant.

567 2284 806 2368 Angelus
828 2296 945 2351 hac
967 2294 1131 2361 inter,
1157 2292 1431 2364 fraterque
1452 2293 1506 2347 in
1522 2299 1679 2363 parte
1700 2299 1969 2346 steterunt

568 2386 811 2450 Eminus,
837 2395 893 2443 et
923 2386 1098 2442 sancti
1130 2386 1285 2441 sedes
1308 2400 1431 2440 cum
1448 2399 1587 2455 pace
1613 2384 1875 2440 revisunt.

566 2479 685 2548 lpse
710 2477 1045 2550 Dionysium,
1073 2476 1336 2531 llilarium
1361 2484 1686 2546 sanctosque
1711 2473 1920 2530 ferebat

569 2570 859 2651 Martinum
877 2570 1258 2640 Aniauumque
1283 2585 1410 2626 suas
1436 2585 1697 2642 cognosse
1723 2567 2012 2624 fenestras.

569 2664 813 2732 Qualiter
840 2665 1084 2737 agnovit,
1113 2680 1251 2735 quos
1280 2680 1554 2735 nunquam
1578 2678 1810 2734 corpore
1836 2662 2009 2719 vidit?

570 2754 677 2812 Sed
701 2771 923 2827 sperare
949 2757 1111 2812 datur
1135 2756 1277 2828 quod
1304 2756 1390 2811 vel
1418 2771 1671 2813 sermone
1697 2756 1841 2811 beati

573 2846 701 2903 Haec
729 2847 884 2921 ducis
911 2847 1147 2914 audiret,
1174 2848 1260 2904 vel
1284 2863 1410 2919 quae
1436 2848 1541 2904 sibi
1564 2848 1743 2917 gratia
1769 2854 1966 2903 cuncta

572 2938 922 3004 Monstrarat,
951 2939 1214 3009 quosdam
1246 2939 1453 2995 faceret
1478 2954 1741 3012 cognosse
1770 2938 2013 2994 silentes.

571 3032 726 3109 Tunc
753 3033 1011 3089 hortante
1036 3033 1234 3087 iterum
1266 3047 1514 3103 gressum
1549 3031 1774 3088 ductore
1805 3039 2122 3101 retorquent

570 3124 653 3185 Ad
678 3123 943 3193 sedesque
970 3122 1115 3178 viam
1142 3123 1341 3178 nitidas
1364 3138 1615 3194 pressere
1640 3130 2001 3194 resumptam,

567 3212 753 3271 Gloria
780 3214 1112 3287 martyribus
1139 3229 1242 3285 qua
1268 3213 1434 3284 pollet
1455 3215 1635 3285 opima
1660 3213 1854 3272 beatis.

568 3306 804 3364 Credere
815 3322 921 3363 non
934 3307 1138 3376 poteris
1153 3307 1388 3378 speciem
1407 3321 1479 3361 nu
1487 3321 1803 3377 merumque
1817 3308 2162 3377 quote-ssent.

570 3397 698 3463 Hos,
726 3400 821 3467 ait,
844 3399 1076 3454 invictus
1099 3397 1220 3453 tulit
1244 3398 1360 3453 haec
1382 3397 1435 3459 in
1460 3413 1627 3468 regna
1656 3395 1981 3468 triumphus:

569 3490 681 3547 Hos
704 3491 905 3547 etenim
937 3492 1097 3546 terris
1123 3490 1334 3547 caelesti
1366 3490 1527 3546 laude
1556 3490 1771 3556 tenetis,

570 3582 683 3640 Hos
706 3583 961 3654 precibus
983 3583 1273 3640 commissa
1299 3583 1412 3639 suis
1440 3591 1532 3638 tua
1556 3583 1770 3638 solvere
1795 3581 1999 3638 sanctis

574 3678 889 3751 Pescamus,
919 3678 1212 3746 statimque
1239 3678 1398 3732 sacra
1425 3675 1493 3730 ad
1520 3677 1745 3748 vestigia
1779 3691 1900 3732 sese

569 3768 889 3839 Projiciunt,
911 3768 1179 3835 citiusque
1205 3781 1362 3822 sacer
1386 3780 1676 3821 consessus
1701 3765 1769 3819 ab
1795 3764 1919 3820 inde

571 3854 779 3933 Surgit,
805 3866 862 3914 et
886 3864 1011 3912 ante
1040 3855 1137 3911 Dei
1160 3863 1407 3911 auratam
1431 3856 1797 3927 prosternitur
1818 3855 2016 3911 aulam.

575 3951 783 4007 Dimitti
804 3958 1031 4022 peccata
1054 3963 1274 4020 rogans,
1299 3963 1404 4004 vox
1434 3948 1564 4004 sede
1588 3947 1839 4004 recurrit.

572 4042 631 4100 Si
656 4058 792 4114 quos
815 4056 981 4114 prava
1004 4041 1206 4097 docens
1233 4042 1443 4112 peccati
1472 4039 1595 4096 felle
1624 4039 1815 4095 fefellit

574 4135 757 4206 Deque
783 4134 871 4188 via
900 4132 954 4189 in
980 4147 1225 4204 praeceps
1252 4132 1380 4187 illex
1406 4132 1680 4188 commisit
1705 4131 1876 4196 abire,

570 4232 682 4288 Hos
707 4232 904 4287 iterum
935 4237 1172 4295 revocet,
1201 4228 1477 4284 solventur
1503 4228 1680 4283 debita
1705 4227 1892 4299 gratis.

568 4323 961 4393 lnquiruntque
987 4320 1205 4376 modum
1232 4334 1341 4389 quo
1364 4318 1595 4373 crimina
1620 4317 1832 4373 solvere
1862 4317 2054 4388 possit,

572 4414 816 4483 Qualiter
838 4428 904 4469 ex
932 4412 1053 4468 aliis
1079 4426 1260 4482 pravae
1290 4409 1599 4466 miserabile
1622 4410 1773 4466 virus

574 4506 844 4563 Doctrina:
870 4504 1155 4560 eximeret.
1180 4502 1316 4558 Tum
1343 4518 1449 4559 vox
1475 4502 1742 4573 processit
1773 4500 1841 4557 ad
1874 4499 1995 4557 illos
2019 4515 2034 4554 :

573 4600 847 4673 Convpcet
874 4598 972 4655 hos
998 4611 1190 4652 omnes
1217 4611 1448 4665 quorum
1475 4610 1573 4666 per
1603 4595 1782 4650 inania
1810 4601 2021 4649 mentes

1035 580 1038 587 ,
1088 520 1482 579 WALAFRIDI
1520 518 1766 576 STRABI
1805 517 2011 577 FULD.
2054 516 2217 577 MON.
2259 514 2411 574 OPP.
2452 508 2631 573 PARS
2665 514 2752 579 Ill.
2795 546 2863 556 —-
2901 515 3217 572 CARMINA.

2180 633 2233 693 Α
2257 627 2446 685 infelix
2477 645 2572 686 sua
2607 627 2750 685 ferre
2779 628 2982 701 nequit,
3012 627 3209 699 majora
3244 633 3503 702 requirens.

2211 755 2217 760 -
2254 725 2466 781 Interea
2502 741 2531 780 a
2560 725 2715 798 longe
2741 725 2854 780 bini
2878 725 2945 781 de
2968 732 3131 797 parte
3165 734 3419 796 steterunt,

3607 530 3698 590 1078

2254 818 2395 874 Ecce
2426 816 2806 881 Sebastianum
2835 834 3029 889 magno
3060 819 3327 890 splendore
3353 824 3588 882 micantem

2254 911 2431 983 Atque
2460 910 2803 967 Valentinum
2835 913 3012 983 specie
3041 916 3280 985 cognovit
3312 926 3488 986 aperta.

2259 1016 2285 1045 ι
2312 1003 2442 1060 lude
2468 1006 2633 1061 etiam
2663 1020 2855 1061 averso
2882 1007 3135 1074 ducente,
3164 1018 3393 1066 catervas

2260 1095 2543 1168 Virgineas
2569 1097 2793 1163 adeunt,
2824 1098 2915 1152 ubi
2947 1098 3196 1168 splendor
3220 1098 3334 1156 luce
3358 1100 3542 1159 eorusca

2260 1190 2516 1248 Summus
2547 1193 2830 1248 adornavit
2860 1193 3047 1249 nitidis
3073 1197 3394 1252 consessibus
3425 1198 3568 1269 ipsas;
3598 1215 3602 1219 ‘

2261 1284 2422 1351 Sunt,
2457 1286 2553 1349 ait,
2584 1286 2665 1342 ha:
2688 1295 2891 1342 sanctae
2915 1303 3143 1358 quarum
3170 1289 3268 1344 sub
3294 1291 3475 1346 honore
3495 1291 3676 1348 Tonantis

2261 1374 2494 1432 Nomina
2520 1376 2722 1433 divinis
2747 1378 2924 1434 colitis
2949 1377 3308 1445 famulatibus,
3334 1381 3460 1451 ipsas

2260 1466 2367 1525 Pro
2397 1469 2556 1539 longa
2580 1470 2648 1525 ad
2675 1471 2963 1527 Dominum
2995 1471 3103 1526 vita
3127 1472 3434 1543 praemittere
3448 1481 3619 1544 presta.

2264 1559 2355 1615 Sic
2381 1561 2477 1627 ait,
2509 1571 2562 1617 et
2586 1562 2817 1633 pedibus
2840 1578 2966 1619 sese
2982 1571 3329 1635 prosternere
3350 1572 3543 1629 certant,

2262 1649 2518 1707 Protinus
2555 1662 2870 1724 assurgunt,
2904 1653 3171 1724 citiusque
3199 1654 3262 1708 ad
3296 1654 3459 1709 limina
3480 1659 3647 1726 pergunt

2264 1741 2419 1799 Celsa
2450 1744 2630 1799 throni
2662 1745 2878 1815 longam
2907 1743 3066 1800 fratri
3097 1746 3375 1816 deposcere
3396 1747 3546 1803 vitam.

2267 1833 2373 1890 Sed
2400 1836 2552 1905 prius
2579 1845 2800 1892 orantes
2825 1851 2993 1906 quam
3022 1852 3082 1892 se
3108 1845 3429 1907 prosternere
3450 1843 3629 1907 possent,

2266 1927 2437 1985 Obvia
2469 1927 2730 1998 majestas
2754 1927 3070 1999 Christique
3109 1929 3358 1985 immensa
3382 1938 3574 2000 potestas

2268 2020 2457 2077 Elevat
2482 2020 2714 2077 inclines
2744 2022 2884 2077 miro
2907 2020 3195 2092 splendore
3222 2023 3482 2089 nitescens,

2266 2114 2453 2183 Qualis
2488 2115 2556 2170 ab
2591 2114 2844 2170 humanis
2873 2116 3025 2171 cerni
3065 2115 3375 2188 agnoscique
3398 2115 3549 2187 ﬁguris

2260 2190 2551 2276 Nunquam
2579 2221 2738 2277 posse
2762 2206 2950 2272 datur;
2987 2214 3203 2262 certant
3234 2216 3289 2261 ut
3312 2207 3435 2263 bella
3465 2206 3575 2270 ﬁdei,

2266 2294 2410 2352 Mitis
2438 2296 2505 2350 ad
2535 2304 2782 2353 astantes
2807 2294 3058 2352 Christus
3088 2298 3178 2353 dat
3208 2298 3360 2352 verba
3380 2295 3571 2368 puellasr

2263 2388 2416 2444 Justa
2446 2376 2646 2444 docens
2677 2388 2725 2443 si
2752 2397 2901 2444 recta
2927 2398 3104 2461 gerat,
3137 2390 3440 2462 dignumque
3465 2386 3659 2443 ministret

2265 2479 2529 2536 Omnibus
2566 2481 2899 2550 exemplum,
2939 2498 3206 2538 revocans
3233 2482 3297 2536 ad
3326 2481 3496 2535 mrenia
3517 2480 3605 2533 vita

2236 2562 2241 2567 ’
2265 2573 2411 2641 Quos
2441 2563 2668 2629 adversa
2698 2575 2899 2630 docens
2923 2582 3131 2630 aeterno
3157 2574 3383 2645 prodidit
3404 2572 3516 2644 igni,

2266 2656 2418 2719 Tunc
2447 2675 2625 2719 vester
2646 2664 2936 2736 praestabit
2965 2666 3143 2721 honor
3166 2648 3305 2736 quod
3331 2672 3498 2719 cuncta
3520 2657 3707 2716 remittam.

2265 2756 2309 2811 Ο
2339 2759 2593 2811 meritum
2624 2758 2852 2813 sublime
2881 2767 3059 2825 tuum,
3093 2758 3416 2814 sanctissima
3447 2762 3581 2809 mater

2266 2846 2586 2920 Virginitas,
2615 2864 2736 2918 quas
2766 2860 2917 2905 casta
2955 2850 3067 2919 poli
3108 2859 3362 2919 terraeque
3390 2854 3628 2917 supremum

2265 2937 2558 3011 imperium
2596 2941 2823 3008 retines,
2855 2940 3089 2997 Domino
3128 2956 3243 3011 quae
3268 2940 3487 3011 proxima
3508 2931 3669 2991 Christo,

2265 3031 2551 3088 Eternam
2584 3048 2747 3106 super
2775 3041 2926 3089 astra
2957 3034 3180 3089 domum
3208 3030 3439 3089 inviolata
3464 3023 3625 3082 locasti:

2269 3122 2395 3180 Sola
2423 3118 2641 3194 quidem
2672 3125 2869 3182 cmlebs
2897 3134 3112 3180 tantum
3143 3139 3419 3196 cognomen
3442 3117 3626 3180 habebit;

2269 3215 2337 3270 Et
2361 3225 2619 3288 corrupta
2658 3226 2841 3272 tamen
2873 3217 2917 3272 si
2951 3233 3011 3274 se
3040 3224 3165 3289 post
3195 3216 3406 3271 crimina
3432 3210 3581 3268 saltem

2269 3310 2605 3367 Convertens
2632 3311 2811 3366 anima
2841 3306 2909 3366 ad
2935 3310 3225 3366 Dominum
3248 3307 3488 3365 submissa
3509 3295 3680 3358 recurrit-

2267 3401 2500 3458 Praemia
2526 3410 2676 3458 certa
2704 3410 2945 3467 manent,
2976 3403 3024 3457 si
3054 3402 3268 3459 nomine
3296 3401 3346 3455 in
3372 3413 3470 3454 ωνει
3491 3390 3648 3451 carebit.

2268 3494 2366 3551 His
2392 3494 2557 3566 igitur
2578 3496 2750 3568 gestis
2774 3492 2919 3551 facili
2947 3484 3229 3551 discedere
3259 3506 3428 3567 gressu

2266 3585 2554 3656 Incipiunt,
2586 3586 2855 3657 itinerque
2881 3600 3038 3640 suum
3070 3598 3225 3641 sacer
3253 3568 3456 3654 ange‘lus
3477 3574 3568 3630 istis

2267 3676 2624 3748 Prosequitur
2648 3664 2810 3733 dictis
2835 3696 2848 3731 :
2884 3676 3116 3745 Quantis
3145 3678 3371 3732 humana
3395 3666 3559 3725 volutet

2264 3768 2558 3842 Progenies
2584 3769 2753 3836 vitiis,
2788 3785 2821 3826 ο
2848 3771 2971 3843 quis
3005 3786 3229 3826 narrare
3255 3762 3468 3822 Valebit!

2266 3862 2399 3919 Nam
2436 3863 2562 3937 licet
2590 3878 2621 3918 a
2648 3864 2896 3930 Domino,
2922 3878 3214 3919 numerosa
3245 3868 3386 3932 peste
3411 3854 3619 3910 laborans.

2266 3956 2535 4013 Abscedat
2564 3972 2737 4027 genus
2761 3958 3058 4013 humanum
3083 3956 3306 4013 Factore
3332 3948 3512 4009 relicto,

2266 4046 2442 4117 Atque
2465 4048 2596 4119 jugo
2626 4049 2843 4103 Satanae
2871 4062 2970 4103 sua
2999 4049 3139 4104 colla
3166 4058 3384 4120 gravare
3407 4041 3592 4097 suescat.

2269 4140 2420 4196 Nulla
2453 4150 2635 4196 tamen
2669 4149 2817 4197 tanto
2840 4150 3063 4211 peccata
3092 4141 3269 4197 furore
3289 4138 3491 4194 Creator

2270 4231 2522 4287 Vindicat
2558 4230 2799 4288 oﬂ'ensus
2825 4246 2989 4303 quam
3018 4248 3141 4303 quas
3167 4228 3419 4287 contraria
3444 4221 3629 4279 constant

2267 4323 2506 4390 Naturae,
2539 4326 2681 4396 quod
2706 4325 2939 4396 quisque
2965 4324 3120 4380 nefas
3145 4325 3314 4379 vitare
3345 4318 3536 4374 laboret.

2265 4417 2605 4488 Quapropter
2631 4423 2857 4472 cunctos
2886 4416 3113 4471 nimium
3143 4422 3351 4471 certare
3378 4416 3557 4465 necesse
3576 4403 3632 4452 εει

2266 4509 2345 4567 Ne
2381 4495 2575 4566 subeat
2608 4519 2783 4564 mater
2808 4507 3074 4564 scelerum
3105 4504 3372 4562 Sodomita
3398 4496 3551 4555 libido,

2268 4603 2337 4679 Et
2374 4602 2630 4674 templum
2659 4601 2872 4657 Domini
2901 4608 3141 4656 mutetur
3180 4600 3231 4653 in
3258 4592 3455 4652 horrida
3480 4580 3587 4655 nigri

573 4695 835 4794 Dogmata
862 4690 1154 4794 pervertit,
1180 4691 1365 4794 nocuit
1389 4689 1473 4791 vel
1508 4689 1563 4794 in
1594 4688 1806 4794 actibus
1830 4702 2087 4759 unquam,
2182 4714 2245 4794 ib
2272 4694 2552 4769 Serpentis
2584 4693 2827 4759 delubra,
2857 4693 3052 4764 quibus
3083 4707 3142 4747 se
3168 4691 3354 4762 degere
3376 4680 3556 4782 gaudet.

574 4785 683 4839 Aut
713 4783 909 4852 quibus
944 4780 1250 4851 exemplum
1289 4779 1417 4834 dicti
1449 4777 1535 4835 vel
1562 4777 1795 4848 praebuit
1829 4786 1984 4833 actus

572 4876 692 4946 Quo
719 4876 889 4931 vitam
916 4889 1203 4944 moresque
1237 4888 1365 4930 suos
1401 4887 1751 4943 corrumpere
1777 4879 2021 4944 possent,

576 4968 643 5023 Et
669 4982 729 5022 se
756 4973 964 5021 sternat
989 4966 1174 5029 humo,
1204 4964 1456 5035 dicatque
1484 4979 1583 5034 per
1612 4963 1795 5019 omnia
1823 4978 1945 5018 sese

572 5058 705 5115 Esse
734 5073 910 5123 reum,
940 5058 1172 5129 gessisse
1203 5056 1343 5112 male
1377 5064 1434 5111 et
1458 5056 1708 5112 docuisse
1735 5056 2017 5126 pudenter.

573 5152 666 5209 Sic
690 5152 906 5207 veniam
935 5158 1213 5220 exposcat,
1241 5150 1533 5219 statimque
1558 5149 1865 5203 astantibus
1893 5146 2087 5203 addat:

574 5244 683 5301 Vos
706 5259 916 5315 precor,
948 5259 982 5297 o
1014 5243 1122 5298 nati
1153 5242 1385 5305 Domini,
1417 5254 1514 5312 per
1539 5241 1760 5297 numina
1796 5240 2019 5306 summi,

574 5336 679 5393 Per
713 5344 1037 5406 sanctosque
1072 5335 1238 5401 viros,
1268 5334 1492 5401 addens,
1520 5333 1844 5403 animasque
1872 5331 2059 5386 beatas

571 5426 967 5498 leicolasque
988 5430 1193 5482 'omnes
1226 5433 1455 5497 repetat,
1486 5440 1555 5479 ne
1589 5425 1817 5481 crimina
1844 5424 2131 5495 quisquam

578 5519 702 5575 llaec
729 5528 967 5574 vestrum
1002 5520 1285 5590 tradatque
1314 5517 1404 5571 alii
1435 5516 1705 5573 faciensve
1734 5517 2023 5573 docensve.

574 5615 642 5669 Et
671 5622 817 5685 patet
844 5613 1069 5671 alterius
1096 5619 1360 5685 quantum
1388 5611 1481 5680 qui
1520 5610 1712 5680 polluit
1738 5618 1915 5673 actus,

576 5706 817 5779 Desipiat
840 5704 928 5762 vel
956 5705 1019 5761 in
1043 5702 1295 5775 exemplo
1325 5717 1419 5757 seu
1450 5702 1703 5773 dogmate
1734 5717 1901 5773 pravo

571 5799 677 5870 Qui
717 5797 893 5856 malus
915 5805 1020 5865 est,
1051 5798 1251 5854 multos
1280 5811 1464 5852 secum
1496 5794 1726 5851 invitare
1753 5794 1985 5861 suescit;

576 5893 644 5947 Et
672 5901 851 5947 tamen
880 5905 912 5945 e
939 5890 1151 5945 cunctis
1179 5889 1443 5944 scelerum
1472 5885 1799 5941 commercia
1828 5893 2029 5950 sumet,

650 5996 678 6029 ι
707 5980 910 6039 Versus
932 5980 1179 6039 mutilus.

2272 4750 2503 4842 Sordida
2539 4801 2645 4842 non
2679 4750 2892 4839 tantum
2916 4784 3005 4840 hic
3038 4750 3266 4839 morbus
3285 4772 3504 4845 contagia
3530 4750 3695 4837 Paw”

2268 4876 2467 4943 lniicit,
2496 4876 2734 4930 alternas
2759 4875 2999 4929 maribus
3029 4875 3151 4929 dum
3184 4870 3400 4941 turpiter
3436 4864 3580 4917 instat,
3632 4937 3641 4948 '

2272 4964 2749 5035 Commaculatque
2778 4964 2989 5019 animas
3020 4965 3243 5019 ardente
3274 4956 3498 5031 cupidine
3521 4955 3657 5013 stupri.

2279 5058 2473 5114 Verum
2506 5057 2788 5129 multiplici
2824 5057 3116 5112 thalamum
3142 5056 3338 5112 violare
3355 5046 3556 5122 iugalem

2272 5152 2485 5210 Assolct
2515 5152 2713 5217 illuvie,
2747 5150 2948 5206 rabiem
2977 5151 3102 5206 dum
3128 5149 3347 5219 quisque
3374 5140 3606 5209 scquenlﬁs

2276 5244 2547 5309 Luxuriae,
2582 5243 2842 5298 instinctu
2870 5240 3093 5296 violenti
3121 5237 3370 5293 «temonis
3395 5229 3503 5292 acti,

2275 5334 2491 5390 Naturae
2518 5348 2774 5389 concessa
2802 5332 2916 5388 suis
2945 5331 3257 5387 stimulante
3295 5322 3562 5407 relinquunt

2270 5426 2607 5498 Conjugibus
2637 5426 2788 5490 luxu,
2820 5424 3136 5496 licitumque
3172 5423 3224 5477 in
3255 5429 3425 5491 stupra
3458 5410 3634 5468 calore!!!

2194 5590 2201 5593 ι
2273 5518 2584 5582 Verteutes,
2613 5516 2829 5572 Satanae
2859 5516 3108 5572 incedunt
3138 5511 3325 5570 hostile
3352 5511 3558 5579 lupanar,

2276 5606 2429 5663 Unde
2456 5608 2552 5663 tibi
2576 5607 2741 5677 iubeo
2765 5608 3019 5663 Auctoris
3052 5608 3115 5663 de
3144 5603 3354 5661 nomine
3378 5594 3518 5654 nostri

2271 5700 2373 5756 lsta
2406 5700 2579 5771 palam
2618 5698 2972 5768 referens,.ut
3006 5700 3149 5756 clara
3179 5709 3306 5752 voce
3335 5687 3558 5749 revolvas.

2270 5792 2381 5847 Nec
2408 5776 2745 5847 celare'velis
2771 5799 3033 5863 quantum
3065 5790 3348 5847 discrimen
3376 5778 3573 5838 adhceret

2262 5878 2403 5946 Esse
2433 5888 2789 5946 subinductas
2808 5885 3063 5944 mulieres
3091 5884 3329 5961 pluribus
3354 5872 3512 5953 aptas:
