3978 6310
222 439 350 495 10⁸1⁵1

220 554 479 623 Tempore
508 562 630 603 nam
661 551 863 616 quanto
894 552 1002 598 tam
1031 539 1187 597 fmdis
1214 537 1463 595 sordibus
1493 535 1717 599 instant,

192 647 333 703 “Non
360 644 576 717 capiunt
602 639 779 695 aditus
803 636 926 693 cceli
952 636 1225 703 vitamque
1250 632 1486 686 beatam.
1607 624 1611 629 ’

219 738 262 795 O
290 737 594 807 quicunque
622 730 777 785 malis
808 728 1054 799 cupimus
1087 740 1186 779 nos
1221 722 1451 779 subdere
1476 717 1657 782 tantis,

217 830 421 888 lneidat
449 827 504 882 in
529 833 766 880 mentem
790 820 1042 877 tormenti
1067 833 1225 889 pmna
1251 814 1441 879 futuri,

216 922 395 981 Meis
422 920 567 975 enim
586 925 675 974 est
697 916 878 969 animo
912 911 1172 980 carnique
1200 909 1388 963 insana
1414 904 1680 974 voluptas,

215 1014 431 1079 Durior,
458 1011 594 1066 heu!
622 1006 808 1063 miseri
838 1003 1093 1077 gravibus
1122 999 1473 1073 plangoribus
1510 995 1651 1067 ignis
1722 1066 1732 1075 κ

213 1109 364 1166 Tunc
390 1106 596 1169 veniet,
633 1119 756 1157 cum
786 1100 907 1154 ﬁnis
936 1098 1042 1153 erit
1065 1096 1155 1166 qui
1182 1106 1449 1163 quemque
1476 1094 1754 1159 sequetur.

211 1204 422 1272 Quaeso,
457 1198 686 1270 probare
710 1194 842 1251 velis
867 1192 1090 1261 digitum
1121 1190 1165 1243 si
1194 1186 1337 1241 ferre
1365 1199 1462 1256 per
1487 1182 1669 1254 ignem

209 1292 363 1347 Hunc
390 1288 605 1344 facilem
634 1284 810 1356 possis
834 1301 846 1347 ;
885 1290 1032 1337 certe
1058 1278 1282 1335 sufferre
1308 1288 1559 1330 recusas:

208 1384 460 1454 Qualiter
484 1391 745 1439 aeternum
783 1383 894 1432 tota
922 1390 1045 1430 cum
1074 1371 1217 1427 mole
1243 1367 1480 1425 calorem

206 1474 470 1544 Corporis
498 1470 710 1527 incedis
733 1481 783 1534 ιι,
816 1481 923 1537 quo
951 1464 1154 1520 vermis
1181 1470 1236 1517 et
1262 1458 1404 1529 ignis
1435 1457 1488 1512 in
1518 1469 1691 1511 aevum

208 1566 525 1621 Consistant
550 1561 805 1630 vitiisque
833 1558 1008 1612 vicem
1040 1555 1169 1610 dant
1199 1550 1453 1607 omnibus
1487 1557 1681 1602 atram.

208 1657 362 1710 Tunc
392 1654 675 1709 Wettinus
703 1650 781 1706 ait
809 1668 822 1705 :
852 1648 1098 1711 Domine,
1127 1647 1244 1701 haec
1273 1640 1517 1713 proferre
1541 1650 1797 1711 pavesco,

206 1747 342 1804 Vilis
371 1745 521 1800 enim
534 1754 778 1814 persona
805 1740 934 1797 mihi
962 1746 1066 1805 est,
1095 1752 1197 1792 nec
1217 1732 1465 1805 congruit
1497 1730 1586 1785 isti

205 1837 425 1893 Judicio
454 1833 596 1906 quod
626 1834 691 1889 ad
722 1834 988 1887 humanas
1027 1825 1446 1884 transmittimus
1473 1836 1653 1877 aures.

205 1927 449 1998 Angelus
477 1940 508 1981 e
534 1933 743 1991 contra,
780 1937 1029 1993 magnam
1060 1926 1340 1989 promotus
1368 1916 1427 1969 in
1458 1915 1616 1977 iram,

207 2019 432 2076 Incusat
456 2035 469 2071 :
494 2016 647 2084 Quod
678 2029 887 2071 summa
914 2012 1009 2067 Dei
1042 2010 1309 2066 sententia
1332 2006 1510 2076 jussit,

208 2109 330 2165 Non
356 2110 526 2166 audes
548 2104 798 2178 proferre
830 2105 987 2176 pigro
1016 2113 1235 2172 torpore
1259 2107 1526 2155 retentus.

209 2201 350 2258 Tum
381 2199 517 2256 satis
544 2196 822 2255 admonuit
840 2196 1098 2267 proprios
1121 2205 1447 2262 componere
1474 2202 1673 2252 mores,

210 2291 393 2362 Atque
424 2306 581 2346 suam
612 2288 782 2343 radiis
812 2286 981 2340 vitam
1016 2285 1286 2338 illustrare
1313 2279 1518 2343 beatis;

209 2383 530 2454 Adjungens
552 2400 568 2439 :
593 2382 705 2451 Ego
730 2393 849 2434 sum
879 2378 968 2447 qui
998 2385 1048 2431 te
1078 2388 1297 2429 servare
1322 2371 1571 2440 jubebar,

210 2475 459 2546 Angelus
489 2482 545 2529 et
574 2482 759 2530 custos
783 2485 961 2525 rerum
991 2469 1223 2539 persiste
1242 2473 1486 2519 tuarum.

211 2566 389 2633 Quem
420 2565 697 2634 Scriptura
722 2559 1235 2625 Vetusﬁamsouem
1274 2557 1457 2626 vulgat
1503 2554 1557 2608 in
1590 2551 1798 2616 orbem,

214 2656 394 2728 Hujus
424 2657 479 2711 in
509 2654 710 2711 auxilio
736 2667 950 2723 semper
978 2650 1243 2707 mansisse
1266 2648 1501 2704 solebam
1525 2665 1537 2700 :

215 2750 284 2805 Et
314 2749 583 2813 miranda,
624 2747 838 2802 favente
865 2745 994 2809 Deo,
1024 2742 1410 2813 complevimus
1441 2740 1626 2804 ambo,

211 2842 391 2907 Quem
424 2839 718 2895 mandante
745 2837 857 2892 Deo
888 2835 1064 2906 primo
1089 2831 1391 2891 comitabar
1423 2832 1491 2887 ab
1519 2839 1661 2895 ortu,

214 2934 398 2989 Donec
433 2947 531 3003 per
551 2930 777 2986 Dalilam
814 2930 871 2984 in
906 2928 1119 2983 Domini
1149 2933 1495 2998 procurreret
1532 2925 1702 2989 iram,

213 3022 493 3079 Venderet
520 3028 577 3076 et
609 3027 786 3076 scorto
816 3018 1054 3073 auctoris
1083 3032 1238 3073 sacra
1268 3029 1490 3071 munera
1517 3013 1744 3079 Christi,

211 3115 332 3183 Quo
360 3112 568 3170 scelere
597 3110 828 3167 infectus
853 3109 1244 3178 Dominumque
1266 3106 1545 3177 Deumque
1566 3103 1803 3175 reliquit.

214 3206 373 3261 Tunc
399 3219 501 3276 ego
528 3200 754 3258 discessi
779 3200 927 3256 vitiis
953 3198 1190 3255 offensus
1218 3198 1286 3253 ab
1312 3195 1429 3251 illo.

208 3296 356 3368 Ergo
383 3261 522 3366 puer
549 3294 686 3349 bene
724 3300 905 3348 castus
938 3306 1095 3369 eras,‘
1114 3289 1244 3343 mihi
1271 3288 1469 3358 quippe
1494 3285 1768 3357 placebas,
1822 3261 1883 3324 ‘C

212 3385 323 3442 Sed
352 3394 644 3455 postquam
673 3382 907 3453 propriis
935 3380 1149 3450 coepisti
1178 3379 1359 3434 vivere
1382 3377 1549 3442 votis,

210 3478 507 3551 Displicuit
536 3486 627 3533 tua
654 3477 768 3532 vita
801 3476 955 3539 mihi,
986 3490 1111 3529 nam
1140 3488 1336 3545 pravus
1372 3471 1551 3527 abisti.

209 3569 371 3626 Nunc
408 3573 605 3624 iterum
630 3568 843 3638 placido
869 3574 1037 3623 temet
1062 3565 1391 3636 complector
1418 3578 1606 3619 amore

210 3663 538 3718 Mmrentem
566 3660 843 3732 lacrymis,
874 3668 929 3715 et
956 3668 1074 3715 toto
1098 3659 1263 3714 corde
1288 3670 1588 3712 reversum.

210 3754 507 3811 Coelicolas
538 3753 817 3809 hominum
857 3753 1106 3807 custodes
1139 3767 1260 3808 esse
1288 3758 1502 3806 sacrata

212 3848 439 3919 Scripta
475 3845 677 3911 ferunt,
708 3844 1076 3913 Dominamque
1110 3845 1309 3899 docens
1338 3841 1572 3896 ostendit
1602 3840 1769 3903 Iesus,

208 3939 355 3996 Ante
381 3936 564 3993 Patris
594 3936 788 3991 faciem
814 3943 1023 3990 stantes
1040 3944 1271 3988 servare
1295 3932 1500 3994 ﬁdeles,

208 4031 393 4102 Atque
424 4028 567 4084 liber
596 4027 838 4083 Pastoris
863 4024 1389 4097 opem-demonstrat
1413 4023 1680 4077 eamdem.

321 4181 535 4237 Manilo
580 4197 676 4253 pro
722 4178 1026 4243 monachis;
1064 4184 1336 4302 ἕνωοερεα
1376 4175 1702 4246 paupertatis

877 4266 1061 4302 servan
1102 4265 1154 4302 a.

877 4265 1154 4305 servanda.

208 4386 499 4446 Cmnobiis
521 4385 687 4440 etiam
712 4383 1101 4439 monachorum
1125 4381 1280 4437 valde
1310 4381 1636 4437 monendum
1664 4391 1766 4445 est,

209 4480 462 4553 Aengelus
496 4474 765 4543 adiunxit,
790 4474 910 4529 vitii
951 4482 1011 4527 ut
1038 4472 1311 4528 radicibus
1339 4473 1519 4528 omnis

209 4561 516 4636 A'bscissis,
542 4569 761 4623 vireans
786 4567 1048 4621 virtutum
1076 4565 1319 4636 germina
1350 4564 1592 4634 pulchra.

212 4664 395 4734 Major
427 4661 573 4717 enim
604 4670 864 4714 numer-us
884 4656 1182 4712 mundanis
1220 4657 1381 4711 rebus
1404 4657 1642 4711 inhaeret

214 4751 398 4824 Quam
429 4752 544 4822 qui,
577 4765 637 4806 se
664 4747 1116 4805 stimulante'Deo
1144 4748 1471 4817 monitisque
1498 4748 1771 4819 supernis,

212 4850 349 4905 ﬂare
378 4842 451 4901 ad
470 4850 662 4899 castra
691 4840 870 4896 ferant
892 4839 1169 4909 vitamque
1204 4837 1437 4894 ﬁdeliter
1464 4848 1688 4903 ornent;

214 4938 413 4994 Nescit
438 4934 583 4990 estim
610 4929 845 4987 carnalis
873 4932 1036 4985 homo
1058 4929 1202 4999 quod
1229 4928 1464 4999 Spiritus
1487 4928 1613 4984 almi
1633 4936 1735 4983 est.

216 5027 447 5085 Viribus
471 5025 677 5084 idcirco
705 5024 832 5079 tatis
859 5031 1072 5077 certare
1102 5036 1324 5077 necesse
1353 5031 1436 5077 est

215 5119 474 5178 Carnalis
508 5133 575 5173 ne
596 5116 760 5173 turba
787 5102 995 5184 premat
1022 5128 1174 5169 sacra
1198 5115 1455 5184 dogmata
1480 5114 1627 5178 vitm,

217 5214 477 5269 Pondere
505 5226 608 5266 neu
636 5208 902 5266 scelerqu
932 5206 1190 5277 frigescat
1218 5207 1411 5277 pignus
1433 5207 1634 5262 amoris

217 5303 467 5369 Eterni,
490 5303 582 5373 qui
610 5302 764 5375 plura
799 5308 947 5357 tenet
971 5312 1068 5369 spe
1096 5307 1313 5368 pectora
1344 5305 1550 5353 saneta.

218 5396 441 5458 Vulnus’
472 5397 713 5452 avaritiae
742 5394 1097 5451 medicamina
1138 5400 1322 5447 sancta
1354 5392 1630 5461 repellant,
1762 5454 1767 5463 D

220 5496 341 5562 Qua
369 5490 685 5547 dominante
714 5486 933 5542 humilis
964 5484 1023 5540 fit
1052 5498 1211 5539 nemo
1250 5482 1302 5537 in
1336 5483 1553 5537 nomine
1583 5481 1807 5548 Christi,

220 5588 385 5645 Unde
426 5583 606 5655 polum
634 5588 921 5651 penetrare
950 5586 1144 5649 potest.
1181 5576 1280 5633 Cui
1308 5592 1439 5631 cura
1473 5575 1741 5630 subintrat

221 5676 523 5749 lugluviem
552 5674 723 5728 vitare
746 5671 851 5726 cibi
881 5680 1164 5741 potusque,
1194 5684 1474 5724 monemus

223 5770 517 5852 Sufﬁciens
543 5778 599 5823 et
623 5781 787 5837 parva
813 5764 1029 5835 quidem
1061 5765 1131 5819 sit
1158 5765 1348 5836 pensio
1372 5764 1568 5830 vietus,

298 5918 325 5947 ι
356 5901 607 5961 Incendit
634 5897 869 5966 Baucis,
896 5904 1012 5953 not.
1048 5911 1155 5955 ms.

1420 418 1509 474 ne
1547 386 1935 473 “Stasimus
1964 390 2292 467 WE'TTINI.

1818 532 1870 592 Α
1894 525 2139 597 Optimus
2165 537 2293 578 usus
2321 536 2492 591 aqute,
2522 516 2667 573 dedit
2691 516 2834 572 hanc
2862 522 3055 569 natura
3079 506 3387 567 bibendam.

3334 393 3471 452 1078

1894 615 2171 688 Tegminis
2196 621 2421 669 ornatus
2445 618 2683 666 mutetur
2708 618 2768 663 ut
2805 606 2985 678 algida
3011 608 3224 658 tantum

1893 707 2116 778 Frigora
2147 703 2395 776 depellat,
2426 703 2707 772 nudosque
2740 709 2798 755 ut
2826 704 3078 767 contegat
3106 698 3277 748 artus.

1895 798 2044 854 Mens
2071 796 2290 853 humilis
2318 796 2496 865 vigeat
2525 794 2718 849 studiis
2742 809 2846 849 non
2867 792 3076 863 perdita
3104 787 3263 851 ﬁctis,

1896 891 2124 946 Deserat
2152 899 2204 945 et
2232 898 2399 944 totam
2424 904 2676 959 perversa
2707 887 2955 959 superbia
2987 892 3218 939 mentem
3243 900 3256 934 :

1894 982 2031 1038 Nam
2054 981 2271 1052 quidam
2299 981 2434 1035 flexa
2462 980 2659 1050 placidi
2684 980 2900 1036 cervice
2926 978 3194 1040 videntur,

1895 1078 2090 1134 Erecto
2114 1076 2207 1131 sed
2233 1077 2396 1131 corde
2423 1083 2632 1129 tument
2654 1073 2883 1143 falsique
2912 1071 3229 1144 probantur.

1898 1169 2135 1225 Pulcher
2164 1165 2471 1236 apostolicm
2505 1166 2629 1219 vitae
2654 1165 2983 1234 pervertitur
3007 1156 3159 1226 ordo,

1896 1259 2030 1313 Cum
2055 1257 2202 1313 vitiis
2228 1256 2396 1312 variis
2419 1256 2681 1311 virtutum
2706 1252 2829 1323 jura
2851 1260 3197 1323 premuntur,

1897 1350 1965 1405 Et
1989 1351 2116 1404 dum
2147 1349 2246 1405 sub
2275 1349 2455 1418 specie
2476 1347 2699 1419 pietatis
2726 1345 2879 1415 culpa
2910 1345 3246 1410 subintrans,

1896 1443 2125 1499 Assidue
2149 1456 2425 1506 crescens,
2455 1440 2678 1510 preprio
2700 1439 2971 1493 retinetur
2994 1436 3049 1489 in
3074 1450 3198 1499 usu,

1897 1534 2017 1591 Jam
2045 1534 2192 1588 velut
2217 1549 2283 1588 ex
2306 1532 2424 1603 lege
2450 1532 2515 1586 ad
2540 1531 2714 1602 justos
2746 1527 3071 1585 describitur
3099 1534 3270 1581 actus.
3369 1516 3372 1520 Α

1899 1627 2107 1682 Idcirco
2136 1625 2379 1681 occiduis
2412 1623 2663 1679 homines
2692 1622 2745 1677 in
2777 1620 3027 1691 partibus
3057 1618 3218 1688 hujus

1901 1716 2120 1775 Ordinis
2146 1716 2490 1781 instruimus,
2524 1729 2662 1785 quos
2687 1710 2892 1769 Gallica
2926 1726 3050 1764 rura
3078 1719 3266 1764 tenere

1902 1809 2181 1874 Novimus,
2213 1817 2268 1864 et
2294 1815 2520 1863 cunctos
2551 1821 2687 1877 quos
2714 1805 2834 1861 inec
2856 1799 3147 1858 Germania
3179 1796 3377 1872 gignit.

1818 1888 1874 1957 ιΒ
1902 1897 2220 1969 Pauperiem
2245 1906 2306 1952 ut
2336 1912 2521 1952 veram
2550 1896 2744 1951 devota
2773 1899 2955 1948 mente
2984 1897 3300 1962 sequantur,

1901 1992 2072 2047 Janua
2106 2007 2174 2045 ne
2203 1989 2328 2047 caeli
2357 1998 2553 2045 contra
2583 1986 2863 2043 claudatur
2892 1986 3083 2041 iisdem

1901 2081 2136 2152 Indeque
2164 2080 2371 2151 depulsi
2399 2087 2627 2151 pereant
2652 2078 2757 2133 sub
2785 2076 3029 2133 faucibus
3054 2074 3233 2147 ignis;

1903 2174 2146 2243 Qualiter
2156 2174 2498 2244 omnipatens
2510 2170 2790 2227 hominum
2806 2168 2967 2226 Sator
2988 2177 3151 2239 atque
3162 2160 3495 2236 Redemptor

1905 2269 2008 2324 Per
2040 2283 2127 2323 me
2151 2266 2379 2323 terribili
2410 2266 2624 2322 cunctis
2653 2280 2905 2321 sermone
2938 2261 3241 2318 remandat.

1907 2359 2033 2415 Haec
2060 2359 2193 2414 satis
2217 2374 2337 2413 esse
2363 2357 2556 2413 videns
2580 2354 2686 2413 illis
2711 2355 2847 2411 nihil
2871 2355 3069 2409 addere
3095 2364 3315 2424 possum
3334 2391 3349 2416 ,

1907 2452 2009 2519 Qui
2038 2451 2162 2506 vita:
2191 2449 2403 2505 meritis
2432 2448 2632 2505 debent
2653 2446 2963 2519 przecellere
2991 2452 3238 2509 cunctos,

1909 2543 2011 2611 Qui
2042 2542 2299 2597 mundum
2324 2539 2510 2596 ﬁxisse
2533 2540 2661 2605 sibi,
2692 2538 3003 2608 mundoque
3032 2535 3187 2592 refixi

1907 2634 2225 2698 Famanmr,
2254 2633 2395 2703 quod
2422 2631 2619 2703 quippe
2643 2629 2752 2685 Deo
2778 2628 3128 2700 promisimus
3156 2640 3385 2682 omnes:

1912 2727 2126 2786 Scimus
2155 2728 2298 2782 enim
2323 2725 2650 2783 documenta
2682 2725 2929 2790 Patrum,
2955 2722 3200 2793 ﬁnesque
3228 2722 3488 2791 viasque,

1911 2817 2162 2886 Quotidie
2184 2818 2453 2888 crepitant
2480 2817 2744 2872 librorum
2772 2815 2935 2869 verba
2962 2829 3059 2885 per
3081 2826 3261 2868 aures.

1910 2900 2192 2980 Impugnat
2216 2908 2450 2965 mundus
2474 2927 2489 2962 :
2516 2907 2646 2963 felix
2667 2908 2760 2978 qui
2787 2904 2988 2976 fugerit
3015 2904 3184 2968 illum,

1913 3002 1983 3057 Et
2006 3009 2129 3072 post
2157 3009 2306 3072 terga
2331 2999 2544 3057 oculum
2576 2999 2666 3069 qui
2692 2998 2911 3053 mittere
2940 2996 3077 3050 vitat
3106 2996 3161 3050 in
3188 3006 3380 3051 avum.

1914 3155 1983 3211 In
2025 3156 2210 3212 viduas
2257 3155 2566 3222 abbatissas.
2616 3152 2739 3206 Alia
2780 3160 3038 3222 prwcepta
3089 3148 3280 3220 angeli.
3326 3145 3498 3205 Pestis

2183 3242 2365 3281 causa.
2403 3221 2616 3279 Geroldi
2644 3221 2846 3278 comitis
2878 3221 3016 3277 mars
3047 3221 3218 3275 beata.

1915 3367 2233 3437 Quantaque
2261 3366 2511 3421 femineis
2538 3372 2837 3420 nascantur
2860 3363 3058 3419 damna
3079 3360 3314 3416 catervis

1912 3459 2031 3528 Quo
2056 3458 2222 3532 [quae]
2249 3459 2453 3514 servire
2483 3458 2595 3514 Deo
2628 3458 3019 3513 monachorum
3053 3469 3206 3510 more
3240 3459 3499 3508 suescunt

1910 3551 2149 3625 Angelus
2175 3567 2453 3623 exponens
2482 3570 2496 3607 :
2526 3550 2934 3623 Quamplurima
2961 3547 3219 3604 daemonis
3239 3588 3254 3613 ,
3288 3545 3464 3616 inquit
3482 3584 3497 3609 ,

1910 3645 2316 3703 Lucra-virent.
2355 3644 2673 3714 lucrumque
2696 3642 2792 3696 Dei
2812 3649 2981 3711 'tepor
2998 3647 3234 3710 occupat
3273 3639 3495 3709 Ingens.

1909 3739 2110 3797 Ordine
2138 3738 2363 3795 confuso
2389 3737 2588 3793 mulier
2613 3738 2738 3791 dum
2766 3743 2980 3791 mortua
3004 3734 3144 3789 vivis

1907 3832 2221 3897 Praefertur,
2252 3831 2378 3901 quia
2414 3829 2627 3886 deliciis
2653 3828 2869 3883 viduata
2896 3826 3093 3882 marito

1912 3924 2196 3982 Sufﬁciens
2226 3921 2412 3979 functa
2442 3930 2547 3987 est,
2570 3920 2864 3990 prohibent
2911 3934 3073 3989 quam
3114 3919 3300 3974 vivere
3330 3930 3482 3988 gusta

1911 4011 2179 4081 Subjcctm
2210 4021 2266 4068 et
2286 4012 2425 4065 viva:
2449 4010 2638 4065 mortis
2665 4007 2897 4065 conﬁnia
2918 4015 3166 4073 “sumunt,

1910 4104 2048 4159 Dum
2072 4104 2229 4159 factis
2250 4118 2505 4174 perversa
2530 4101 2643 4158 suis
2666 4101 2909 4173 exempla
2932 4108 3253 4171 sequuntur.

1910 4197 2001 4254 Sic
2030 4197 2329 4267 perduntur
2352 4211 2484 4267 opes
2511 4211 2648 4266 quas
2662 4206 2999 4267 leungessere
3032 4193 3219 4250 fideles

1909 4291 1990 4346 Ad
2015 4282 2448 4347 conservandum
2472 4290 2563 4361 jus
2586 4289 2916 4360 virginitatis
2946 4287 3226 4343 honesta:

1908 4384 2117 4455 Accipit
2156 4384 2255 4439 has
2289 4383 2483 4438 sitiens
2512 4382 2743 4438 labentia
2768 4381 2964 4450 gaudia
2988 4380 3174 4436 mundi

1909 4479 2073 4549 Inque
2100 4478 2428 4548 voluptatem
2456 4475 2563 4533 fert
2595 4476 2779 4533 sobria
2814 4476 2955 4531 dona
2988 4474 3319 4529 nefandam:

1838 4612 1885 4672 D
1901 4574 2056 4672 ivit
2081 4574 2223 4629 enim
2255 4574 2429 4644 virgo,
2460 4579 2688 4628 mortem
2711 4571 2983 4627 scelerosa
3008 4568 3228 4624 subibit.

1902 4642 2295 4735 Denique'jam
2325 4642 2498 4719 vidum
2527 4664 2749 4733 capiunt
2775 4663 2901 4717 dum
2927 4662 3049 4733 jura
3075 4658 3297 4732 regendi
3359 4664 3362 4670 λ

1917 4755 2246 4811 Subvertunt
2276 4768 2497 4826 pravam
2520 4755 2665 4826 justo
2696 4753 2973 4809 molimine
2995 4753 3191 4816 vitam;

1916 4848 2178 4904 Sordibus
2206 4863 2237 4903 e
2261 4848 2434 4903 solitis
2454 4861 2641 4915 panem
2656 4860 2722 4900 se
2751 4847 2968 4899 demere
2993 4849 3239 4914 possunt,

1916 4939 2025 4997 Sed
2058 4954 2233 5010 neque
2263 4938 2549 4994 concubitu
2573 4937 2819 5006 quaedam
2848 4948 3063 4991 cessare
3084 4936 3402 5004 probantur.

1916 5030 2008 5086 Sic
2038 5028 2254 5083 seducta
2280 5029 2479 5082 cohors
2512 5027 2762 5095 sequitur
2795 5039 2892 5094 per
2926 5033 3122 5081 cuncta
3157 5025 3490 5095 Inagistrsm.

1916 5123 1960 5179 Ο
1985 5123 2265 5191 Princeps,
2289 5121 2379 5190 qui
2406 5120 2514 5174 tale
2536 5119 2737 5173 malum
2764 5118 3011 5189 junxisse
3035 5117 3257 5181 videris,

1916 5216 1992 5271 Da
2016 5215 2181 5271 castis
2206 5222 2401 5278 castas,
2426 5212 2571 5268 aliud
2594 5211 2814 5268 viduata
2837 5219 3106 5283 receptet;

1914 5308 2035 5364 Non
2060 5308 2310 5377 equidem
2336 5307 2558 5377 prodest
2584 5305 2875 5361 multorum
2898 5307 3126 5376 perdere
3142 5318 3345 5361 mores.

1912 5400 2164 5457 Creditur
2196 5415 2262 5453 en
2302 5397 2495 5452 mulier
2522 5396 2714 5452 melior
2741 5412 2901 5467 quam
2923 5395 3193 5458 masculus
3221 5411 3357 5452 esse.
3446 5458 3453 5461 μ

1912 5492 2129 5562 Accipit
2156 5490 2243 5545 illa
2274 5491 2521 5561 gradum,
2552 5504 2678 5544 raro
2701 5499 2785 5545 est
2814 5489 2902 5547 lex
2932 5490 3033 5546 iSta
3059 5489 3323 5554 virorum,

1918 5582 1988 5639 Ut
2015 5591 2186 5655 nupto
2207 5581 2368 5637 citius
2403 5582 2602 5635 dentur
2628 5581 2745 5636 loca
2773 5589 2959 5637 sancta
2985 5581 3243 5652 regenda,

1910 5676 2206 5734 Confusum
2236 5683 2426 5729 natura
2458 5672 2675 5728 modum
2708 5672 3015 5728 discernere
3037 5670 3229 5742 poscit.

1839 5821 1842 5824 .
1913 5768 2105 5827 Frater
2134 5770 2262 5825 item
2291 5766 2487 5839 quaerit
2511 5765 2604 5821 ubi
2624 5763 2888 5840 dogmatis
2917 5760 3010 5818 illa
3034 5762 3295 5821 moderno
