3978 6310
579 408 720 465 1079
1119 402 1516 460 WALAFRIDI
1554 401 1802 459 STRABI
1841 400 2044 458 FULD.
2086 395 2250 456 MON.
2295 355 2448 455 OPP.
2487 397 2669 454 PARS
2707 397 2794 454 111.
2835 429 2905 439 --
2941 398 3256 456 CARMINA.
3622 411 3714 469 mo

573 525 767 588 Staret
792 522 1072 594 apostolici
1100 518 1344 593 perfecta
1371 520 1426 574 in
1456 528 1696 591 tempore
1717 520 1944 574 norma?
2193 518 2250 578 Α
2272 513 2387 570 Hoc
2410 516 2607 572 cecidit
2636 516 2797 581 bello,
2830 515 3027 588 populo
3053 525 3304 586 certante,
3323 520 3566 592 Geroldus,

573 621 832 676 Partibus
857 633 926 673 ex
952 616 1075 672 aliis
1103 616 1230 673 salsi
1262 616 1430 672 maris
1457 626 1508 680 ι,
1540 615 1737 684 inquit,
1759 611 1989 668 habetur
2277 608 2430 666 Tunc
2455 609 2743 667 Dominum
2767 609 2953 667 famuli
2981 611 3224 685 lacrymis
3251 630 3492 688 sumpsere
3509 620 3660 692 referti,

573 711 671 768 llle
698 712 865 781 rigor,
891 718 1246 776 veterumque
1285 707 1429 778 viget
1453 704 1756 760 constantia
1785 703 2026 758 Patrum.
2277 703 2501 773 Hucque
2524 714 2860 775 reportatum
2889 714 2994 760 tam
3021 706 3175 779 longa
3203 724 3292 779 per
3311 710 3414 764 avia
3439 727 3595 785 corpus

580 803 685 872 Qui
718 811 1094 874 paupertatem
1124 801 1291 855 variis
1320 800 1437 854 sine
1467 798 1630 853 rebus
1657 797 1841 866 adepti
2275 794 2639 852 Insulanensis
2666 799 2863 854 humus
2889 800 3127 854 contexit
3154 800 3205 855 in
3230 802 3334 858 atde
3353 803 3521 861 Maria.

577 896 806 954 Terreni
833 895 969 952 nihil
1000 894 1285 964 inquirunt
1315 893 1458 964 quod
1494 901 1621 946 vota
1647 891 1922 956 retardet,

579 992 780 1063 Sicque
804 999 1160 1060 penetrantes
1188 989 1450 1045 caelorum
1486 1002 1653 1059 regna
1683 993 1994 1056 capessunt.

573 1083 786 1142 Felices
809 1083 1018 1154 patriae,
1049 1097 1281 1151 quarum
1308 1081 1374 1135 de
1402 1081 1607 1150 cespite
1630 1086 1862 1149 surgunt

2278 951 2542 1010 Wettinus
2592 971 2708 1026 qua'
2738 956 2934 1031 uiderat
2965 956 3120 1031 refert
3156 967 3201 1012 et
3237 959 3380 1031 scribi
3404 961 3718 1031 jubet—Varii

2660 1027 2936 1096 scriptores
2965 1029 3214 1084 visionum
3237 1027 3449 1086 Wettirii.

573 1176 794 1248 Optima
826 1190 1164 1248 gemmarum
1193 1173 1332 1228 coelo
1363 1180 1685 1229 ornamenta
1714 1171 2005 1234 nitentum,
2279 1193 2303 1223 ο
2326 1181 2456 1238 Haec
2471 1191 2526 1238 et
2555 1183 2710 1254 plura
2727 1184 2917 1241 videns
2945 1201 3226 1242 numerum
3251 1203 3361 1258 quae
3383 1205 3498 1259 pene
3520 1205 3716 1261 recusant,

573 1269 852 1326 Auxilium
876 1269 1093 1339 patriar,
1123 1267 1303 1322 meriti
1335 1267 1524 1329 decus,
1548 1266 1696 1320 orbis
1722 1264 2004 1319 honestas.
2276 1272 2409 1341 Qua;
2425 1272 2625 1329 festina
2654 1291 2847 1331 manus
2869 1292 3097 1332 currens
3125 1278 3316 1334 intacta
3337 1281 3535 1352 reliquit,

573 1362 674 1418 His
708 1362 866 1418 dictis
901 1361 1100 1416 iterum
1132 1359 1356 1414 verbum
1381 1373 1538 1413 sacer
1560 1356 1782 1428 angelus
1811 1354 1978 1409 infert
2275 1363 2639 1435 Expcrrecius
2666 1367 2815 1432 item,
2844 1367 2956 1438 jam
2988 1383 3128 1424 (mea
3159 1370 3358 1425 snemia
3390 1374 3535 1430 noctis

576 1452 818 1509 Crimine
845 1453 912 1508 de
940 1451 1110 1507 veteri
1139 1449 1410 1515 Sodomae,
1439 1449 1583 1519 quod
1613 1465 1739 1502 rura
1764 1448 2006 1514 necavit,
2278 1455 2514 1512 Nuntius
2536 1460 2777 1514 excussi;
2806 1458 2940 1514 lucis
2970 1461 3267 1516 resonando
3292 1479 3382 1532 ρει-
3398 1465 3532 1532 πάθε,

577 1545 785 1601 Caetera
817 1558 1054 1614 namque
1078 1541 1245 1598 semel
1271 1542 1399 1596 vitia
1426 1539 1762 1596 exsecranda
1791 1539 2064 1594 monebat.
2277 1547 2564 1605 Fratribus
2593 1551 2804 1616 accitis,
2826 1566 2965 1622 quos
2995 1561 3336 1622 pernoctasse
3359 1555 3535 1610 videbat

574 1639 733 1695 Hunc
763 1647 943 1694 autem
976 1637 1244 1701 morbum,
1269 1651 1451 1691 mores
1477 1636 1794 1702 animasque
1818 1639 2104 1688 nocentem
2276 1640 2532 1698 Excubiis
2553 1658 2756 1706 secum,
2789 1645 3065 1716 trepidans
3087 1645 3352 1716 multoque
3375 1648 3535 1702 umore

573 1733 848 1789 Daemonis
871 1732 1150 1796 instinctu,
1175 1740 1423 1784 naturam
1447 1727 1672 1798 perdere
1703 1734 2040 1797 promptum,
2277 1729 2585 1800 Permotus,
2611 1735 2809 1790 cecinit
2833 1751 3066 1790 narrans
3091 1752 3158 1792 ex
3183 1738 3362 1793 ordine
3386 1739 3531 1794 visum

575 1825 876 1895 Quinquies
903 1823 1184 1878 admonuit
1211 1829 1305 1874 aut
1329 1819 1558 1890 amplius
1579 1833 1700 1874 esse
1731 1816 2052 1872 cavendum.
2197 1885 2244 1898 ἢ
2280 1823 2669 1898 Secretumque
2690 1826 2865 1882 laicus
2895 1828 3083 1884 avidas
3104 1826 3286 1883 en‘udit
3311 1829 3361 1883 in
3383 1845 3531 1895 aures,

575 1919 715 1974 Tum
747 1919 913 1973 frater
941 1917 1137 1988 rogitat
1166 1931 1427 1970 numerus
1453 1930 1552 1969 cur
1576 1922 1757 1968 tantus
1785 1911 1960 1966 obiret
2197 1885 2248 1944 Β
2275 1916 2457 1973 Poscit
2481 1927 2538 1973 et
2562 1928 2620 1973 ut
2645 1919 2869 1975 veniens
2892 1936 3174 1977 sermones
3201 1922 3429 1992 protinus
3447 1922 3560 1992 ipsos

574 2015 755 2070 Pestis
782 2015 835 2068 in
863 2014 1031 2068 exitio
1055 2012 1108 2075 ι),
1137 2011 1308 2080 plebis
1332 2009 1625 2079 populique
1657 2005 1850 2062 ﬁdelis.
2273 2009 2456 2066 Abbas
2485 2011 2754 2082 excipere,
2787 2020 2842 2067 et
2867 2015 3072 2084 scripto
3098 2017 3348 2071 mandare
3366 2015 3559 2084 iuberet.

576 2103 727 2170 llaec,
756 2105 855 2169 ait,
886 2099 954 2158 ex
987 2102 1146 2157 factis
1175 2101 1423 2156 homines
1447 2097 1772 2155 commercia
1811 2096 1995 2166 pravis
2277 2100 2497 2156 Talibus
2523 2113 2763 2157 astantes
2790 2115 3146 2176 compescunt
3175 2107 3332 2162 verba
3357 2106 3599 2177 loquentis;

577 2195 893 2266 Accipiunt,
921 2195 1252 2262 damnatque
1278 2206 1402 2246 reos
1432 2188 1700 2245 sententia
1732 2201 2010 2258 grassans,
2274 2191 2432 2248 Nunc
2456 2193 2616 2250 solito
2644 2194 2841 2252 fratres
2870 2198 3206 2252 meditantur
3227 2200 3279 2254 in
3303 2199 3469 2254 ordine
3487 2200 3633 2264 noctis,

579 2287 976 2359 Significatque
1003 2287 1147 2342 diem
1179 2284 1383 2339 mundo
1406 2297 1698 2354 properare
1732 2279 1996 2346 futurum,
2275 2285 2704 2356 lncumbuntque
2719 2291 2892 2358 preci,
2910 2307 3056 2346 nunc
3081 2292 3309 2346 claustra
3329 2291 3468 2346 silere
3492 2305 3714 2349 necesseest;

578 2379 870 2436 Terminus
896 2387 954 2434 ut
985 2379 1200 2433 tandem
1225 2384 1458 2446 ponatur
1481 2375 1535 2430 in
1558 2373 1748 2428 ordine
1774 2371 1938 2427 srecli.
2276 2374 2393 2432 Non
2419 2378 2678 2433 audemus
2707 2380 2851 2434 enim
2885 2397 2984 2436 nos
3017 2383 3133 2437 haec
3159 2383 3388 2446 turbare,
3414 2381 3486 2436 vel
3505 2382 3577 2436 illi.

577 2474 723 2531 Ecce
747 2473 863 2530 dies
890 2473 1092 2537 veniet,
1121 2480 1366 2526 nostrum
1394 2469 1465 2524 sit
1491 2467 1720 2538 quisque
1749 2473 1992 2535 paratus,
2277 2468 2406 2537 Vos,
2434 2470 2531 2535 ait,
2557 2471 2761 2528 interea
2798 2473 2943 2528 molli
2964 2474 3235 2546 depingite
3263 2489 3396 2540 cera,

578 2568 724 2626 Ecce
751 2566 899 2622 venit
929 2564 1207 2624 Dominus,
1236 2571 1456 2617 nostros
1484 2571 1542 2614 ut
1573 2565 1865 2628 congreget
1887 2564 2059 2611 actus.
2278 2561 2350 2617 Ut
2387 2561 2622 2633 fulgente
2653 2563 2740 2618 die
2769 2565 2930 2620 citius
2959 2565 3245 2621 manifesta
3284 2574 3553 2637 patescant,

577 2659 699 2716 Jam
727 2657 952 2730 vigilare
981 2657 1158 2718 decet,
1186 2653 1411 2710 veniens
1441 2661 1500 2706 ut
1528 2665 1799 2721 quemque
1820 2654 2061 2704 coronet.
2277 2653 2356 2709 Ne
2382 2654 2564 2726 lingua
2592 2664 2837 2726 torpente
2872 2657 3052 2728 palam
3091 2640 3394 2728 depromere
3414 2659 3508 2712 visa

571 2753 854 2821 Praecipue
882 2748 1161 2804 admonuit
1198 2747 1394 2803 divinis
1425 2745 1674 2801 laudibus
1701 2756 1894 2799 omnes
2141 2823 2147 2830 Ι
2276 2746 2392 2804 Νοη
2425 2749 2624 2818 possim
2643 2790 2659 2815 ,
2691 2766 2810 2821 quae
2836 2759 2944 2804 tam
2971 2752 3165 2822 grandi
3194 2751 3290 2807 sub
3319 2750 3443 2806 mole
3466 2750 3655 2804 minarum

577 2844 788 2901 Conatu
819 2843 1026 2898 servire
1050 2843 1192 2896 bono
1221 2840 1508 2909 studioque
1530 2837 1738 2908 $38303;
2279 2840 2420 2897 Sunt
2447 2841 2684 2912 injuncta
2714 2844 2844 2898 mihi
2863 2885 2877 2910 ,
2911 2847 3200 2901 manifesta
3227 2861 3350 2902 voce
3377 2845 3571 2900 canenda

578 2937 909 3008 Praccipiens
930 2947 992 2993 ut
1019 2954 1178 2994 nemo
1204 2938 1354 3009 gravi
1379 2946 1597 3006 torpore
1619 2935 1894 2998 subactus,
2277 2933 2348 2988 Et
2375 2935 2587 2989 cunctis
2615 2935 2820 3005 liquido
2848 2937 3011 2992 citius
3043 2938 3264 2993 dicenda
3291 2939 3456 2993 boatu.

580 3028 831 3100 Negligat
858 3029 1103 3085 assiduas
1134 3029 1361 3083 Domino
1384 3026 1694 3097 persolvere
1717 3024 1930 3088 laudes,
2279 3022 2353 3079 Ut
2381 3024 2599 3078 timeam
2627 3026 2670 3080 si
2697 3025 2835 3082 forte
2865 3035 3052 3084 tacens
3078 3029 3326 3085 dimisero
3353 3028 3613 3099 quidquam,

578 3122 946 3193 Ecclesia‘que
969 3123 1135 3177 decus
1165 3121 1470 3177 celebretur
1505 3129 1563 3174 ut
1587 3118 1778 3173 ordine
1805 3123 2026 3181 sancto;
2278 3111 2364 3169 Me
2392 3116 2606 3171 veniam
2638 3132 2738 3173 nec
2772 3119 3003 3186 habere,
3039 3121 3189 3192 gravi
3219 3122 3489 3193 stringente
3515 3126 3636 3174 reatu.

581 3212 864 3269 Sollicitus
893 3214 1167 3284 propriam
1194 3213 1390 3284 quaerit
1418 3212 1730 3282 quicunque
1762 3207 2026 3272 salutem,
2209 3268 2248 3284 Α
2282 3209 2484 3266 Ultima
2512 3212 2766 3282 virginem
2796 3214 2967 3269 turbae
2995 3215 3311 3271 intercessio
3333 3221 3502 3269 memet

581 3305 712 3363 Haec
735 3316 878 3380 agat,
894 3268 963 3361 let
990 3268 1111 3362 sese
1144 3268 1343 3377 poierit
1376 3305 1679 3360 subducere
1706 3299 1959 3355 flammis.
2202 3268 2251 3334 ο
2284 3301 2466 3372 Liquit
2492 3303 2545 3358 in
2583 3268 2803 3375 ancipiti
2828 3305 3096 3376 positum;
3127 3322 3251 3361 nam
3276 3305 3440 3361 nescio
3458 3303 3618 3374 qualem

487 3465 496 3473 ,
577 3400 698 3457 Νοη
728 3410 850 3472 eget
876 3401 962 3456 his
984 3401 1264 3465 Dominus,
1285 3399 1378 3454 sed
1408 3413 1506 3453 nos
1533 3405 1593 3452 ut
1615 3409 1840 3466 agamus
1863 3406 2104 3464 egemus.
2283 3393 2604 3464 lmplorasse
2634 3394 2745 3450 Deo
2775 3396 2939 3452 vitam
2965 3408 3256 3468 priestante
3281 3411 3524 3469 putemus,

578 3492 721 3560 Quin
752 3493 915 3547 etiam
959 3491 1232 3562 quondam
1274 3491 1525 3546 comitem
1566 3503 1723 3544 sacer
1762 3485 1849 3541 ille
1884 3483 2179 3541 Geroldum
2284 3488 2479 3545 Utrum
2518 3499 2833 3560 perpetuam
2855 3531 2870 3558 ,
2898 3491 2985 3547 vel
3016 3494 3275 3565 temporis
3311 3492 3452 3562 hujus
3475 3502 3660 3544 amaram.

578 3585 822 3654 Angelus
848 3585 1083 3639 asseruit
1109 3583 1348 3654 requiem
1377 3589 1625 3652 captasse
1650 3580 1889 3642 beatam,
2286 3581 2345 3637 Si
2380 3582 2515 3637 mihi
2547 3582 2821 3641 defuerint
2853 3587 3112 3655 prazsenti
3145 3585 3409 3643 commoda
3433 3585 3558 3646 vitae,

581 3677 1018 3747 Martyribusqne
1041 3689 1251 3746 parem,
1281 3689 1388 3744 quo
1415 3673 1584 3743 gloria
1611 3686 1820 3727 summa
1852 3666 2026 3724 beatis
2283 3676 2424 3732 Ecce
2455 3678 2642 3746 procul
2672 3678 2835 3734 dubio
2853 3719 2867 3744 ,
2892 3689 3125 3736 mortem
3153 3696 3272 3738 cras
3298 3693 3471 3750 corpus
3493 3671 3660 3732 habebit.

579 3765 800 3823 Civibus
826 3777 1042 3820 aeternae
1071 3765 1249 3819 reddit
1275 3764 1573 3818 dulcedinis
1601 3765 1874 3816 haustum.
2284 3770 2402 3826 Dux
2425 3785 2578 3825 meus
2604 3771 2716 3826 haec
2741 3771 2906 3836 dixit,
2938 3771 3094 3842 cujus
3119 3774 3247 3829 mihi
3273 3772 3467 3844 εροηείο
3489 3775 3602 3825 cem
3621 3768 3681 3818 est

581 3861 654 3916 Et
681 3859 898 3929 quando
921 3858 1094 3912 zelum
1128 3855 1342 3911 Domini
1373 3861 1716 3925 conceperat.
1751 3849 1944 3921 inquit.
2284 3860 2382 3917 His
2409 3862 2574 3933 igitur
2598 3864 2779 3920 verbis
2803 3863 3002 3923 fratres
3026 3869 3273 3925 hortatus
3295 3867 3516 3931 eosdem,

582 3951 845 4008 Gentibus
875 3949 1055 4005 infidis
1080 3948 1283 4004 Christi
1315 3947 1603 4004 defendere
1633 3946 1867 4018 plebem,
2283 3953 2588 4025 Expediens
2619 3956 2814 4012 iterum
2840 3958 2954 4029 jam
2984 3961 3130 4016 diem
3167 3971 3398 4018 retexere
3422 3957 3566 4028 οωρῑι.

583 4043 952 4116 Congrediens
975 4040 1136 4111 hujus
1165 4031 1397 4111 sumpsit
1425 4039 1704 4112 dispendia
1730 4041 1877 4106 vitae,
2283 4045 2364 4101 llli
2389 4047 2644 4102 continuo
2676 4048 2869 4104 tabula:
2895 4051 3219 4120 impressere
3249 4050 3471 4124 liquenti.

585 4135 830 4191 Eternis
857 4136 978 4191 ideo
1005 4135 1200 4190 meruit
1231 4133 1438 4205 fulgere
1464 4134 1708 4204 tropaeis,
2283 4137 2559 4195 Laudibus
2588 4140 2791 4196 interea
2823 4142 3034 4198 Domini
3060 4142 3175 4213 jam
3201 4145 3300 4199 rite
3323 4139 3551 4214 peractis,

585 4230 806 4287 Munera
836 4239 1110 4300 perpetuae
1136 4230 1358 4299 capiens
1383 4229 1619 4299 ingentia
1650 4228 1790 4284 vitae.
2283 4229 2466 4286 Abbas
2495 4231 2788 4288 adveniens
2816 4233 2938 4288 aliis
2958 4233 3341 4290 comitantibus
3366 4233 3532 4293 intrat;

587 4325 684 4381 Hic
713 4326 798 4380 vir
827 4325 881 4379 in
907 4324 1008 4380 hac
1037 4325 1210 4395 patria
1241 4339 1451 4379 summa
1483 4322 1722 4377 bonitate
1749 4319 1978 4388 nitebat,
2285 4322 2420 4379 Nam
2451 4323 2644 4380 solitus
2671 4326 2945 4396 compellit
2967 4343 3122 4382 amor
3156 4326 3390 4383 refovere
3409 4323 3641 4392 iacentem.

585 4417 824 4473 Moribus
847 4417 1120 4490 egregius,
1149 4431 1338 4482 verax,
1367 4422 1706 4478 mansuetus,
1740 4413 2033 4482 honestus,
2285 4411 2559 4469 Assistunt
2582 4413 2836 4483 propius,
2863 4423 3135 4470 secretum
3165 4414 3399 4470 infirmus
3416 4409 3602 4478 adoptat.

586 4508 683 4565 Cui
718 4510 905 4582 regina
940 4524 1116 4575 soror,
1142 4508 1400 4564 Ludovici
1430 4509 1596 4564 chara
1629 4507 1865 4578 genitrix
2284 4504 2582 4561 Discedunt
2617 4506 2842 4578 reliqui,
2868 4515 3153 4563 remanent
3182 4507 3254 4562 ibi
3285 4506 3494 4578 quinque
3517 4495 3704 4553 sedentes.

587 4600 926 4673 Hildegardis
949 4610 1085 4666 erat,
1113 4600 1269 4671 parili
1293 4600 1537 4655 bonitate
1565 4610 1814 4666 venusta,
2205 4649 2260 4673 h
2285 4599 2503 4656 Primus
2525 4610 2646 4656 erat
2673 4600 2862 4667 Hetto,
2891 4601 3157 4657 Erbaldus
3179 4600 3280 4656 fuit
3304 4597 3418 4655 inde
3443 4585 3665 4652 secundus.

589 4649 802 4748 Viribus
828 4692 922 4750 ille
953 4649 1146 4763 potens
1172 4703 1470 4763 sanctoque
1498 4693 1768 4764 potentior
1801 4701 1958 4761 actu;
2205 4649 2261 4714 Β
2284 4693 2361 4748 De
2390 4692 2587 4763 quibus
2619 4693 2671 4747 in
2697 4691 2886 4763 primis
2915 4693 3157 4748 modicas
3181 4689 3490 4749 conterimus
3509 4682 3631 4740 odas,

585 4786 843 4843 Defuerat
872 4787 1111 4854 soboles,
1133 4788 1445 4858 pariterque
1473 4795 1529 4842 et
1556 4784 1725 4842 defuit
1756 4788 1948 4842 haeres.
2284 4783 2500 4841 Tertius
2521 4785 2634 4856 ipse
2663 4794 2846 4841 tacens
2876 4784 2903 4825 ἀ
2934 4786 3181 4856 sapiente
3207 4784 3364 4842 corde
3390 4777 3613 4850 magister.

583 4877 684 4936 His
712 4878 877 4950 igitur
903 4879 1083 4935 verbis
1107 4894 1228 4936 sese
1256 4891 1605 4948 compescere
1631 4877 1816 4948 coepit,
2282 4878 2524 4947 Quartus
2549 4887 2667 4933 erat
2685 4878 2886 4945 senior,
2928 4878 3114 4934 multis
3137 4885 3412 4950 provectus
3433 4873 3479 4928 in
3503 4864 3634 4923 annis.

585 4969 828 5042 Denegat
850 4969 1122 5026 haeredem
1150 4970 1430 5035 Dominus,
1460 4977 1644 5024 manet
1671 4969 1787 5038 ipse
1808 4977 2102 5038 superstes.
2285 4970 2630 5043 Theganmar
2659 4971 2868 5026 Domini
2895 4969 3157 5038 famulus,
3186 4971 3270 5026 cui
3296 4969 3438 5038 longa
3463 4966 3668 5020 senectus,

584 5061 743 5131 Quod
775 5062 943 5128 dedit,
972 5063 1220 5134 accipiet,
1254 5061 1438 5119 Maria:
1464 5062 1784 5118 commendo
1806 5061 1996 5117 beatae.
2121 5117 2127 5124 ,
2283 5059 2522 5118 Contulit
2548 5071 2752 5118 interno
2778 5063 3115 5118 venerandos
3141 5075 3359 5118 munere
3381 5069 3548 5116 canos,

586 5155 680 5213 Sic
701 5165 889 5212 votum
917 5154 1078 5212 factis
1105 5157 1372 5227 sequitur,
1403 5155 1578 5227 magis
1603 5155 1854 5212 omnibus
1877 5154 1967 5212 isti
2283 5157 2518 5214 Grandis
2542 5155 2716 5212 honor
2741 5157 2935 5228 capitis
2953 5197 2968 5224 ,
3000 5155 3174 5226 major
3202 5151 3450 5226 sapientia
3479 5139 3651 5202 mentis,

583 5247 796 5305 Profuit
825 5248 913 5304 ille
939 5247 1076 5312 loco,
1106 5250 1259 5321 cujus
1289 5251 1427 5306 nitet
1448 5249 1620 5322 Augia
1647 5249 1826 5306 donis.
2283 5246 2576 5303 Confessor
2593 5259 2616 5288 ο
2649 5247 2874 5304 fratrum
2892 5290 2908 5317 ,
2931 5263 3134 5321 gnarus
3159 5246 3399 5305 conferre
3419 5235 3641 5298 medelam.

585 5339 736 5398 Bella
763 5351 946 5400 movet
974 5340 1200 5399 Carolus
1225 5343 1392 5401 duros
1420 5352 1536 5399 tum
1564 5341 1748 5400 Caesar
1771 5343 1824 5398 in
1847 5340 2073 5398 Hunnos
2092 5383 2107 5410 ,
2286 5340 2525 5398 Moribus
2547 5342 2797 5411 antiquos
2824 5341 3072 5414 sequitur
3095 5341 3213 5397 sine
3240 5337 3450 5394 crimine
3470 5337 3626 5404 paues-

594 5473 1526 5565 μξ,1η,ιτξξηξηῑανίηίεηνεθῖρηίριέεθ
1553 5475 1950 5565 seruitium:
1975 5475 2035 5559 .'“
2053 5473 2182 5565 Ρῖὲ·
2358 5486 2383 5565 ξ
2417 5473 3018 5565 Ϊβῖξνδκῖηνῖίῗυὲξω.
3191 5559 3250 5565 -_
3285 5513 3729 5565 _.-.-..t....:mim.zli-

589 5547 781 5620 tannia
804 5547 976 5602 insula
1005 5563 1071 5602 an
1099 5549 1151 5603 in
1179 5531 1425 5604 Graecia?
1445 5531 1950 5620 Quanquamretiam
1974 5548 2028 5602 in
2049 5547 2176 5620 (ξηι-
2287 5619 2294 5620 ί
2355 5546 2486 5620 ᾅΑιι
2513 5548 2585 5620 sit
2614 5562 2826 5620 nomeg
2831 5547 3112 5620 proprium
3131 5586 3146 5609 ,
3187 5559 3253 5620 at}
3284 5531 3702 5620 metaphoricf’m

584 5593 1072 5674 ῐῐέἶὲῑιόἶὲἐὶἒυῖί
1099 5593 2034 5690 ἓὺιῖιὶζῖὲξίιι’ᾇιῖίζιῗίὲἓίὗιῖιῖξῖῂέιῖ
2055 5593 2173 5675 Hel
2283 5593 2496 5690 lusione
2513 5593 3476 5687 ἳξιέὶᾇέιᾜαέἰᾷῗιῖίὶῑοᾜεῐ’ἰηῖὶῑὶέιιὶι,
3509 5615 3591 5659 non
3613 5593 3728 5659 ιιψιει·

584 5689 858 5745 nedictum
882 5691 1105 5744 Anianre
1130 5690 1400 5746 abbatem.
1431 5688 1566 5744 Man.
1732 5688 1746 5689 7'
1939 5688 1951 5690 ⁷
2285 5689 2423 5746 Mn.
3533 5745 3544 5749 _
3595 5739 3604 5749 .

659 5737 1232 5835 i'Kﬁﬁb’é’é‘Si‘Egéﬁs'
1239 5737 1566 5835 ﬁé'éiiipiiiii'
1577 5775 1674 5830 per
1693 5769 1859 5816 totam
1872 5761 2174 5835 AFranciam
2285 5737 2465 5817 "ue-in
2485 5776 2819 5835 iunoquoque
2840 5760 3170 5835 monasterio
3193 5773 3330 5835 unus
3351 5753 3498 5809 frater
3521 5737 3732 5835 ειςείεηειω

585 5831 866 5888 hominum
886 5815 1180 5904 utriusque
1201 5815 1371 5904 serus
1401 5815 1740 5904 innumeram
1774 5815 2173 5890 multitudinem
2285 5815 2871 5904 erat'adﬂrecipiejnid'as
2879 5815 3252 5892 confessiones
3276 5829 3499 5886 fratrum.
3524 5815 3585 5870 Ιυ·

589 5901 942 5968 consumpsit,
979 5910 1114 5956 teste
1143 5902 1470 5969 Eginhardo.
1495 5903 1632 5960 Mm.
