3978 6310
173 464 309 521 ωδε
1183 432 1472 511 manus
1498 436 1599 510 ‘n‘e
1634 440 2164 511 assumamus
2194 428 2413 508 uim.

694 565 771 622 De
812 566 1217 638 confessoribus.

170 668 280 725 llos
306 661 546 736 perfecta
571 674 671 716 suo
696 672 922 715 servans
944 658 1213 715 confessio
1236 656 1371 732 Regi

236 756 390 815 Fecit
411 755 467 809 in
492 754 717 810 mtheria
746 755 1029 810 consocios
1054 756 1257 826 requie.

166 847 440 919 Exemplis
465 862 693 918 quorum
724 847 989 918 dictisque
1004 848 1064 902 in
1084 864 1215 919 pace
1235 848 1537 911 manentes,

236 941 560 999 lnstruimur
597 954 822 996 summa;
842 940 990 1012 pacis
1017 956 1201 995 amare
1228 941 1391 994 viam.

741 1030 819 1086 De
856 1031 1194 1103 martyribus.

165 1126 439 1198 Sanguine
464 1126 555 1197 qui
586 1125 805 1197 proprio
828 1124 1071 1180 coelestia
1108 1120 1331 1195 praemia
1358 1119 1540 1192 adepti

230 1221 361 1286 Quae
387 1216 493 1273 sibi
522 1217 771 1273 retribuit
795 1216 1127 1271 retribuente
1162 1213 1295 1269 Deo.

160 1310 268 1367 Nos
294 1310 581 1366 tolerando
611 1317 832 1365 monent
860 1306 1020 1363 facile
1047 1306 1282 1377 pretiosa
1314 1300 1515 1366 subire,

227 1401 334 1457 Pro
361 1397 587 1456 Christo
614 1397 929 1470 opprobria,
953 1412 1073 1469 quae
1093 1412 1246 1452 sacra
1274 1406 1440 1466 regna
1470 1397 1681 1463 parent.

176 1516 3419 1551 ______________________________________.

1783 572 1834 631 Α

2449 566 2525 621 De
2552 565 2857 637 virginibus.

1861 659 2039 715 Fortis
2065 659 2122 714 in
2148 657 2365 713 inﬁrmo
2394 658 2561 730 viguit
2588 646 2895 715 constantia
2921 672 3053 715 sexu

1929 750 2060 818 Quae
2093 751 2194 805 sibi
2214 749 2519 819 virgineum
2554 750 2771 821 copulat
2798 746 3055 807 alliciam.

1858 837 2074 909 Nosque
2119 848 2402 894 monemur
2440 839 2502 893 in
2536 836 2660 903 hoc,
2692 838 2878 895 mundi
2914 840 2962 895 si
2998 834 3253 895 "ineltrsio
3280 836 3443 903 desit,

1929 931 2133 987 Saltem
2163 944 2285 986 cum
2313 930 2461 986 vitiis
2484 938 2642 987 men's
2664 933 2754 1002 pia
2780 932 2926 988 bella
2956 939 3130 1002 gerat.
3264 928 3269 933 ’

2136 1025 2204 1080 In
2243 1025 2416 1080 natale
2444 1027 2609 1080 sancti
2653 1024 2873 1081 Martini
2913 1025 3157 1097 episcopi.

1854 1114 1959 1172 lste
1982 1114 2077 1170 Dei
2116 1125 2337 1171 sanctus
2363 1115 2554 1172 doctor
2581 1114 2909 1172 venerabilis
2940 1116 3066 1172 ‘orbi

1934 1206 2070 1261 Vitm
2095 1207 2341 1277 exempla
2369 1207 2531 1271 dedit,
2557 1206 2779 1276 adjuvat
2803 1212 2859 1262 et
2890 1206 3161 1278 precibus.

1861 1294 1985 1350 Haec
2007 1300 2314 1368 quicunque
2341 1296 2506 1367 legas,
2534 1298 2746 1352 veniam
2762 1298 3065 1368 deposcere
3088 1294 3292 1351 Strabo

1937 1386 2023 1442 Sis
2048 1402 2276 1455 memor,
2308 1397 2360 1443 et
2390 1396 2617 1445 canales
2644 1389 2746 1444 hos
2764 1400 2904 1445 voca
2930 1389 2990 1445 in
3019 1387 3301 1445 auxilium.

1206 1596 1546 1662 HYMNUS
1597 1597 1704 1658 DE
1744 1596 2049 1659 NATALI
2093 1597 2409 1659 DOMINI.

298 1858 544 1917 Gloriam
570 1865 698 1912 nato
723 1856 969 1912 cecinere
982 1848 1225 1921 Christo,

297 1951 516 2024 Angeli,
545 1948 745 2005 famam
786 1949 1041 2016 retulere,
1082 1950 1229 2005 clara

299 2042 451 2099 Voce
482 2048 729 2114 pastores
759 2026 894 2096 nova
920 2041 1321 2111 concrepabant

519 2131 728 2187 Gaudia
757 2130 976 2187 mundo.

300 2225 449 2280 Laus
480 2223 534 2277 in
557 2222 809 2288 excelsis,
837 2222 926 2294 p'ia
961 2238 1068 2292 pax
1094 2222 1152 2302 in
1178 2222 1345 2290 arvis,

304 2319 517 2374 Dicitur
542 2316 756 2387 magnis
785 2315 1108 2371 celebranda
1137 2316 1292 2383 votis,

303 2409 494 2466 Omnis
520 2407 752 2462 adventu
788 2404 1003 2462 Domini
1046 2415 1292 2463 movetur

525 2500 772 2554 Machina
802 2514 1009 2575 rerum.

304 2590 473 2663 Virgo
493 2600 758 2661 conceptu
788 2591 1100 2662 gravidatur
1129 2586 1292 2648 a‘lmo.

306 2680 608 2751 Conjugum
637 2689 799 2735 mutae
824 2680 1143 2752 sterilesque
1182 2682 1331 2738 ﬁbrae

302 2772 422 2829 lam
452 2773 635 2844 vigent
657 2770 811 2828 donis
852 2774 1015 2839 uteri,
1041 2776 1329 2847 prophetat

524 2861 756 2917 Carcere
784 2872 954 2918 vates.

308 2955 660 3027 Splendidam
683 2954 805 3009 caeli
834 2954 1067 3009 faculam
1098 2956 1325 3019 dedere,

304 3049 473 3104 Movit
494 3048 744 3102 ardorem
774 3061 930 3101 sacra
958 3046 1051 3102 lux
1074 3047 1376 3118 Magorum,

304 3141 585 3197 Territant
604 3154 799 3194 saevam
826 3155 963 3193 nova
985 3137 1295 3197 Judazorum

521 3230 718 3285 Nuntia
748 3229 977 3300 plebem.

308 3323 445 3379 Sera
477 3323 748 3393 longaavus
777 3322 993 3378 Simeon
1017 3324 1251 3381 videndo

306 3414 466 3478 Vota,
510 3422 617 3468 tam
642 3412 800 3483 longe
826 3413 974 3482 prius
999 3416 1293 3485 cxpetitam

304 3502 576 3561 Praedicat
600 3507 812 3561 cunctis
838 3502 1052 3562 Domini
1077 3508 1303 3565 salutem

521 3597 701 3653 Patris
735 3600 946 3654 adesse.

301 3688 457 3742 Anna
482 3686 595 3756 jam
623 3697 751 3743 natu
781 3688 1020 3760 gravior,
1047 3700 1268 3760 repente

302 3777 465 3835 Lucis
486 3788 691 3835 attactu
722 3788 1004 3850 penetrata
1028 3792 1229 3838 sanctae

301 3872 459 3940 Quod
485 3872 573 3926 diu
608 3872 774 3926 traxit
811 3873 1106 3930 toleranter
1132 3891 1249 3930 :evu

511 3963 655 4017 Laeta
692 3964 921 4035 peregit.

302 4054 600 4126 Martyrum
631 4052 793 4108 ﬂores
814 4054 961 4109 ferus
991 4055 1346 4127 interemptor

300 4145 516 4201 Milibus
540 4144 743 4211 multis,
770 4146 927 4200 avide
956 4162 1204 4202 cruorem

299 4238 605 4307 Quaerimus
627 4236 830 4293 Christi
855 4239 1067 4295 cruciat
1094 4239 1343 4312 malignae

513 4331 739 4403 Frigore
766 4334 981 4389 mentis.

301 4421 443 4493 Ergo
468 4439 629 4493 quam
658 4433 857 4478 nostrae
876 4435 1039 4496 caput
1064 4425 1301 4495 optionis

302 4511 560 4567 Novimus
582 4512 752 4568 lucem
781 4512 1060 4570 celebrare
1087 4516 1258 4586 plenis

302 4600 548 4669 Caudiis,
581 4604 727 4657 omni
752 4605 1063 4662 Studeamus
1099 4607 1255 4663 alma:

516 4693 673 4750 Pacis
699 4710 904 4751 amore.

300 4783 492 4839 Editus
523 4800 680 4840 sacro
704 4785 883 4843 Patris
908 4803 1001 4843 ore
1040 4805 1255 4862 semper

308 4871 541 4945 Virginis
571 4884 722 4930 casta
750 4876 917 4931 voluit
941 4878 1041 4934 sub
1072 4880 1192 4934 alvo

299 4963 431 5019 Arta
458 4975 666 5020 natura:
701 4967 933 5026 tolerare
960 4968 1152 5039 factor,

518 5057 700 5114 Munia
738 5072 958 5117 nostrae.

307 5148 466 5219 Virgo
490 5162 795 5223 portantem
818 5157 1130 5211 veneranda
1153 5166 1354 5229 portat,

305 5240 495 5299 Lactat
521 5245 768 5316 altorem,
792 5249 939 5304 vehit
965 5258 1020 5304 et
1056 5261 1359 5321 parentem,

184 5400 1742 5438 Wm—

1522 1748 2041 1776 b—

1708 1875 1717 1885 ι
1776 1860 1824 1921 Β

1995 1856 2201 1927 Spiritu
2230 1870 2513 1928 praegnans
2539 1857 2816 1927 operantis
2854 1857 2911 1914 in
2939 1870 3000 1913 se

2216 1948 2387 2004 Mater
2411 1965 2671 2020 opusque.

2000 2037 2218 2094 Veritas
2243 2049 2385 2094 terra
2409 2041 2691 2111 pietasque
2716 2047 2851 2096 nata
2879 2047 2984 2107 est,

2002 2128 2176 2186 Solvit
2199 2138 2254 2185 et
2281 2132 2470 2201 primae
2500 2132 2897 2188 maledictionis

2005 2222 2230 2289 Damna,
2257 2238 2357 2293 pro
2386 2223 2557 2293 spinis
2596 2220 2917 2295 trihu’lisque
2932 2220 3179 2280 Tructnm

2219 2312 2389 2370 Terra
2415 2317 2691 2372 ministrat

2001 2403 2235 2459 Fructus
2262 2406 2351 2460 hic
2383 2414 2560 2471 terrae,
2578 2408 2734 2477 prius
2767 2422 2797 2462 a
2826 2402 3091 2479 prop‘he'ta

2008 2497 2170 2554 Valde
2203 2496 2448 2552 sublimis
2478 2498 2577 2552 fuit
2604 2499 2890 2565 indicatus,

2000 2591 2101 2661 Qui
2128 2606 2319 2664 greges
2348 2601 2566 2649 sanctos
2595 2603 2842 2650 saturare
2864 2590 2988 2649 vivo

2216 2685 2363 2740 Pane
2383 2685 2607 2741 valeret.

2007 2777 2107 2834 Hic
2133 2777 2232 2833 sub
2264 2778 2499 2832 humana
2524 2776 2703 2849 specie
2729 2780 3043 2846 coruscam,

2002 2872 2118 2928 Vile
2149 2872 2405 2943 praesepis
2430 2873 2596 2927 voluit
2635 2873 2812 2928 cubile

2001 2965 2189 3031 Ferre,
2219 2978 2328 3035 quo
2347 2979 2467 3020 sese
2494 2966 2623 3021 dare
2652 2960 2929 3022 nuntiaret

2209 3054 2416 3110 Pascua
2446 3063 2650 3125 pastor.

1985 3122 2248 3206 ‘Gaudeat
2275 3149 2396 3204 οωὶί
2420 3122 2638 3211 chorus,
2668 3156 2727 3204 ut
2752 3146 2970 3203 Creator

2006 3240 2137 3310 Ejus
2162 3239 2442 3308 antiquum
2464 3254 2750 3294 numerum
2780 3238 3029 3305 novaret,

2004 3331 2121 3402 Ipse
2153 3331 2454 3393 descendit,
2488 3329 2649 3385 simul
2674 3341 2728 3386 et
2752 3331 3043 3402 superbum

2220 3420 2478 3476 Sternere
2504 3421 2736 3477 hostem.

2004 3509 2173 3566 Terra
2195 3511 2435 3577 laetetur,
2467 3508 2676 3567 radiata
2704 3514 2838 3568 tanti

2005 3599 2250 3656 Luminis
2270 3608 2481 3667 tractu,
2510 3606 2680 3674 genus
2708 3608 2762 3657 et
2790 3596 3130 3676 redemptum

2000 3691 2136 3749 Vota
2162 3694 2399 3765 gratanti
2426 3702 2627 3749 voveat
2644 3693 2901 3766 feratque

2220 3783 2405 3839 Debita
2437 3794 2641 3841 mente.

1999 3870 2216 3927 Christe
2243 3886 2532 3944 regnorum
2556 3874 2876 3929 dominatur
2898 3882 3042 3946 auge

2000 3961 2239 4032 Principi
2273 3972 2460 4017 nostro
2487 3963 2736 4016 decuset
2762 3964 3089 4033 triumphos,

2000 4050 2130 4122 Ejus
2157 4060 2213 4106 et
2240 4052 2449 4122 prolem
2474 4052 2615 4106 bene
2641 4058 2764 4108 dum
2788 4053 2986 4122 pudiea

2214 4144 2454 4216 Conjuge
2486 4144 2657 4199 salva.
2693 4146 2697 4152 ’

1999 4239 2209 4309 Sponsa
2235 4253 2343 4309 quo
2370 4236 2498 4293 felix
2535 4248 2626 4293 tua
2651 4234 2753 4294 sub
2770 4239 3020 4310 patronis

1997 4334 2201 4389 Polleat
2229 4329 2395 4389 tan‘ti’s
2420 4332 2617 4388 merito
2648 4332 2885 4405 locaque

1998 4424 2332 4480 Pramineus
2361 4425 2588 4490 mundo,
2606 4432 2939 4495 maneatque
2973 4423 3133 4497 longa

2217 4516 2357 4572 Pace
2374 4515 2578 4572 'llllelis.

1997 4610 2211 4665 Christe
2239 4609 2307 4663 da
2336 4609 2493 4665 nobis
2522 4617 2614 4664 tua
2638 4608 2788 4681 jussa
2815 4616 2950 4665 vero

1998 4704 2172 4760 Corde
2199 4704 2418 4769 sectari,
2453 4703 2615 4758 simul
2645 4711 2701 4756 et
2728 4702 2904 4758 beatis

1998 4796 2223 4851 Actibus
2252 4796 2376 4850 vita:
2392 4795 2633 4850 nitidum
2646 4792 2856 4849 ‘mereri

2216 4886 2459 4941 Stemm‘a
2484 4885 2767 4955 perennis.

1998 4974 2224 5036 PraeStet
2248 4982 2368 5035 haec
2386 4980 2545 5035 nobis
2562 4979 2754 5036 'Deltas
2774 4981 2934 5036 beata

2003 5074 2180 5128 Patris
2201 5080 2256 5127 et
2286 5071 2436 5149 ~Nati,
2470 5072 2786 5141 pariterque
2808 5070 2984 5127 sancti

2007 5156 2241 5234 Spiritus
2256 5178 2467 5217 summa
2490 5163 2695 5232 pietate
2712 5168 2949 5234 regnem

2212 5256 2386 5312 Omne
2398 5264 2505 5327 'per
2525 5270 2721 5312 mrum.

930 5514 1270 5587 HYMNUS
1316 5518 1420 5578 DE
1467 5519 2069 5583 AGA'UNENSIBUS
2115 5520 2663 5585 MARTYRIBUS.

410 5739 561 5797 Felix
586 5741 757 5803 Gallia
786 5745 1015 5806 fortibus
1046 5754 1267 5823 tropaeis

337 5828 595 5891 Ubertate
622 5838 744 5906 soli,
774 5841 950 5896 virum
974 5846 1170 5912 nitore,

343 5920 511 6011 Regni
543 5930 760 5987 nomine
783 5943 1081 6015 purpurata
1112 5954 1327 6013 magno,

2040 5756 2299 5812 Romanae
2324 5772 2481 5812 soror
2505 5757 2657 5814 urbis
2687 5756 2848 5826 atque
2873 5756 3137 5812 consors:

2057 5924 2061 5928 ὶ
2106 5849 2253 5917 Haec,
2280 5851 2525 5921 inquam,
2557 5848 2752 5906 melius
2778 5851 2953 5905 dicata
2979 5849 3179 5907 Christi

2034 5940 2235 6015 Signis,
2265 5941 2398 5998 illita
2427 5952 2730 6017 martyrum
2748 5940 2968 6010 cruore,
