3978 6310
691 335 716 391 1
726 336 826 394 087

863 451 1224 510 Excellentius
1253 455 1352 512 has
1375 465 1529 528 togas
1561 457 1891 529 frequentat,

867 543 1013 612 Quas
1034 561 1140 601 non
1167 547 1366 620 impius
1391 551 1657 622 inquietat
1678 553 1874 610 hostis.

934 635 1240 695 Thesauros
1269 641 1513 699 Rhodani
1542 644 1759 714 quidem
1787 646 1988 703 ﬂuento

864 729 1100 787 Vallatos
1127 734 1256 788 colit
1276 735 1500 806 Alpibus
1527 740 1626 793 sub
1650 740 1801 809 ipsis,

861 821 968 876 Sed
996 839 1100 878 non
1133 825 1246 879 sola
1277 835 1418 882 tenet
1446 828 1610 884 decus
1635 840 1905 887 sacratum

860 911 1014 980 Quod
1042 922 1153 970 toto
1176 915 1342 986 liquet
1374 921 1616 975 eminere
1643 923 1864 978 mundo.

929 1004 1104 1076 Magni
1130 1007 1435 1064 Mauritium
1461 1011 1655 1082 loquor
1676 1014 1871 1084 rigoris

855 1094 989 1151 Cum
1012 1113 1120 1168 quo
1147 1101 1436 1168 Candidus,
1472 1104 1928 1179 Exsuperiusque,

847 1187 1136 1246 Armorum
1161 1196 1377 1250 comitis
1410 1197 1566 1251 [idem
1597 1199 1787 1264 secuti,

845 1276 1108 1336 Iuverunt
1132 1284 1282 1339 ducis
1303 1288 1491 1355 optimi
1517 1291 1775 1349 calorem.

921 1369 1166 1427 Thebane
1186 1373 1324 1446 legio
1352 1378 1508 1432 beata
1548 1382 1724 1451 gentis

847 1456 943 1514 His
964 1465 1272 1520 concredita
1305 1467 1420 1538 lege
1443 1470 1666 1527 militari

843 1547 968 1605 Veri
998 1553 1245 1610 militiam
1271 1570 1454 1614 secuta
1478 1561 1640 1633 Regis

844 1641 1052 1701 Vexillo
1079 1651 1259 1706 crucis
1279 1652 1560 1724 impedivit
1588 1658 1822 1716 hostem.

909 1733 1096 1792 Nullas
1117 1741 1363 1796 sontibus
1385 1745 1614 1803 intulere
1640 1751 1839 1821 caedes,

843 1824 980 1892 Quin
1005 1828 1104 1898 ipsi
1132 1833 1324 1902 gladiis
1346 1835 1456 1892 Deo
1479 1839 1741 1898 immolati

840 1915 1009 1982 Quam
1047 1924 1205 1978 terris
1229 1925 1464 1984 Orientis
1486 1932 1818 1991 imbiberant

838 2006 1044 2066 Castris
1069 2011 1322 2073 Occiduis
1343 2019 1502 2076 tidem
1533 2025 1836 2083 recludunt.

903 2104 1078 2177 Auget
1107 2109 1335 2166 crimina
1365 2129 1538 2172 saevus
1564 2117 1883 2189 imperator,

832 2195 1000 2261 Quem
1028 2215 1128 2255 nec
1153 2205 1392 2261 carmine
1415 2210 1700 2267 nominare
1727 2214 1972 2286 dignum,

832 2285 968 2341 Dum
992 2300 1210 2348 sanctos
1232 2294 1387 2363 jubet.
1410 2298 1570 2355 idolis
1605 2301 1788 2371 litare,

830 2377 1192 2454 Nolentesque
1213 2402 1398 2444 necem
1425 2393 1610 2448 subire
1639 2399 1880 2454 mandat.

895 2471 1012 2528 Dux
1052 2477 1260 2545 primus
1289 2483 1467 2538 socios
1497 2485 1658 2540 simul
1685 2499 1902 2547 coactos

829 2560 1090 2621 Hortatur
1123 2571 1370 2627 stabilem
1404 2582 1589 2631 tenere
1619 2590 1878 2648 mentem,

825 2653 1016 2714 Nullus
1038 2661 1257 2719 deﬁciat
1289 2666 1498 2722 timore.
1528 2668 1698 2726 Nemo

822 2745 1198 2819 Perturbetur,
1230 2756 1336 2822 ait,
1369 2760 1585 2815 demum
1610 2775 1637 2802 ει
1669 2779 1979 2835 sequamur.

892 2838 1075 2897 Armis
1097 2842 1210 2911 jam
1241 2849 1376 2903 satis
1406 2851 1670 2910 hactenus
1691 2856 1911 2915 caducis

823 2929 1018 2988 Hostes
1040 2937 1330 2994 stravimus
1356 2943 1645 2999 aemulante
1669 2947 1886 3018 dextra,

821 3021 976 3080 Nunc
1002 3028 1203 3085 virtute
1224 3033 1389 3088 animi
1417 3035 1714 3095 domandus
1739 3042 1909 3100 hostis

818 3117 1008 3188 Major,
1042 3123 1216 3194 major
1241 3127 1385 3180 enim
1413 3143 1612 3184 corona
1642 3142 1835 3190 restat.

888 3211 999 3269 Nec
1022 3215 1188 3272 dilata
1215 3217 1306 3273 diu
1331 3219 1522 3293 fatigat
1548 3238 1678 3294 ergo

817 3301 1022 3360 Merces
1042 3311 1363 3373 stemmatis,
1404 3328 1531 3368 ecce
1558 3314 1866 3375 laurearum

813 3394 1122 3467 Pugnantes
1153 3402 1311 3458 hodie
1341 3413 1540 3476 troprea
1574 3422 1786 3467 vosmet

813 3484 870 3542 Si
898 3489 1124 3547 vincatis
1152 3497 1291 3564 apud
1315 3495 1484 3552 Deum
1512 3502 1827 3560 manebunt.

885 3579 1139 3638 Perstant
1169 3584 1446 3656 intrepidi,
1469 3589 1762 3660 loquuntur
1785 3610 1880 3650 ore

812 3674 930 3728 Uno
963 3694 975 3728 :
1001 3677 1241 3747 Praecipe
1261 3679 1442 3735 Caesar
1464 3687 1745 3754 expeditos

809 3764 916 3821 Pro
948 3768 1208 3824 tutamine
1231 3770 1567 3844 publicisque
1597 3776 1756 3832 rebus

807 3857 1129 3931 Depugnare
1163 3862 1324 3930 viros,
1349 3867 1686 3925 obediemus.

872 3950 941 4005 At
971 3951 1016 4006 si
1043 3950 1181 4009 forte
1202 3953 1314 4012 Deo
1337 3958 1490 4028 cupis
1511 3959 1705 4017 relicto

806 4041 914 4099 Nos
937 4045 1143 4100 servire
1171 4046 1295 4113 tuis,
1319 4048 1564 4119 profane,
1589 4052 1744 4119 divis,

804 4132 882 4188 Te
911 4136 1307 4194 contemnimus
1327 4148 1382 4193 et
1399 4141 1706 4199 severitatis

802 4223 1160 4282 Tentamenta
1187 4236 1292 4284 tuae
1318 4231 1600 4302 minasque
1629 4233 1782 4290 viles.

871 4317 990 4374 Jam
1018 4336 1162 4378 nunc
1190 4338 1380 4393 rumpe
1401 4340 1602 4393 moras,
1626 4328 1714 4384 abi
1737 4329 1976 4400 satelles,

799 4412 926 4470 Haec
951 4416 1238 4472 conamina
1268 4419 1457 4474 nuntia
1491 4428 1739 4492 tyranno,

797 4507 1025 4575 Exurat,
1051 4511 1283 4580 perimat
1303 4511 1430 4568 licet
1451 4524 1716 4584 necetque

799 4602 1041 4675 Lympha
1069 4604 1329 4673 ﬂuminis,
1360 4616 1453 4662 aut
1475 4618 1621 4665 secet
1647 4610 1869 4680 lapillis.

867 4693 1026 4750 Stant
1047 4695 1364 4754 inﬂexibiles
1388 4711 1716 4772 manentque
1745 4703 1865 4772 ﬁxi,

794 4787 910 4843 Non
935 4789 1065 4844 dant
1089 4790 1197 4845 liba
1223 4792 1346 4857 diis,
1374 4806 1584 4864 genuve
1611 4804 1836 4864 ponunt,

794 4879 908 4936 Rex
936 4892 990 4937 et
1010 4883 1260 4940 conditor
1296 4894 1348 4941 et
1370 4886 1567 4958 quibus
1593 4904 1692 4959 per
1717 4905 1890 4948 aevum

790 4971 1038 5031 Christus
1063 4977 1245 5032 vivere
1267 4981 1634 5053 commorique
1663 4982 1894 5042 lucrum.

863 5063 988 5120 Haec
1007 5077 1290 5139 postquam
1313 5070 1460 5128 ferus
1482 5073 1782 5146 impiosque
1810 5077 1969 5137 lictor

787 5157 1002 5215 Crudeli
1029 5161 1248 5219 domino
1269 5163 1436 5219 relata
1463 5165 1689 5236 perfert,

786 5248 1130 5306 Commotum
1159 5253 1336 5312 scelus
1365 5255 1518 5313 ardet
1547 5257 1599 5312 in
1635 5259 1873 5322 cruentis

784 5340 977 5398 Statim
1008 5345 1338 5413 pectoribus,
1371 5348 1646 5419 magisque
1673 5358 1868 5406 totum.

857 5433 1008 5491 Hanc
1038 5436 1213 5508 inquit
1237 5439 1492 5507 gravibus
1513 5453 1698 5496 notam
1721 5443 1958 5513 querelis

780 5525 985 5584 Mecum
1015 5529 1102 5584 vix
1132 5530 1344 5585 tulerim
1373 5533 1515 5602 quod
1546 5534 1680 5589 ordo
1705 5538 1877 5592 nostri

779 5623 934 5680 Tales
958 5624 1118 5682 oﬂicii
1152 5629 1434 5683 remandat
1460 5644 1646 5696 ausus,

781 5713 1097 5786 Exemplum
1127 5718 1267 5774 dabo
1289 5715 1401 5787 jam
1430 5736 1527 5792 per
1555 5722 1656 5777 hos
1681 5722 1896 5782 futuris.

673 5841 701 5872 ι
741 5827 930 5893 Deum,
962 5828 1194 5899 Hanck.,
1223 5840 1335 5888 not.
1368 5849 1472 5890 ms.

1186 338 1576 399 WALAFRIDI
1612 343 1859 401 STRABI
1893 345 2096 405 FULD.
2139 347 2309 408 MON.
2349 351 2501 408 OPP.
2544 353 2724 411 PARS
2759 355 2848 412 Ill.
2885 388 2954 399 -—-
2989 359 3299 422 CARMlNA.

2247 515 2261 523 .
2291 464 2346 524 Α

2619 469 2790 538 Miles,
2813 487 2994 542 perge,
3030 490 3156 532 neca
3181 480 3311 537 viros
3336 497 3561 554 protervos

2542 559 2609 614 Et
2628 563 2803 631 primo
2825 564 3087 622 decimum
3114 572 3278 627 recide
3296 591 3519 650 quemque

2540 651 2631 707 Sic
2657 654 2832 709 saltim
2861 673 2976 710 mea
3002 658 3148 727 jussa
3176 667 3519 732 pertimescent.

2536 741 2632 798 His
2657 745 2792 800 actis
2811 748 2956 802 calor
2983 749 3242 806 invenitur
3268 758 3406 814 idem.

2602 836 2875 896 lnstaurat
2907 858 3029 897 reus
3059 845 3374 918 integratque
3396 857 3552 911 caedem

2535 926 2594 981 In
2625 937 2902 1001 totumque
2928 946 3103 990 movet
3129 954 3324 1015 gregem
3350 948 3619 1017 machaeram,

2529 1016 2713 1074 Certat
2738 1036 2796 1074 se
2824 1023 2910 1092 pia
2938 1029 3225 1094 praevenire
3248 1032 3403 1097 turba,

2534 1106 2725 1164 Serum
2751 1114 2980 1184 quisque
3009 1118 3104 1171 sibi
3135 1131 3295 1189 putat,
3319 1127 3440 1192 quod
3463 1127 3599 1187 instat.

2598 1201 2888 1259 Carduntur
2917 1209 3126 1278 gladiis,
3151 1212 3397 1282 replentur
3419 1218 3517 1287 ipsae

2533 1290 2708 1349 Valles
2736 1299 3072 1368 corporibus,
3098 1301 3357 1373 ﬂuuntque
3381 1309 3463 1362 rivi

2528 1383 2678 1441 Sacri
2707 1392 3000 1461 sanguinis,
3043 1394 3150 1462 ipse
3177 1411 3267 1464 per
3287 1413 3492 1454 cruorem

2526 1479 2872 1549 Sanctorum,
2910 1486 3200 1543 Rhodanus
3227 1502 3441 1545 sacratus
3464 1496 3560 1548 exit.

2596 1575 2731 1631 Hinc
2750 1576 2861 1646 jam
2893 1582 3142 1648 nobilior,
3174 1600 3362 1655 suoque
3385 1587 3522 1655 major

2519 1668 2784 1736 Excursu,
2819 1689 2967 1728 mare
2994 1691 3115 1730 cum
3142 1678 3326 1733 decore
3350 1696 3551 1751 magnum

2520 1757 2703 1828 Majori
2731 1763 2884 1830 petit,
2922 1780 3082 1819 omne
3109 1765 3383 1823 Galliarum

2521 1848 2764 1921 Regnum
2787 1853 2853 1907 de
2879 1871 3014 1911 nece
3037 1868 3318 1930 martyrum
3337 1877 3566 1920 coronans.

2591 1941 2634 1997 0
2656 1959 2816 2013 quam
2841 1949 3035 2003 nobilis
3060 1952 3218 2010 unda.
3242 1969 3349 2021 quae
3372 1954 3521 2011 beatas

2519 2029 2745 2088 Solvens
2770 2038 3081 2106 exsequias,
3102 2039 3276 2096 lavare
3303 2042 3461 2114 plagas

2511 2121 2580 2177 Et
2609 2141 2791 2180 secum
2821 2130 3020 2184 meruit
3047 2143 3253 2186 sacrata
3279 2132 3406 2189 ferre

2513 2213 2582 2268 Et
2606 2231 2663 2271 se
2690 2233 2919 2289 corpora
2943 2224 3222 2290 possidere.
3247 2226 3399 2280 circa.

2584 2307 2714 2375 Quae
2741 2313 2948 2379 pridem
2977 2313 3096 2368 leve
3123 2330 3308 2370 nomen
3334 2315 3582 2372 indicabant

2510 2399 2706 2456 Felicis
2727 2401 2840 2456 loca
2863 2401 2974 2470 jam
3007 2405 3219 2475 placent
3242 2407 3448 2478 Agauni,

2511 2489 2784 2561 Angustos
2813 2494 2992 2548 aditus
3022 2494 3249 2567 refulget
3278 2498 3404 2550 inter

2508 2579 2660 2648 Quod
2685 2585 2915 2639 miratur
2937 2603 3129 2642 amans
3151 2589 3422 2658 quadratus
3445 2590 3573 2644 orbis.

2576 2671 2864 2742 Postquam
2897 2676 3184 2732 carnifices
3209 2679 3372 2733 scelus
3397 2688 3608 2749 peractum

2509 2763 2848 2831 Clauserunt,
2883 2767 3056 2836 epulis
3089 2770 3281 2823 dedere
3307 2786 3431 2836 sese,

2504 2856 2650 2912 [nter
2671 2858 2858 2913 funera
2885 2877 2980 2930 pro
3005 2863 3190 2917 dolore
3219 2864 3384 2918 luctus

2504 2951 2633 3007 Ausi
2659 2952 2898 3007 lzetitiam
2929 2957 3082 3025 sequi
3112 2955 3366 3024 jocosam.

2576 3043 2660 3099 Ad
2683 3048 2926 3101 convivia
2958 3054 3141 3104 ruente
3160 3052 3351 3105 saniori

2503 3135 2756 3191 Pervenit
2777 3140 3005 3210 stupidis
3033 3157 3196 3196 senex
3229 3143 3450 3197 medullis

2502 3225 2708 3294 Victor,
2732 3245 2830 3284 cur
2853 3232 3019 3302 geris,
3048 3233 3312 3303 inquiens,
3337 3235 3544 3305 maligna,

2502 3317 2676 3383 Miles,
2702 3322 2897 3389 gaudia
2931 3326 3132 3396 stragis
3159 3326 3210 3378 in
3231 3326 3440 3380 cruore?

2567 3408 2734 3466 Jussit
2760 3413 3022 3482 providus
3056 3417 3364 3486 imperator,
3391 3417 3519 3472 aiunt

2495 3497 2722 3556 Omnem
2751 3503 2996 3558 militiam
3027 3506 3158 3562 deos
3186 3507 3398 3562 colendo

2497 3590 2851 3662 Complacare
2876 3596 2999 3662 sibi,
3031 3598 3175 3666 quod
3200 3599 3309 3653 haec
3337 3595 3520 3652 rebellis

2492 3679 2690 3737 Nolens
2723 3685 2879 3738 turba
2909 3684 3010 3739 luit
3038 3687 3222 3742 furore
3244 3702 3433 3757 poenas.

2565 3773 2856 3844 Suspirans
2882 3777 3084 3844 senior,
3112 3780 3261 3850 quid,
3290 3779 3461 3848 inquit,
3488 3775 3604 3830 istam

2487 3865 2688 3923 Etatis
2722 3870 2916 3924 seriem
2948 3871 3119 3927 miser
3141 3872 3355 3942 peregi?

2489 3955 2658 4024 Quam
2688 3959 2902 4023 vellem,
2940 3963 3092 4031 Optio
3115 3963 3161 4016 si
3189 3963 3412 4022 daretur,
3442 3960 3552 4014 inter

2490 4045 2598 4102 Hos
2629 4048 2785 4102 linire
2814 4049 2932 4118 pios
2952 4067 3175 4122 gravem
3208 4062 3476 4108 senectam.

2557 4137 2835 4195 Dicentem
2869 4143 3110 4211 rapiunt,
3133 4159 3313 4200 senem
3339 4142 3588 4202 trucidant,

2481 4227 2569 4283 Fit
2590 4243 2798 4302 martyr
2820 4234 3109 4304 sociusque
3138 4235 3397 4291 candidati

2483 4318 2687 4388 Cmtus,
2720 4334 2774 4378 et
2803 4325 3000 4394 quibus
3029 4338 3157 4383 ante
3183 4328 3467 4399 concupivit

2481 4410 2662 4485 Jungi,
2693 4419 2941 4485 protinus
2963 4419 3183 4476 additur
3203 4423 3453 4493 maniplis.

2553 4503 2598 4560 Ο
2627 4507 2851 4562 summis
2875 4509 2959 4578 pia
2985 4509 3234 4567 laudibus
3257 4509 3462 4567 colenda

2480 4594 2800 4652 Sanctorum
2831 4598 2989 4668 legio,
3016 4617 3212 4659 cruore
3233 4604 3334 4659 luta

2478 4683 2646 4751 Quam
2667 4688 2959 4757 perfectior
2977 4695 3230 4750 omnibus
3254 4695 3444 4766 ﬁguris,

2477 4777 2590 4835 Hoc
2613 4783 2860 4838 senarius
2885 4786 3101 4843 ordinat
3124 4789 3336 4844 decore.

2545 4872 2682 4928 Nam
2703 4891 2794 4931 sex
2821 4879 2988 4933 millia
3005 4882 3293 4951 sexiesque
3320 4889 3510 4936 centum

2473 4962 2600 5020 Seni
2635 4975 2745 5020 tum
2769 4967 2950 5024 decies
2977 4973 3253 5043 semelque
3272 4973 3382 5027 seni

2477 5055 2757 5126 Dicuntur,
2788 5077 3016 5118 numero
3045 5063 3210 5120 fuisse
3237 5066 3404 5135 pleno.

2471 5146 2557 5204 Nil
2583 5161 2798 5206 sanctos
2833 5153 3025 5210 melius
3049 5164 3229 5225 potest
3262 5155 3459 5210 decere.

2544 5241 2716 5298 Tanto
2745 5260 2966 5303 munere
2989 5247 3318 5318 gaudeamus
3345 5256 3514 5301 omnes

2471 5334 2572 5403 Qui
2597 5337 2721 5391 ρωιί
2746 5353 2910 5409 super
2932 5352 3074 5397 astra
3104 5357 3208 5396 nos
3231 5351 3470 5413 patronos

2471 5427 2573 5484 Tot
2599 5430 2918 5488 conﬁdimus
2943 5434 3173 5505 irclytos
3199 5434 3394 5488 habere

2470 5521 2707 5589 Quorum
2747 5526 2920 5579 oratio
2942 5527 3081 5596 quod
3108 5526 3246 5595 petit
3267 5531 3500 5578 meretur.

2538 5613 2633 5670 llis
2668 5617 2712 5670 si
2739 5617 3017 5672 servitium
3047 5618 3205 5672 ﬁdele
3232 5630 3385 5672 cures

2469 5707 2513 5764 Ο
2544 5706 2786 5766 Conrade
2813 5720 2969 5783 pater
3006 5711 3138 5768 mihi
3165 5708 3402 5773 colende,

3669 397 3746 455 1088
