3978 6310
162 405 297 464 1089
914 432 923 443 ·
1083 402 1355 463 VERSUS
1390 402 1461 460 ΙΝ
1494 402 1733 474 Αρυιεε

1849 402 1919 460 Nl
1954 402 2251 463 PALATIO
2287 404 2487 463 EDITI.
3281 401 3419 461 1090

335 515 487 575 Totis
517 516 728 573 viribus
755 516 1040 583 exhibere,
1061 516 1208 590 jugis
1762 521 1818 583 Α
2091 517 2306 575 Sanctae
2330 518 2500 589 gloria
2536 528 2733 589 magna
2772 512 3030 571 Trinitati

333 606 409 665 Te
429 624 527 681 per
544 608 771 681 grandia
797 607 941 665 facta
971 625 1075 681 pax
1100 617 1380 680 sequetur.
2014 611 2100 669 Sit
2124 626 2222 682 per
2247 610 2444 667 saecula
2478 618 2696 676 cuncta,
2727 607 2867 674 laus,
2895 611 3153 677 potestas,

406 700 542 757 Nam
570 701 820 771 quamvis
845 703 1012 759 miser
1038 710 1202 773 atque
1229 701 1558 761 criminosus
2018 704 2206 761 Virtus
2234 719 2364 769 una,
2395 702 2543 760 salus
2598 701 2875 774 perennis,
2901 700 3040 772 ipsa,

336 791 471 858 Sim,
500 793 665 848 credo
694 801 874 849 tamen
902 793 1006 848 hoc
1030 792 1215 848 labore
1247 807 1418 864 parvo
2013 794 2246 868 Semper
2269 809 2377 853 nos
2389 808 2553 867 prece
2572 802 2874 866 martyrum
2895 798 3142 849 coronet.

334 886 658 943 Sanctorum
684 886 895 943 meritis
930 886 1021 942 diu
1056 886 1282 958 petitam
2526 888 2719 946 Amen.

332 974 656 1035 Strabonem
679 978 893 1034 veniam
923 994 956 1034 a
986 979 1096 1034 Deo
1119 977 1339 1036 mereri.

1536 1108 3420 1139 _-_——-————————————-————-

1395 1213 1503 1276 DE
1544 1212 1807 1277 ΜΔΒΙΑ
1846 1212 2201 1277 VIRGINE.

153 1360 237 1418 Sit
260 1359 528 1417 Dominus
557 1368 757 1427 tecum,
788 1373 1004 1430 semper
1028 1367 1122 1414 tua
1150 1358 1324 1430 gratia
1346 1371 1560 1413 mecum
1916 1355 2135 1413 Auxilio
2156 1363 2322 1425 tutos,
2358 1356 2594 1429 undique
2632 1356 2799 1413 redde
2828 1365 2969 1415 tuos.

169 1503 176 1509 .
221 1454 381 1511 Pacis
404 1464 463 1509 et
488 1453 768 1521 indicium,
807 1453 1027 1525 porrige
1046 1452 1222 1522 daque
1260 1465 1502 1507 manuni.
1842 1446 2101 1504 Exhilara
2123 1447 2330 1515 tristes,
2360 1446 2537 1503 solare
2556 1448 2799 1519 piissima
2819 1445 3035 1515 ﬂentes,

147 1544 231 1601 Ad
251 1553 303 1600 te
340 1545 645 1602 clamantes
669 1544 927 1616 lacrymis
953 1551 1008 1600 et
1028 1558 1165 1599 voce
1188 1549 1482 1615 precantes
1913 1537 2218 1610 Nostraque
2253 1538 2468 1621 turbata
2494 1541 2687 1612 tergito
2710 1554 2843 1611 pace
2867 1551 2980 1595 tua.

156 1677 3417 1716 MM

956 1780 1258 1844 VERSUS
1301 1779 1383 1843 ΙΝ
1427 1775 1918 1851 AQUISGRANI
1958 1773 2312 1837 PALATIO
2355 1775 2599 1839 EDITI.

1282 1930 1459 1993 Anno
1498 1927 1576 1989 16
1602 1923 1915 1988 Ludovici
1945 1924 2367 2004 imperatoris.

648 2090 717 2130 nr:
742 2088 964 2130 llAClNE
990 2086 1229 2129 TETRICI.
1763 2067 1817 2131 Β
1838 2060 2339 2134 Blasphemumqne
2394 2064 2493 2121 Dei
2543 2064 2713 2136 ipsius
2740 2069 3008 2124 sententia
3047 2071 3236 2129 mundi

819 2165 1068 2222 Strabax.
1841 2153 2064 2226 Ignibus
2091 2155 2329 2222 aeternis,
2363 2173 2681 2230 magnaque
2707 2160 2909 2216 addicit
2935 2163 3153 2233 abysso.

138 2263 251 2318 Cur
272 2276 388 2317 non
428 2258 585 2316 dulce
607 2259 773 2314 decus
800 2257 1018 2328 quando
1043 2272 1101 2311 se
1130 2253 1361 2311 contulit
1388 2253 1524 2309 hora
1842 2246 2016 2315 Quam
2054 2256 2288 2305 Statuam
2317 2249 2439 2307 νίνο
2466 2251 2706 2309 artiﬁces
2727 2254 2772 2309 Si
2793 2253 2934 2311 ίοτῑθ
2960 2255 3246 2326 deﬂetum,

138 2354 210 2409 Et
236 2369 338 2409 ver
357 2351 618 2407 ﬂoriferis
646 2350 825 2404 lmtum
856 2364 915 2403 se
938 2346 1167 2416 subrigit
1192 2344 1430 2409 Austris,

1842 2335 2065 2392 Credito
2094 2338 2368 2395 blanditos
2397 2341 2592 2396 insano
2617 2342 2720 2399 hac
2750 2354 2869 2399 arte
2899 2346 3064 2414 leoni,

133 2446 371 2519 Magnus
396 2453 453 2501 et
479 2445 757 2501 ardentem
780 2441 1037 2515 gradibus
1063 2438 1194 2511 legit
1228 2437 1428 2493 aethera
1458 2430 1739 2490 Phoebus?
1839 2426 1950 2519 éut
1975 2428 2142 2519 etiam
2168 2429 2312 2501 quod
2340 2432 2508 2487 credo
2531 2434 2726 2506 magis,
2756 2436 2923 2491 miser
2953 2437 3066 2509 ipse
3091 2436 3317 2508 jubebat

133 2516 256 2593 lani
288 2537 487 2608 spatiis
512 2550 734 2592 crevere
762 2535 898 2599 dies,
943 2531 1207 2588 dulcescit
1232 2538 1287 2584 et
1311 2529 1524 2595 umbra,

1840 2516 1968 2607 Hcce
1998 2518 2290 2577 simulacra
2318 2522 2435 2577 dari
2461 2524 2608 2594 quod
2636 2540 2779 2597 saepe
2808 2527 3065 2597 superbia
3091 2528 3277 2595 dictat,

132 2629 194 2685 In
220 2628 393 2685 flores
418 2638 718 2701 partusque
744 2641 935 2691 novos,
966 2633 1022 2680 et
1040 2623 1235 2696 gaudia
1266 2621 1473 2678 fructus
1836 2612 2031 2670 Infelix
2054 2631 2180 2671 nam
2205 2616 2383 2673 nullus
2410 2617 2536 2685 erit,
2566 2619 2668 2675 nisi
2692 2618 2892 2676 deserit
2918 2621 3033 2691 ipse

134 2718 322 2777 Herba
344 2735 540 2776 recens
559 2720 722 2774 arbos
743 2718 922 2783 datur,
938 2723 994 2771 et
1012 2730 1180 2787 genus
1199 2729 1359 2769 omne
1379 2711 1734 2777 animantum,
1840 2703 1996 2762 Scire
2016 2708 2163 2778 quod
2186 2715 2290 2775 est,
2322 2709 2528 2765 audens
2553 2724 2675 2767 sese
2703 2713 2847 2783 quod
2872 2715 3097 2769 credere
3124 2731 3233 2771 non
3261 2720 3344 2770 est
3370 2715 3421 2784 δ,

134 2810 293 2880 Quod
320 2827 497 2877 mare,
519 2811 661 2883 quod
684 2810 867 2873 silvas,
893 2808 1038 2879 quod
1058 2822 1209 2872 rura,
1233 2805 1374 2876 quod
1390 2819 1517 2859 aera
1534 2809 1735 2869 tranat,
1838 2795 2106 2856 Curribus
2143 2808 2309 2871 atque
2338 2802 2392 2857 in
2416 2802 2572 2874 equis
2600 2803 2749 2859 noris
2775 2805 2820 2859 si
2848 2814 2993 2862 stare
3021 2809 3284 2877 superbos

130 2899 513 2969 Quaeret-eme
540 2901 767 2972 pateris,
792 2909 844 2954 te
868 2899 1197 2969 respondere
1223 2896 1407 2969 petitis
1437 2896 1462 2950 ?
1838 2884 1958 2944 Non
1988 2890 2135 2961 quod
2170 2890 2310 2947 88d“
2344 2906 2507 2963 θίιυο,
2537 2904 2715 2950 tecum
2744 2896 3032 2953 miraberis
3052 2913 3309 2971 unquam.

131 2994 368 3053 Discere
390 3010 627 3066 namque
648 2994 783 3049 mihi
816 3003 1020 3058 votum,
1067 2991 1165 3047 tibi
1188 2991 1371 3047 dicere
1399 2996 1734 3060 promptum.
2495 2984 2738 3042 Strabax.

808 3085 1072 3143 Scintilla.
1838 3070 2121 3129 Cernimus
2146 3074 2325 3131 aerias
2347 3074 2510 3131 simul
2538 3078 2833 3132 adventare
2859 3078 3141 3136 columbas

70 3171 85 3183 ’
126 3183 243 3240 Nec
273 3191 333 3241 te
347 3182 517 3240 credo
541 3182 674 3238 latet
698 3187 913 3235 veteres
937 3194 1045 3248 quo
1069 3193 1219 3234 more
1243 3186 1417 3247 poetae
1837 3160 2055 3235 Terque
2083 3164 2191 3232 die,
2213 3175 2425 3232 exorta,
2452 3168 2650 3233 inedia,
2680 3177 2737 3223 et
2759 3178 3017 3240 vergente
3043 3171 3251 3238 venire,

125 3275 312 3349 Digna
336 3274 450 3331 diis
476 3274 749 3343 terrisque
778 3272 1047 3327 canebant
1069 3270 1313 3325 carmina
1349 3269 1590 3341 magnis,
1837 3251 1992 3310 Talia
2015 3270 2126 3312 non
2150 3258 2306 3315 νδηίε
2339 3258 2531 3315 addam
2558 3260 2868 3329 SPCClacUIa
2897 3260 3077 3319 rebus-

123 3366 239 3421 Aut
269 3366 481 3421 etenim
507 3364 724 3434 abrupti
747 3363 945 3417 montis
968 3359 1100 3432 juga
1134 3361 1246 3417 sola
1274 3372 1584 3432 sequentes,
2496 3350 2760 3408 Scintilla.

120 3456 237 3513 Αυι
266 3457 565 3528 specubus,
594 3454 775 3520 fossis,
802 3463 897 3508 aut
918 3452 1091 3509 saltus
1119 3453 1258 3509 valle
1285 3454 1502 3520 remoti,
1756 3449 1804 3515 ρ
1833 3437 2025 3498 Nonne
2051 3441 2203 3499 vides
2240 3442 2470 3501 humiles
2504 3460 2678 3502 διενοε
2698 3448 2851 3517 quasi
2898 3463 3084 3504 amare
3115 3448 3421 3523 tyrannos?

121 3560 150 3589 ι
179 3547 228 3603 Ο
255 3561 524 3617 magnum
552 3545 865 3616 pharetrata
889 3544 1150 3599 cchonem
1179 3558 1312 3599 voce
1350 3543 1587 3599 ciebant.
1836 3531 1953 3588 Non
1976 3549 2046 3589 ex
2069 3535 2232 3592 corde
2257 3543 2457 3604 tamen,
2482 3538 2579 3593 sed
2604 3539 2748 3594 enim
2775 3555 2874 3610 pro
2904 3541 3163 3613 temporis
3193 3540 3352 3613 hujus

118 3638 285 3694 Hirta
310 3638 432 3693 suis
468 3637 687 3693 hederis
706 3638 911 3692 circum
933 3636 1073 3691 bene
1095 3646 1338 3707 tempora
1358 3636 1545 3703 cincti,
1833 3622 1996 3693 P308»
2018 3634 2209 3697 Ρθῑυηι
2229 3637 2468 3700 Ρδθιυῐην
2506 3645 2613 3685 non
2637 3630 2965 3689 ﬂidiﬁcando
2992 3633 3299 3704 quiescunt.

120 3730 295 3787 Teste
318 3746 543 3792 nemus.
572 3740 843 3801 testesque
866 3731 1012 3798 ferae,
1037 3731 1345 3801 timidisque
1374 3731 1655 3800 volucres,
2503 3722 2746 3779 Strabax.

121 3821 282 3878 Mens
308 3836 530 3886 secura,
558 3822 745 3891 procul
791 3820 1095 3875 furibundae
1117 3822 1338 3891 crapula
1363 3838 1529 3879 curae.

1832 3808 1945 3864 Cur
1971 3809 2161 3867 dextra
2192 3811 2260 3868 de
2287 3821 2463 3884 parte,
2499 3814 2678 3869 nolam
2702 3823 2917 3887 gestare
2953 3816 3170 3874 videtur

117 3913 193 3969 Αι
223 3930 333 3969 nos
371 3927 474 3984 pro
496 3913 683 3984 syms,
710 3912 947 3977 hederis,
973 3913 1199 3978 echone,
1229 3921 1476 3981 οοιυι-ηο,
1833 3898 2022 3958 Nudus
2044 3904 2116 3959 ob
2138 3903 2243 3959 hoc
2271 3904 2468 3970 solum,
2495 3915 2629 3975 puto
2658 3914 2717 3960 ut
2742 3915 2860 3961 atra
2888 3907 3028 3979 pelle
3055 3909 3286 3965 fruatur.

116 4003 409 4060 lmmanes
430 4002 579 4058 omni
609 4002 838 4056 ferimus
861 4002 928 4057 de
956 4010 1114 4071 parte
1140 4001 1423 4069 tumultus,
2499 3992 2761 4051 Scintilla.

113 4095 187 4151 Ει
217 4099 315 4151 vix
349 4096 471 4165 ipsa
499 4095 613 4150 luto
645 4094 897 4149 subducit
919 4093 1118 4164 pupula
1144 4109 1283 4162 sese,
1832 4082 1949 4139 Etsi
1974 4100 2081 4140 non
2106 4094 2353 4153 caneret,
2375 4103 2717 4158 nequaquam
2742 4088 2882 4158 pelle
2908 4100 3141 4157 careret,

114 4186 597 4257 Stercoribusque
620 4187 910 4243 novissima
938 4202 1038 4257 pro
1066 4186 1239 4257 pudor
1258 4187 1438 4243 omnis
1458 4187 1725 4257 inborret,
1835 4179 2007 4243 Quam
2036 4176 2205 4232 semel
2227 4177 2501 4247 induerat,
2524 4179 2617 4236 θεά
2638 4182 2747 4237 erit
2772 4181 2917 4255 (ἰυοά
2944 4183 3127 4242 dicere
3148 4183 3347 4256 Ροεείδι

112 4282 264 4338 Hinc
290 4282 669 4337 detractorum
699 4290 877 4347 sonat,
902 4281 1050 4337 illinc
1078 4282 1286 4339 clamor
1316 4293 1573 4355 egentum
1832 4266 2249 4339 Flagiliosorl'm
2303 4281 2452 4327 certe
2481 4275 2773 4345 Ρτεθεοηίδν
2816 4276 3043 4333 summis

110 4372 404 4445 Nudaque
431 4373 736 4445 tergoribus
774 4375 1096 4429 sordescunt
1119 4390 1280 4430 crura
1309 4376 1541 4448 nigellis,
1833 4357 2107 4418 Laudibus
2136 4361 2498 4432 “celebrant:
2528 4366 2705 4422 Omnis
2745 4368 2962 4423 νίηυιίε
2997 4376 3239 4439 egentes,
3288 4410 3295 4417 ι

110 4466 232 4524 Has
262 4481 516 4536 unquam
548 4464 712 4520 Musae
747 4466 794 4520 si
830 4465 1071 4521 dilexere
1102 4466 1348 4538 nigellas,
1833 4449 2029 4508 Verius
2064 4460 2127 4509 ut
2152 4452 2355 4524 dicam,
2386 4455 2479 4511 dat
2509 4457 2653 4512 nudo
2679 4456 2971 4528 approbria
2993 4458 3187 4519 nudus.

114 4559 416 4620 Stercora,
449 4557 717 4613 clamores
742 4572 961 4613 comosa
993 4557 1213 4625 ﬂuenta,
1248 4560 1525 4618 tumultus.
2500 4547 2746 4604 διταὸιιδο

112 4649 495 4723 Rcspondere
527 4651 620 4706 tibi
649 4666 993 4722 nequaquam
1021 4650 1231 4719 differo,
1261 4655 1356 4711 sed
1385 4655 1431 4710 si
1834 4636 1893 4695 Si
1917 4639 2050 4713 quid
2075 4638 2132 4696 in
2153 4639 2239 4697 his
2260 4641 2430 4712 aliud:
2462 4644 2620 4700 "Obis
2646 4643 2864 4712 θάίείιο,
2893 4644 3059 4703 110$“-

108 4745 307 4803 Pauca
336 4743 711 4823 loquar,.quia
734 4744 886 4800 deest
910 4745 1079 4812 locus,
1111 4761 1276 4818 argue
1299 4746 1477 4804 lenius
1499 4764 1613 4805 oro.
1754 4819 1785 4823 ᾳ
2493 4743 2760 4801 Scintilla.

811 4836 1051 4895 Strabus.
1750 4819 1807 4882 Ῑ)
1828 4836 2023 4911 Fulget
2051 4837 2301 4905 avaritia,
2324 4837 2605 4894 exornatis
2633 4852 2800 4892 aurea
2825 4835 3105 4903 membris,

110 4932 380 4989 Primum
411 4945 569 4987 nosse
603 4930 791 4998 velim,
813 4931 968 5001 juxta
995 4948 1158 5002 quam
1188 4948 1330 5005 saepe
1354 4933 1566 4992 viamus
1830 4930 2049 5003 Spicula
2071 4930 2180 4987 fert
2204 4947 2329 5002 qua:
2352 4946 2495 5001 saape
2526 4930 2681 4985 hctus
2705 4929 2920 5000 pulsare
2944 4929 3257 4999 pigrescens

107 5024 230 5084 Cur
251 5026 344 5083 sic
372 5024 574 5097 imago,
597 5024 712 5081 suis
735 5025 806 5081 sit
824 5023 1055 5097 efﬁgiata
1081 5026 1292 5098 ﬁguris.
1830 5023 2134 5092 Suﬂiciant,
2166 5024 2459 5094 solidisque
2480 5024 2783 5079 accendant
2811 5022 2972 5078 corda
3002 5022 3240 5094 rapinis;

793 5116 1058 5174 Scintilla.
1826 5116 2005 5174 Aurea
2031 5120 2177 5191 quod
2204 5125 2397 5191 regnat
2423 5118 2623 5189 stipata
2647 5117 2880 5174 satellite
2916 5117 3093 5190 nigro,

110 5209 391 5269 Tetricus
408 5207 611 5265 Italicis
647 5208 919 5280 quondam
940 5216 1197 5282 regnator
1224 5211 1279 5266 in
1308 5210 1420 5269 oris
1812 5196 1946 5267 Non
1973 5212 2119 5269 aliud
2146 5212 2421 5285 portendit
2440 5212 2608 5279 enim,
2628 5227 2791 5283 quam
2813 5210 2957 5282 quod
2985 5210 3127 5267 mala
3154 5215 3416 5282 quantum

107 5303 315 5358 Multis
347 5316 419 5356 ex
444 5301 636 5371 opibus
664 5311 875 5358 tantum
905 5300 1007 5357 sibi
1036 5311 1217 5357 servat
1236 5319 1456 5372 avarus,
1832 5302 2102 5361 Luxuries
2131 5304 2417 5375 quosdam,
2440 5320 2602 5361 sensu
2631 5303 2890 5360 distendit
2922 5318 3089 5359 avaro

106 5395 183 5453 At
218 5402 424 5451 secum
448 5392 655 5461 infelix,
677 5396 830 5466 piceo
857 5394 1133 5467 spaciatur
1156 5412 1374 5453 averno.
1833 5391 2069 5450 Tantum
2097 5396 2390 5466 pauperies
2417 5394 2554 5450 alios
2576 5393 2823 5451 devastat
2845 5395 3105 5458 adurens,

107 5489 217 5547 Cui
244 5486 394 5544 nihil
417 5486 472 5543 in
494 5488 715 5553 mundo,
742 5490 847 5544 nisi
871 5490 961 5545 vix
987 5489 1129 5546 fama
1167 5490 1318 5546 arida
1346 5498 1533 5547 restat.
1830 5488 2003 5557 Quam
2028 5489 2216 5546 subter
2251 5490 2510 5547 labuntur
2533 5505 2711 5562 aquae,
2736 5489 2865 5562 quia
2890 5496 3026 5544 teste
3053 5493 3237 5558 poeta,

106 5582 479 5652 Quamquam
510 5580 841 5636 thermarum
867 5582 1059 5654 vulgus
1080 5584 1217 5639 vada
1244 5592 1512 5655 praeparat
1532 5583 1650 5653 olli,
1830 5580 2061 5655 Semper
2088 5599 2286 5641 avarus
2314 5593 2467 5656 eget;
2492 5584 2635 5656 quod
2658 5584 2854 5640 desunt
2876 5581 3027 5637 frena
3057 5577 3293 5646 notabis,

103 5672 235 5731 Hoc
265 5672 398 5728 sine
420 5688 520 5729 nec
548 5689 733 5740 causa,
760 5689 886 5730 nam
909 5677 1055 5732 omni
1087 5676 1430 5734 maledicitur
1448 5691 1565 5747 ore,
1830 5674 2093 5748 Quodque
2106 5694 2267 5750 super
2281 5678 2878 5751 lapidesplumbumque
2890 5684 2945 5734 et
2965 5676 3127 5732 inane
3140 5674 3418 5732 metallum

103 5802 136 5833 ι
161 5789 397 5847 Versus
412 5799 719 5847 corruptus.

104 5861 137 5904 δ
168 5859 446 5919 Clarius:
476 5859 679 5919 audens
699 5861 840 5935 quod
865 5877 969 5918 non
997 5870 1072 5919 est
1098 5863 1309 5920 credere
1330 5879 1459 5921 seu.
1490 5861 1723 5931 Hanck.,
1765 5867 1881 5921 not.
1914 5874 2017 5918 ms.

3338 5966 3441 5991 δκηη
