3978 6310
560 414 699 475 test
1097 408 1494 469 WALAFRIDI
1532 394 1781 469 srnABt
1817 406 2024 466 rum).
2063 402 2232 473 non.
2269 404 2419 477 opp.
2459 401 2643 461 rans
2674 399 2760 458 ιιι.
2794 427 2871 442 -ς
2906 394 3236 454 canum.
3704 390 3848 453 tum

557 534 745 591 Currit
770 546 941 602 equo,
965 531 1222 602 signatse
1253 537 1473 600 pectore
1497 527 1675 583 bellua
1707 527 1867 591 duro,
2176 525 2225 585 Α
2253 519 2447 577 Sortiti
2470 532 2763 576 commune
2792 516 3065 587 boumque
3084 513 3379 581 oviumque
3400 510 3702 579 vinem.

556 624 732 680 Corde
757 623 933 694 pigro,
965 636 1235 692 sensuque
1262 635 1394 674 cavo
1417 632 1648 689 regnare
1680 616 1991 687 superbam.
2184 604 2189 609 ⁷
2245 612 2440 669 Omnia
2487 611 2700 683 pacatis
2729 608 2985 665 animalia
3011 605 3197 662 litibus
3220 613 3432 668 assunt,

557 715 602 771 Ο
630 715 801 785 pestis
828 714 945 769 sine
975 712 1082 767 title
1112 727 1337 778 nocens,
1366 729 1475 769 non
1495 711 1693 767 sullicit
1719 724 1937 771 omnem
2243 705 2423 762 Aeria:
2459 718 2677 773 summa
2700 717 2936 774 quercus
2961 700 3029 757 de
3053 698 3257 757 vertice
3276 697 3415 759 lsi-is

553 805 918 863 Pervolitasse
948 805 1138 861 orbem
1160 803 1335 867 bellis,
1365 811 1421 859 et
1438 802 1585 859 caede
1599 808 1911 873 potentum,
2244 797 2725 859 Commodulantur
2787 808 2925 853 aves
2971 793 3187 859 rostris,
3222 800 3294 859 ,et
3319 804 3482 847 suave
3525 799 3836 847 susurrant.

555 898 695 966 Quin
731 898 893 952 etiam
920 895 1111 951 faciem
1134 893 1393 962 praeclara
1413 892 1610 964 palatia
1643 900 1833 946 contra
2246 891 2346 945 Ast
2367 889 2471 944 alia
2497 889 2563 944 de
2586 897 2743 959 parte
2774 886 2955 941 nitens
2977 882 3185 955 fulgore
3206 896 3436 951 eurusco

555 987 1016 1057 Christicolasque
1068 1000 1279 1056 greges,
1320 985 1501 1038 videas
1543 983 1789 1054 posuisse
1827 979 2141 1036 nefandam.
2245 978 2483 1036 Auratus
2503 978 2754 1037 discurrit
2779 990 2971 1047 eques,
2989 975 3286 1035 comitate
3306 970 3553 1044 pedestri

555 1081 697 1137 Ante
728 1081 895 1148 pedes
918 1087 1100 1133 ternos
1128 1077 1443 1146 parentibus
1466 1074 1703 1144 undique
1731 1072 1932 1138 nervis,
2247 1070 2495 1141 Agmine,
2529 1069 2820 1125 tintinnum
2847 1066 3088 1138 quidam,
3117 1064 3338 1135 quidam
3382 1076 3593 1134 organa
3616 1059 3839 1130 pulsant

552 1168 647 1226 llle
663 1179 786 1224 tuus
811 1168 1052 1239 sonipes,
1082 1181 1312 1220 vacuum
1342 1180 1505 1235 super
1534 1179 1659 1218 aera
1684 1161 1862 1217 nando
2250 1156 2416 1216 Dulce
2440 1158 2610 1217 melos
2637 1167 2847 1215 tantum
2877 1173 3048 1213 vanas
3080 1154 3335 1211 deludere
3355 1163 3575 1209 mentes

556 1262 750 1327 Tollet,
779 1269 835 1316 et
861 1260 1107 1315 albentes
1135 1256 1525 1313 monstrabitur
1556 1256 1699 1311 inter
1724 1253 1925 1318 olores,
2250 1251 2447 1325 Capit,
2471 1261 2535 1307 ut
2557 1268 2662 1307 una
2694 1252 2807 1307 suis
2836 1249 3105 1305 decedens
3130 1247 3381 1303 sensibus
3404 1246 3583 1314 ipsam

555 1354 725 1423 Quam
750 1356 835 1424 pia
873 1352 1035 1408 corda
1097 1350 1203 1405 tuis
1259 1348 1499 1403 maculas
1550 1347 1631 1401 vis
1681 1346 1921 1417 pessima
1973 1341 2117 1398 telis.
2253 1346 2476 1400 Femina
2504 1342 2797 1424 perdiderit
2826 1356 3022 1396 vocum
3050 1338 3334 1394 dulcedine
3359 1336 3555 1391 vitam.

554 1422 676 1505 Jam
714 1422 892 1503 tamen
921 1446 1038 1515 ipsa
1077 1443 1271 1514 pedem
1300 1441 1455 1496 vanis
1484 1438 1772 1495 conatibus
1798 1453 1999 1505 unum,
2253 1434 2459 1493 Cedant
2482 1422 2675 1504 magna
2700 1432 2777 1488 tui
2802 1447 2965 1503 super
2985 1439 3073 1486 est
3094 1429 3349 1502 ﬁgmenta
3377 1425 3581 1484 colossi

557 1538 772 1609 Optima
798 1549 1136 1605 nequaquam
1160 1541 1349 1587 contra
1380 1530 1624 1586 consulta
1646 1526 1860 1592 levasti,
2258 1528 2434 1583 Roma
2470 1525 2602 1582 velit
2623 1523 2805 1580 Caesar
2826 1540 3051 1596 magnus
3080 1520 3335 1595 migrabit
3355 1519 3426 1574 ad
3453 1532 3635 1584 arces,

557 1630 691 1687 Nam
723 1630 972 1701 quotiens
996 1639 1283 1697 procerum
1336 1623 1550 1679 tibimet
1598 1618 1929 1690 corﬁungere
1957 1617 2151 1687 quem-
2259 1621 2593 1677 Francorum
2625 1619 2985 1690 quodcunque
3034 1616 3199 1671 miser
3225 1610 3545 1669 conﬂaverit
3571 1609 3729 1665 orbis

1594 1757 1615 1778 .
1893 1707 2082 1781 [quam
2256 1712 2335 1766 En
2369 1713 2525 1784 queis
2558 1707 3085 1783 pmcipuejactabat
3122 1705 3330 1762 Graacia
3357 1717 3504 1769 sese,

558 1815 630 1871 Es
657 1819 871 1876 cdnata,
902 1811 997 1867 tibi
1027 1809 1224 1866 totiens
1248 1814 1341 1861 aut
1362 1805 1529 1871 obvia
1549 1801 1743 1859 mortis
2256 1802 2468 1874 Organa
2499 1802 2616 1859 Res
2642 1815 2873 1872 magnus
2890 1814 3000 1855 non
3029 1798 3173 1853 inter
3202 1796 3437 1851 maxima
3463 1792 3641 1863 ponit.

561 1906 638 1960 Ex
669 1906 945 1974 insperato
974 1913 1171 1955 venere
1202 1895 1455 1966 repagula
1486 1893 1674 1963 nigrae,
2166 1883 2216 1945 B
2243 1894 2372 1964 Qua:
2403 1900 2581 1947 tamen
2620 1891 2865 1961 inceptos
2891 1896 3112 1945 servent
3135 1888 3178 1943 si
3204 1887 3407 1942 intacta
3431 1898 3694 1945 canores,

557 1996 667 2050 Aut
699 1993 908 2049 cautela
945 1992 1184 2052 Patrum,
1219 2003 1355 2057 quos
1384 2001 1483 2040 arx
1530 1982 1872 2041 sanctissima
1929 1994 2144 2051 semper
2245 1987 2411 2044 Deses
2432 1987 2537 2042 erit
2564 1985 2655 2056 qui
2686 1998 2830 2055 εωρε
2859 1996 2958 2038 suo
2985 1980 3162 2050 quatit
3187 1993 3315 2033 aera
3338 1976 3571 2047 plectro.

559 2086 870 2151 Substituit,
900 2092 1108 2156 pestem
1132 2081 1349 2139 monitis
1376 2078 1708 2150 compescuit
1734 2086 1928 2132 atram.
2246 2079 2389 2134 Ante
2410 2086 2590 2133 tamen
2620 2084 2803 2147 spreta
2831 2071 3064 2145 jactabit
3112 2068 3255 2142 pelle
3284 2068 3596 2131 lacernam,

557 2176 784 2232 Deﬁciat
812 2189 1043 2245 quorum
1066 2182 1341 2242 sceptrum
1367 2173 1434 2226 de
1459 2170 1666 2226 semine
1697 2183 2005 2239 nunquam,
2249 2170 2317 2225 Et
2338 2168 2469 2226 ferri
2509 2176 2663 2239 rapta
2693 2165 2988 2221 bacchatus
3010 2161 3150 2218 male
3171 2175 3401 2216 sonores

559 2267 740 2324 Donec
762 2267 818 2323 in
852 2264 1123 2337 ignivoma
1148 2261 1328 2318 veniet
1355 2261 1472 2317 Rex
1499 2261 1641 2317 nube
1664 2274 1981 2323 coruscans.
2249 2261 2594 2318 comminuet
2623 2268 2875 2323 truncos,
2902 2264 2959 2315 et
2983 2255 3202 2325 iniquas
3228 2268 3363 2311 voce
3390 2252 3633 2318 cicutas,

1231 2351 1476 2408 Strabus.
2250 2351 2360 2408 Nec
2385 2350 2763 2420 frustra,~quia
2787 2348 2935 2405 nulla
2957 2362 3056 2404 suo
3083 2361 3183 2417 pro
3211 2346 3461 2401 carmine
3489 2344 3641 2401 dona

559 2453 793 2521 Dignum
821 2458 925 2517 est,
952 2458 1013 2504 ut
1046 2447 1224 2513 video,
1248 2447 1544 2517 praemissis
1573 2445 1820 2501 tristibus
1846 2456 1975 2512 ergo
2251 2430 2514 2509 Emeruit,
2540 2441 2721 2498 saltim
2746 2449 2808 2496 ut
2825 2439 2961 2495 fulvi
2980 2455 3109 2513 pars
3128 2438 3332 2494 extima
3373 2437 3569 2511 nigros

558 2544 751 2601 Debita
784 2541 1118 2614 principibus
1139 2539 1359 2595 laudum
1388 2538 1704 2609 persolvere
1732 2544 1878 2593 vota.
2252 2536 2382 2592 Auri
2408 2535 2620 2597 collatis
2643 2533 2852 2591 meritis
2873 2534 3188 2605 depingeret
3212 2539 3386 2591 artus.

1227 2629 1494 2687 Scintilla.
2252 2627 2463 2683 interea
2491 2627 2703 2699 magnis
2723 2626 2993 2696 crepitant
3018 2624 3257 2680 tabulata
3283 2620 3547 2688 catervis,

560 2726 695 2782 Novi
722 2723 992 2795 equidem,
1022 2720 1117 2777 sed
1142 2718 1292 2777 felici
1314 2734 1592 2789 nunquam
1623 2716 1798 2775 obfuit
1820 2716 1896 2771 illi
2254 2720 2387 2789 Quae
2410 2719 2620 2781 clarum
2670 2718 2919 2789 sequitur
2968 2716 3340 2788 pulcherrima
3390 2713 3561 2770 turba
3610 2711 3832 2786 Moysen,

558 2814 817 2871 Adversis
844 2814 1060 2869 ﬁrmare
1085 2812 1350 2878 animum,
1380 2826 1555 2881 neque
1589 2809 1855 2881 contingit
1878 2806 2051 2869 ullum
2255 2811 2519 2885 Obstupui
2545 2810 2717 2867 fateor
2740 2808 2968 2882 gemmis
2992 2822 3232 2879 auroque
3255 2808 3541 2873 decorum.

560 2907 701 2962 Ante
722 2907 922 2961 bonum
972 2919 1079 2960 non
1114 2918 1234 2959 esse
1274 2902 1474 2958 malum
1502 2920 1517 2968 ;
1550 2903 1630 2958 sic
1674 2902 1899 2965 numina
1943 2907 2152 2961 nerunt
2256 2905 2324 2960 Et
2347 2906 2455 2985 vidi
2488 2911 2543 2960 et
2564 2918 2775 2959 mecum
2808 2900 3051 2968 volvens,
3079 2909 3193 2957 tum
3223 2900 3439 2973 singula
3463 2898 3651 2971 volvi,

561 2997 740 3052 Aurea
764 3010 883 3065 qua:
911 2994 1077 3064 prisci
1109 2994 1363 3077 dixerunt
1396 2992 1591 3049 saecula
1617 3002 1793 3047 vates.
2258 2996 2656 3063 An'Salomona
2688 2995 2859 3068 pium,
2907 3009 2976 3049 an
3024 3008 3281 3065 magnum
3329 2991 3545 3055 Davida
3590 2991 3837 3057 vitam.

566 3088 831 3158 Tempore
855 3099 1049 3157 magne
1075 3093 1168 3139 tuo
1189 3083 1370 3139 Ctrsar
1388 3085 1606 3140 venisse
1625 3084 1894 3151 videmus,

2259 3090 2525 3145 Herodem
2554 3104 2661 3144 non
2698 3103 2817 3143 esse
2846 3088 3047 3153 sciens,
3076 3101 3177 3145 acc
3207 3085 3331 3141 talis
3358 3086 3587 3139 honoris

565 3180 647 3235 Tu
684 3180 888 3251 pietate
917 3177 1115 3248 reples,
1144 3177 1406 3247 quidquid
1436 3177 1615 3233 minus
1646 3192 1767 3235 esse
1796 3184 2063 3249 potestur.
2184 3240 2224 3253 Α
2257 3182 2602 3253 Participem,
2627 3181 2791 3237 faciat
2814 3180 2938 3239 caeli
2964 3180 3081 3236 Rex
3109 3178 3348 3250 optimus
3367 3178 3557 3243 illum.

566 3240 858 3327 Thesauris
878 3240 1205 3324 alii-meritis
1228 3240 1572 3339 tu-comptior
1600 3277 1741 3334 esto,
1797 3240 1819 3249 ’Ἴ
2046 3240 2063 3243 ﬁ
2179 3240 2225 3304 (ἶ
2255 3240 2478 3349 Per-cepi
2516 3240 2760 3342 tandem,
2783 3283 3070 3347 postquam
3096 3240 3244 3344 rigor
3282 3287 3409 3329 ossa
3439 3240 3692 3347 reliquit,

567 3362 645 3418 Tu
674 3362 916 3417 bonitate
944 3359 1144 3430 places,
1177 3358 1378 3429 aliique
1407 3360 1690 3431 tyrannide
1727 3358 1980 3429 gaudent,
2255 3363 2391 3422 Ossa
2419 3363 2559 3423 sacri
2583 3374 2839 3436 corrupta
2872 3364 3073 3432 Patris,
3101 3363 3389 3439 splendore
3409 3376 3668 3429 eorum

571 3451 731 3511 Solus
755 3452 823 3505 ad
848 3450 1167 3523 omnigenos
1213 3452 1419 3508 transis
1456 3450 1567 3507 Rea:
1610 3468 1799 3522 magne
1849 3450 2152 3523 triumphos
2255 3455 2408 3511 Hunc
2430 3455 2519 3511 cui
2549 3454 2814 3527 fulgorem
2838 3456 2946 3515 divi
2975 3456 3253 3521 consortia
3282 3454 3435 3510 verbi

568 3542 739 3612 Quem
767 3549 818 3599 te
845 3555 1083 3613 namque
1106 3557 1320 3609 vocem,
1341 3540 1445 3598 nisi
1474 3557 1730 3615 magnum
1753 3541 1809 3599 in
1829 3541 1984 3612 plebe
2006 3540 2155 3613 M05-
2254 3548 2571 3616 Edidet‘anl.
2594 3549 2689 3627 qui
2714 3549 2777 3621 in,
2792 3548 3081 3621 terrigenis
3102 3546 3425 3613 mitissimus
3450 3554 3659 3615 ωιλι

1952 3648 2055 3693 seu.

1952 3648 2055 3693 seu.

568 3726 671 3793 Qui
697 3723 924 3795 populos
959 3724 1197 3780 tenebris
1216 3739 1311 3793 per
1337 3723 1517 3778 lumen
1545 3725 1696 3779 ducis
1725 3631 2011 3793 ademplis,
2062 3672 2079 3700 ’
2571 3708 2636 3749 ³⁸
2670 3706 2829 3747 ¹⁴¹⁸⁸⁰
2864 3703 3275 3746 “omnium
3314 3702 3514 3746 "non

570 3815 674 3885 Qui
703 3830 916 3870 morum
955 3830 1094 3871 nova
1133 3813 1332 3884 templa
1368 3815 1558 3879 struis,
1585 3815 1674 3884 qui
1710 3830 1931 3871 munera
1954 3815 2155 3881 Christi
2606 3825 2916 3885 Machabam
2943 3825 3227 3881 minitante
3252 3823 3367 3881 suis

570 3906 700 3974 Quae
745 3906 943 3963 collata
969 3905 1065 3965 tibi
1092 3906 1302 3963 cunctis
1326 3907 1631 3963 communia
1658 3916 1902 3977 praestas.
2545 3908 2826 3984 Hostibus,
2858 3932 3123 3987 armaque
3146 3917 3399 3982 ιει-ιτίωιί,

574 3999 669 4055 ille
699 3999 975 4064 umbram,
1004 4007 1058 4052 tu
1094 4012 1311 4067 corpus
1349 3997 1537 4063 babes,
1582 4013 1767 4053 eremo
1800 3998 1888 4053 ille
1916 4006 2120 4053 remota
2535 4009 2737 4065 Bellica
2772 4010 3118 4067 ροηδοοίηηιε
3144 4024 3329 4076 πυλίδα.

566 4090 699 4145 Arte
725 4089 1132 4144 tabernaculum
1160 4097 1215 4145 et
1239 4090 1550 4161 saérpentes
1578 4091 1750 4147 vinxit
1774 4106 1940 4153 aenos
2533 4099 2710 4155 Fulsit
2734 4101 2787 4155 in
2816 4101 3077 4166 aureolis,
3103 4099 3321 4171 rapidus

570 4181 645 4235 De
668 4180 819 4236 silice
871 4179 1055 4234 hausit
1085 4194 1302 4250 aquam,
1343 4196 1561 4241 sumens
1587 4180 1652 4235 de
1702 4197 1896 4239 manna
1922 4182 2154 4253 pruinis,
2530 4191 2632 4249 rso]
2654 4193 2881 4263 clypeis,
2911 4192 3151 4265 fulgente
3181 4206 3207 4235 ι
3234 4194 3395 4250 chao,

568 4274 659 4330 Tu‘
679 4288 812 4329 vero
848 4275 902 4328 in
937 4273 1149 4346 populis
1184 4274 1422 4343 paradisi
1454 4275 1521 4329 ad
1569 4290 1780 4330 ammna
1811 4276 2018 4333 vocatis
2608 4283 2859 4341 ουιίηυίι
2885 4285 3023 4354 legio
3046 4299 3333 4341 numerum

572 4364 797 4435 Templa
836 4365 1001 4435 regis,
1032 4363 1253 4419 fundala
1282 4364 1454 4418 sacris
1479 4363 1594 4418 Rex
1626 4381 1817 4436 magne
1845 4365 2056 4436 lapillis,
2541 4375 2707 4435 Israel
2748 4393 3090 4446 exsuperans
3115 4379 3279 4437 cunei

567 4456 806 4526 Quorum
838 4472 1006 4528 pensa
1045 4466 1201 4527 pater
1229 4455 1499 4525 quondam
1546 4456 1640 4510 tibi
1686 4472 1914 4533 magnus
1939 4456 2158 4517 adauxit
2536 4466 2706 4533 Quem
2729 4467 2921 4522 validis
2952 4468 3175 4524 inimica
3198 4468 3398 4525 εοιιοη

566 4550 745 4604 Aurea
786 4548 873 4604 cui
910 4548 1102 4603 ludunt
1130 4547 1355 4602 summis
1381 4547 1670 4602 simulacra
1700 4549 1966 4605 columnis
2184 4601 2232 4631 η
2544 4557 2783 4614 instituit
2816 4559 2968 4631 prius
2989 4561 3296 4631 agminibus

566 4637 730 4706 Cujus
754 4638 820 4693 ad
846 4638 1119 4709 ingenium
1145 4652 1251 4692 non
1301 4637 1521 4693 confero
1559 4639 1751 4711 dogma
1774 4640 2011 4697 Platonis
2178 4601 2232 4661 Β

566 4729 731 4785 Lacte
759 4728 880 4784 ﬂuis
910 4734 964 4783 et
987 4727 1144 4783 melle
1172 4728 1352 4795 simul,
1385 4737 1658 4799 petraeque
1695 4734 1972 4801 sequentis
2612 4739 2722 4796 [tes
2757 4754 2938 4797 mane.
2965 4743 3080 4798 hmc
3106 4743 3365 4799 imitanda
3385 4743 3501 4814 pii,

566 4820 807 4892 Largiris
838 4822 1049 4888 latices,
1073 4820 1233 4875 undis
1253 4819 1541 4877 Pharaone
1566 4830 1774 4877 necato.
2546 4829 2693 4899 Quos
2715 4830 2867 4889 furor
2896 4835 3173 4905 exagitare
3199 4832 3301 4888 feri

564 4912 838 4968 Laudibus
877 4912 1229 4967 altithronum
1266 4911 1510 4967 celebras
1554 4927 1650 4983 per
1696 4912 1888 4967 sarcula
1908 4912 2148 4982 Patrem,
2537 4922 2807 4980 υωηιοηίε
2837 4925 3072 4994 invidus,
3103 4935 3197 4980 am
3218 4925 3469 4982 ηιηιιίι,

565 5004 733 5074 Digna
758 5003 877 5059 loco
906 5004 993 5059 cui
1022 5019 1235 5075 semper
1259 5010 1419 5059 erunt
1448 5004 1755 5074 spectacula
1786 5019 2036 5060 amoeno:
2545 5012 2802 5083 Quosque
2832 5015 3074 5084 pericula
3096 5030 3235 5071 saeva
3267 5027 3517 5075 movent.

566 5093 703 5149 Hinc
722 5110 972 5164 magnum
996 5094 1301 5149 Salomonis
1321 5108 1477 5163 opus,
1497 5093 1627 5148 hinc
1642 5094 1838 5163 templa
1858 5097 2146 5165 supremis.
2540 5102 2727 5159 Mai-tis
2757 5104 2933 5159 adhuc
2965 5107 3241 5163 terebrare
3265 5107 3463 5163 minas.

566 5184 866 5242 Structuris
886 5188 1146 5256 atquanda
1177 5187 1398 5252 micant,
1431 5186 1728 5255 specularia
1755 5188 1941 5243 subter
2616 5196 2845 5267 Agmina
2874 5198 2999 5253 dum
3026 5207 3115 5253 tua
3130 5200 3256 5271 jura
3283 5199 3419 5258 velis

566 5278 705 5334 Dant
740 5279 954 5350 insigne
981 5294 1192 5344 nemus,
1223 5278 1492 5348 viridique
1523 5278 1761 5333 volantia
1793 5288 1969 5349 prato,
2543 5287 2672 5354 Quae
2697 5288 2793 5342 tibi
2823 5289 2996 5343 nutrit
3020 5289 3213 5346 alendo
3240 5292 3484 5361 annuus,

567 5371 837 5428 Murmura
871 5373 1108 5427 rivorum
1162 5371 1354 5428 ludunt
1378 5375 1717 5444 pecudesque
1752 5374 1986 5447 ferreque
2544 5376 2802 5433 Sternere
2832 5378 3072 5434 subsidio
3101 5380 3313 5437 Domini

569 5461 661 5517 Uri
684 5478 806 5518 cum
834 5463 1026 5526 cervis,
1060 5462 1263 5517 timidis
1291 5478 1414 5518 cum
1437 5479 1634 5533 caprea
1664 5465 1859 5532 damis,
2542 5472 2730 5526 Castra
2773 5472 3004 5529 volatilis
3024 5475 3177 5530 exitii

566 5551 621 5608 Si
652 5568 867 5623 quoque
901 5553 1092 5609 deinde
1119 5553 1275 5618 velis,
1296 5555 1572 5609 saltabant
1596 5557 1699 5610 rite
1724 5555 1930 5623 leones,
2541 5561 2758 5619 Hostica
2788 5566 3045 5636 providus
3069 5582 3221 5621 arma
3247 5575 3393 5622 nota.

569 5643 758 5709 Ursus,
782 5658 931 5714 aper,
963 5645 1247 5715 panthera,
1274 5644 1448 5715 lupus,
1482 5645 1681 5718 lynces,
1709 5649 2002 5719 elephanti,
2608 5652 2853 5709 Luminis
2883 5655 3068 5725 accipe
3100 5657 3204 5712 rite
3227 5658 3417 5714 ducem

567 5735 916 5803 ﬁbinoceros,
940 5738 1109 5810 tigres
1130 5738 1371 5802 venient,
1404 5740 1700 5811 domitique
1723 5742 1988 5800 dracones
2539 5744 2607 5799 Et
2632 5744 2749 5801 loca
2780 5746 2935 5816 plana
2967 5747 3152 5817 quiete
3177 5760 3300 5821 pete

641 5882 661 5906 εί
700 5866 971 5937 Fugiente,
1012 5869 1239 5937 llanck.,
1272 5879 1383 5925 not.
1420 5888 1520 5927 ms.
1996 5936 2003 5943 .
2540 5836 2992 5919 Campusgamore
3014 5838 3165 5908 juvet
3194 5844 3407 5915 patulus
