3978 6310
474 442 611 499 1095

473 558 588 615 Non
617 565 670 614 te
697 562 984 627 pretereo,
1011 555 1350 625 specubusne
1381 550 1576 608 latebis
1597 549 1853 616 Homere,

472 650 608 707 Novi
642 663 878 719 namque
903 646 1103 703 Sicana
1132 647 1226 703 tibi
1251 646 1445 717 spelaea
1474 645 1710 716 placere,

474 741 633 798 Solus
657 741 752 796 ubi
781 738 987 795 mensis
1017 737 1291 794 Musarum
1317 747 1374 795 et
1393 752 1580 792 amore
1610 736 1834 802 fruaris,

474 833 630 905 Saepe
655 843 835 889 tamen
871 830 1080 902 magnis
1102 831 1400 886 victoribus
1427 829 1630 901 optima
1659 827 1846 884 crudis
1869 838 1897 868 ι

473 926 752 990 Carmina,
783 933 995 995 tempus
1015 923 1120 979 erit
1152 922 1316 979 rutilo
1345 931 1398 978 te
1429 921 1556 976 Sole
1577 934 1786 977 carere.

475 1017 732 1089 Corporis
759 1025 816 1071 at
837 1013 1007 1071 nostri
1032 1014 1079 1069 si
1101 1013 1308 1085 singula
1338 1013 1581 1068 membra
1605 1019 1858 1082 loquaces

476 1108 535 1164 ln
565 1108 774 1178 linguas
799 1105 952 1162 vario
973 1121 1155 1161 rerum
1185 1113 1474 1160 vertuntur
1501 1104 1570 1159 ab
1593 1119 1716 1169 usu,

475 1200 692 1272 Argutae
711 1208 805 1255 aut
827 1199 961 1255 setis
990 1199 1202 1270 possint
1226 1198 1463 1254 crevisse
1489 1196 1682 1252 cicutae

475 1290 737 1348 Omnibus
766 1292 942 1363 impar
964 1307 1062 1346 ero
1089 1305 1405 1362 magnorum
1437 1303 1684 1359 promere
1705 1287 1910 1353 laudes,

479 1382 550 1440 Ut
572 1384 797 1456 dignum
824 1391 910 1439 est
934 1397 1223 1453 procerum
1261 1382 1455 1437 melius
1477 1381 1723 1436 miranda
1755 1388 2017 1444 tacemus,

481 1473 652 1542 Quam
677 1485 786 1530 tam
807 1489 1062 1546 magnum
1087 1471 1275 1528 humili
1295 1473 1506 1544 pondus
1529 1484 1780 1527 sermone
1795 1468 2053 1524 levemus.

476 1566 620 1623 Cura
648 1566 779 1621 mihi
813 1566 991 1622 fuerat
1021 1563 1153 1620 tales
1177 1579 1509 1636 cognoscere
1542 1562 1738 1619 fasces.

477 1659 843 1729 Rimabarque
867 1674 1032 1730 sagax
1062 1667 1334 1713 tantarum
1369 1657 1550 1712 munia
1585 1671 1785 1722 rerum,

476 1749 723 1821 Dumque
749 1750 894 1806 sitim
916 1749 1028 1820 jam
1052 1765 1190 1820 pene
1228 1765 1385 1806 sacro
1423 1749 1802 1804 restrinximus
1836 1746 2053 1814 haustu,

475 1843 544 1898 Et
572 1843 690 1898 sitis
719 1853 800 1899 est
825 1842 1015 1914 ingens
1047 1853 1159 1898 tam
1188 1841 1396 1898 fervida
1427 1858 1556 1899 cura
1577 1843 1606 1882 ι’
1637 1840 1874 1908 videndi,

475 1935 747 2004 Quaeritur
774 1937 915 1990 unde
939 1951 1139 2002 essem,
1165 1943 1221 1990 et
1256 1937 1422 1992 missu
1449 1935 1643 2004 cujatis
1677 1935 1954 2000 adessem;

473 2023 736 2098 Obstupui
765 2035 820 2082 et
843 2036 1014 2082 totam
1044 2027 1296 2098 pavitans
1315 2043 1428 2082 rem
1460 2043 1552 2082 rex
1584 2025 1776 2086 Ordine
1800 2025 1995 2096 pando,

477 2110 724 2175 Sufficiat
751 2118 951 2175 vidisse
977 2119 1169 2184 semel,
1198 2119 1418 2174 laudare
1440 2118 1693 2189 perennis

473 2209 645 2266 Instat
673 2226 849 2276 amor,
877 2211 1059 2265 divina
1089 2226 1308 2265 manum
1335 2210 1622 2266 clementia
1656 2217 1892 2264 vestram

474 2300 737 2358 Omnibus
768 2302 820 2355 in
850 2300 1062 2372 populis
1090 2301 1256 2357 faciat
1283 2301 1518 2356 retinere
1547 2301 1807 2371 trophzea,

472 2393 819 2466 Felicemque
849 2402 1062 2465 patrum
1099 2393 1296 2449 famam
1323 2409 1446 2449 cum
1475 2393 1624 2464 prole
1655 2401 1914 2462 togatam,

473 2486 541 2543 Et
569 2486 682 2543 fieri
710 2487 763 2541 in
794 2503 990 2558 magno
1016 2486 1239 2543 allectos
1265 2502 1364 2558 per
1387 2487 1544 2542 smcla
1577 2494 1769 2542 senatu

474 2580 653 2652 thue
684 2581 875 2636 timent
900 2591 1111 2636 vestros
1139 2581 1276 2642 lzetis
1303 2581 1354 2635 in
1380 2581 1605 2636 saltibus
1629 2595 1789 2636 arcus

478 2671 671 2736 Ursus,
698 2687 853 2743 aper,
885 2672 1213 2743 timidusque
1244 2673 1416 2743 lepus,
1450 2674 1703 2743 cervique
1745 2672 1982 2744 fugaces,

473 2764 718 2829 Damma,
749 2765 924 2836 lupus,
949 2765 1183 2821 immane
1205 2766 1476 2835 boumque
1501 2781 1728 2820 examen
1756 2774 2054 2836 agrestum.

479 2855 572 2912 Sie
610 2855 810 2929 Vulgar
828 2855 1072 2930 [Bulgar]
1102 2872 1378 2928 sarraeque
1413 2856 1591 2929 Cynos
1635 2857 1812 2913 malus
1860 2858 2058 2927 hospes

515 2965 518 2968 '
575 2961 579 2964 ‘
1805 2951 2058 3024 [Hyberis

476 3042 675 3100 Brutus
704 3044 898 3109 Britto,
929 3045 1113 3120 Danus
1135 3054 1405 3110 versutus,
1443 3054 1500 3100 et
1522 3038 1777 3102 horridus
1802 3045 1946 3101 Afer.

477 3139 685 3196 Subdat
717 3140 1046 3195 honorandis
1075 3156 1170 3195 sua
1195 3140 1331 3195 colla
1362 3139 1624 3195 exterrita
1656 3138 1884 3196 dextris.

479 3231 634 3288 Nunc
661 3233 876 3287 tandem
909 3232 1081 3288 crevit
1109 3232 1234 3286 felix
1269 3231 1596 3301 respublica,
1626 3246 1747 3287 cum
1775 3239 1858 3286 sat

479 3324 546 3381 Et
575 3341 731 3397 reges
750 3325 984 3396 sapiunt,
1013 3324 1172 3380 simul
1204 3333 1259 3379 et
1282 3333 1511 3396 regnant
1547 3325 1841 3394 sapientes.

478 3417 691 3474 Tetrice
715 3418 878 3474 stulte
905 3418 1042 3483 vale,
1071 3417 1198 3488 quia
1226 3423 1278 3471 te
1306 3417 1569 3472 suadente
1595 3417 1875 3481 canebam,

481 3508 600 3564 Non
629 3510 824 3564 mirum
849 3516 936 3564 est
963 3507 1109 3563 vitiis
1137 3517 1376 3564 nostram
1408 3507 1631 3564 sordere
1659 3521 1962 3563 camuenam

477 3602 589 3658 Nec
617 3604 748 3658 mihi
780 3603 1082 3670 materiem,
1114 3619 1215 3660 nec
1240 3605 1402 3660 verba
1439 3607 1724 3661 ostendere
1749 3606 1916 3674 nosti,

479 3695 608 3752 Haec
631 3697 725 3750 tibi
753 3697 797 3751 si
830 3713 935 3768 qua
959 3697 1101 3752 ferat
1127 3697 1266 3752 ratio
1296 3706 1408 3752 tum
1439 3699 1587 3753 Musa
1613 3697 1813 3754 nitebis

477 3785 580 3842 Hic
607 3787 874 3842 calamum
904 3787 1109 3856 placuit
1133 3801 1326 3856 vesper
1343 3786 1458 3853 jam
1495 3788 1659 3858 ﬁgere
1689 3789 1879 3858 surgit.

481 3878 669 3934 Edidit
692 3878 811 3933 hzec
839 3876 1091 3943 Strabus,
1111 3879 1436 3948 parvissima
1468 3878 1645 3948 portio
1668 3878 1918 3944 fratrum,

547 3972 716 4044 Augia
754 3987 891 4043 quos
917 3973 1115 4027 vestris
1143 3972 1315 4026 insula
1346 3971 1443 4026 alit
1467 3973 1741 4042 precibus.

481 4063 806 4120 Strabonem
835 4079 1162 4135 quamquam
1188 4065 1475 4119 dicendum
1520 4065 1702 4132 regula
1732 4064 1949 4132 clamet,

551 4157 810 4212 Strabum
837 4171 921 4212 me
951 4156 1066 4228 ipse
1091 4157 1213 4212 volo
1239 4157 1442 4223 dicere,
1471 4158 1701 4214 Strabus
1721 4175 1834 4215 ero.

480 4251 632 4318 Quod
666 4247 840 4306 factor
861 4251 1072 4305 vitiavit
1105 4265 1262 4320 opus,
1291 4251 1336 4305 si
1363 4251 1543 4305 dicere
1566 4249 1648 4306 fas
1674 4259 1779 4317 est,

549 4343 663 4400 Hoc
685 4345 874 4401 vitiato
897 4345 1054 4400 edam
1085 4345 1322 4409 nomine,
1354 4361 1516 4415 parce
1540 4345 1701 4402 Deus.

769 4449 773 4452 λ
890 4452 958 4492 LD
994 4452 1186 4493 JUDITI!
1225 4452 1646 4494 IIPEBATBICEII.

553 4527 746 4586 Omnia
776 4527 868 4598 qui
898 4529 1045 4584 solus
1075 4541 1254 4584 rerum
1287 4539 1495 4585 secreta
1523 4539 1720 4598 tuetur,

479 4617 708 4674 Praemia
737 4621 826 4690 qui
859 4619 982 4674 fidei
1005 4619 1217 4676 devotis
1239 4623 1510 4678 mentibus
1539 4621 1720 4688 offert,

476 4708 624 4766 Illius
649 4710 875 4764 arbitrio
903 4709 1135 4775 factum,
1162 4720 1401 4780 nutuque
1432 4711 1643 4767 fatebor

479 4803 552 4861 Ut
580 4805 670 4874 qui
695 4805 857 4860 corde
888 4803 1080 4858 humili
1116 4804 1266 4859 vobis
1289 4789 1579 4859 fidissimus
1602 4789 1790 4884 essem

479 4895 598 4954 Iam
626 4898 833 4968 pridem
864 4897 1048 4962 statui,
1086 4897 1303 4952 tandem
1336 4911 1442 4967 quo
1481 4897 1663 4975 nescio
1686 4881 1839 4964 casu,

479 4989 716 5046 Servitio
742 4991 1018 5067 attrahere
1042 4999 1246 5055 vestro,
1279 4991 1550 5061 prolisque
1583 4992 1788 5069 beate,“
1944 5046 1948 5050 .

477 5081 653 5150 Quam
679 5080 874 5137 vestris
895 5081 1152 5154 regnique
1179 5081 1337 5136 simul
1364 5080 1692 5152 profectibus
1713 5080 1891 5151 hujus,
1949 5157 1956 5159 _

476 5175 632 5231 Alma
665 5174 759 5230 Dei
789 5173 962 5250 pietas
1000 5173 1271 5229 concessit
1295 5185 1518 5252 surgere
1545 5174 1760 5251 magni,

477 5357 753 5428 Protegat,
781 5338 998 5421 exaltet,
1037 5355 1237 5420 firmet,
1270 5361 1438 5426 regat,
1473 5361 1671 5418 armet,
1705 5338 1935 5408 adornet

479 5448 732 5520 Augustae
763 5451 877 5504 hare
908 5447 1126 5503 humilis
1165 5434 1330 5501 mittit
1353 5433 1672 5500 munuscula
1705 5436 1933 5501 Strabus
2027 5439 2044 5473 ·’

481 5541 711 5613 Pignora
741 5525 1036 5598 multorum
1067 5525 1290 5595 domino
1309 5527 1642 5594 transmiSsa
1658 5528 1938 5607 sequestro

481 5630 636 5691 Pacis
665 5636 922 5700 amatrix,
953 5633 1089 5689 lucis
1121 5631 1316 5696 amica,
1348 5647 1469 5702 qua:
1499 5633 1638 5688 bona
1669 5642 1884 5697 cuncta,

483 5719 660 5780 Mente
685 5725 874 5790 tueris,
901 5724 1019 5780 haec
1043 5737 1162 5778 mea
1193 5720 1453 5789 clemens,
1481 5723 1698 5792 percipe
1725 5723 1946 5794 scripta.

555 5850 579 5879 ο
622 5837 784 5895 Cudis
819 5836 1051 5903 Hanelt.,
1081 5844 1195 5894 not.
1221 5851 1326 5893 ms.

557 5910 585 5950 ι’
627 5908 798 5975 Rura,
836 5911 909 5964 id.

999 432 1390 493 WALAFBIDI
1429 431 1677 490 STRABI
1709 430 1914 488 FULD.
1953 428 2119 488 MON.
2158 427 2312 486 OPP.
2352 425 2532 482 PARS
2564 425 2650 482 Ill.
2690 453 2759 465 -
2795 422 3125 481 CARMINA.

2079 550 2138 612 Λ

3613 427 3758 484 1096

2478 563 2547 603 AD
2585 559 2804 600 EAIDEI
2841 560 2909 600 DE
2947 558 3163 609 οσοωιί
3197 557 3414 602 δοιικιο.

2232 635 2515 710 Temporis
2537 635 2772 693 infausta
2803 635 2905 692 sub
2927 644 3198 706 potestate
3237 635 3457 693 dolendi

2159 733 2294 789 Dum
2321 731 2527 788 fraudis
2555 740 2861 788 commenta
2885 731 3004 801 pios
3031 730 3398 802 populumque
3421 738 3760 804 patremque

2159 824 2562 896 Opprimerent,
2588 831 2940 893 sanctamque
2964 821 3124 877 fidem
3154 821 3336 878 delere
3366 831 3641 893 pararent

2159 915 2504 988 Prtescripta,
2534 915 2764 982 exsiliis,
2791 915 2941 981 odio,
2968 915 3042 981 vi,
3068 930 3314 980 carcere,
3357 913 3536 985 ferro,

2159 1009 2332 1075 Tunc,
2358 1009 2580 1078 iacuere
2609 1009 2737 1066 boni
2762 1008 2958 1066 nebula
2987 1011 3244 1066 mter-oris
3274 1011 3454 1081 opaci,

2161 1102 2392 1174 Solaque
2421 1119 2517 1174 per
2536 1103 2804 1175 gremium
2831 1103 2986 1175 regni
3017 1105 3261 1159 nutantis
3291 1103 3509 1175 ineptos

2157 1193 2368 1250 Perfida
2396 1196 2609 1250 exeruit
2636 1201 2846 1250 terrore
2872 1194 3177 1267 tyrannidis
3213 1209 3400 1262 ausus,

2158 1287 2295 1342 Dum
2324 1287 2455 1342 mihi
2487 1287 2737 1351 sollicito,
2767 1296 2824 1342 et
2849 1288 2982 1343 recti
3013 1303 3113 1358 pro
3154 1296 3311 1358 parte
3336 1289 3580 1356 gementi

2161 1381 2370 1452 Saepius
2397 1382 2642 1453 ingentes
2666 1381 2870 1438 ﬂuxere
2901 1383 2956 1437 in
2987 1390 3210 1454 pectora
3237 1398 3384 1439 curae

2158 1475 2268 1532 Nec
2298 1478 2512 1548 requies
2539 1493 2778 1549 przesaga
2813 1478 2944 1532 mihi
2977 1493 3077 1548 per
3101 1478 3337 1543 somnia,
3361 1478 3542 1535 donec

2160 1569 2312 1624 llaud
2340 1570 2499 1625 dubia
2525 1570 2724 1625 virtute
2753 1571 2914 1635 Deus,
2940 1570 3104 1641 prisci
3133 1579 3251 1626 atra
3284 1571 3502 1628 timoris

2159 1659 2349 1717 Nubila
2373 1662 2676 1726 decutiens,
2707 1663 2936 1718 nitidum
2962 1680 3188 1733 sperare
3215 1680 3466 1720 serenum

2158 1753 2412 1819 Edocuit,
2447 1753 2686 1810 tenebris
2721 1755 2847 1810 dum
2877 1771 2984 1810 nox
3015 1755 3319 1811 includeret
3345 1755 3470 1810 altis

2157 1845 2386 1911 Pallida,
2402 1846 2546 1916 quod
2571 1856 2772 1902 terram
2794 1857 2850 1902 et
2872 1846 3090 1918 longum
3113 1849 3257 1918 quod
3281 1848 3442 1902 inane
3461 1863 3749 1907 vocamus.

2081 1931 2130 1993 B
2159 1935 2296 1991 Dum
2329 1951 2490 2006 sopor
2519 1936 2746 1992 internis
2769 1936 3021 1991 animalia
3052 1936 3192 1992 fessa
3223 1936 3475 1993 medullis

2160 2028 2349 2095 Solvit,
2381 2037 2438 2083 et
2464 2043 2694 2099 angores
2721 2029 2862 2100 longi
2891 2045 3161 2100 curasque
3193 2031 3302 2086 diei

2156 2121 2378 2178 Munere
2406 2122 2608 2185 divino,
2632 2123 3000 2178 moderamine
3027 2132 3290 2195 temperat
3320 2140 3481 2196 aequo

2159 2212 2285 2269 Visa
2315 2213 2433 2268 libri
2461 2213 2632 2269 series
2653 2230 2837 2269 coram
2869 2214 3236 2284 pulcherrima
3271 2216 3420 2288 longi

2156 2306 2298 2361 Ante
2326 2321 2475 2360 meos
2506 2307 2706 2371 vultus,
2731 2308 2976 2363 metricis
3001 2309 3092 2378 qui
3124 2309 3393 2371 versibus,
3417 2326 3646 2367 omnem

2159 2397 2284 2453 Rite
2313 2398 2680 2468 superficiem,
2710 2399 2958 2470 gestabat
2987 2399 3042 2454 in
3072 2401 3264 2456 ordine
3293 2399 3543 2470 plenam,

2158 2491 2404 2561 Dumque
2429 2492 2618 2548 avidus
2639 2507 2844 2558 rerum,
2872 2503 3065 2549 cautus
3087 2511 3184 2566 per
3213 2496 3426 2557 singula
3460 2498 3637 2554 lector

2156 2584 2318 2650 Irem,
2348 2586 2704 2642 animadverti
2735 2587 2931 2642 seriem
2950 2588 3016 2642 de
3039 2589 3257 2644 casibus
3288 2589 3462 2660 ipsam
3482 2629 3500 2656 ,

2158 2677 2225 2731 Et
2254 2677 2404 2747 regni
2431 2685 2487 2732 et
2512 2678 2677 2750 regis,
2709 2687 2854 2733 textu
2884 2694 3142 2735 resonare
3167 2682 3433 2752 pedestri,

2157 2765 2387 2822 Caesaris
2413 2768 2501 2823 hic
2531 2785 2728 2824 nomen
2760 2772 2993 2841 quadam
3030 2773 3130 2827 sub
3158 2772 3395 2843 imagine
3436 2790 3678 2841 versum,

2157 2856 2370 2928 Proque
2394 2873 2554 2914 sacro
2584 2876 2800 2930 semper
2831 2861 3088 2918 Ludovici
3121 2863 3436 2933 Equitatius
3460 2865 3575 2920 illic

2158 2948 2386 3006 Nomine
2414 2952 2648 3022 scriptus
2675 2963 2813 3019 erat,
2837 2968 3012 3024 neque
3048 2971 3133 3009 me
3176 2956 3529 3025 cognominis
3568 2956 3746 3026 hujus,

2161 3042 2433 3097 'l‘urbahat
2461 3044 2696 3112 novitas,
2719 3060 2842 3100 cum
2864 3061 3028 3101 causa
3058 3046 3314 3103 videlicet
3344 3049 3465 3117 ipsa

2157 3131 2450 3189 Personam
2477 3136 2824 3206 exprimeret,
2853 3136 2997 3190 notis
3037 3137 3318 3193 notissima
3345 3140 3519 3209 gestis

2158 3225 2402 3298 Namque
2432 3228 2731 3299 legebatur,
2760 3229 2988 3299 gemina:
3017 3230 3280 3286 discessio
3309 3230 3519 3288 fraudis

2083 3302 2129 3366 C
2158 3317 2433 3389 Impietas,
2471 3328 2765 3390 raptusque
2793 3319 3012 3389 duplex,
3036 3321 3294 3391 patientia
3329 3323 3524 3379 victrix
3547 3367 3563 3390 ,

2157 3411 2430 3478 hectoris,
2459 3427 2753 3482 rerumque
2792 3413 2955 3468 decus
2993 3414 3298 3483 reparabile
3329 3430 3571 3487 semper.

2157 3501 2400 3574 Cumque
2421 3503 2583 3567 oculi,
2614 3519 2824 3567 sensus,
2860 3519 3042 3570 aures,
3074 3513 3238 3576 atque
3268 3507 3464 3562 intima
3494 3511 3678 3566 cordis

2157 3596 2325 3652 Antra
2350 3595 2451 3651 sibi
2483 3598 2740 3652 arderent
2764 3597 3054 3669 relegendo
3097 3599 3209 3653 sive
3235 3599 3464 3669 legendo

2157 3690 2351 3746 Frater
2378 3675 2447 3744 ab
2469 3701 2687 3762 aspectu
2715 3691 2934 3758 librum,
2977 3692 3239 3747 miracula
3271 3693 3426 3764 cujus

2159 3783 2398 3840 Praebuit
2426 3783 2686 3854 eripiens,
2715 3785 2940 3840 memori
2975 3787 3348 3855 superaddidit
3375 3803 3476 3842 ore
3505 3807 3521 3844 :

2161 3889 2184 3916 ε
2215 3878 2445 3933 Tristior
2465 3893 2528 3932 ex
2553 3877 2725 3933 oculis
2752 3878 3007 3934 humeros
3035 3877 3086 3943 ἀ,
3123 3895 3289 3949 quam
3331 3888 3446 3935 tota
3486 3881 3717 3938 decebat

2053 4030 2056 4032 γ
2158 3968 2411 4034 Pectora,
2440 3985 2546 4024 non
2573 3969 2730 4040 longe
2756 3971 2970 4041 passuri
3002 3971 3198 4025 damna
3229 3972 3420 4027 ruinae.

2159 4060 2450 4132 Evigilans,
2485 4061 2797 4131 pariterque
2826 4061 3010 4117 volens
3040 4063 3275 4118 retinere
3306 4065 3452 4134 quod
3494 4065 3680 4130 hausi,

2159 4155 2264 4210 Vix
2285 4171 2476 4211 versus
2501 4155 2552 4209 in
2579 4155 2684 4209 fine
2714 4155 2868 4221 duos,
2901 4165 2955 4211 et
2982 4171 3176 4212 nomen
3201 4158 3500 4213 adauctum

2161 4245 2340 4302 Mente
2362 4246 2709 4311 recordabar,
2738 4247 3072 4316 reliquorum
3106 4249 3304 4304 oblivia
3338 4266 3539 4319 passus

2161 4336 2407 4394 Nominis
2435 4338 2677 4409 auspicio
2702 4340 2891 4410 paucis
2921 4356 3071 4411 spem
3103 4343 3353 4412 protinus
3381 4346 3511 4400 auxi

2161 4428 2386 4484 Veloccs
2407 4430 2622 4485 virtutis
2650 4427 3113 4501 opes‘Equitatius
3142 4433 3229 4489 ille

2162 4519 2545 4587 Portendebat,
2580 4520 2828 4591 idemque
2865 4537 3099 4593 sequens
3124 4524 3356 4580 assertio
3387 4525 3575 4581 firmat

2162 4611 2387 4668 Tristari
2417 4613 2666 4679 nimium,
2705 4615 3022 4670 tolerantem
3049 4607 3290 4685 pendera
3323 4618 3463 4673 dura

1981 4771 1989 4773 _
2083 4671 2136 4732 D
2161 4707 2278 4763 Non
2305 4708 2523 4775 debere,
2554 4708 2692 4764 citos
2721 4700 2988 4765 facturum
3025 4710 3076 4764 in
3107 4710 3226 4766 beta
3255 4726 3537 4767 recursus.

2160 4799 2288 4855 Haec
2309 4815 2407 4872 ego
2434 4816 2554 4856 cum
2580 4801 2788 4855 videam
2816 4800 2974 4857 factis
3003 4793 3242 4873 impleta,
3272 4802 3400 4871 quid
3430 4801 3578 4857 ultra

1997 4880 2017 4882 ﬂ
2059 4887 2061 4890 ⁴
2161 4889 2500 4958 Occulerem,
2523 4891 2724 4962 placuit
2747 4883 3120 4949 vobis-efferre
3146 4893 3428 4964 probanda

2162 4986 2292 5054 Quae
2330 4987 2488 5074 nobis
2516 4987 2659 5059 longi
2687 4988 2967 5042 nutribant
2991 4988 3185 5070 gaudia
3216 4988 3350 5042 voti.
3485 5070 3492 5074 _

2161 5073 2430 5149 Auguste,
2459 5073 2674 5151 pauper
2699 5080 2879 5136 decies
2900 5080 2992 5135 dat
3015 5095 3234 5136 munera
3259 5080 3427 5151 quina

2065 5237 2074 5242 ,
2161 5171 2378 5239 Strabo,
2410 5182 2597 5243 petens
2621 5172 2832 5228 veniam
2852 5215 2866 5239 ,
2899 5174 3077 5246 signat
3110 5189 3272 5244 quam
3303 5174 3551 5231 calculus
3589 5178 3739 5231 idem.

478 5267 590 5322 Vos
614 5249 1050 5341 vestrosqueLDei
1080 5278 1296 5335 semper
1326 5249 1581 5319 miserata
1616 5249 1858 5341 potestas
1889 5250 1898 5254 ’
1967 5279 1969 5282 ‘
2069 5281 2072 5284 ’
2617 5251 2880 5322 Lnnovico
2925 5249 3274 5324 tueartuear.
3320 5249 3330 5255 ”
3431 5265 3436 5268 ’

2617 5282 2880 5346 Lunovtco
2924 5264 3274 5347 inestinest.
3341 5341 3377 5346 Α,

2160 5355 2298 5411 Vilia
2321 5372 2419 5428 pro
2439 5344 2648 5413 meritis
2673 5367 2799 5413 sunt
2827 5344 2942 5415 haec
2960 5344 3285 5414 munuscula
3310 5344 3537 5425 vestris,

2232 5445 2337 5502 Sed
2369 5455 2548 5502 tamen
2585 5435 2651 5503 ex
2677 5435 2834 5518 pleno
2856 5436 2975 5519 quae
2993 5437 3094 5504 dat
3127 5452 3316 5505 amore
3345 5437 3501 5515 fides,

2160 5535 2331 5604 Quam
2359 5538 2513 5593 vobis
2548 5532 2770 5595 servare
2798 5539 2922 5604 diu,
2953 5533 3361 5612 totumqueij
3393 5536 3574 5596 aevum

2165 5690 2174 5694 _
2230 5629 2382 5684 Hanc
2408 5631 2641 5685 animam
2665 5630 2826 5709 veluti
2850 5631 2993 5688 nitar
3015 5632 3085 5688 ad
3105 5647 3280 5705 usque
3308 5632 3540 5688 obitum.

2161 5722 2301 5790 Quid
2322 5720 2454 5777 mihi
2481 5721 2611 5792 quid
2641 5723 2811 5792 possit
2839 5723 3136 5781 consistere
3161 5715 3362 5780 Clarius
3389 5739 3654 5794 unquam.

2238 5848 2258 5877 ε
2303 5821 2748 5908 Ἦόθῑιιιίβεηειμε
2783 5836 3154 5908 imperfectus.
3179 5837 3335 5896 Cass.

2237 5909 2263 5948 σί
2308 5908 2517 5964 Humor
2543 5906 2776 5976 Hanck.,
2807 5906 2918 5966 not.
2949 5925 3052 5966 ms.
