3978 6310
233 341 362 397 I097
1173 328 1444 388 VERSUS
1481 328 1549 383 IN
1587 327 1804 395 AQUlSl

1903 325 2004 381 ΑΜ
2049 324 2345 380 PALATIO
2383 323 2582 381 EDITI.
3339 321 3474 379 ίῡθσ

299 449 478 506 Gloria
508 461 670 518 quam
707 444 918 500 Domini
952 445 1261 500 continuata
1291 443 1400 514 pii?
1830 449 1878 505 Α
1905 438 2082 507 Incipe
2108 437 2249 508 quod
2278 437 2490 491 tandem
2517 434 2778 489 maturior
2807 432 3019 503 expleat
3045 440 3178 485 :etas

234 541 381 598 lianc
402 555 554 596 sacer
580 539 840 594 adventus
863 537 1064 594 Christi
1089 539 1285 593 virtute
1309 537 1535 608 potenti,
1977 525 2128 592 Quod
2153 527 2329 596 primo
2357 525 2668 579 imbiberint
2694 538 2844 588 vasa,
2872 524 2960 579 diu
2989 523 3227 592 sapiunt.

303 631 463 688 Auxit
494 631 546 685 in
576 628 829 686 allectum
860 629 1211 698 laetitiamque
1235 641 1450 683 novam.
1906 618 2153 687 Majestas
2183 619 2275 674 tibi
2305 628 2496 673 cuncta
2527 617 2618 672 Dei
2649 617 2738 672 det
2762 631 3015 688 prospera
3034 630 3244 689 semper

231 725 492 782 Parvulus
517 724 606 779 ille
630 724 849 794 quidem
879 723 1059 778 carnis
1081 723 1146 777 de
1170 729 1323 792 parte
1344 726 1566 775 vocatus
1976 710 2040 764 Et
2071 711 2193 764 vita:
2220 718 2438 763 aeternae
2459 709 2634 764 dulcia
2665 709 2800 762 dona
2825 707 2980 762 ferat.

299 817 534 874 Grandia
561 816 870 872 nominibus
892 830 989 870 sex
1017 823 1071 869 et
1093 813 1272 883 opima
1298 820 1464 868 tenet.
2260 839 2550 879 mnuum)
2573 823 2868 897 [mwumo]
2897 840 3125 880 53mm“.

230 907 407 963 Fortis
440 916 495 961 et
521 907 633 976 ipse
657 906 818 971 Deus,
842 904 1105 960 mirabilis
1125 912 1182 958 et
1201 913 1356 973 pater
1375 901 1476 957 aevi
1506 908 1588 955 est

299 995 554 1062 Alterius,
579 997 748 1066 pacis,
773 995 1090 1064 consiliique
1116 1005 1326 1063 potens.

225 1087 344 1160 Ipse
372 1089 462 1159 pio
499 1089 643 1144 vires
668 1089 954 1158 divinaque
981 1102 1202 1142 munera
1242 1084 1353 1155 regi

295 1179 363 1233 Et
390 1180 598 1234 clarum
623 1188 828 1234 aeterno
849 1187 1088 1247 tempore
1116 1178 1205 1231 det
1227 1175 1492 1230 columen.

223 1266 418 1324 Pacem
451 1269 678 1324 consilio
704 1268 868 1324 faciat
898 1270 1132 1324 retinere
1155 1266 1355 1322 salubri

293 1359 463 1426 Quem
487 1360 612 1430 paci
637 1368 854 1414 aeternae
882 1359 1303 1426 muneribusque
1324 1363 1500 1426 parat.

222 1451 322 1506 Hic
347 1467 447 1506 vos
475 1467 600 1506 cum
627 1452 824 1507 vestris
851 1451 1096 1521 repetitis
1124 1449 1321 1519 smpius
1347 1447 1504 1501 annis

291 1539 418 1596 Ilaec
438 1541 509 1596 ad
538 1541 675 1595 festa
706 1540 848 1595 Deus
876 1544 1141 1611 provehat
1173 1538 1488 1594 incolumes.

1909 933 1967 990 Si
2005 935 2228 992 condire
2254 951 2403 992 meos
2429 936 2602 992 mellis
2629 938 2908 994 dulcedine
2933 952 3147 1003 versus,

1978 1025 2179 1082 Sancte
2207 1036 2379 1097 pater,
2413 1043 2651 1098 possem,
2685 1030 2766 1084 vel
2790 1030 3046 1085 decorare
3072 1028 3232 1093 rosis,

1907 1115 2025 1170 Non
2057 1117 2171 1172 haec
2197 1131 2387 1187 pompa
2418 1125 2595 1171 tamen
2625 1118 2888 1187 condigna
2916 1117 3184 1172 nitoribus
3209 1125 3374 1182 esset,

1979 1207 2126 1275 Quos
2153 1224 2362 1263 morum
2384 1217 2439 1263 et
2463 1223 2656 1262 sensus
2689 1224 2810 1263 cum
2833 1209 3104 1276 probitate
3135 1208 3298 1278 geris.

1908 1299 1975 1354 Et
1996 1308 2145 1355 tanto
2174 1316 2262 1355 me
2298 1309 2477 1356 vestra
2500 1301 2714 1370 quidem
2744 1301 3028 1356 clementia
3059 1299 3206 1356 cultu

1980 1387 2248 1459 Suscepit,
2275 1399 2535 1458 quantum
2559 1389 2921 1460 promeruisse
2951 1390 3130 1444 velim.

1909 1478 1995 1535 Nil
2019 1480 2250 1544 servivi,
2285 1481 2359 1534 nil
2389 1482 2576 1542 merui,
2613 1490 2792 1536 tamen
2819 1495 2945 1536 ecce
2970 1489 3191 1551 repente

1979 1570 2251 1625 Immerito
2279 1581 2586 1641 assumptus
2606 1585 2831 1642 pauper,
2861 1571 3064 1626 honore
3084 1571 3254 1626 fruor.

757 1668 945 1709 manu
993 1666 1273 1708 AUGUSTB.
1909 1661 1977 1717 Et
1997 1661 2168 1726 fruar,
2204 1679 2268 1717 ac
2305 1679 2328 1716 ς

1909 1661 1977 1717 Ει
1997 1661 2168 1726 fruar,
2204 1679 2268 1717 ac
2305 1671 2483 1717 vestra
2503 1661 2774 1731 jucunder
2799 1677 2931 1732 pace
2954 1678 3050 1732 per
3081 1677 3273 1726 aevum,

218 1762 387 1819 Multa
440 1765 660 1834 quidem
701 1766 925 1820 veniunt
966 1763 1175 1818 meritis
1213 1777 1319 1817 non
1373 1759 1553 1816 debita
1609 1759 1809 1814 nostris
1835 1802 1884 1863 Β
1914 1843 1954 1863 Π
1981 1753 2047 1808 Et
2073 1753 2180 1808 vita
2209 1763 2264 1808 et
2301 1753 2530 1863 meritis:
2564 1763 2726 1824 atque
2759 1754 2933 1809 salute
2958 1769 3131 1863 sacra.

292 1854 425 1924 Quae
451 1857 725 1927 probitate
754 1871 850 1911 sua
887 1871 985 1911 nos
1011 1855 1246 1910 hilarare
1266 1861 1491 1924 queant.
1835 1843 1884 1863 ⁵’
1913 1843 2274 1914 Compensare
2297 1845 2392 1899 tibi
2421 1843 2566 1899 nulla
2597 1859 2696 1915 pro
2720 1853 2875 1914 parte
2904 1845 3046 1914 quod
3067 1853 3248 1900 actum
3266 1855 3350 1900 est

215 1945 400 2004 Pauca
434 1949 748 2005 sinisterius
771 1957 1025 2018 torquent
1051 1956 1229 2002 tamen
1251 1947 1410 2002 obvia
1441 1943 1627 1999 ﬂatum
1984 1935 2224 2000 Sullicio,
2252 1936 2510 1991 Dominus
2537 1937 2632 1992 sed
2662 1936 2952 1991 retributor
2975 1937 3098 1992 erit.

296 2037 465 2107 Queis
491 2040 698 2110 aliquot
719 2038 871 2094 vobis
899 2052 986 2093 me
1015 2038 1274 2094 reticente
1311 2044 1518 2108 patent.
1914 2025 2080 2100 Cujus
2103 2027 2174 2082 ob
2193 2027 2466 2089 intuitum,
2494 2043 2594 2082 nec
2621 2041 2744 2093 nos,
2775 2042 2876 2082 nec
2908 2035 3092 2083 nostra
3122 2026 3323 2082 videris

217 2130 338 2188 Non
367 2131 567 2188 horum
601 2139 906 2185 extremum
935 2137 1040 2195 est,
1069 2128 1210 2199 quod
1236 2126 1398 2182 nullis
1419 2124 1590 2195 jussio
1611 2133 1810 2180 metuet
1985 2117 2293 2188 Despicere,
2324 2115 2516 2172 aﬁectu
2555 2117 2649 2172 sed
2681 2116 2908 2172 tolerare
2932 2119 3043 2187 pio.

289 2223 492 2280 Vestra
515 2223 648 2295 ligat
675 2223 856 2278 causis
885 2223 939 2277 in
968 2222 1112 2291 quod
1135 2220 1326 2276 adesse
1349 2221 1530 2274 datur.
1915 2207 2048 2266 Sum
2074 2219 2423 2281 quapropter,
2457 2225 2660 2280 eroque
2683 2226 2750 2265 ex
2781 2219 2891 2265 toto
2919 2211 3084 2266 corde
3114 2209 3285 2266 ﬁdelis

213 2315 336 2372 Non
369 2316 569 2371 faciem
599 2315 775 2380 video,
811 2329 918 2369 non
957 2313 1152 2368 haut-io
1172 2310 1362 2374 verba,
1390 2310 1482 2365 sed
1512 2309 1654 2363 inter
1986 2299 2148 2355 Vobis
2173 2311 2227 2356 et
2251 2301 2449 2356 vestris
2479 2308 2689 2371 tempus
2720 2303 2772 2355 in
2799 2317 2957 2357 omne
2983 2302 3136 2357 satis.

290 2407 460 2477 Spem
487 2406 673 2462 dubito
687 2413 850 2474 atque
870 2412 1091 2467 metum,
1115 2402 1424 2473 displiceam
1448 2416 1514 2454 an
1536 2398 1812 2470 placeam?
1916 2388 2176 2454 Obsecro,
2199 2405 2387 2460 posco,
2414 2405 2623 2460 precor,
2654 2391 2863 2444 Domini
2892 2393 3152 2460 protectio
3179 2402 3389 2448 vosmet

213 2495 455 2552 Conscia
492 2495 658 2551 corda
687 2507 865 2550 tamen
896 2493 1041 2558 ﬁdei,
1068 2493 1286 2562 votique
1311 2489 1484 2546 ﬁdelis
1988 2480 2059 2537 Ut
2088 2491 2264 2554 tegat,
2292 2493 2454 2554 atque
2481 2493 2652 2556 regat,
2685 2486 2880 2550 ﬁrmet,
2908 2485 3120 2553 inaltet,
3153 2498 3314 2543 amet.

287 2585 410 2642 Νοη
451 2589 746 2656 desperare
773 2600 860 2640 me
890 2583 1110 2639 meliora
1141 2584 1355 2638 ἀοοθηῑ·
2096 2613 2394 2654 ηειῑιωωο
2424 2610 2449 2639 ι
2481 2614 2732 2654 EPISCOPO
2760 2615 2811 2653 ια
2848 2615 3076 2656 ransom
3108 2616 3323 2657 cauom.

214 2678 714 2750 Sulliciatpraaﬁxa
754 2678 910 2743 ﬁdes,
941 2678 1107 2733 orabo
1125 2678 1276 2748 quod
1303 2679 1418 2746 ipse
1543 2743 1556 2753 ο

288 2769 573 2826 Hactenus
597 2771 841 2835 orabam,
871 2785 1096 2840 quaeque
1121 2769 1349 2840 petenda
1383 2783 1526 2823 reor.

212 2858 362 2927 Vita,
397 2860 675 2932 prmsidio,
703 2873 836 2930 pace
857 2869 913 2914 et
947 2859 1211 2914 solamine
1233 2857 1458 2920 Christi,

290 2949 404 3006 Vos
433 2959 754 3020 vestrosque
781 2950 942 3005 simul
967 2958 1176 3018 tempus
1205 2949 1258 3002 in
1281 2963 1442 3002 omne
1474 2947 1596 3002 frui.

205 3040 477 3098 Proxima
507 3050 823 3096 sanctorum
850 3041 992 3110 quod
1023 3055 1122 3094 nos
1150 3055 1248 3110 per
1273 3038 1410 3094 festa
1433 3038 1645 3093 dierum

282 3131 518 3188 Plenius
546 3142 765 3187 acturos
792 3131 1062 3186 credimus
1088 3140 1143 3185 et
1169 3129 1432 3185 volumus.

1918 2708 2035 2766 Non
2066 2709 2318 2766 minimas
2342 2718 2544 2782 grates,
2570 2725 2674 2766 non
2707 2727 2873 2782 parva
2899 2713 3192 2782 rependere
3223 2715 3391 2770 tantis

1989 2802 2220 2858 Praemia
2247 2817 2346 2857 nos
2373 2802 2582 2858 meritis
2608 2802 2763 2868 velle,
2795 2802 3105 2870 Ileribalde,
3136 2813 3310 2874 putes.

1915 2895 2072 2962 Quod
2099 2895 2482 2950 tremebundus
2507 2893 2574 2949 ad
2594 2893 2698 2949 hoc
2732 2903 2920 2950 nostro
2954 2911 3056 2950 non
3096 2897 3276 2967 segnis
3303 2897 3494 2956 honori

1990 2985 2281 3041 Litterulas
2306 2985 2465 3058 pleno
2491 2986 2658 3041 mittis
2687 3001 2872 3042 amore
2900 2987 3043 3042 Iitas.

1915 3077 2036 3132 Jam
2062 3077 2326 3148 completa
2349 3078 2565 3148 quidem
2599 3078 2846 3133 testantis
2881 3079 3046 3132 verba
3077 3077 3358 3150 Propheta;

1837 3165 1885 3230 C
1985 3167 2265 3233 Novimus,
2301 3169 2492 3224 elfectu
2518 3168 2612 3222 sed
2642 3169 2870 3236 repetita
2890 3183 3048 3224 novo.

319 3260 392 3300 DE
433 3259 559 3300 OSSE
596 3258 824 3298 DAIIULE
863 3257 962 3296 PER
988 3256 1125 3305 QUOD
1154 3255 1452 3296 ARBUSCULA
1485 3256 1701 3305 CREVIT,

1686 3283 1701 3305 ο
1914 3264 1984 3320 Et
2009 3265 2158 3320 venit
2182 3266 2247 3319 ad
2275 3265 2558 3318 Dominum
2585 3264 2822 3320 laudatio
2840 3265 2997 3335 plena
3027 3267 3255 3332 timoris,

640 3330 674 3368 ι)
703 3328 1082 3430 ¹¹¹Ρεκλτέ¹¹ε¹
1101 3326 1435 3430 ιυέθνηωίί
1479 3426 1512 3430 __
1983 3358 2189 3412 Aurum
2216 3357 2323 3412 fert
2346 3357 2563 3427 Aquilo,
2593 3356 2792 3428 frigore
2815 3374 2955 3428 saepe
2981 3361 3180 3430 rigens.

201 3431 452 3524 Δι’ξρΐξε
479 3439 560 3485 εει
585 3428 751 3524 ³Ῑιτῖ³ξ
773 3428 1042 3524 (ἰξιοηάδῐη
1072 3427 1287 3524 vagina,
1318 3426 1564 3483 meduna”
1674 3517 1685 3524 _
1911 3448 2139 3506 Pectore
2161 3449 2356 3520 quippe
2381 3426 2493 3516 tuo,
2518 3426 2761 3505 ﬂammas
2787 3426 2978 3507 ardere
3001 3426 3216 3524 priores

285 3521 451 3621 Tibia
487 3536 706 3621 εϐΐηξεη
736 3521 919 3584 habet»
959 3535 1153 3621 ηεξῐηρθ
1181 3520 1379 3621 Ῐξοιξυῐξι
1417 3534 1578 3621 οξηθη
1609 3517 1732 3621 δι’-δί’
1983 3517 2193 3596 Iudicat
2216 3517 2502 3611 igniculus,
2534 3557 2694 3612 quem
2721 3551 2811 3597 tua
2839 3517 3038 3615 scripta
3067 3556 3278 3616 gerunt.

200 3613 368 3682 θυοδ
397 3613 843 3704 θοηθῖίὴυωθνθ
874 3618 1048 3704 θένε-θ
1073 3610 1213 3680 quod
1244 3610 1431 3704 (θυτίθτ
1458 3610 1573 3679 ipse
1599 3618 1684 3663 ⁸⁵⁸
1911 3631 1979 3687 Ει
2001 3632 2130 3704 quia
2163 3610 2270 3688 scis
2294 3610 2702 3702 nostrum—justo
2724 3610 3095 3691 moderamine
3121 3652 3274 3694 more

279 3704 509 3760 “om”
531 3703 820 3767 miramur,
853 3702 975 3757 mis
998 3701 1052 3756 in
1075 3717 1196 3756 055°
1223 3700 1396 3772 νίεθτ·
1418 3791 1438 3792 7
1980 3700 2215 3778 Parcere
2248 3723 2524 3792 subjectis,
2551 3700 2605 3779 et
2631 3723 2862 3782 tolerare
2890 3725 3081 3781 malos.

199 3796 314 3860 Nil,
352 3794 560 3854 Caesar,
597 3793 691 3847 tibi
723 3808 918 3862 magne
941 3801 1096 3847 vacat
1125 3793 1394 3847 venabere
1415 3791 1668 3848 Dammas
1913 3813 2009 3870 “is
2041 3814 2134 3870 tibi
2164 3830 2262 3884 pro
2289 3791 2461 3879 dgnis,
2488 3814 2782 3870 reddentur
2807 3833 3033 3874 munera
3060 3817 3213 3889 ριυη

273 3888 520 3944 Ossibus
539 3900 605 3940 ex
632 3899 860 3954 quarum
891 3883 1030 3937 silva
1057 3884 1282 3946 orietur,
1307 3897 1422 3935 ave.
1983 3883 2275 3970 Quam’libi
2299 3905 2538 3975 perﬁdia;
2571 3905 2722 3958 lucra
2752 3905 2964 3960 tulisse;
2989 3883 3143 3962 auio.-

705 4012 773 4050 Αυ
794 4011 1041 4051 CAROLUI
1063 4009 1320 4050 Juvsnsu.
1892 3994 1971 4075 Si
1997 4009 2158 4064 quam
2179 3994 2350 4048 dulcis
2374 3994 2478 4048 inis
2499 4034 2514 4058 ,
2552 4001 2663 4048 tam
2687 3993 2858 4049 dulcis
2890 3995 2943 4049 in
2967 3997 3166 4052 extima
3198 4000 3386 4057 tende:

196 4114 384 4170 Natus
412 4119 475 4166 et
500 4109 736 4180 egregie,
761 4117 814 4162 et
840 4107 984 4164 cultu
1014 4109 1250 4161 nutritus
1278 4104 1456 4170 herili,

1982 4083 2053 4139 Mi
2082 4084 2310 4140 dulcedo
2337 4091 2446 4149 tua,
2477 4082 2688 4139 dulcior
2713 4097 2884 4154 usque
2915 4093 3115 4139 manet.

277 4206 456 4260 Disce
483 4172 612 4272 quvid
633 4172 848 4254 ξηιαοτε
878 4197 1147 4253 ,ιριτίιδιιεε
1176 4195 1422 4251 Domino.
1913 4176 2071 4233 Disce
2101 4173 2301 4247 gradus
2327 4172 2573 4229 stabilire
2601 4181 2721 4228 tuos
2739 4213 2754 4238 ,
2781 4188 2848 4228 ne
2868 4174 3100 4244 pendula
3122 4191 3314 4234 rursus

192 4295 453 4353 Iustitia:
483 4267 656 4346 virtus
684 4288 876 4361 primis
901 4287 1176 4343 adolescat
1202 4286 1270 4340 ab
1306 4283 1480 4348 annis,
1981 4269 2206 4333 Semita,
2237 4267 2845 4361 saxosumgdigrediatur
2869 4268 2974 4323 iter

273 4392 605 4458 '[ecumque
634 4358 736 4440 hoc
765 4399 897 4440 sana
934 4391 1112 4439 mente
1140 4388 1389 4436 senescat
1426 4392 1559 4448 Opus
1910 4361 2140 4458 ῖθξεῑυε
2169 4360 2472 4458 ἰηλῖιηιῑίιιιο
2491 4358 3079 4458 Ῑδίη-(ῘῘ-εοθ-εθηθεοθτθ
3099 4360 3225 4417 Dido

193 4487 280 4542 De
312 4451 534 4556 pietate
559 4477 732 4548 patris
761 4478 961 4546 potius,
994 4489 1156 4544 quam
1185 4481 1469 4527 stemmate
1496 4469 1644 4542 regni
1806 4493 1883 4556 ’.ἢ
1912 4546 1954 4556 _
1983 4453 2166 4556 Βοηςῆ
2192 4453 2295 4508 Vile
2320 4461 2466 4556 ιθετξι
2492 4453 2718 4507 candida
2745 4451 2926 4521 ριιιηιει
2950 4459 3131 4556 ῥέψαι·

271 4528 1100 4642 Dieg’e'r—ierarrevu—l‘la‘conditione
1129 4563 1276 4616 time.
1558 4528 1587 4542 ν
1831 4528 1884 4587 Ῑ)
1912 4546 2048 4602 Tum
2099 4547 2279 4602 febres
2316 4547 2614 4616 tussimque
2659 4560 2913 4616 gravem.
2957 4553 3277 4617 turpemque
3319 4551 3488 4619 potia-

194 4667 261 4725 Si
297 4637 617 4722 recolamus
642 4673 772 4714 avos
805 4667 1098 4724 atavosque
1119 4663 1174 4710 et
1195 4668 1386 4725 magna
1418 4668 1658 4723 priorum
3308 4637 3485 4716 [grani

274 4755 544 4818 Nomina,
575 4761 688 4807 tum
717 4751 890 4806 solum
921 4749 1163 4822 proderit
1191 4749 1307 4804 haec
1332 4747 1521 4802 series.
1984 4735 2314 4805 Perpetiens,
2339 4734 2544 4790 laribus
2565 4732 2873 4790 immoriere
2903 4734 3026 4789 tuis.

194 4851 260 4908 Si
293 4860 466 4906 sacra
492 4842 747 4898 nobilitas
773 4841 999 4911 pulchro
1026 4838 1356 4910 spectamine
1383 4852 1594 4891 morum
1912 4830 2041 4886 Haec
2060 4840 2278 4900 optasse
2300 4828 2396 4883 tibi
2418 4828 2631 4897 signum
2658 4833 2741 4880 est
2766 4825 3096 4881 redamantis
3119 4825 3278 4880 amici

273 4938 517 5010 Fulgeat
541 4932 775 4989 exclusis
804 4931 1034 4987 inscitia:
1057 4929 1286 4986 nebulis.
1987 4920 2077 4976 Vel
2103 4921 2249 4974 mitis
2277 4919 2504 4983 domini,
2529 4916 2614 5010 vel
2642 4915 3064 5010 patientisheri.

191 5005 468 5092 Gaudeat
495 5025 623 5099 ergo
645 5041 850 5095 sequax
876 5023 1200 5080 famulorum
1235 5023 1388 5078 turba
1415 5030 1630 5077 tuorum
1909 5013 1997 5068 Sis
2029 5011 2156 5068 felix
2188 5011 2494 5080 nostrisque
2513 5007 2655 5099 scias
2679 5005 3046 5099 tuawrdibus
3061 5012 3184 5073 apte

275 5124 442 5192 Quos
466 5094 629 5173 tanta:
649 5094 826 5171 reﬁcit
855 5114 1052 5170 indolis
1077 5112 1397 5183 auspicium.
1983 5105 2138 5162 Seria
2177 5102 2455 5174 permistis
2482 5097 2876 5171 complacuisse
2891 5094 3050 5192 iocis.

192 5187 347 5274 Nam
378 5211 520 5268 nihil
546 5218 630 5266 est
651 5210 796 5282 quod
824 5209 1002 5264 adhuc
1024 5205 1270 5262 felicibus
1299 5213 1490 5260 avocet
1518 5207 1696 5269 annis.
1908 5202 2115 5272 Sa‘pius
2140 5199 2307 5254 hocce
2330 5209 2545 5266 gerens,
2569 5193 2779 5282 animos
2798 5190 3068 5262 perpende
3099 5187 3304 5250 ﬁdeles,

272 5302 488 5363 Omnia
517 5281 743 5372 quaeque
766 5300 928 5371 geris,
952 5312 1101 5368 spem
1124 5295 1328 5352 faciunt
1356 5296 1572 5351 animis.
1985 5292 2154 5360 Atque
2177 5286 2468 5343 voluntatis
2494 5291 2680 5338 mutua
2707 5281 2855 5350 disce
2881 5294 3029 5336 meae.

194 5401 418 5460 Forma
445 5371 638 5450 decore
661 5371 859 5460 nitens,
889 5391 1208 5461 animusque
1233 5388 1487 5459 capacior
1505 5403 1641 5452 aevo,
1911 5389 2154 5458 Indigeas
2177 5381 2448 5454 quotiens,
2479 5379 2643 5436 toties
2667 5391 2764 5449 per
2791 5373 2948 5432 srecla
2977 5371 3155 5430 valeto

275 5473 354 5552 Et
381 5493 530 5564 quod
559 5491 886 5562 praecipuum
914 5498 1019 5554 est,
1059 5489 1208 5544 zelus
1229 5500 1491 5555 amorque
1512 5485 1624 5540 Dei.
1985 5480 2089 5536 Sed
2115 5489 2389 5547 nunquam
2415 5472 2588 5530 nostri
2616 5471 2900 5527 immemor
2923 5481 3044 5524 esse
3066 5463 3220 5522 velis.

280 5669 312 5697 ι
361 5648 495 5706 Fuit
555 5651 840 5720 episcopus
895 5645 1402 5708 Antissidnorensis;
1447 5642 1510 5695 ad
1580 5656 1738 5710 quem
1783 5637 1994 5705 scripsit
2035 5635 2321 5695 Rabanus.
2368 5645 2490 5688 cum
2527 5644 2634 5699 quo
2674 5631 2988 5682 recensetnr
3030 5621 3158 5675 inter
3210 5617 3490 5682 Stet-cora,

189 5728 415 5788 uiuas.
440 5721 602 5776 Basu.

633 5815 900 5878 Parnoc.
940 5813 1159 5874 CXIV.
2976 5782 3052 5844 35
