3978 6310
648 472 656 479 '
945 485 1010 522 AD
1049 484 1354 525 Lutrcsnuu
1392 487 1677 527 CLEBICUM.

529 581 782 637 Dulcibus
805 581 994 637 oﬂiciis
1021 592 1075 636 et
1101 587 1272 639 amica
1301 596 1479 640 mente
1503 588 1728 643 colendo

598 674 852 741 Luitgero
882 674 1112 730 Strabus
1135 679 1360 746 paucula
1384 680 1546 734 verba
1573 681 1740 735 dedit.

525 765 697 820 Parva
726 767 851 822 licet
877 766 1038 822 fuerit
1065 779 1263 824 nostrae
1286 771 1498 826 dilectio
1530 773 1720 841 partis,

594 858 770 916 Credo
797 869 974 916 tamen
1008 877 1300 917 memorem
1328 872 1379 918 te
1407 864 1537 919 satis
1558 878 1680 919 esse
1707 879 1831 919 mei.

523 952 792 1023 Quidquid
832 953 1000 1008 babes
1019 955 1288 1019 dextrum,
1328 959 1565 1027 gaudens
1590 958 1749 1013 volo:
1776 974 1940 1029 porro
1972 959 2103 1014 sini-

1905 1050 2100 1122 [strum

592 1136 650 1193 Si
674 1138 800 1206 quid
824 1139 978 1196 adest
1000 1139 1177 1204 doleo,
1203 1142 1382 1196 cordis
1415 1141 1466 1196 in
1495 1140 1768 1212 oppidulo.

522 1229 724 1286 Unicus
754 1241 814 1286 ut
844 1234 1025 1295 matri,
1055 1234 1218 1288 terris
1243 1243 1302 1287 ut
1327 1233 1526 1288 lumina
1556 1235 1746 1289 Pbmbi

592 1321 660 1378 Ut
689 1339 779 1378 ros
808 1325 1162 1393 graminibus,
1187 1325 1426 1394 piscibus
1453 1327 1596 1379 unda
1626 1325 1746 1379 freti
1781 1343 1796 1376 :

517 1414 625 1469 Aer
655 1415 731 1468 uti
756 1415 1051 1478 oscinibus,
1078 1416 1314 1469 rivorum
1347 1424 1402 1470 et
1426 1431 1702 1470 murmura
1728 1415 1924 1486 pratis,

585 1503 677 1559 Sic
706 1513 814 1569 tua,
834 1504 1062 1574 pusiole,
1093 1505 1255 1558 chara
1285 1505 1414 1558 mihi
1448 1504 1634 1560 facies.
1734 1565 1742 1574 ,

513 1593 571 1650 Si
601 1593 718 1649 fieri
742 1595 935 1664 possit,
966 1593 1080 1648 fieri
1111 1595 1256 1664 quod
1281 1609 1438 1663 posse
1465 1603 1739 1664 putamus,

582 1683 770 1755 Ingere
798 1692 851 1740 te
876 1687 1076 1740 nostris
1101 1686 1325 1751 visibus,
1353 1702 1470 1752 oro,
1505 1686 1670 1742 celer.

513 1774 647 1830 Nam
675 1777 801 1846 quia
832 1786 886 1831 te
908 1778 1127 1847 propius
1155 1777 1317 1831 didici
1345 1779 1644 1834 consistere
1668 1777 1824 1834 nobis

583 1870 698 1926 Non
726 1873 1025 1942 requiesco,
1049 1873 1154 1927 nisi
1178 1873 1363 1928 videro
1395 1882 1446 1929 te
1470 1874 1651 1929 citius.

513 1961 747 2018 Excedat
771 1979 1025 2018 numeros
1051 1971 1342 2029 astrorum,
1369 1963 1530 2028 roris,
1559 1979 1756 2029 arente,

581 2052 780 2117 Gloria,
811 2054 941 2117 vita,
974 2054 1142 2119 salus,
1170 2063 1333 2124 atque
1359 2054 1541 2110 valere
1565 2063 1736 2109 tuum.

1075 2182 1205 2220 ITEM
1247 2182 1312 2219 AD
1351 2182 1528 2222 H’SUBI.
1602 2183 1612 2193 '

511 2282 690 2340 Chare
713 2283 867 2337 venis
895 2282 1294 2346 subito,'subito
1321 2296 1536 2352 quoque
1564 2283 1729 2338 cbare
1756 2283 1988 2349 recedis,

510 2375 685 2432 Audio
714 2390 822 2431 non
854 2373 1028 2440 video,
1058 2374 1214 2430 video
1242 2383 1420 2429 tamen
1451 2375 1618 2437 intus,
1644 2382 1698 2428 et
1727 2373 1873 2429 intus

509 2467 819 2543 Amplector
846 2465 1139 2535 fugientem
1168 2473 1222 2519 et
1247 2477 1472 2535 corpore
1503 2480 1611 2519 non
1639 2464 1862 2534 pietate.

495 2559 701 2614 Certus
732 2558 874 2612 enim
905 2565 965 2612 ut
998 2555 1228 2620 fueram,
1257 2571 1490 2626 semper,
1521 2570 1720 2624 eraque
1747 2553 1914 2609 foveri

507 2647 684 2706 Corde
713 2658 803 2704 tuo
831 2664 936 2713 me,
968 2648 1128 2703 corde
1161 2663 1283 2703 meo
1311 2656 1384 2701 te.
1416 2646 1524 2702 Nec
1553 2647 1682 2701 mibi
1717 2656 1927 2716 tempus

494 2738 748 2795 ‘Suadeat
771 2739 957 2801 ullum,
992 2738 1134 2792 aliud
1160 2738 1277 2801 tibi,
1305 2752 1404 2791 nec
1429 2736 1754 2806 persuadeat
1781 2736 1950 2789 ullum

505 2830 696 2886 Visere
724 2830 768 2884 si
792 2830 1018 2899 poteris,
1050 2837 1133 2883 sat
1159 2829 1287 2889 erit,
1318 2828 1363 2883 si
1393 2827 1581 2881 videro
1613 2835 1855 2897 gratum,

493 2919 604 2977 ‘Sin
634 2920 788 2984 alias,
817 2920 1057 2975 rescribe
1088 2918 1311 2988 aliquid,
1341 2927 1429 2972 tua
1459 2918 1634 2972 tristia
1662 2917 1786 2971 novi

505 3013 684 3083 Atque
712 3011 900 3067 dolens
926 3010 1127 3074 recolo,
1159 3010 1311 3064 dolor
1336 3017 1420 3064 est
1447 3007 1719 3079 possessio
1749 3005 1956 3068 mundi,

506 3103 742 3172 Quaeque
767 3117 960 3158 serena
989 3111 1166 3172 putas,
1195 3101 1368 3170 magis
1393 3101 1508 3154 btec
1538 3100 1592 3153 in
1620 3096 1800 3154 nubila
1835 3095 2020 3149 tristes

505 3195 574 3251 Et
599 3195 851 3250 tenebras
877 3193 1110 3263 fugiunt,
1139 3191 1343 3245 volucri
1375 3190 1465 3260 qui
1494 3189 1689 3260 pendet
1718 3190 1772 3242 in
1798 3187 1932 3242 orbe

505 3285 660 3342 Nunc
677 3286 909 3352 scandit,
935 3300 1078 3338 nunc
1107 3283 1404 3346 descendit,
1435 3291 1551 3335 rota
1577 3282 1656 3335 sic
1681 3279 1847 3333 trahit
1869 3276 2015 3332 orbis
2038 3288 2086 3329 ι.

932 3410 1000 3450 ΑΙ)
1039 3409 1342 3450 LUDOWCUM
1381 3407 1665 3448 CLERICUM.

503 3509 622 3576 Cui,
652 3509 945 3574 Ludovtce,
977 3509 1054 3563 tui
1082 3507 1292 3562 donasti
1315 3521 1508 3559 munus
1536 3504 1736 3558 amoris

574 3603 702 3658 Haec
733 3602 829 3656 tibi
859 3602 949 3656 dat
980 3599 1176 3654 Strabo
1205 3599 1366 3651 verba
1393 3596 1601 3660 salutis,
1629 3609 1745 3648 ave.

505 3693 696 3750 Vestra
722 3694 846 3748 licet
871 3693 1031 3746 vilem
1059 3691 1186 3743 fecit
1211 3688 1495 3758 promissio
1523 3695 1725 3740 memet

582 3783 837 3840 Versibus
867 3781 1067 3836 audere
1090 3794 1185 3832 vos
1217 3779 1487 3831 monuisse
1517 3776 1671 3828 meis.

503 3876 642 3931 Nam
673 3873 920 3946 quamvis
950 3886 1174 3942 magnos
1209 3869 1395 3923 mundi
1428 3867 1659 3922 teneatis
1689 3867 1944 3928 honores,
2009 3865 2011 3868 ⁴

579 3966 696 4022 Non
722 3979 817 4022 vos
843 3963 1004 4019 credo
1035 3971 1210 4016 tamen
1239 3972 1492 4029 spernere
1528 3973 1626 4012 nos
1661 3956 1932 4012 minimos.

497 4047 730 4116 Divitias
760 4071 864 4110 non
896 4053 1018 4108 dico
1044 4052 1344 4114 hominum,
1377 4051 1502 4103 dum
1533 4063 1763 4119 spesque
1791 4045 2028 4115 ﬁdesque

572 4149 848 4213 Aruerint,
879 4146 1026 4205 solus
1053 4154 1160 4199 tum
1191 4143 1468 4212 superabit
1497 4156 1665 4195 amor.

499 4220 618 4300 ﬁcu
645 4241 832 4304 vestis,
866 4255 970 4294 non
1001 4238 1107 4292 ulla
1140 4236 1256 4292 fero
1290 4235 1382 4290 tibi
1417 4236 1557 4290 dona
1587 4233 1791 4288 metalli

574 4333 702 4388 Solo
729 4331 935 4396 servire
964 4344 1146 4400 quaero
1174 4328 1227 4382 in
1253 4341 1438 4380 amore
1468 4325 1587 4379 tibi.

501 4425 673 4481 Totus
702 4425 846 4480 enim
879 4438 1060 4487 sensu,
1086 4421 1270 4483 verbo,
1297 4417 1560 4488 factisque
1590 4416 1816 4472 studebo

571 4518 904 4576 Promissum
934 4517 1144 4572 tibimet
1169 4515 1392 4570 reddere
1421 4513 1622 4567 amoris
1651 4528 1788 4583 opus
1817 4530 1829 4565 :

496 4611 636 4666 Esto
663 4625 871 4668 memor
897 4608 1176 4671 memoris,
1205 4606 1540 4675 Dominoque
1566 4605 1783 4660 favente
1816 4608 2016 4669 valeto,

572 4701 673 4756 Tot
697 4701 842 4762 bona
869 4698 1195 4770 percipiens,
1223 4704 1354 4766 quot
1378 4694 1639 4750 meruisse
1663 4701 1751 4750 sat
1771 4702 1854 4749 est

890 4823 959 4866 AD
997 4823 1242 4864 BODONE!
1281 4821 1707 4862 liiPODlACONUH.

504 4930 632 4986 Haec
661 4927 755 4984 tibi
786 4927 876 4982 dat
903 4923 1120 4989 Strabo,
1151 4923 1468 4978 charissime
1493 4922 1648 4992 pusio
1669 4918 1839 4981 Bodo,

557 5023 807 5081 'Paucula
832 5021 1341 5092 parva-licet'verba
1371 5019 1596 5088 legenda
1626 5026 1769 5071 tuus.
1862 5063 1868 5069 .

503 5120 673 5186 Quem
699 5116 911 5170 fervore
938 5111 1284 5182 pari-dudum
1311 5109 1594 5165 deﬁximus
1619 5108 1783 5170 arvis,

579 5199 859 5272 Surculds,
891 5207 958 5260 ad
983 5219 1210 5275 superos
1236 5202 1458 5273 prodeat
1489 5200 1574 5255 ille
1601 5199 1788 5255 Notos.

507 5295 646 5353 Pura
669 5314 766 5368 per
791 5295 1040 5351 assiduos
1065 5302 1252 5365 surgat
1275 5292 1492 5346 dilectio
1519 5297 1718 5354 motus,

577 5391 758 5445 Donec
785 5389 940 5442 firma
966 5386 1140 5456 polos,
1165 5394 1420 5453 astraque
1451 5383 1535 5438 adi
1546 5398 1602 5437 re
1627 5389 1808 5452 queat.

505 5479 596 5536 Sis
622 5493 828 5534 memor
858 5478 912 5533 in
940 5474 1210 5546 precibus.
1241 5475 1421 5530 reddis
1450 5475 1576 5533 dum
1604 5483 1726 5530 vota
1750 5473 1980 5529 Tonanti

574 5613 604 5643 ι
638 5599 847 5656 Mallem
879 5597 1075 5653 orbem.
1110 5593 1338 5656 Hanck.,
1374 5602 1486 5646 not.
1519 5608 1619 5647 ms.

575 5673 604 5712 δ
637 5671 770 5739 Quis
814 5671 884 5724 sit
926 5675 1228 5740 przeceptor
1253 5663 1438 5740 palatii
1467 5663 1699 5740 explicat
1736 5661 1859 5740 alibi
1892 5660 2080 5740 Wala-

506 5732 715 5798 fridus:
769 5761 787 5793 ι
826 5732 1329 5808 (ὶιιὲηιεὶάιιῇς)ί1ι]η],⁸
1364 5735 1563 5808 inquit,
1600 5734 1833 5808 sunt_in_
1867 5732 2081 5801 palatiis

498 5803 869 5884 praceptores
895 5809 976 5863 vel
999 5807 1224 5861 comites
1248 5804 1432 5875 palatii
1477 5804 1566 5874 qui
1594 5803 1932 5858 saecularium
1956 5817 2080 5855 cau-

1054 357 1442 413 WALAFRIDI
1483 358 1729 415 STRABl
1769 359 1971 414 FULD.
2013 360 2056 412 Μ

2219 359 2366 418 ore.
2407 362 2586 421 rans
2621 365 2706 422 Ill.
2745 339 3181 424 Quantum.

3655 343 3680 424 ἦ
3698 372 3784 423 ιε.το

2131 483 2183 544 Α
2284 475 2588 546 Strabonis,
2616 497 2824 537 memor
2849 492 2932 538 est
2961 500 3172 555 semper
3198 496 3252 540 ct
3279 488 3389 555 ipse
3420 487 3517 540 tui.

2205 567 2357 635 Quod
2386 571 2613 627 Domino
2643 586 2855 630 sectare
2885 575 3082 644 placet,
3112 577 3254 646 quod
3281 578 3462 647 jussit,
3493 589 3722 640 amato;

2238 729 2242 733 ‘
2274 658 2427 726 Quod
2455 663 2703 732 spondet,
2727 679 2935 734 speres,
2963 669 3103 737 quod
3135 669 3409 737 prohibet,
3434 668 3642 740 fugias.

2205 748 2375 819 Dilige
2398 752 2645 820 virtutes,
2672 756 2820 811 vitiis
2845 759 3032 827 procul
3062 760 3313 814 omnibus
3341 769 3478 814 esto.

2271 842 2501 899 Praemia
2532 858 2680 902 certa
2708 847 2885 912 bonis,
2919 865 3076 919 poena
3105 853 3263 905 datur
3293 853 3528 910 miseris.

2200 931 2280 986 Ad
2316 929 2538 990 meliora
2573 945 2692 993 tuos
2723 939 2886 993 ducat
2914 941 3055 994 Deus
3080 941 3262 995 omnia
3296 957 3487 997 sensus

2272 1023 2336 1077 Et
2362 1025 2459 1078 tibi
2482 1038 2744 1096 perpetuo
2773 1047 2998 1084 munera
3027 1047 3221 1102 magna
3253 1032 3411 1086 ferat.

2200 1113 2460 1182 Candide,
2489 1120 2653 1174 cbare
2680 1121 2817 1186 vale,
2843 1123 3162 1177 cbarissime
3191 1139 3407 1194 semper
3435 1127 3671 1197 ubique,

2269 1207 2431 1264 Pusio
2459 1212 2761 1272 candidule.
2791 1216 3017 1269 candide
3046 1216 3273 1285 pusiole.

2602 1337 2668 1374 AD
2707 1337 3062 1378 COTABEBTUM
3104 1341 3380 1381 ITALICUH.

2201 1427 2318 1485 Non
2347 1432 2522 1502 magis
2549 1443 2634 1488 est
2665 1444 2792 1490 nato
2818 1436 2997 1491 laetata
3027 1437 3240 1492 Verona
3272 1437 3485 1494 Catullo

2271 1523 2486 1579 Mantua
2519 1542 2618 1581 nec
2647 1536 2854 1583 tantum
2882 1530 2995 1598 ipsa
3019 1530 3239 1586 Marone
3267 1548 3389 1597 suo,

2197 1614 2398 1672 Laztior
2423 1628 2517 1673 aut
2544 1619 2725 1675 Hellas
2753 1637 3007 1693 magnum
3041 1623 3296 1678 fundebat
3324 1624 3654 1692 Homerum,

2269 1707 2516 1764 Corduba
2547 1711 2632 1766 vel
2663 1711 2901 1768 Senecas
2932 1714 3078 1768 misit
3107 1725 3161 1768 et
3188 1715 3300 1784 ipsa
3328 1716 3483 1781 duos,

2125 1833 2173 1893 Β
2201 1796 2372 1864 Quam
2400 1810 2471 1864 te,
2506 1801 2550 1855 si
2583 1801 2782 1865 valeas,
2815 1813 3024 1858 crescet
3052 1806 3271 1859 doctore
3298 1805 3580 1871 Ticinum,

2271 1889 2569 1947 Fortunate
2600 1908 2757 1961 puer,
2783 1893 2991 1948 Tullius
3017 1894 3153 1948 alter
3179 1895 3307 1949 eris.

2201 1980 2287 2037 Sis
2315 1973 2624 2053 quicunque
2645 1984 2784 2050 vale,
2808 1985 2890 2039 vel
2918 1986 2992 2040 sis
3021 1988 3328 2059 quicunque
3354 1988 3583 2042 futurus

2269 2071 2466 2130 Noster
2495 2075 2623 2140 eris,
2653 2076 2835 2132 valeas
2864 2078 3136 2146 poscimus
3165 2079 3219 2132 in
3251 2079 3493 2134 Domino.

2435 2199 2502 2237 AD
2544 2200 2764 2239 THOMAM
2802 2202 3202 2243 PRECEPTOREI
3241 2205 3454 2244 PALATII
3495 2191 3547 2242 δ.

2196 2291 2419 2348 Culmen
2447 2295 2725 2364 apostolici
2755 2297 2966 2366 cmpisti
2995 2300 3230 2354 nominis
3256 2301 3431 2356 haeres

2266 2383 2491 2449 Actibus
2519 2395 2576 2439 et
2601 2387 2800 2452 verbis,
2824 2390 3189 2456 promeruisse
3220 2391 3334 2455 tibi,

2197 2475 2297 2542 Qui
2330 2477 2413 2530 bis
2441 2493 2570 2532 sena
2598 2494 2694 2534 suo
2725 2481 2968 2550 praelegit
2994 2490 3212 2551 pectora
3243 2483 3384 2540 dono

2267 2566 2425 2623 Novit
2454 2567 2775 2624 Strabonem
2808 2580 2861 2625 te
2889 2573 3125 2628 retinere
3149 2573 3352 2627 animo.

2194 2659 2416 2715 Gaudeo
2443 2676 2548 2714 non
2583 2669 2788 2714 tantum
2821 2662 3004 2716 mundi
3032 2665 3175 2733 quod
3204 2680 3463 2734 prospera
3493 2668 3704 2733 rident.

2265 2749 2535 2816 Quantum
2563 2751 2704 2820 quod
2736 2752 2946 2806 cunctis
2974 2767 3073 2821 pro
3098 2754 3340 2810 bonitate
3362 2755 3571 2824 places.

2191 2840 2307 2895 Hoc
2336 2857 2622 2896 commune
2653 2843 2813 2898 malis
2840 2843 2956 2898 fieri
2987 2846 3112 2914 quia
3145 2862 3288 2916 saepe
3315 2849 3568 2904 videmus

2264 2930 2393 2984 Illud
2431 2932 2632 2986 habent
2665 2933 2789 2998 soli,
2817 2934 2908 3002 qui
2945 2933 3199 3003 placuere
3231 2935 3360 2991 Deo.

2193 3017 2307 3072 Non
2333 3019 2425 3073 dat
2450 3019 2626 3074 honor
2652 3022 2926 3088 meritum,
2955 3024 3164 3078 meritis
3185 3026 3277 3079 sed
3307 3026 3553 3081 redditus
3580 3027 3718 3098 ipse.

2263 3108 2374 3163 Nec
2403 3110 2643 3178 peritura
2669 3111 2840 3180 ligant
2865 3124 3082 3182 pectora
3110 3116 3266 3184 plena
3299 3117 3427 3170 Deo.

2119 3183 2164 3246 C
2198 3197 2268 3252 Ut
2291 3199 2425 3265 sale,
2453 3216 2593 3265 rore,
2622 3202 2820 3256 ducum
2849 3202 3017 3269 facie;
3044 3220 3194 3269 caro,
3221 3208 3487 3276 gramina,
3511 3208 3689 3270 bella,

2267 3289 2381 3346 Non
2407 3294 2523 3346 sine
2555 3293 2672 3350 labe
2695 3304 2901 3359 carent,
2936 3296 3013 3350 sic
3039 3312 3138 3368 ego
3165 3307 3244 3361 te,
3273 3298 3413 3352 alme
3443 3308 3634 3368 pater.

2195 3382 2252 3437 lu
2279 3383 2506 3438 Domino
2531 3384 2648 3438 sine
2673 3384 2778 3439 fine
2809 3385 2943 3448 vale,
2972 3388 3251 3457 nostrique
3279 3397 3556 3443 memento

2267 3473 2438 3529 Unius
2460 3475 2728 3546 siquidem
2759 3478 2999 3532 membra
3027 3494 3212 3533 sumus
3239 3478 3454 3550 capitis.

2637 3622 2666 3658 Λ
2676 3621 2705 3658 D
2741 3622 3025 3663 COSRADUI
3063 3623 3325 3666 COIIITEII.

2195 3715 2272 3770 Ex
2302 3732 2410 3786 quo
2436 3716 2740 3786 percipiens
2764 3728 2956 3772 vestrm
2986 3721 3256 3788 praeconia
3288 3719 3448 3776 fama:

2265 3805 2334 3859 Et
2359 3806 2545 3860 crebra
2571 3816 2626 3859 et
2651 3821 2796 3871 vera,
2828 3808 2966 3862 hanc
2991 3811 3197 3865 ratione
3222 3812 3355 3865 bibi.

2195 3901 2452 3956 Obscuris
2482 3901 2607 3955 licet
2638 3903 2873 3971 ingenio,
2901 3895 3170 3955 natalibus
3194 3912 3378 3972 atque,

2263 3996 2614 4068 Congaudere
2641 3999 2842 4059 animo,
2867 3997 3114 4051 laudibus
3144 3997 3227 4051 bis
3254 3999 3452 4052 studui.

2192 4090 2413 4161 Egimus
2437 4091 2570 4164 hoc,
2589 4091 2799 4161 agimus
2827 4105 2970 4144 nunc
2999 4089 3192 4159 ipsum,
3217 4105 3428 4160 semper
3451 4107 3700 4162 agemus,

2265 4183 2402 4236 Dum
2429 4181 2608 4236 vitalis
2638 4181 2747 4236 alet
2769 4189 2986 4251 pectora
3019 4189 3202 4233 nostra
3231 4180 3397 4234 calor.

2194 4274 2462 4344 Quidquid
2490 4276 2632 4329 enim
2661 4289 2878 4344 possum
2911 4272 3079 4336 facto,
3103 4287 3282 4342 prece,
3313 4273 3508 4336 corde.
3539 4274 3751 4340 ﬁdeqne

2265 4365 2379 4420 Hoc
2410 4372 2580 4419 totum
2608 4373 2788 4418 vestro
2823 4363 3070 4430 mancipo
3097 4363 3313 4417 servitio

2192 4455 2260 4511 Et
2288 4457 2329 4511 si
2360 4471 2464 4510 non
2495 4455 2657 4510 fuerit
2685 4470 2934 4518 vacuum,
2961 4454 3249 4522 przesentia
3277 4469 3384 4524 quo
3413 4469 3506 4508 me

2114 4540 2168 4599 D
2269 4547 2456 4604 Vestra
2483 4548 2697 4612 bilaret,
2722 4556 2900 4602 mente
2921 4563 3016 4602 vos
3045 4556 3226 4600 tamen
3258 4546 3493 4601 intueor.

2192 4641 2400 4696 Vilibus
2428 4641 2678 4710 experiar
2703 4641 2885 4704 dictis,
2908 4640 3139 4694 liceattie
3161 4638 3362 4692 volenti

2263 4734 2402 4789 Hinc
2431 4733 2560 4787 mihi
2590 4731 2744 4801 plura
2772 4730 2944 4784 sacris
2971 4731 3195 4784 credere
3218 4730 3359 4782 dicta
3384 4727 3549 4784 volis.

2193 4825 2329 4881 Nam
2359 4827 2480 4880 data
2510 4825 2553 4879 si
2584 4823 2748 4878 fuerit
2779 4823 2994 4876 tandem
3027 4822 3219 4876 fiducia
3247 4821 3394 4875 fandi

2265 4918 2376 4972 Vos
2404 4931 2567 4987 penes
2597 4915 2739 4969 haud
2765 4924 2890 4985 apto
2919 4925 3161 4984 tempore
3188 4922 3369 4968 mutus
3391 4928 3512 4968 ero.

2196 5007 2500 5080 Nobilitatis
2525 5023 2685 5078 apex,
2708 5006 2985 5060 hominum
3015 5015 3170 5074 pater
3194 5019 3330 5058 unus
3358 5013 3415 5058 et
3435 5020 3549 5058 una

2264 5099 2598 5170 Pauperibus
2622 5113 2874 5168 proceres
2898 5097 3203 5152 conditione
3229 5096 3401 5166 ligans

2195 5190 2483 5264 Virtutem,
2508 5189 2692 5253 vitam,
2718 5205 3014 5259 pacemque
3041 5189 3095 5242 in
3130 5187 3324 5244 saecula
3353 5196 3601 5243 vestram

2263 5285 2587 5355 Amplifieet,
2611 5285 2808 5349 firmet,
2836 5283 3174 5354 multiplicct,
3206 5282 3402 5337 foveat.

2617 5411 2685 5449 AD
2732 5410 3087 5452 ηυΑυΒειιΝωι
3117 5409 3321 5450 ιλιεωί

2190 5483 2265 5537 Ex
2283 5499 2389 5554 quo
2411 5483 2554 5540 fama
2581 5485 2654 5540 tui
2682 5485 2946 5542 celebrem
2976 5485 3106 5549 mihi
3135 5483 3370 5540 nominis
3390 5497 3587 5537 auram

2189 5612 2278 5651 sas
2304 5597 2585 5651 ventilant.
2620 5616 2639 5646 )
2671 5595 2911 5650 Fuerunt
2949 5597 3112 5666 igitur
3147 5606 3488 5666 pra’ceptores
3525 5596 3682 5650 iidem
3708 5608 3774 5647 ac

2186 5667 2411 5749 comites
2456 5667 2641 5749 palatii
2669 5667 2991 5749 v'entilandis
3035 5668 3215 5723 causis
3253 5668 3505 5724 civilibus
3547 5668 3770 5719 detum-

2187 5737 2297 5790 dati
2330 5753 2358 5790 a
2387 5737 2646 5807 principe.
2681 5737 2842 5791 Risu.
