3978 6310
238 339 403 402 ⁴4101

274 448 480 527 Attulit,
502 468 557 514 et
586 446 707 512 fidei
739 456 920 517 robur,
945 464 1233 518 rerumque
1261 456 1475 501 tuarum

274 550 508 622 Cognovi
530 547 743 609 seriem,
772 557 963 614 magno
994 549 1045 595 te
1075 538 1275 611 pronus
1296 551 1480 591 amore

271 643 637 714 Amplecteus,
660 635 770 706 jugi
804 646 1013 687 mecum
1044 628 1343 683 venerabar
1375 627 1598 680 honore.

270 732 344 790 Et
356 731 481 804 quia
501 727 785 800 quaesitum
813 721 984 777 interni
1008 732 1333 790 cognoscere
1355 714 1570 772 tandem

269 825 454 881 Crevit
483 834 658 883 amor,
689 821 893 887 quanto
925 810 1148 883 propius
1174 810 1262 880 pia
1292 808 1437 863 notio
1459 808 1651 860 crevit.

269 914 403 983 Quis
431 909 734 967 numerabit
762 904 927 968 enim,
958 910 1193 973 quantos
1212 914 1453 970 persmpe
1472 896 1685 950 labores

270 1001 604 1061 Sustuleris?
625 996 950 1069 quantisque
984 1002 1153 1056 tuam,
1184 989 1481 1052 Rodbeme,
1501 985 1717 1058 periclis

267 1091 577 1149 Credideris
597 1090 760 1143 vitam
784 1086 1123 1141 dominorum
1150 1082 1341 1133 damna
1367 1077 1660 1149 gemendo?

268 1186 404 1239 Dum
430 1183 582 1237 fraus
601 1195 740 1236 saeva
769 1178 915 1248 pium
942 1180 1211 1245 premeret
1236 1170 1339 1225 sibi
1384 1168 1541 1224 noxia
1574 1180 1754 1236 regem

268 1276 637 1346 Reginamque
662 1271 940 1332 humilem,
976 1265 1231 1337 Ligurum
1256 1260 1536 1317 clausisset
1559 1258 1609 1312 in
1632 1257 1840 1310 urbem.

264 1366 320 1419 ln
353 1364 603 1418 manibus
636 1360 857 1431 posuisti
888 1358 1152 1421 animam,
1177 1368 1275 1407 nec
1302 1349 1501 1419 grande
1546 1347 1773 1417 putabas

261 1456 502 1511 Exilium
527 1467 790 1520 casusque
820 1450 894 1503 tui
920 1446 1255 1507 discrimina,
1292 1442 1336 1497 si
1367 1455 1526 1512 quem

263 1546 437 1601 Moliri
464 1561 498 1615 p
534 1557 651 1598 sses
671 1542 809 1612 juris
831 1555 928 1609 pro
956 1545 1112 1609 parte
1140 1536 1400 1605 vigorem.

261 1626 491 1706 Quando
525 1638 715 1690 horum
745 1642 901 1687 cauta
933 1645 1139 1685 mecum
1165 1629 1265 1681 sub
1293 1632 1471 1680 mente
1501 1622 1758 1680 recordor

261 1730 450 1792 Miror,
482 1736 537 1782 et
567 1726 618 1779 in
647 1724 916 1794 lacrymas
944 1728 1215 1775 commoto
1241 1725 1456 1787 pectore
1485 1714 1684 1777 solvor,

257 1821 325 1874 Et
352 1828 617 1890 quantum
643 1817 870 1886 accipio,
902 1812 1110 1868 Domini
1140 1811 1332 1866 solatia
1363 1809 1507 1864 vires

258 1914 371 1967 llas
397 1912 653 1966 tribuisse
684 1910 801 1973 tibi,
833 1917 984 1961 certo
1004 1920 1103 1975 pro
1131 1917 1352 1979 munere
1377 1900 1559 1956 credo.

258 2004 376 2059 Heu
410 2003 609 2073 quibus
637 2000 865 2063 insidiis,
897 1996 1200 2051 arctissima
1229 2002 1379 2062 septa
1408 1992 1618 2045 viarum

254 2098 487 2169 Alpibus
514 2096 567 2149 iu
597 2094 784 2148 mediis
806 2091 975 2147 solers
1001 2089 1244 2145 custodia
1274 2088 1476 2142 cinxit!

255 2190 483 2257 Quanta
507 2203 604 2258 per
631 2186 876 2256 ingentes
899 2182 1183 2238 ﬂuviorum
1210 2180 1457 2248 angustia
1486 2194 1680 2235 cursus

253 2281 505 2345 Terruit,
536 2288 592 2332 et
619 2277 868 2347 quotiens
894 2274 1158 2343 trepidum
1187 2280 1409 2327 tenuere
1458 2270 1700 2335 latebrae,

254 2372 561 2441 Pauperies
588 2370 804 2440 pressit,
832 2380 1070 2437 praesens
1096 2373 1297 2427 metus,
1319 2361 1500 2415 omnia
1532 2360 1686 2424 dura,

258 2464 483 2519 Nullum
509 2473 729 2532 tempus
755 2468 879 2515 erat.
900 2471 1095 2512 securo
1118 2468 1344 2509 munere
1370 2452 1613 2523 plenum,

256 2557 387 2612 Nox
406 2554 641 2609 obscura
668 2553 829 2615 diem,
857 2560 1068 2604 noctem
1096 2546 1185 2601 lux
1212 2546 1325 2616 ipsa
1360 2543 1615 2597 timebat:

256 2646 420 2704 Nulla
457 2645 615 2698 domo
639 2656 897 2712 cainpove
923 2639 1097 2709 quies,
1132 2638 1295 2690 timor
1322 2634 1558 2705 undique
1601 2632 1839 2703 pulsans.

258 2739 392 2796 Sola
427 2737 562 2792 ﬁdes
585 2735 823 2802 rectique
852 2732 952 2786 sibi
981 2745 1131 2784 mens
1160 2728 1375 2783 conscia
1402 2735 1612 2783 tantum

257 2830 456 2886 Suasit
480 2842 637 2897 opus,
661 2826 948 2893 docuitque
975 2822 1211 2890 aliquam
1240 2834 1458 2889 sperare
1483 2818 1733 2875 salutem.

257 2922 478 2978 Cmtera
503 2919 601 2974 sed
627 2917 794 2972 nimio
820 2924 1027 2970 terrore
1054 2912 1257 2982 pericla
1284 2911 1480 2967 furenti

254 3013 503 3071 δειξνίιίεὲ
524 3023 735 3067 cessere
767 3008 1073 3070 hominum;
1100 3020 1204 3074 qua
1228 3020 1373 3073 saepe
1400 3013 1619 3059 coaetus

255 3102 623 3165 Commutasti
652 3099 894 3155 habitum
933 3095 1222 3164 famulique
1250 3094 1367 3148 vice
1398 3103 1519 3163 apta
1544 3108 1641 3163 per
1670 3102 1841 3147 artem

260 3196 508 3255 Servitia
537 3190 763 3260 explesti
788 3186 1031 3256 supplex,
1055 3195 1107 3238 et
1137 3184 1279 3237 mille
1305 3183 1533 3253 gerebas

244 3275 491 3344 ingeniis
516 3272 660 3341 quod
691 3272 960 3339 praecipua
987 3267 1184 3321 virtute
1210 3266 1495 3334 nequires;

249 3367 360 3423 Sed
397 3380 552 3419 mens
586 3362 743 3433 plena
775 3362 878 3416 lide
906 3359 1052 3414 nullo
1071 3358 1286 3414 defessa
1320 3358 1502 3413 labore

249 3457 377 3511 Non
413 3463 539 3508 ante
559 3460 914 3522 assumptum,
939 3451 1065 3521 quia
1093 3450 1198 3504 vim
1226 3448 1530 3505 formidinis
1557 3462 1697 3503 unus
1778 3506 1783 3509 _

246 3552 528 3608 deseruit,
555 3543 863 3612 requiemve
891 3542 1098 3606 habuit.
1126 3556 1290 3610 quam
1323 3541 1499 3609 prima
1527 3551 1804 3610 potentum

244 3637 437 3695 Corda
467 3651 565 3705 per
592 3634 905 3706 HeSperiam
935 3633 1154 3703 scriptis
1178 3632 1452 3702 verboque
1472 3633 1648 3703 coegit

244 3728 598 3797 Sacrilegum
621 3727 870 3796 genuisse
897 3726 1082 3791 nefas;
1126 3724 1212 3780 bis
1237 3724 1431 3781 deinde
1457 3733 1734 3793 peractum
1759 3731 1845 3778 est

241 3821 536 3885 Consiliis,
565 3828 625 3872 ut
651 3819 793 3874 fessa
826 3818 916 3873 diu
941 3826 995 3871 et
1030 3831 1340 3885 compressa
1365 3816 1631 3873 malorum

242 3912 599 3971 Ponderibus
626 3910 831 3979 regina,
857 3907 989 3963 feris
1016 3908 1209 3961 educta
1235 3905 1472 3960 tenebris

177 4018 184 4026 ‘
243 4006 377 4062 Non
410 4004 529 4059 sine
555 4003 760 4058 honore
786 4001 958 4065 foret;
999 3999 1322 4067 tandemque
1342 4006 1607 4064 οοουιιιιε,
1642 4006 1700 4053 et
1726 4008 1844 4055 arte

243 4100 407 4157 Usus
435 4096 775 4158 adumbrata,
800 4092 997 4149 venisti
1023 4100 1081 4146 et
1106 4091 1281 4147 dulcia
1303 4104 1505 4146 coram—

240 4187 579 4257 Suscipiens
608 4185 863 4242 mandata
895 4184 986 4255 pio
1021 4182 1165 4239 celer
1188 4184 1305 4255 ipse
1327 4182 1610 4253 libensque

240 4279 484 4342 Caesari,
515 4285 572 4333 et
599 4276 871 4347 adjunctis
902 4276 1130 4348 portasti
1156 4277 1364 4347 primus
1385 4276 1593 4333 amicis.

243 4372 373 4428 Nec
401 4371 581 4425 minus
612 4368 742 4423 illud
775 4370 879 4424 iter
906 4370 1143 4425 recidivo
1166 4370 1392 4424 horrore
1412 4369 1703 4424 molestum

237 4460 585 4529 lnsidiisque
610 4459 855 4528 dolisque
888 4460 983 4513 tibi
1015 4459 1115 4514 fuit
1151 4460 1386 4529 undique
1412 4460 1628 4529 plenum

244 4555 559 4609 Cumanum
584 4553 799 4623 quando
833 4562 981 4607 arcta
1012 4554 1185 4607 laeum
1213 4554 1454 4607 custodia
1487 4556 1601 4607 nisa
1630 4563 1714 4607 est

254 4633 618 4695 Prieclusisse
652 4630 782 4695 tibi;
824 4628 1032 4683 Domini
1057 4628 1150 4683 sed
1174 4628 1361 4684 dextra
1395 4629 1673 4683 secundos

251 4723 576 4786 hmnittens
600 4729 789 4777 ventos
808 4720 1026 4775 inimico
1046 4735 1078 4773 a
1105 4718 1283 4773 liuore
1300 4718 1467 4775 vexit.

256 4815 483 4872 Rursus
507 4812 561 4866 in
589 4811 773 4874 aeriis,
789 4808 989 4864 nivium
1017 4808 1097 4862 vis
1117 4807 1336 4877 Alpibus
1361 4807 1494 4863 altas

254 4902 430 4961 Fecit
453 4903 652 4958 habere
678 4914 876 4963 moras,
908 4899 1111 4968 requiei
1139 4898 1423 4954 inamabile
1461 4909 1685 4967 tempus.

260 4995 387 5049 Has
414 5006 627 5062 quoque
648 4990 925 5046 decutiens
949 4989 1145 5043 studiis
1173 4988 1409 5056 iniuncta
1436 4992 1680 5061 benignis

255 5084 493 5148 Nuntia,
523 5083 750 5139 sollicito
777 5080 1002 5137 rettulisti
1024 5096 1092 5136 ex
1119 5081 1307 5136 ordine
1341 5081 1474 5152 regi,

255 5174 371 5232 Bis
396 5173 490 5228 tibi
518 5188 617 5244 pro
644 5172 822 5228 causis
846 5179 902 5227 et
927 5180 1033 5224 tam
1062 5170 1305 5243 felicibus
1340 5170 1578 5238 inquam.

251 5262 505 5322 Ausibus
536 5261 624 5315 ille
649 5262 816 5316 redux
844 5276 937 5316 rex
968 5269 1022 5316 et
1052 5261 1235 5329 regina
1264 5260 1437 5315 soluta
1481 5303 1499 5318 .

257 5357 339 5414 Et
365 5340 546 5411 cuncti
574 5353 778 5422 pariter
798 5355 957 5423 plena
984 5351 1181 5421 pietate
1203 5349 1401 5413 fideles,

262 5443 450 5499 Altius
477 5441 745 5496 ascribent
772 5442 955 5495 laudes
982 5450 1035 5494 et
1067 5454 1257 5495 nomen
1290 5441 1590 5505 honestum.

252 5537 493 5605 Insuper
509 5533 857 5603 Omnipotens
885 5533 1075 5589 statuit
1099 5533 1188 5602 qui
1209 5532 1333 5601 jura
1366 5533 1630 5603 fidemque

257 5626 371 5692 Qui
402 5625 648 5679 dominos
674 5622 1002 5692 famulosque
1031 5641 1133 5679 una
1164 5626 1341 5679 radice
1368 5634 1580 5679 creatos
1608 5652 1628 5660 -
1700 5656 1701 5659 η

257 5717 389 5772 Non
419 5730 573 5785 :equa
604 5714 805 5769 ditione
833 5712 976 5778 facit,
1015 5716 1107 5769 sed
1136 5730 1318 5771 amore
1345 5725 1395 5771 et
1426 5717 1631 5775 honoro

1212 328 1480 387 vsnsus
1517 327 1583 384 IN
1621 316 2043 393 AQUISGRANI
2079 322 2375 379 nemo
2415 310 2612 379 sum.

1870 444 1920 503 Α

1874 1792 1918 1853 Β

1875 3141 1920 3203 C

1875 4487 1922 4544 D

3360 318 3531 375 116?.

1947 439 2288 495 Concordare
2314 438 2441 505 sibi,
2471 436 2660 494 reddet
2685 437 2780 493 tibi
2800 444 3019 508 pragmta
3045 451 3173 493 veta

1947 530 2101 586 Haud
2128 524 2303 585 dubiae
2325 528 2467 595 ﬁdei,
2501 544 2621 599 quae
2648 544 2758 583 non
2779 544 2900 583 cum
2932 526 3090 583 laude
3120 526 3354 583 volantis

1948 621 2228 692 Temporis
2254 618 2540 686 intereant,
2573 620 2668 675 sed
2691 619 2744 674 in
2785 619 2966 674 omnia
3002 618 3160 673 saecla
3202 617 3524 685 redundent,

1947 714 2074 770 Haec
2098 724 2259 771 aetate
2285 716 2501 787 quidem
2533 712 2763 769 invalida
2786 713 2915 769 dum
2955 719 3196 782 tempora
3221 712 3457 768 nondum
3570 698 3573 703 ’

1946 805 2094 862 Pube
2122 822 2216 861 sua
2251 806 2451 861 teneris
2473 803 2728 861 ﬂorerent
2751 805 2916 859 tincta
2940 805 3040 858 sub
3066 804 3222 858 annis

1945 898 2161 953 Emula
2192 909 2501 969 paupertas,
2533 899 2658 952 dum
2682 898 2905 969 grandia
2933 896 3077 952 facta
3101 902 3312 951 vetaret

1944 990 2003 1046 ln
2027 992 2296 1061 probitate
2320 1006 2438 1055 sua,
2463 999 2628 1044 temet
2653 989 2892 1059 potuisse
2919 988 3189 1042 volentem

1945 1081 2222 1147 Miramur,
2256 1097 2375 1152 quae
2390 1072 2557 1151 posse
2586 1080 2733 1135 dedit
2755 1082 2894 1136 Deus
2920 1082 3108 1136 ordine
3136 1087 3305 1136 certo.

1944 1177 2085 1248 Ergo
2114 1176 2234 1245 quis
2262 1177 2315 1229 in
2344 1176 2605 1245 reliquum
2630 1173 2697 1229 de
2725 1183 2780 1230 te
2807 1174 3055 1228 dubitare
3083 1175 3292 1229 sinetur

1945 1269 2216 1334 Quantum
2244 1283 2342 1336 pro
2384 1267 2634 1333 dominis,
2665 1274 2925 1336 quantum
2945 1282 3044 1335 pro
3058 1263 3180 1334 jure
3211 1266 3422 1336 lldeque

1946 1357 2005 1413 Si
2031 1358 2180 1413 locus
2210 1356 2421 1411 all‘uerit
2444 1357 2653 1418 melior,
2683 1356 2962 1426 majorque
2986 1353 3215 1409 facultas

1947 1447 2219 1501 Desudare
2247 1445 2413 1500 velis?
2437 1446 2529 1515 qui
2556 1445 2730 1515 prima
2760 1444 3097 1502 incommoda
3114 1444 3246 1499 forti

1945 1539 2262 1595 Sustinuisti
2289 1526 2492 1605 animo,
2526 1542 2686 1595 rebus
2718 1555 2824 1594 non
2854 1530 3029 1594 victus
3055 1534 3280 1606 amaris,

1945 1630 2214 1701 Spemque
2239 1638 2545 1701 metumque
2576 1631 2718 1686 inter
2744 1631 2907 1685 dubio
2936 1631 3246 1686 discrimine
3287 1630 3526 1701 pendens

1945 1723 2085 1778 Ante
2114 1723 2305 1778 oculos
2328 1724 2462 1778 duro
2486 1724 2743 1777 versahas
2771 1724 3009 1792 pondere
3031 1731 3280 1779 mortem.

1945 1819 2088 1889 Ergo
2109 1835 2227 1891 age,
2252 1819 2338 1875 fer
2365 1820 2590 1875 Domino
2609 1827 2811 1890 grates,
2839 1827 2897 1875 et
2914 1832 3137 1872 munera
3160 1817 3381 1872 landum

1943 1910 2322 1982 Justitiamque
2346 1912 2507 1966 simul
2547 1912 2887 1966 dominorum
2932 1911 3149 1966 attende
3194 1918 3522 1979 merentum,

1945 2002 2146 2057 Tristia
2173 2003 2448 2066 deserere,
2473 2010 2528 2055 et
2556 2016 2749 2055 rursus
2770 2002 2823 2054 in
2851 2000 2973 2055 laeta
3006 2000 3206 2064 redire,

1944 2092 2079 2149 Nam
2110 2096 2237 2164 quid
2262 2102 2379 2147 erat
2401 2101 2598 2148 maesto
2620 2103 2729 2147 tam
2765 2091 3102 2163 desperabile
3126 2107 3314 2162 regno,

1943 2184 2116 2252 Quam
2144 2199 2241 2239 sua
2263 2184 2521 2253 depositis
2542 2184 2740 2238 iterato
2762 2198 2922 2253 posse
2952 2183 3138 2238 venire

1944 2272 2189 2342 Sceptra,
2204 2282 2524 2342 .statumque
2549 2272 2671 2328 illos
2695 2273 2926 2341 adipisci
2955 2288 3114 2342 posse
3135 2272 3406 2342 priorem?

1942 2363 2052 2419 Sed
2084 2365 2226 2418 Deus
2252 2363 2444 2418 occulti
2459 2363 2648 2432 judex,
2676 2372 2839 2433 atque
2862 2364 3066 2418 arbiter
3087 2376 3294 2433 :equus,

1942 2456 2055 2512 Hos
2075 2455 2300 2524 illosque
2334 2470 2428 2510 sua
2450 2454 2589 2524 juvit
2614 2455 2817 2509 virtute
2843 2453 3051 2516 fideles,

1945 2548 2176 2612 laetare,
2203 2546 2412 2602 exsulta
2436 2562 2665 2602 mecum.
2699 2545 2834 2599 Nam
2854 2545 3065 2616 gaudeo
3090 2554 3290 2606 tecum,

1944 2639 2059 2694 Hoc
2083 2639 2209 2709 quia
2233 2636 2489 2707 compleri
2516 2644 2570 2690 et
2594 2635 2919 2705 completum
2946 2643 3101 2704 parte
3131 2634 3395 2700 videmus,

1942 2733 2060 2802 Ipse
2084 2732 2229 2802 quod
2252 2730 2455 2801 optavi,
2482 2729 2770 2798 saltimque
2791 2729 2978 2783 audire
3005 2729 3206 2799 cupivi,

1944 2823 2202 2893 Quodque
2229 2837 2325 2892 per
2346 2822 2613 2890 ingentem
2642 2818 2883 2889 quaesisti
2913 2818 3017 2873 rite
3044 2818 3290 2873 laborem

1942 2913 2093 2969 Felix
2119 2913 2436 2984 participem
2459 2912 2549 2981 qui
2572 2926 2632 2966 se
2658 2910 2936 2982 cognoscit
2960 2910 3175 2966 honesti

1944 3007 2011 3062 Et
2031 3015 2336 3060 consortem
2367 3003 2566 3073 operis,
2591 3010 2847 3072 quantum
2871 3000 2974 3056 sibi
2994 2999 3245 3055 conscius
3275 2999 3367 3056 ille

1951 3095 2192 3168 Perlidiae
2217 3092 2434 3151 confusa
2457 3091 2627 3164 globis
2652 3106 2749 3162 per
2777 3098 2995 3160 pectora
3028 3090 3207 3154 tabet;

1951 3187 2206 3249 Tantum,
2234 3184 2316 3239 vel
2344 3182 2522 3254 potius
2556 3181 2723 3237 multo
2745 3182 3121 3252 magis,omnia
3149 3196 3333 3236 secum

1952 3276 2175 3355 Laetitiae
2200 3274 2439 3329 fomenta
2467 3273 2724 3338 habeant,
2754 3272 2846 3343 qui
2878 3271 2983 3326 fida
3014 3282 3293 3327 reservant

1949 3366 2126 3423 Corda
2151 3365 2263 3420 suis
2283 3362 2532 3431 dominis,
2560 3376 2827 3434 casusque
2848 3362 3046 3417 invicta
3070 3378 3170 3433 per
3191 3360 3399 3420 omnes.

1947 3458 2066 3513 Jam
2088 3457 2275 3512 videor
2301 3455 2527 3511 nimium
2556 3453 2787 3510 fortasse
2820 3452 3137 3524 loquacibus
3168 3468 3297 3509 usus

1948 3549 2310 3614 Hexametris,
2340 3548 2468 3602 dum
2505 3562 2696 3619 magna
2725 3560 2874 3601 meos
2903 3547 3143 3601 extendit
3170 3562 3384 3601 amores

1946 3638 2216 3702 Materies,
2246 3637 2588 3705 breviterque
2610 3634 2771 3705 pudet
2796 3635 3013 3701 dixisse.
3040 3636 3180 3705 quod
3205 3636 3311 3691 altc

1948 3729 2033 3785 Sit
2055 3729 2272 3799 dignum
2297 3726 2533 3796 ingenio,
2571 3724 2900 3794 dignumque
2925 3732 3174 3794 poemate
3199 3725 3379 3797 longo.

1945 3817 2049 3872 Dat
2078 3816 2256 3872 decies
2280 3815 2449 3869 denos
2471 3812 2592 3868 vilis
2615 3812 2709 3866 tibi
2737 3813 2968 3882 denique
2993 3829 3184 3869 versus

1948 3904 2165 3966 Strabo,
2199 3914 2393 3971 rogans
2422 3901 2581 3954 solito
2607 3909 2666 3953 ut
2690 3908 2868 3955 tecum
2891 3901 3168 3955 mediteris
3185 3916 3371 3962 amore

1945 3992 2105 4048 Jussa
2129 3991 2246 4055 Dei,
2275 3989 2561 4057 valeasque
2581 3988 2741 4042 simul
2761 4003 2857 4054 per
2876 3989 3070 4044 saecula
3096 3998 3309 4047 cuncta.

2489 4095 2560 4134 Αι)
2600 4092 2958 4134 Αωιιιεωλιι.

2088 4174 2145 4229 Si
2170 4172 2313 4242 quod
2333 4171 2478 4226 mille
2501 4180 2658 4227 sonat
2681 4170 3003 4225 relationum

2088 4262 2461 4318 Assertoribus
2484 4270 2671 4332 estque
2698 4262 2945 4316 veritatis

2090 4356 2350 4411 Ubertate
2374 4363 2571 4419 ratum,
2601 4364 2782 4408 tacere
2816 4355 2977 4419 nitar,

2090 4446 2344 4502 Fortasse
2371 4446 2585 4501 invidia:
2610 4455 2790 4499 notam
2813 4445 3019 4500 subibo.

2091 4536 2209 4593 Non
2232 4538 2334 4593 hoc
2359 4552 2489 4607 ergo
2509 4550 2639 4591 meae
2662 4536 2874 4607 placere
2895 4537 3061 4591 menti

2086 4630 2387 4701 Contingat.
2424 4629 2604 4699 potius
2627 4628 2785 4683 velim
2814 4629 3042 4699 benigne

2090 4718 2310 4781 Audire,
2340 4728 2396 4772 et
2427 4718 2545 4772 sine
2572 4717 2761 4771 fraude
2787 4717 3079 4787 publicare.

2089 4809 2353 4879 Quidquid
2383 4823 2505 4863 nam
2534 4810 2671 4864 bene
2689 4809 2758 4863 de
2784 4808 2937 4865 bonis
2960 4809 3208 4877 refertur,

2091 4901 2168 4956 De
2191 4909 2369 4955 vestra
2400 4899 2572 4955 fateor
2593 4901 2883 4969 probitate,
2922 4910 3101 4958 tantus

2082 4990 2312 5047 uosmet
2339 5005 2524 5047 rumor
2559 4991 2671 5058 alit,
2698 4993 2942 5062 rapitque
2973 5001 3201 5059 mentes,

2089 5079 2161 5137 Ut
2188 5082 2232 5136 si
2260 5081 2573 5137 dissimilem
2602 5081 2783 5137 favere
2804 5082 2948 5137 laudi

2086 5174 2307 5239 Contra,
2338 5174 2478 5246 quod
2506 5189 2655 5246 gero,
2687 5175 3073 5231 conscientiam
3101 5176 3195 5234 sit.

2086 5263 2345 5323 Miramur
2370 5264 2684 5320 concientia:
2702 5263 2951 5319 decorem

2086 5357 2203 5425 Quo
2226 5372 2323 5415 vos
2345 5355 2612 5427 praecipue
2640 5355 2813 5429 nitere
2838 5363 3025 5412 notum
3043 5364 3147 5420 est,

2090 5447 2349 5504 Miramur
2373 5448 2649 5515 meritum,
2674 5449 2978 5520 probosque
2999 5462 3197 5517 mores,

2089 5538 2221 5605 Quis
2240 5554 2342 5594 vos
2370 5553 2475 5594 non
2500 5539 2719 5595 dubium
2742 5546 2825 5595 est
2848 5540 3058 5611 placere
3082 5538 3308 5598 cunctis.

2089 5629 2189 5698 Qui
2222 5646 2317 5687 vos
2334 5631 2544 5705 laudat,
2573 5631 2775 5689 honore
2808 5646 2868 5687 se
2893 5640 3149 5695 coronat;

2090 5722 2191 5795 Qui
2216 5738 2307 5778 vos
2333 5710 2545 5797 laudat;
2576 5726 2736 5787 amat,
2765 5724 2999 5794 colitque
3023 5737 3227 5793 verum,
