3978 6310
587 481 653 518 νε
691 478 872 517 ιιτιιδιο
915 478 1078 518 TRIUI
1121 476 1424 518 ρυεκοιιωί.

1090 575 1317 645 Semper
1345 574 1574 629 adorent

1087 665 1258 722 Omne
1286 680 1382 736 per
1407 680 1603 720 aevum.

1085 756 1319 822 Cuncta,
1351 756 1614 826 chorique

1083 848 1310 903 Lumina
1338 847 1460 902 caeli

1086 938 1542 1009 Omnipotentem.

1161 1035 1398 1105 Quaeque
1432 1049 1700 1104 supernae,

1089 1128 1326 1197 Spiritus
1347 1126 1525 1180 omnis

1093 1217 1548 1288 Omnipotentem.

1161 1309 1366 1365 Cauma
1394 1308 1624 1379 geluque

1085 1405 1259 1474 Atque
1284 1402 1497 1474 pruinae

1086 1493 1545 1562 Omnipoteutem.

1159 1585 1384 1656 Noxque
1411 1585 1662 1654 diesque,

1086 1675 1320 1748 Fulgura
1350 1674 1524 1730 nubes

1091 1764 1550 1836 Omnipotentem.

294 588 730 650 Ummpotentem

222 673 292 730 Et
320 668 646 727 benedicant
722 653 724 657 ’

222 763 380 818 Astra
410 750 658 832 poturum

223 851 422 923 Solque
451 864 714 920 sororque

295 1040 389 1097 Sic
423 1054 638 1110 quoque
665 1039 944 1111 Lymphaa,

220 1131 334 1190 Ilos
356 1133 660 1205 pluviaaoue

291 1316 440 1380 Ignis
468 1323 526 1371 et
547 1323 728 1379 aestas,

217 1409 414 1482 Frigus
447 1418 504 1466 et
529 1408 713 1473 ardor,

289 1589 392 1647 Nix
424 1590 736 1663 glaciesque

213 1677 336 1739 Lux
373 1679 720 1751 tenebraeque

1161 1856 1423 1913 Gcrmina
1454 1854 1642 1920 colles,

1095 1947 1298 2002 Pontus
1327 1953 1384 2001 et
1409 1945 1567 2000 unda

1093 2037 1551 2109 Omnipotentem.

1167 2129 1296 2197 Qua:
1323 2129 1472 2184 vehit
1497 2143 1684 2199 aequor

1092 2221 1369 2291 Terraque
1402 2219 1596 2287 nutrit,

1092 2310 1551 2382 Omnipotentem.

1160 2400 1330 2458 Israel
1360 2401 1476 2472 ipse

1095 2492 1556 2563 Omnipotentem.

602 2623 802 2664 VERSUS
837 2623 892 2663 IN
932 2621 1144 2672 ρυοωιι
1184 2619 1429 2660 κΔΝτιιι.

292 1859 464 1916 Arida
497 1867 728 1926 montes,
800 1845 814 1856 ’

218 1948 478 2006 Flumina
505 1949 711 2016 fontes,

290 2133 491 2191 Omnia
514 2133 661 2198 viva,

217 2225 356 2294 Quae
386 2225 541 2282 vehit
567 2239 682 2291 aer,

291 2404 508 2463 Cuncta
545 2404 822 2462 hominum
851 2417 984 2474 gens

222 2721 418 2780 Pinxit
446 2722 774 2795 imaginibus
810 2737 994 2779 rerum
1026 2721 1266 2777 studiosa
1296 2721 1537 2776 coruscis

297 2813 460 2869 Hanc
496 2814 607 2870 itt..
633 2813 830 2884 pallam
865 2822 983 2868 arte
1010 2827 1279 2882 manuque
1307 2825 1495 2882 sagax.

223 2902 288 2959 Si
318 2912 438 2958 tam
469 2903 638 2958 multa
667 2919 832 2958 unam
863 2902 1014 2958 fabre
1040 2902 1246 2958 ﬁnxere
1274 2901 1502 2972 figuram

297 2995 483 3064 Quam
511 2995 734 3066 pulchre
759 2995 918 3049 binos
941 2993 1145 3064 colligit
1173 3008 1313 3047 unus
1346 3007 1518 3046 amor.

217 3087 378 3143 Orbe
407 3087 590 3141 voluta
620 3101 719 3142 suo
744 3086 928 3140 nitida:
954 3085 1251 3155 petulantia
1283 3085 1468 3140 carnis

299 3177 480 3236 Vento
507 3178 669 3235 tlante
695 3178 854 3248 perit,
887 3185 996 3233 stat
1025 3187 1204 3232 tamen
1235 3187 1393 3247 aptus
1426 3192 1594 3231 amor.

593 3305 662 3345 AD
700 3304 1061 3345 WEIIDBICIIUI
1101 3303 1407 3344 IlONACIIUI.

217 3403 390 3462 Nulla
426 3403 560 3460 fides
586 3413 785 3468 tecum,
817 3405 1054 3460 retinent
1085 3404 1361 3460 mendacia
1393 3413 1583 3468 totum,

299 3495 573 3566 Vulpibus
605 3495 860 3552 assimilis
889 3509 1011 3551 esse
1038 3495 1238 3550 videris
1265 3495 1430 3550 enim.

738 3619 931 3659 VERSUS
969 3620 1022 3659 IN
1061 3619 1282 3660 BACULO.

215 3718 282 3774 Si
313 3716 458 3774 mihi
485 3732 581 3787 pes
606 3716 798 3785 lapset,
831 3715 1080 3771 relevans
1106 3717 1223 3772 vice
1249 3726 1304 3771 tu
1333 3716 1485 3788 pedis
1509 3723 1647 3771 asta.

701 3820 898 3861 VERSUS
935 3821 985 3860 IN
1021 3822 1310 3862 FLAGELLO.

215 3897 526 3970 Postquam
557 3894 702 3951 nulla
731 3895 868 3950 meis
893 3906 1185 3950 creverunt.
1210 3895 1452 3964 germina
1480 3897 1648 3951 ramis

215 3978 405 4044 Ferre
444 3986 620 4042 minas
644 3983 852 4049 Cereri,
881 3983 1224 4054 fructumque
1268 3982 1558 4040 refundere
1585 3985 1744 4055 coepi.

705 4111 760 4151 IN
799 4110 1003 4151 αρυιο
1039 4109 1322 4151 (ιυιτειιι.

215 4212 332 4266 Per
364 4206 572 4263 ferrum
604 4205 798 4271 cilicio,
827 4221 924 4277 per
948 4221 1034 4262 me
1060 4207 1202 4278 quod
1234 4222 1339 4262 non
1367 4204 1500 4262 facit
1528 4207 1685 4273 ullus,

297 4300 402 4356 Sic
433 4297 528 4354 tibi
555 4299 627 4354 sit
649 4297 854 4354 ferrum
883 4297 1032 4365 utile,
1065 4315 1150 4354 me
1178 4299 1368 4354 retine.

812 4429 942 4469 ITEII
982 4430 1036 4468 IN
1074 4429 1216 4469 ALIO.

215 4531 377 4601 Quid
408 4536 602 4584 natura
627 4527 758 4583 mihi
788 4526 1064 4593 simulata,
1094 4527 1221 4597 quid
1262 4527 1411 4584 indat
1436 4529 1639 4596 imago,

297 4619 412 4676 Dic
439 4617 676 4688 prudens
703 4631 808 4672 uno
839 4617 1056 4673 nomine
1081 4618 1127 4672 si
1153 4619 1393 4688 sapiens.

869 4745 922 4784 IN
957 4745 1192 4786 IANICIS.

211 4851 378 4904 Ecce
407 4859 594 4899 sumus
622 4845 850 4915 gemina:
879 4843 1022 4899 socia
1055 4844 1284 4913 paritate
1310 4860 1525 4900 sorores

275 4938 412 4993 .Sic
441 4944 621 4991 tamen
660 4950 766 4990 una
794 4935 910 4990 vice
939 4937 1073 4991 vitet
1099 4945 1156 4991 ut
1184 4937 1425 4993 alterius.

221 5034 332 5088 Dic
365 5038 492 5087 cate
525 5029 654 5100 quid
685 5026 869 5091 faciat,
902 5028 1044 5098 quod
1081 5029 1156 5083 nil
1185 5028 1489 5099 perfecerat
1518 5032 1794 5101 unquam?

306 5120 413 5176 Vel
438 5136 598 5192 quem
625 5120 753 5176 dent
777 5118 1002 5201 liquido,
1034 5128 1180 5174 muta
1211 5119 1402 5177 labella
1430 5136 1642 5177 sonum.

854 5224 912 5267 IN
953 5223 1180 5266 τΑΒυιΑ.
1523 5229 1525 5232 ⁴
1599 5225 1638 5232 ’”

222 5303 430 5364 Pan-Io
457 5305 599 5376 quod
631 5303 838 5376 ignoro,
877 5317 978 5358 nec
1005 5303 1318 5384 contradico
1344 5303 1578 5374 petenti-
1635 5355 1638 5358 ,
1673 5348 1690 5353 -
1762 5353 1764 5356 .
2000 5303 2207 5365 Gaudia
2234 5312 2429 5367 magna
2451 5311 2671 5360 canens,
2705 5304 2943 5367 etsuper
2972 5311 2985 5386 ξ

1834 5421 1836 5424 ν
1930 5389 2213 5445 Exsultant
2230 5387 2458 5458 juvenes
2471 5387 2729 5442 laetantes
2748 5396 2812 5440 ac
2831 5387 3073 5442 seniores

887 5411 941 5450 IN
979 5411 1169 5450 CEREO.

224 5467 438 5558 "Ldus,
469 5486 704 5550 Christe.
740 5501 936 5542 manus
966 5487 1218 5542 factriccs
1245 5486 1415 5556 dirige
1441 5486 1604 5542 cerei.

291 5591 302 5612 ⁷
777 5602 783 5605 “
847 5595 900 5636 IN
940 5595 1207 5635 CONVWIO.

225 5673 360 5737 Sal,
394 5672 569 5742 panis,
601 5634 1306 5744 porrum,fpisces,vinum,
1345 5634 1750 5736 cibusadsuut,
1793 5660 1798 5664 ’

288 5760 551 5836 .Delicias
581 5779 762 5836 regum
795 5763 922 5818 nolo.
945 5763 1125 5819 videre
1155 5764 1330 5819 modo.

1148 346 1423 404 VERSUS
1457 343 1524 401 IN
1563 339 1984 412 AQUISGRANI
2024 341 2321 400 PALATIO
2370 344 2565 400 EDlTl.

1823 463 1874 522 Α

3345 341 3481 402 1106

2345 474 2411 514 ΑΒ
2449 474 2739 515 εριεεορωι
2779 474 3004 515 I-‘EIIEND.

1908 551 2146 622 Apparet
2167 567 2293 607 ecce
2319 566 2515 607 novum
2546 551 2711 622 regali
2739 560 3025 608 stemmate
3052 553 3274 610 donum.

1910 643 2070 709 Urbs,
2098 659 2350 714 persona,
2381 644 2550 713 locus,
2581 645 2751 717 regio,
2783 645 2976 711 tribus,
3003 645 3202 711 insula,
3231 647 3484 712 mundus,

1911 737 2158 808 Undique
2185 738 2456 810 congestis
2485 752 2711 795 numero
2740 739 2857 794 sine
2893 737 3152 810 lanceque
3181 737 3366 796 lucris.

1908 828 2215 885 Conciliare
2244 837 2419 894 tuum,
2448 838 2576 884 voto
2601 839 2843 884 certante
2873 829 3134 884 favorem.

1908 919 2057 977 India
2095 923 2260 976 mittit
2287 923 2440 986 ebur,
2471 937 2693 979 croceos
2722 923 2815 978 dat
2842 923 3064 978 Tmolus
3094 922 3282 981 odores

1909 1012 2116 1067 Aurum
2148 1013 2449 1068 turbidulus
2475 1013 2634 1068 solito
2659 1013 2777 1084 plus
2805 1015 2977 1085 egerit
2998 1014 3248 1082 Hermus,

1910 1102 1988 1158 Te
2017 1114 2235 1173 propter
2264 1105 2493 1174 geminis
2519 1103 2800 1160 fraudatur
2828 1108 3006 1176 opima
3037 1106 3289 1178 CanOpus

1909 1193 2131 1256 Pontus,
2160 1204 2216 1248 et
2240 1193 2478 1249 ostriferi
2509 1194 2694 1251 fauces
2727 1207 3029 1252 vacuantur
3051 1197 3246 1270 Abydi,

1910 1285 2160 1356 Engaddi
2183 1286 2477 1357 lacrymam
2514 1286 2691 1341 fundit
2719 1286 2812 1341 tibi
2844 1289 3046 1344 cortice
3076 1289 3277 1354 laetam,

1911 1377 2079 1433 Docta
2114 1379 2292 1434 minus
2323 1380 2426 1434 sibi
2457 1381 2568 1435 visa
2600 1381 2775 1452 Tyros
2807 1381 3020 1436 incusat
3057 1382 3318 1436 hebentes

1911 1468 2152 1534 Muricis,
2183 1469 2325 1524 haud
2357 1471 2551 1539 dignos
2589 1486 2646 1526 se
2666 1471 2846 1542 judice
2881 1470 3024 1526 fassa
3067 1472 3317 1536 rubores,

1911 1561 2112 1632 Epirus
2138 1561 2346 1632 palmas
2369 1562 2554 1629 simul,
2582 1572 2745 1632 atque
2774 1562 2993 1617 Mosella
3021 1561 3262 1617 novellas

1911 1651 2021 1708 Ceu
2045 1662 2403 1724 pennatorum
2435 1663 2646 1709 certant
2673 1655 2768 1709 tibi
2792 1654 3014 1724 gignere
3039 1667 3325 1723 equorum.

1911 1741 2178 1820 ’Δργυρὶου
2201 1743 2442 1799 albentes
2462 1745 2729 1814 depromit
2754 1743 2949 1799 Suevia
2980 1751 3212 1799 montes.

1839 1815 1888 1876 Β
1915 1815 2155 1908 Chrysca
2185 1845 2238 1893 te
2264 1837 2479 1892 vivente
2503 1838 2591 1892 diu
2623 1836 2740 1891 fore
2767 1835 2960 1891 saecula
2990 1837 3280 1906 spondens,
3333 1861 3335 1863 ι

1917 1928 2044 1985 Haec
2081 1929 2224 1984 inter
2248 1944 2516 1999 gemmam
2545 1943 2646 1984 nec
2673 1935 2788 1982 tuta
2815 1927 2954 1981 valle
2979 1934 3250 1996 repertam

1914 2016 2198 2073 Gemmam
2236 2017 2548 2083 lucidulam,
2582 2032 2781 2081 raram,
2821 2017 3062 2080 charam,
3095 2015 3386 2086 pretiosam
3483 2085 3486 2088 g

1917 2107 2264 2164 Transmittit
2278 2108 2528 2179 proprius
2547 2117 2798 2178 prompto
2818 2106 2916 2162 tibi
2937 2114 3158 2177 pectore
3179 2103 3336 2160 dulus
3354 2093 3506 2175 (δοῦέ

3363 2193 3498 2268 Dor)

1918 2290 2112 2347 Ooliab
2141 2289 2384 2360 sculpsit,
2417 2304 2523 2358 qua
2549 2287 2896 2357 neseleelque
2917 2286 3144 2353 notavit,

1921 2381 2066 2436 Voce
2091 2381 2308 2450 quidem
2333 2379 2520 2436 Graeca
2540 2395 2808 2451 gemmam
2835 2387 3065 2434 testante
3091 2379 3392 2449 probatam,

1863 2475 1869 2480 ’
1919 2471 2130 2544 Quippe
2159 2474 2403 2545 agathes,
2444 2473 2690 2544 egatbos,
2732 2472 2908 2528 bonus
2943 2479 3027 2528 est
3066 2469 3224 2544 lapis,
3267 2472 3382 2542 ipse
3421 2469 3504 2526 fa-

3320 2561 3500 2636 [ιθτὶεν

1921 2656 2169 2712 Bactrica
2205 2671 2312 2711 non
2340 2656 2498 2712 ebeni
2537 2656 2712 2712 radiat
2740 2656 2820 2712 sic
2847 2656 3016 2711 forma
3045 2655 3247 2730 nigelli,

1921 2748 2034 2806 Nec
2068 2750 2149 2805 sic
2177 2758 2461 2820 augustum
2491 2751 2746 2806 decorant
2772 2748 3134 2820 amethystina
3165 2745 3382 2803 collum.

1923 2841 2018 2898 Vel
2040 2842 2212 2913 jaspis
2242 2840 2387 2897 fulvo
2416 2856 2538 2898 cum
2569 2841 2786 2898 clausus
2813 2839 3050 2912 fulgurat
3077 2853 3230 2893 auro.

1920 2934 2047 2989 Istic
2083 2934 2126 2988 si
2162 2933 2382 2989 Davidis
2414 2933 2676 2989 resideret
2703 2933 2904 2988 vertice
2929 2933 3090 3003 regis,

1923 3024 2253 3096 Omnigenas
2280 3025 2504 3095 proprio
2530 3033 2838 3096 superasset
2866 3023 3070 3078 lumine
3097 3021 3362 3079 ﬂammas.

1924 3115 2167 3185 Denique
2196 3116 2240 3170 si
2272 3116 2410 3170 vatis
2440 3115 2606 3186 Moysi
2633 3115 2733 3170 sub
2761 3123 2977 3184 pectore
3001 3112 3205 3179 fratris,

1923 3207 2152 3279 Cogeret
2185 3207 2430 3263 undenas
2455 3208 2560 3263 sibi
2588 3207 2680 3276 jus
2706 3207 3006 3264 concedere
3033 3220 3295 3278 gemmas,

1925 3298 2051 3355 Haec
2083 3300 2177 3355 tibi
2214 3299 2262 3355 si
2289 3308 2478 3370 gratus
2517 3299 2700 3364 fuerit,
2730 3299 2857 3356 licet
2892 3313 2988 3355 ore
3023 3299 3288 3368 nigratus,

1925 3390 2124 3446 Suevia
2161 3389 2275 3446 fors
2313 3390 2478 3444 ullum
2511 3391 2556 3446 si
2585 3390 2794 3461 profert
2820 3405 2980 3446 amne
3013 3389 3273 3462 lapillum.

1928 3481 2262 3544 Lacteolum,
2297 3483 2534 3546 niveum,
2567 3481 2800 3552 parium,
2831 3497 2925 3538 seu
2955 3481 3163 3536 scilicet
3195 3480 3378 3535 album

1929 3573 2084 3628 Hunc
2113 3573 2210 3628 tibi
2241 3573 2386 3644 larga
2417 3574 2492 3628 tui
2519 3573 2780 3643 prmbebit
2809 3573 3029 3628 dextera
3057 3570 3220 3633 servi,

1923 3662 2034 3719 Nec
2063 3677 2282 3733 parcum
2311 3664 2458 3719 dices
2487 3665 2613 3719 dum
2648 3663 2755 3718 fert
2775 3663 3092 3719 Alemannia
3126 3669 3351 3727 cautes,

1923 3754 2036 3810 Nec
2067 3753 2161 3810 tibi
2190 3753 2425 3809 Saxonia
2455 3755 2628 3809 satius
2657 3754 2788 3809 dant
2817 3769 2981 3808 saxea
3010 3753 3160 3812 dona

1927 3844 2034 3899 Sed
2061 3845 2177 3900 vice
2213 3856 2268 3898 tu
2298 3852 2484 3898 nostra
2513 3845 2776 3913 obsequio
2809 3843 2946 3912 lapis
2974 3843 3175 3898 acriter
3204 3842 3380 3908 insta,‘

1927 3936 2064 3989 Dum
2094 3933 2314 3988 veniens
2343 3943 2542 4003 praesto
2570 3931 2778 3986 valeam
2816 3931 3068 4002 supplere
3094 3927 3236 4000 quod
3271 3934 3400 3997 opto

2413 4038 2478 4077 AD
2517 4038 2600 4076 Αιι
2610 4038 2680 4076 ΠΙ
2719 4036 3026 4076 EPISCOPUI.

1927 4117 2073 4171 Eheu
2107 4125 2424 4170 mmrentcm
2457 4115 2634 4170 renuit
2665 4115 2888 4170 dictatio
2919 4123 3180 4180 mentem,

1927 4205 2222 4277 Aufugiens
2251 4207 2419 4262 tristis
2443 4204 2666 4262 confusa
2694 4206 2890 4262 cubilia
2921 4207 3118 4262 cordis.

1929 4295 2317 4352 Cuncticreans
2345 4295 2592 4362 Genitor,
2620 4298 2870 4352 mihimet
2888 4312 3144 4353 succurre
3174 4295 3402 4360 misello,

1932 4389 2100 4444 Filius
2127 4395 2288 4459 atque
2317 4389 2457 4459 pius,
2491 4389 2581 4458 qui
2613 4389 2807 4444 saecula
2837 4398 3030 4444 cuncta
3061 4386 3352 4457 gubernas,

1933 4479 2166 4547 Spiritus
2197 4475 2334 4533 alme
2360 4480 2504 4542 veni,
2537 4479 2722 4534 confer
2743 4489 2799 4532 tu
2830 4479 2991 4534 verba
3021 4477 3301 4548 precanti;

1854 4536 1905 4594 Β
1935 4567 2135 4624 Sancta
2159 4567 2254 4624 Dei
2284 4569 2517 4640 genitrix
2545 4569 2718 4628 nostri
2750 4569 3041 4624 miseresce
3074 4583 3346 4640 rogamus.

1930 4660 2151 4715 Asmata
2179 4659 2339 4730 digna
2366 4659 2483 4714 viro
2510 4667 2635 4714 sunt
2665 4675 2807 4715 nunc
2833 4657 3058 4716 dicenda
3087 4674 3299 4725 sereno,

2001 4749 2227 4804 Nomine
2256 4791 2268 4804 .
2304 4789 2319 4804 .
2352 4791 2365 4804 .
2396 4792 2407 4804 .
2433 4789 2448 4804 .
2481 4750 2764 4821 perspicuo
2795 4750 3040 4826 Domino.

1922 4843 2176 4899 Genuine
2199 4844 2454 4898 virtutqu
2477 4843 2666 4913 polles,
2689 4851 2744 4897 et
2763 4844 3012 4914 dogmate
3041 4841 3229 4914 fulges,
3277 4898 3282 4903 ,

1999 4933 2449 5003 Doctiloquosque
2474 4933 2672 5002 sophos
2699 4940 2816 4987 arte
2849 4940 2936 4985 tua
2967 4947 3210 5000 superas.
3308 4986 3310 4988 ,

1936 5024 2040 5079 Vos
2063 5024 2283 5078 laudant
2304 5038 2510 5088 omnes,
2542 5037 2678 5092 quos
2708 5022 2938 5077 Francia
2969 5022 3140 5094 gignit
3165 5037 3378 5076 ammua

2007 5114 2195 5169 Norica
2223 5129 2388 5184 regna
2427 5112 2610 5178 simul,
2632 5129 2731 5169 vos
2752 5113 3010 5168 decorare
3045 5114 3281 5168 student.

1932 5207 2126 5263 Suevia
2151 5205 2256 5262 fida
2281 5221 2502 5277 parens,
2523 5204 2635 5274 jam
2669 5206 2899 5276 comptis
2918 5205 3070 5260 exilit
3097 5205 3214 5258 odis

2000 5297 2207 5365 Gaudia
2234 5312 2429 5367 magna
2451 5311 2671 5360 canens,
2705 5304 2762 5351 et
2781 5309 2943 5367 super
2972 5295 3120 5352 astra
3148 5307 3367 5350 sonans.

2001 5485 2316 5552 Pontiticem
2349 5481 2644 5554 egregium,
2677 5479 3059 5556 Suevta’quem
3091 5475 3288 5549 genuit.

1934 5578 2092 5650 Regis
2113 5575 2287 5632 honor
2310 5574 2520 5645 p0pulis
2549 5572 2739 5629 solatia
2760 5571 2908 5642 larga
2938 5569 3270 5630 ministram,
3307 5619 3312 5627 ,

1995 5667 2224 5725 Cunctis
2241 5667 2499 5732 .es-mitis,
2532 5664 2754 5736 dapsilis
2781 5671 2837 5718 et
2863 5660 3106 5717 miseris.

1935 5761 1991 5815 Si
2026 5759 2153 5814 mihi
2180 5769 2438 5813 centenas
2468 5756 2678 5826 linguas
2703 5762 2891 5808 natura
2915 5760 3166 5822 pararcg,
