  <div class='ocr_page' id='page_1' title='image "/cluster/home/n/w/nwhite01/storage/ocr_20150623/114/hvd.32044018909580/562.png"; bbox 0 0 3978 6310; ppageno 0'>
   <div class='ocr_carea' id='block_1_1' title="bbox 209 355 344 415">
    <p class='ocr_par' dir='ltr' id='par_1_1' title="bbox 209 355 344 415">
     <span class='ocr_line' id='line_1_1' title="bbox 209 355 344 415; baseline -0.03 0"><span class='ocrx_word' id='word_1_1' title='bbox 209 355 344 415; x_wconf 68' lang='lat'><strong>“05</strong></span> 
     </span>
    </p>
   </div>
   <div class='ocr_carea' id='block_1_2' title="bbox 573 453 1410 516">
    <p class='ocr_par' dir='ltr' id='par_1_2' title="bbox 573 453 1410 516">
     <span class='ocr_line' id='line_1_2' title="bbox 573 453 1410 516; baseline -0.001 -1"><span class='ocrx_word' id='word_1_2' title='bbox 573 479 639 516; x_wconf 78' lang='lat' dir='ltr'><strong>ns</strong></span> <span class='ocrx_word' id='word_1_3' title='bbox 677 477 858 515; x_wconf 65' lang='lat' dir='ltr'><strong>auso</strong></span> <span class='ocrx_word' id='word_1_4' title='bbox 899 477 1064 516; x_wconf 77' lang='grc' dir='ltr'><strong>τιιιυιι</strong></span> <span class='ocrx_word' id='word_1_5' title='bbox 1106 453 1410 516; x_wconf 69' lang='grc' dir='ltr'><strong>νυειιοιιυιι.</strong></span> 
     </span>
    </p>
   </div>
   <div class='ocr_carea' id='block_1_3' title="bbox 1075 572 1560 644">
    <p class='ocr_par' dir='ltr' id='par_1_3' title="bbox 1075 572 1560 644">
     <span class='ocr_line' id='line_1_3' title="bbox 1075 572 1560 644; baseline -0.004 -16"><span class='ocrx_word' id='word_1_6' title='bbox 1075 572 1302 644; x_wconf 83' lang='lat' dir='ltr'><strong>Semper</strong></span> <span class='ocrx_word' id='word_1_7' title='bbox 1331 572 1560 627; x_wconf 97' lang='lat' dir='ltr'><strong>adorent</strong></span> 
     </span>
    </p>
   </div>
   <div class='ocr_carea' id='block_1_4' title="bbox 1072 664 1589 734">
    <p class='ocr_par' dir='ltr' id='par_1_4' title="bbox 1072 664 1589 734">
     <span class='ocr_line' id='line_1_4' title="bbox 1072 664 1589 734; baseline -0.006 -15"><span class='ocrx_word' id='word_1_8' title='bbox 1072 664 1244 720; x_wconf 83' lang='lat' dir='ltr'><strong>Omne</strong></span> <span class='ocrx_word' id='word_1_9' title='bbox 1272 678 1367 734; x_wconf 86' lang='lat' dir='ltr'><strong>per</strong></span> <span class='ocrx_word' id='word_1_10' title='bbox 1393 678 1589 718; x_wconf 83' lang='lat' dir='ltr'><strong>aevum.</strong></span> 
     </span>
    </p>
   </div>
   <div class='ocr_carea' id='block_1_5' title="bbox 1070 754 1599 824">
    <p class='ocr_par' dir='ltr' id='par_1_5' title="bbox 1070 754 1599 824">
     <span class='ocr_line' id='line_1_5' title="bbox 1070 754 1599 824; baseline -0.002 -13"><span class='ocrx_word' id='word_1_11' title='bbox 1070 755 1305 820; x_wconf 88' lang='lat' dir='ltr'><strong>Cuncta,</strong></span> <span class='ocrx_word' id='word_1_12' title='bbox 1337 754 1599 824; x_wconf 87' lang='lat' dir='ltr'><strong>chorique</strong></span> 
     </span>
    </p>
   </div>
   <div class='ocr_carea' id='block_1_6' title="bbox 1067 845 1446 902">
    <p class='ocr_par' dir='ltr' id='par_1_6' title="bbox 1067 845 1446 902">
     <span class='ocr_line' id='line_1_6' title="bbox 1067 845 1446 902; baseline -0.011 0"><span class='ocrx_word' id='word_1_13' title='bbox 1067 847 1297 902; x_wconf 85' lang='lat' dir='ltr'><strong>Lumina</strong></span> <span class='ocrx_word' id='word_1_14' title='bbox 1324 845 1446 900; x_wconf 65' lang='lat' dir='ltr'><strong>coeli</strong></span> 
     </span>
    </p>
   </div>
   <div class='ocr_carea' id='block_1_7' title="bbox 1071 937 1528 1007">
    <p class='ocr_par' dir='ltr' id='par_1_7' title="bbox 1071 937 1528 1007">
     <span class='ocr_line' id='line_1_7' title="bbox 1071 937 1528 1007; baseline -0.011 -14"><span class='ocrx_word' id='word_1_15' title='bbox 1071 937 1394 1007; x_wconf 82' lang='lat' dir='ltr'><strong>Omnipoten</strong></span> <span class='ocrx_word' id='word_1_16' title='bbox 1403 945 1528 990; x_wconf 90' lang='lat' dir='ltr'><strong>tem.</strong></span> 
     </span>
    </p>
   </div>
   <div class='ocr_carea' id='block_1_8' title="bbox 1146 1034 1685 1103">
    <p class='ocr_par' dir='ltr' id='par_1_8' title="bbox 1146 1034 1685 1103">
     <span class='ocr_line' id='line_1_8' title="bbox 1146 1034 1685 1103; baseline 0.002 -17"><span class='ocrx_word' id='word_1_17' title='bbox 1146 1034 1384 1103; x_wconf 65' lang='lat' dir='ltr'><strong>Quaeque</strong></span> <span class='ocrx_word' id='word_1_18' title='bbox 1418 1047 1685 1102; x_wconf 68' lang='lat' dir='ltr'><strong>supernae,</strong></span> 
     </span>
    </p>
   </div>
   <div class='ocr_carea' id='block_1_9' title="bbox 1074 1124 1510 1195">
    <p class='ocr_par' dir='ltr' id='par_1_9' title="bbox 1074 1124 1510 1195">
     <span class='ocr_line' id='line_1_9' title="bbox 1074 1124 1510 1195; baseline -0.007 -14"><span class='ocrx_word' id='word_1_19' title='bbox 1074 1126 1312 1195; x_wconf 92' lang='lat' dir='ltr'><strong>Spiritus</strong></span> <span class='ocrx_word' id='word_1_20' title='bbox 1333 1124 1510 1178; x_wconf 90' lang='lat' dir='ltr'><strong>omnis</strong></span> 
     </span>
    </p>
   </div>
   <div class='ocr_carea' id='block_1_10' title="bbox 1078 1215 1534 1287">
    <p class='ocr_par' dir='ltr' id='par_1_10' title="bbox 1078 1215 1534 1287">
     <span class='ocr_line' id='line_1_10' title="bbox 1078 1215 1534 1287; baseline -0.011 -16"><span class='ocrx_word' id='word_1_21' title='bbox 1078 1215 1534 1287; x_wconf 87' lang='lat' dir='ltr'><strong>Omnipotentem.</strong></span> 
     </span>
    </p>
   </div>
   <div class='ocr_carea' id='block_1_11' title="bbox 1147 1306 1610 1377">
    <p class='ocr_par' dir='ltr' id='par_1_11' title="bbox 1147 1306 1610 1377">
     <span class='ocr_line' id='line_1_11' title="bbox 1147 1306 1610 1377; baseline -0.009 -14"><span class='ocrx_word' id='word_1_22' title='bbox 1147 1307 1352 1363; x_wconf 84' lang='lat' dir='ltr'><strong>Cauma</strong></span> <span class='ocrx_word' id='word_1_23' title='bbox 1380 1306 1610 1377; x_wconf 76' lang='lat' dir='ltr'><strong>geluque</strong></span> 
     </span>
    </p>
   </div>
   <div class='ocr_carea' id='block_1_12' title="bbox 1071 1400 1483 1473">
    <p class='ocr_par' dir='ltr' id='par_1_12' title="bbox 1071 1400 1483 1473">
     <span class='ocr_line' id='line_1_12' title="bbox 1071 1400 1483 1473; baseline -0.012 -15"><span class='ocrx_word' id='word_1_24' title='bbox 1071 1403 1245 1472; x_wconf 81' lang='lat' dir='ltr'><strong>Atque</strong></span> <span class='ocrx_word' id='word_1_25' title='bbox 1270 1400 1483 1473; x_wconf 69' lang='lat' dir='ltr'><strong>pruina:</strong></span> 
     </span>
    </p>
   </div>
   <div class='ocr_carea' id='block_1_13' title="bbox 1072 1491 1531 1560">
    <p class='ocr_par' dir='ltr' id='par_1_13' title="bbox 1072 1491 1531 1560">
     <span class='ocr_line' id='line_1_13' title="bbox 1072 1491 1531 1560; baseline -0.009 -13"><span class='ocrx_word' id='word_1_26' title='bbox 1072 1491 1531 1560; x_wconf 86' lang='lat' dir='ltr'><strong>Omnipoteutem.</strong></span> 
     </span>
    </p>
   </div>
   <div class='ocr_carea' id='block_1_14' title="bbox 1145 1583 1648 1654">
    <p class='ocr_par' dir='ltr' id='par_1_14' title="bbox 1145 1583 1648 1654">
     <span class='ocr_line' id='line_1_14' title="bbox 1145 1583 1648 1654; baseline -0.012 -13"><span class='ocrx_word' id='word_1_27' title='bbox 1145 1583 1369 1654; x_wconf 78' lang='lat' dir='ltr'><strong>Noxque</strong></span> <span class='ocrx_word' id='word_1_28' title='bbox 1397 1583 1648 1652; x_wconf 88' lang='lat' dir='ltr'><strong>diesque,</strong></span> 
     </span>
    </p>
   </div>
   <div class='ocr_carea' id='block_1_15' title="bbox 1072 1672 1510 1746">
    <p class='ocr_par' dir='ltr' id='par_1_15' title="bbox 1072 1672 1510 1746">
     <span class='ocr_line' id='line_1_15' title="bbox 1072 1672 1510 1746; baseline -0.005 -17"><span class='ocrx_word' id='word_1_29' title='bbox 1072 1673 1307 1746; x_wconf 75' lang='lat' dir='ltr'><strong>Fulgura</strong></span> <span class='ocrx_word' id='word_1_30' title='bbox 1336 1672 1510 1728; x_wconf 87' lang='lat' dir='ltr'><strong>nubes</strong></span> 
     </span>
    </p>
   </div>
   <div class='ocr_carea' id='block_1_16' title="bbox 1077 1763 1536 1834">
    <p class='ocr_par' dir='ltr' id='par_1_16' title="bbox 1077 1763 1536 1834">
     <span class='ocr_line' id='line_1_16' title="bbox 1077 1763 1536 1834; baseline -0.002 -16"><span class='ocrx_word' id='word_1_31' title='bbox 1077 1763 1536 1834; x_wconf 88' lang='lat' dir='ltr'><strong>Omnipotentem.</strong></span> 
     </span>
    </p>
   </div>
   <div class='ocr_carea' id='block_1_17' title="bbox 1147 1851 1628 1918">
    <p class='ocr_par' dir='ltr' id='par_1_17' title="bbox 1147 1851 1628 1918">
     <span class='ocr_line' id='line_1_17' title="bbox 1147 1851 1628 1918; baseline -0.008 -7"><span class='ocrx_word' id='word_1_32' title='bbox 1147 1854 1409 1911; x_wconf 86' lang='lat' dir='ltr'><strong>Germina</strong></span> <span class='ocrx_word' id='word_1_33' title='bbox 1440 1851 1628 1918; x_wconf 88' lang='lat' dir='ltr'><strong>colles,</strong></span> 
     </span>
    </p>
   </div>
   <div class='ocr_carea' id='block_1_18' title="bbox 1081 1943 1553 2000">
    <p class='ocr_par' dir='ltr' id='par_1_18' title="bbox 1081 1943 1553 2000">
     <span class='ocr_line' id='line_1_18' title="bbox 1081 1943 1553 2000; baseline -0.006 0"><span class='ocrx_word' id='word_1_34' title='bbox 1081 1945 1284 2000; x_wconf 91' lang='lat' dir='ltr'><strong>Pontus</strong></span> <span class='ocrx_word' id='word_1_35' title='bbox 1314 1952 1370 1999; x_wconf 91' lang='lat' dir='ltr'><strong>et</strong></span> <span class='ocrx_word' id='word_1_36' title='bbox 1395 1943 1553 1998; x_wconf 74' lang='lat' dir='ltr'><strong>unda:</strong></span> 
     </span>
    </p>
   </div>
   <div class='ocr_carea' id='block_1_19' title="bbox 1079 2035 1537 2107">
    <p class='ocr_par' dir='ltr' id='par_1_19' title="bbox 1079 2035 1537 2107">
     <span class='ocr_line' id='line_1_19' title="bbox 1079 2035 1537 2107; baseline -0.011 -14"><span class='ocrx_word' id='word_1_37' title='bbox 1079 2035 1537 2107; x_wconf 84' lang='lat' dir='ltr'><strong>Omnipotentem.</strong></span> 
     </span>
    </p>
   </div>
   <div class='ocr_carea' id='block_1_20' title="bbox 1153 2127 1670 2197">
    <p class='ocr_par' dir='ltr' id='par_1_20' title="bbox 1153 2127 1670 2197">
     <span class='ocr_line' id='line_1_20' title="bbox 1153 2127 1670 2197; baseline -0.006 -14"><span class='ocrx_word' id='word_1_38' title='bbox 1153 2127 1283 2195; x_wconf 66' lang='lat' dir='ltr'><strong>Quae</strong></span> <span class='ocrx_word' id='word_1_39' title='bbox 1309 2127 1459 2182; x_wconf 85' lang='lat' dir='ltr'><strong>vehit</strong></span> <span class='ocrx_word' id='word_1_40' title='bbox 1483 2141 1670 2197; x_wconf 61' lang='lat' dir='ltr'><strong>aquor</strong></span> 
     </span>
    </p>
   </div>
   <div class='ocr_carea' id='block_1_21' title="bbox 1078 2218 1582 2289">
    <p class='ocr_par' dir='ltr' id='par_1_21' title="bbox 1078 2218 1582 2289">
     <span class='ocr_line' id='line_1_21' title="bbox 1078 2218 1582 2289; baseline -0.002 -15"><span class='ocrx_word' id='word_1_41' title='bbox 1078 2219 1355 2289; x_wconf 81' lang='lat' dir='ltr'><strong>Terraque</strong></span> <span class='ocrx_word' id='word_1_42' title='bbox 1388 2218 1582 2286; x_wconf 88' lang='lat' dir='ltr'><strong>nutrit,</strong></span> 
     </span>
    </p>
   </div>
   <div class='ocr_carea' id='block_1_22' title="bbox 1079 2308 1537 2380">
    <p class='ocr_par' dir='ltr' id='par_1_22' title="bbox 1079 2308 1537 2380">
     <span class='ocr_line' id='line_1_22' title="bbox 1079 2308 1537 2380; baseline -0.004 -15"><span class='ocrx_word' id='word_1_43' title='bbox 1079 2308 1537 2380; x_wconf 89' lang='lat' dir='ltr'><strong>Omnipotentem.</strong></span> 
     </span>
    </p>
   </div>
   <div class='ocr_carea' id='block_1_23' title="bbox 1147 2398 1462 2470">
    <p class='ocr_par' dir='ltr' id='par_1_23' title="bbox 1147 2398 1462 2470">
     <span class='ocr_line' id='line_1_23' title="bbox 1147 2398 1462 2470; baseline 0 -16"><span class='ocrx_word' id='word_1_44' title='bbox 1147 2398 1316 2456; x_wconf 82' lang='lat' dir='ltr'><strong>Israel</strong></span> <span class='ocrx_word' id='word_1_45' title='bbox 1346 2399 1462 2470; x_wconf 91' lang='lat' dir='ltr'><strong>ipse</strong></span> 
     </span>
    </p>
   </div>
   <div class='ocr_carea' id='block_1_24' title="bbox 1081 2490 1542 2561">
    <p class='ocr_par' dir='ltr' id='par_1_24' title="bbox 1081 2490 1542 2561">
     <span class='ocr_line' id='line_1_24' title="bbox 1081 2490 1542 2561; baseline -0.004 -14"><span class='ocrx_word' id='word_1_46' title='bbox 1081 2490 1542 2561; x_wconf 88' lang='lat' dir='ltr'><strong>Omnipotentem.</strong></span> 
     </span>
    </p>
   </div>
   <div class='ocr_carea' id='block_1_25' title="bbox 279 587 716 648">
    <p class='ocr_par' dir='ltr' id='par_1_25' title="bbox 279 587 716 648">
     <span class='ocr_line' id='line_1_25' title="bbox 279 587 716 648; baseline -0.021 -10"><span class='ocrx_word' id='word_1_47' title='bbox 279 587 716 648; x_wconf 78' lang='lat' dir='ltr'><strong>Ummpoteutent</strong></span> 
     </span>
    </p>
   </div>
   <div class='ocr_carea' id='block_1_26' title="bbox 207 667 632 752">
    <p class='ocr_par' dir='ltr' id='par_1_26' title="bbox 207 667 632 752">
     <span class='ocr_line' id='line_1_26' title="bbox 207 667 632 752; baseline -0.024 -22"><span class='ocrx_word' id='word_1_48' title='bbox 207 674 277 730; x_wconf 83' lang='lat' dir='ltr'><strong>Et</strong></span> <span class='ocrx_word' id='word_1_49' title='bbox 305 667 632 752; x_wconf 82' lang='lat' dir='ltr'><strong>benedicant</strong></span> 
     </span>
    </p>
   </div>
   <div class='ocr_carea' id='block_1_27' title="bbox 207 759 643 830">
    <p class='ocr_par' dir='ltr' id='par_1_27' title="bbox 207 759 643 830">
     <span class='ocr_line' id='line_1_27' title="bbox 207 759 643 830; baseline -0.016 -11"><span class='ocrx_word' id='word_1_50' title='bbox 207 763 366 819; x_wconf 73' lang='lat' dir='ltr'><strong>Astra</strong></span> <span class='ocrx_word' id='word_1_51' title='bbox 395 759 643 830; x_wconf 89' lang='lat' dir='ltr'><strong>polorum</strong></span> 
     </span>
    </p>
   </div>
   <div class='ocr_carea' id='block_1_28' title="bbox 208 851 699 922">
    <p class='ocr_par' dir='ltr' id='par_1_28' title="bbox 208 851 699 922">
     <span class='ocr_line' id='line_1_28' title="bbox 208 851 699 922; baseline -0.012 -14"><span class='ocrx_word' id='word_1_52' title='bbox 208 851 408 922; x_wconf 82' lang='lat' dir='ltr'><strong>Solque</strong></span> <span class='ocrx_word' id='word_1_53' title='bbox 436 863 699 918; x_wconf 85' lang='lat' dir='ltr'><strong>sororque</strong></span> 
     </span>
    </p>
   </div>
   <div class='ocr_carea' id='block_1_29' title="bbox 280 1037 930 1109">
    <p class='ocr_par' dir='ltr' id='par_1_29' title="bbox 280 1037 930 1109">
     <span class='ocr_line' id='line_1_29' title="bbox 280 1037 930 1109; baseline -0.008 -13"><span class='ocrx_word' id='word_1_54' title='bbox 280 1040 375 1096; x_wconf 88' lang='lat' dir='ltr'><strong>Sic</strong></span> <span class='ocrx_word' id='word_1_55' title='bbox 409 1053 624 1109; x_wconf 90' lang='lat' dir='ltr'><strong>quoque</strong></span> <span class='ocrx_word' id='word_1_56' title='bbox 652 1037 930 1109; x_wconf 66' lang='lat' dir='ltr'><strong>Lympliaz,</strong></span> 
     </span>
    </p>
   </div>
   <div class='ocr_carea' id='block_1_30' title="bbox 207 1131 645 1204">
    <p class='ocr_par' dir='ltr' id='par_1_30' title="bbox 207 1131 645 1204">
     <span class='ocr_line' id='line_1_30' title="bbox 207 1131 645 1204; baseline -0.009 -14"><span class='ocrx_word' id='word_1_57' title='bbox 207 1131 319 1190; x_wconf 75' lang='lat' dir='ltr'><strong>Bos</strong></span> <span class='ocrx_word' id='word_1_58' title='bbox 342 1131 645 1204; x_wconf 74' lang='lat' dir='ltr'><strong>pluvimoue</strong></span> 
     </span>
    </p>
   </div>
   <div class='ocr_carea' id='block_1_31' title="bbox 278 1315 713 1379">
    <p class='ocr_par' dir='ltr' id='par_1_31' title="bbox 278 1315 713 1379">
     <span class='ocr_line' id='line_1_31' title="bbox 278 1315 713 1379; baseline -0.007 -9"><span class='ocrx_word' id='word_1_59' title='bbox 278 1315 426 1379; x_wconf 85' lang='lat' dir='ltr'><strong>Ignis</strong></span> <span class='ocrx_word' id='word_1_60' title='bbox 453 1321 512 1369; x_wconf 92' lang='lat' dir='ltr'><strong>et</strong></span> <span class='ocrx_word' id='word_1_61' title='bbox 533 1321 713 1377; x_wconf 68' lang='lat' dir='ltr'><strong>testas,</strong></span> 
     </span>
    </p>
   </div>
   <div class='ocr_carea' id='block_1_32' title="bbox 205 1407 699 1481">
    <p class='ocr_par' dir='ltr' id='par_1_32' title="bbox 205 1407 699 1481">
     <span class='ocr_line' id='line_1_32' title="bbox 205 1407 699 1481; baseline -0.014 -14"><span class='ocrx_word' id='word_1_62' title='bbox 205 1408 399 1481; x_wconf 82' lang='lat' dir='ltr'><strong>Frigus</strong></span> <span class='ocrx_word' id='word_1_63' title='bbox 433 1417 490 1464; x_wconf 91' lang='lat' dir='ltr'><strong>et</strong></span> <span class='ocrx_word' id='word_1_64' title='bbox 515 1407 699 1472; x_wconf 89' lang='lat' dir='ltr'><strong>ardor,</strong></span> 
     </span>
    </p>
   </div>
   <div class='ocr_carea' id='block_1_33' title="bbox 275 1588 722 1662">
    <p class='ocr_par' dir='ltr' id='par_1_33' title="bbox 275 1588 722 1662">
     <span class='ocr_line' id='line_1_33' title="bbox 275 1588 722 1662; baseline -0.002 -17"><span class='ocrx_word' id='word_1_65' title='bbox 275 1588 378 1645; x_wconf 92' lang='lat' dir='ltr'><strong>Nix</strong></span> <span class='ocrx_word' id='word_1_66' title='bbox 410 1588 722 1662; x_wconf 86' lang='lat' dir='ltr'><strong>glaciesque</strong></span> 
     </span>
    </p>
   </div>
   <div class='ocr_carea' id='block_1_34' title="bbox 202 1675 706 1750">
    <p class='ocr_par' dir='ltr' id='par_1_34' title="bbox 202 1675 706 1750">
     <span class='ocr_line' id='line_1_34' title="bbox 202 1675 706 1750; baseline -0.012 -12"><span class='ocrx_word' id='word_1_67' title='bbox 202 1675 324 1738; x_wconf 75' lang='lat' dir='ltr'><strong>Lux</strong></span> <span class='ocrx_word' id='word_1_68' title='bbox 359 1677 706 1750; x_wconf 72' lang='lat' dir='ltr'><strong>tenebraeque</strong></span> 
     </span>
    </p>
   </div>
   <div class='ocr_carea' id='block_1_35' title="bbox 281 1843 799 1924">
    <p class='ocr_par' dir='ltr' id='par_1_35' title="bbox 281 1843 799 1924">
     <span class='ocr_line' id='line_1_35' title="bbox 281 1843 799 1924; baseline -0.004 -10"><span class='ocrx_word' id='word_1_69' title='bbox 281 1857 450 1914; x_wconf 81' lang='lat' dir='ltr'><strong>Arida</strong></span> <span class='ocrx_word' id='word_1_70' title='bbox 483 1865 714 1924; x_wconf 81' lang='lat' dir='ltr'><strong>montes,</strong></span> <span class='ocrx_word' id='word_1_71' title='bbox 785 1843 799 1854; x_wconf 80' lang='grc'><strong>’</strong></span> 
     </span>
    </p>
   </div>
   <div class='ocr_carea' id='block_1_36' title="bbox 209 1946 697 2014">
    <p class='ocr_par' dir='ltr' id='par_1_36' title="bbox 209 1946 697 2014">
     <span class='ocr_line' id='line_1_36' title="bbox 209 1946 697 2014; baseline 0 -10"><span class='ocrx_word' id='word_1_72' title='bbox 209 1946 464 2004; x_wconf 82' lang='lat' dir='ltr'><strong>Flumina</strong></span> <span class='ocrx_word' id='word_1_73' title='bbox 491 1947 697 2014; x_wconf 87' lang='lat' dir='ltr'><strong>fontes,</strong></span> 
     </span>
    </p>
   </div>
   <div class='ocr_carea' id='block_1_37' title="bbox 280 2131 647 2196">
    <p class='ocr_par' dir='ltr' id='par_1_37' title="bbox 280 2131 647 2196">
     <span class='ocr_line' id='line_1_37' title="bbox 280 2131 647 2196; baseline -0.008 -7"><span class='ocrx_word' id='word_1_74' title='bbox 280 2131 477 2189; x_wconf 86' lang='lat' dir='ltr'><strong>Omnia</strong></span> <span class='ocrx_word' id='word_1_75' title='bbox 501 2131 647 2196; x_wconf 89' lang='lat' dir='ltr'><strong>viva,</strong></span> 
     </span>
    </p>
   </div>
   <div class='ocr_carea' id='block_1_38' title="bbox 210 2223 668 2291">
    <p class='ocr_par' dir='ltr' id='par_1_38' title="bbox 210 2223 668 2291">
     <span class='ocr_line' id='line_1_38' title="bbox 210 2223 668 2291; baseline -0.007 -11"><span class='ocrx_word' id='word_1_76' title='bbox 210 2223 344 2291; x_wconf 65' lang='lat' dir='ltr'><strong>Qum</strong></span> <span class='ocrx_word' id='word_1_77' title='bbox 373 2223 528 2280; x_wconf 89' lang='lat' dir='ltr'><strong>vehit</strong></span> <span class='ocrx_word' id='word_1_78' title='bbox 553 2237 668 2289; x_wconf 87' lang='lat' dir='ltr'><strong>aer,</strong></span> 
     </span>
    </p>
   </div>
   <div class='ocr_carea' id='block_1_39' title="bbox 283 2402 970 2473">
    <p class='ocr_par' dir='ltr' id='par_1_39' title="bbox 283 2402 970 2473">
     <span class='ocr_line' id='line_1_39' title="bbox 283 2402 970 2473; baseline -0.007 -13"><span class='ocrx_word' id='word_1_79' title='bbox 283 2402 494 2461; x_wconf 84' lang='lat' dir='ltr'><strong>Cuncta</strong></span> <span class='ocrx_word' id='word_1_80' title='bbox 531 2403 808 2460; x_wconf 87' lang='lat' dir='ltr'><strong>hominum</strong></span> <span class='ocrx_word' id='word_1_81' title='bbox 837 2415 970 2473; x_wconf 83' lang='lat' dir='ltr'><strong>gens</strong></span> 
     </span>
    </p>
   </div>
   <div class='ocr_carea' id='block_1_40' title="bbox 589 2618 1415 2669">
    <p class='ocr_par' dir='ltr' id='par_1_40' title="bbox 589 2618 1415 2669">
     <span class='ocr_line' id='line_1_40' title="bbox 589 2618 1415 2669; baseline -0.006 -9"><span class='ocrx_word' id='word_1_82' title='bbox 589 2621 788 2662; x_wconf 71' lang='grc' dir='ltr'><strong>νειιευε</strong></span> <span class='ocrx_word' id='word_1_83' title='bbox 824 2621 878 2661; x_wconf 86' lang='lat' dir='ltr'><strong>IN</strong></span> <span class='ocrx_word' id='word_1_84' title='bbox 919 2619 1130 2669; x_wconf 74' lang='grc' dir='ltr'><strong>ρυοωιι</strong></span> <span class='ocrx_word' id='word_1_85' title='bbox 1170 2618 1415 2658; x_wconf 69' lang='grc' dir='ltr'><strong>κΑΝτιιι.</strong></span> 
     </span>
    </p>
   </div>
   <div class='ocr_carea' id='block_1_41' title="bbox 220 2718 1524 2793">
    <p class='ocr_par' dir='ltr' id='par_1_41' title="bbox 220 2718 1524 2793">
     <span class='ocr_line' id='line_1_41' title="bbox 220 2718 1524 2793; baseline -0.002 -18"><span class='ocrx_word' id='word_1_86' title='bbox 220 2718 406 2776; x_wconf 79' lang='lat' dir='ltr'><strong>Pinxit</strong></span> <span class='ocrx_word' id='word_1_87' title='bbox 431 2721 760 2793; x_wconf 76' lang='lat' dir='ltr'><strong>imaginibus</strong></span> <span class='ocrx_word' id='word_1_88' title='bbox 796 2735 980 2777; x_wconf 88' lang='lat' dir='ltr'><strong>rerum</strong></span> <span class='ocrx_word' id='word_1_89' title='bbox 1012 2719 1252 2774; x_wconf 89' lang='lat' dir='ltr'><strong>studiosa</strong></span> <span class='ocrx_word' id='word_1_90' title='bbox 1282 2719 1524 2773; x_wconf 82' lang='lat' dir='ltr'><strong>coruscis</strong></span> 
     </span>
    </p>
   </div>
   <div class='ocr_carea' id='block_1_42' title="bbox 293 2810 1482 2882">
    <p class='ocr_par' dir='ltr' id='par_1_42' title="bbox 293 2810 1482 2882">
     <span class='ocr_line' id='line_1_42' title="bbox 293 2810 1482 2882; baseline -0.003 -16"><span class='ocrx_word' id='word_1_91' title='bbox 293 2810 446 2868; x_wconf 84' lang='lat' dir='ltr'><strong>Hanc</strong></span> <span class='ocrx_word' id='word_1_92' title='bbox 482 2813 593 2868; x_wconf 90' lang='lat' dir='ltr'><strong>itt..</strong></span> <span class='ocrx_word' id='word_1_93' title='bbox 619 2811 816 2882; x_wconf 86' lang='lat' dir='ltr'><strong>pallam</strong></span> <span class='ocrx_word' id='word_1_94' title='bbox 850 2820 969 2867; x_wconf 88' lang='lat' dir='ltr'><strong>arte</strong></span> <span class='ocrx_word' id='word_1_95' title='bbox 996 2825 1266 2880; x_wconf 84' lang='lat' dir='ltr'><strong>manuque</strong></span> <span class='ocrx_word' id='word_1_96' title='bbox 1294 2823 1482 2879; x_wconf 83' lang='lat' dir='ltr'><strong>sagax.</strong></span> 
     </span>
    </p>
   </div>
   <div class='ocr_carea' id='block_1_43' title="bbox 221 2898 1488 2970">
    <p class='ocr_par' dir='ltr' id='par_1_43' title="bbox 221 2898 1488 2970">
     <span class='ocr_line' id='line_1_43' title="bbox 221 2898 1488 2970; baseline -0.003 -14"><span class='ocrx_word' id='word_1_97' title='bbox 221 2898 284 2956; x_wconf 83' lang='lat' dir='ltr'><strong>Si</strong></span> <span class='ocrx_word' id='word_1_98' title='bbox 312 2909 424 2956; x_wconf 89' lang='lat' dir='ltr'><strong>tam</strong></span> <span class='ocrx_word' id='word_1_99' title='bbox 455 2901 624 2956; x_wconf 84' lang='lat' dir='ltr'><strong>multa</strong></span> <span class='ocrx_word' id='word_1_100' title='bbox 653 2917 818 2956; x_wconf 85' lang='lat' dir='ltr'><strong>unam</strong></span> <span class='ocrx_word' id='word_1_101' title='bbox 849 2901 1000 2956; x_wconf 90' lang='lat' dir='ltr'><strong>fabre</strong></span> <span class='ocrx_word' id='word_1_102' title='bbox 1027 2900 1233 2956; x_wconf 87' lang='lat' dir='ltr'><strong>finxere</strong></span> <span class='ocrx_word' id='word_1_103' title='bbox 1261 2900 1488 2970; x_wconf 80' lang='lat' dir='ltr'><strong>figuram</strong></span> 
     </span>
    </p>
   </div>
   <div class='ocr_carea' id='block_1_44' title="bbox 291 2991 1505 3064">
    <p class='ocr_par' dir='ltr' id='par_1_44' title="bbox 291 2991 1505 3064">
     <span class='ocr_line' id='line_1_44' title="bbox 291 2991 1505 3064; baseline -0.005 -16"><span class='ocrx_word' id='word_1_104' title='bbox 291 2993 468 3060; x_wconf 84' lang='lat' dir='ltr'><strong>Quam</strong></span> <span class='ocrx_word' id='word_1_105' title='bbox 497 2993 720 3064; x_wconf 79' lang='lat' dir='ltr'><strong>pulchre</strong></span> <span class='ocrx_word' id='word_1_106' title='bbox 745 2993 904 3048; x_wconf 92' lang='lat' dir='ltr'><strong>binos</strong></span> <span class='ocrx_word' id='word_1_107' title='bbox 927 2991 1131 3062; x_wconf 76' lang='lat' dir='ltr'><strong>colligit</strong></span> <span class='ocrx_word' id='word_1_108' title='bbox 1161 3006 1300 3045; x_wconf 91' lang='lat' dir='ltr'><strong>unus</strong></span> <span class='ocrx_word' id='word_1_109' title='bbox 1333 3005 1505 3045; x_wconf 88' lang='lat' dir='ltr'><strong>amor.</strong></span> 
     </span>
    </p>
   </div>
   <div class='ocr_carea' id='block_1_45' title="bbox 216 3082 1454 3154">
    <p class='ocr_par' dir='ltr' id='par_1_45' title="bbox 216 3082 1454 3154">
     <span class='ocr_line' id='line_1_45' title="bbox 216 3082 1454 3154; baseline -0.002 -15"><span class='ocrx_word' id='word_1_110' title='bbox 216 3082 368 3141; x_wconf 87' lang='lat' dir='ltr'><strong>Orbe</strong></span> <span class='ocrx_word' id='word_1_111' title='bbox 395 3085 576 3140; x_wconf 89' lang='lat' dir='ltr'><strong>voluta</strong></span> <span class='ocrx_word' id='word_1_112' title='bbox 605 3099 705 3140; x_wconf 88' lang='lat' dir='ltr'><strong>suo</strong></span> <span class='ocrx_word' id='word_1_113' title='bbox 730 3084 915 3138; x_wconf 66' lang='lat' dir='ltr'><strong>nitida:</strong></span> <span class='ocrx_word' id='word_1_114' title='bbox 940 3084 1238 3154; x_wconf 83' lang='lat' dir='ltr'><strong>petulantia</strong></span> <span class='ocrx_word' id='word_1_115' title='bbox 1270 3083 1454 3138; x_wconf 91' lang='lat' dir='ltr'><strong>carnis</strong></span> 
     </span>
    </p>
   </div>
   <div class='ocr_carea' id='block_1_46' title="bbox 293 3173 1581 3246">
    <p class='ocr_par' dir='ltr' id='par_1_46' title="bbox 293 3173 1581 3246">
     <span class='ocr_line' id='line_1_46' title="bbox 293 3173 1581 3246; baseline -0.002 -18"><span class='ocrx_word' id='word_1_116' title='bbox 293 3173 466 3234; x_wconf 82' lang='lat' dir='ltr'><strong>Vento</strong></span> <span class='ocrx_word' id='word_1_117' title='bbox 493 3176 655 3233; x_wconf 87' lang='lat' dir='ltr'><strong>tlante</strong></span> <span class='ocrx_word' id='word_1_118' title='bbox 681 3177 840 3246; x_wconf 75' lang='lat' dir='ltr'><strong>perii,</strong></span> <span class='ocrx_word' id='word_1_119' title='bbox 873 3183 982 3232; x_wconf 90' lang='lat' dir='ltr'><strong>stat</strong></span> <span class='ocrx_word' id='word_1_120' title='bbox 1011 3185 1190 3230; x_wconf 88' lang='lat' dir='ltr'><strong>tamen</strong></span> <span class='ocrx_word' id='word_1_121' title='bbox 1221 3185 1380 3245; x_wconf 84' lang='lat' dir='ltr'><strong>aptus</strong></span> <span class='ocrx_word' id='word_1_122' title='bbox 1413 3190 1581 3229; x_wconf 87' lang='lat' dir='ltr'><strong>amor.</strong></span> 
     </span>
    </p>
   </div>
   <div class='ocr_carea' id='block_1_47' title="bbox 580 3301 1394 3343">
    <p class='ocr_par' dir='ltr' id='par_1_47' title="bbox 580 3301 1394 3343">
     <span class='ocr_line' id='line_1_47' title="bbox 580 3301 1394 3343; baseline -0.005 0"><span class='ocrx_word' id='word_1_123' title='bbox 580 3303 648 3343; x_wconf 76' lang='grc' dir='ltr'><strong>Αι)</strong></span> <span class='ocrx_word' id='word_1_124' title='bbox 686 3303 1047 3343; x_wconf 69' lang='lat' dir='ltr'><strong>WEBDBICIIUI</strong></span> <span class='ocrx_word' id='word_1_125' title='bbox 1088 3301 1394 3342; x_wconf 71' lang='lat' dir='ltr'><strong>IIONACIIUI.</strong></span> 
     </span>
    </p>
   </div>
   <div class='ocr_carea' id='block_1_48' title="bbox 219 3400 1570 3467">
    <p class='ocr_par' dir='ltr' id='par_1_48' title="bbox 219 3400 1570 3467">
     <span class='ocr_line' id='line_1_48' title="bbox 219 3400 1570 3467; baseline -0.002 -9"><span class='ocrx_word' id='word_1_126' title='bbox 219 3400 378 3458; x_wconf 86' lang='lat' dir='ltr'><strong>Nulla</strong></span> <span class='ocrx_word' id='word_1_127' title='bbox 412 3402 547 3459; x_wconf 84' lang='lat' dir='ltr'><strong>fides</strong></span> <span class='ocrx_word' id='word_1_128' title='bbox 572 3412 772 3467; x_wconf 86' lang='lat' dir='ltr'><strong>tecum,</strong></span> <span class='ocrx_word' id='word_1_129' title='bbox 805 3403 1041 3459; x_wconf 84' lang='lat' dir='ltr'><strong>retinent</strong></span> <span class='ocrx_word' id='word_1_130' title='bbox 1072 3402 1348 3458; x_wconf 84' lang='lat' dir='ltr'><strong>mendacia</strong></span> <span class='ocrx_word' id='word_1_131' title='bbox 1380 3411 1570 3466; x_wconf 88' lang='lat' dir='ltr'><strong>totum,</strong></span> 
     </span>
    </p>
   </div>
   <div class='ocr_carea' id='block_1_49' title="bbox 294 3493 1416 3565">
    <p class='ocr_par' dir='ltr' id='par_1_49' title="bbox 294 3493 1416 3565">
     <span class='ocr_line' id='line_1_49' title="bbox 294 3493 1416 3565; baseline -0.002 -17"><span class='ocrx_word' id='word_1_132' title='bbox 294 3493 560 3565; x_wconf 87' lang='lat' dir='ltr'><strong>Vulpibus</strong></span> <span class='ocrx_word' id='word_1_133' title='bbox 591 3493 847 3551; x_wconf 87' lang='lat' dir='ltr'><strong>assimilis</strong></span> <span class='ocrx_word' id='word_1_134' title='bbox 876 3508 998 3549; x_wconf 90' lang='lat' dir='ltr'><strong>esse</strong></span> <span class='ocrx_word' id='word_1_135' title='bbox 1024 3493 1224 3548; x_wconf 85' lang='lat' dir='ltr'><strong>videris</strong></span> <span class='ocrx_word' id='word_1_136' title='bbox 1251 3493 1416 3548; x_wconf 88' lang='lat' dir='ltr'><strong>enim.</strong></span> 
     </span>
    </p>
   </div>
   <div class='ocr_carea' id='block_1_50' title="bbox 724 3617 1269 3658">
    <p class='ocr_par' dir='ltr' id='par_1_50' title="bbox 724 3617 1269 3658">
     <span class='ocr_line' id='line_1_50' title="bbox 724 3617 1269 3658; baseline 0 -3"><span class='ocrx_word' id='word_1_137' title='bbox 724 3617 918 3657; x_wconf 73' lang='lat' dir='ltr'><strong>VEIISUS</strong></span> <span class='ocrx_word' id='word_1_138' title='bbox 955 3619 1008 3658; x_wconf 87' lang='lat' dir='ltr'><strong>IN</strong></span> <span class='ocrx_word' id='word_1_139' title='bbox 1048 3617 1269 3658; x_wconf 76' lang='lat' dir='ltr'><strong>BACULO.</strong></span> 
     </span>
    </p>
   </div>
   <div class='ocr_carea' id='block_1_51' title="bbox 219 3713 1634 3786">
    <p class='ocr_par' dir='ltr' id='par_1_51' title="bbox 219 3713 1634 3786">
     <span class='ocr_line' id='line_1_51' title="bbox 219 3713 1634 3786; baseline -0.001 -17"><span class='ocrx_word' id='word_1_140' title='bbox 219 3713 279 3769; x_wconf 86' lang='lat' dir='ltr'><strong>Si</strong></span> <span class='ocrx_word' id='word_1_141' title='bbox 308 3715 445 3770; x_wconf 83' lang='lat' dir='ltr'><strong>mihi</strong></span> <span class='ocrx_word' id='word_1_142' title='bbox 471 3731 568 3786; x_wconf 85' lang='lat' dir='ltr'><strong>pes</strong></span> <span class='ocrx_word' id='word_1_143' title='bbox 592 3714 784 3784; x_wconf 86' lang='lat' dir='ltr'><strong>lapset,</strong></span> <span class='ocrx_word' id='word_1_144' title='bbox 818 3714 1066 3769; x_wconf 83' lang='lat' dir='ltr'><strong>relevans</strong></span> <span class='ocrx_word' id='word_1_145' title='bbox 1092 3715 1210 3769; x_wconf 88' lang='lat' dir='ltr'><strong>vice</strong></span> <span class='ocrx_word' id='word_1_146' title='bbox 1235 3723 1291 3769; x_wconf 90' lang='lat' dir='ltr'><strong>tu</strong></span> <span class='ocrx_word' id='word_1_147' title='bbox 1319 3715 1472 3785; x_wconf 87' lang='lat' dir='ltr'><strong>pedis</strong></span> <span class='ocrx_word' id='word_1_148' title='bbox 1496 3722 1634 3769; x_wconf 90' lang='lat' dir='ltr'><strong>asta.</strong></span> 
     </span>
    </p>
   </div>
   <div class='ocr_carea' id='block_1_52' title="bbox 688 3819 1297 3860">
    <p class='ocr_par' dir='ltr' id='par_1_52' title="bbox 688 3819 1297 3860">
     <span class='ocr_line' id='line_1_52' title="bbox 688 3819 1297 3860; baseline 0.002 -2"><span class='ocrx_word' id='word_1_149' title='bbox 688 3819 884 3859; x_wconf 77' lang='lat' dir='ltr'><strong>VERSUS</strong></span> <span class='ocrx_word' id='word_1_150' title='bbox 921 3819 972 3858; x_wconf 88' lang='lat' dir='ltr'><strong>IN</strong></span> <span class='ocrx_word' id='word_1_151' title='bbox 1008 3821 1297 3860; x_wconf 71' lang='grc' dir='ltr'><strong>ιἰΑοΕιιο.</strong></span> 
     </span>
    </p>
   </div>
   <div class='ocr_carea' id='block_1_53' title="bbox 219 3891 1634 3967">
    <p class='ocr_par' dir='ltr' id='par_1_53' title="bbox 219 3891 1634 3967">
     <span class='ocr_line' id='line_1_53' title="bbox 219 3891 1634 3967; baseline -0.001 -17"><span class='ocrx_word' id='word_1_152' title='bbox 219 3891 514 3967; x_wconf 78' lang='lat' dir='ltr'><strong>Postquam</strong></span> <span class='ocrx_word' id='word_1_153' title='bbox 543 3893 688 3950; x_wconf 89' lang='lat' dir='ltr'><strong>nulla</strong></span> <span class='ocrx_word' id='word_1_154' title='bbox 718 3894 855 3949; x_wconf 87' lang='lat' dir='ltr'><strong>meis</strong></span> <span class='ocrx_word' id='word_1_155' title='bbox 879 3904 1172 3948; x_wconf 87' lang='lat' dir='ltr'><strong>creverunt</strong></span> <span class='ocrx_word' id='word_1_156' title='bbox 1197 3894 1438 3963; x_wconf 84' lang='lat' dir='ltr'><strong>germina</strong></span> <span class='ocrx_word' id='word_1_157' title='bbox 1467 3895 1634 3949; x_wconf 89' lang='lat' dir='ltr'><strong>ramis</strong></span> 
     </span>
    </p>
   </div>
   <div class='ocr_carea' id='block_1_54' title="bbox 221 3979 1730 4052">
    <p class='ocr_par' dir='ltr' id='par_1_54' title="bbox 221 3979 1730 4052">
     <span class='ocr_line' id='line_1_54' title="bbox 221 3979 1730 4052; baseline -0.001 -14"><span class='ocrx_word' id='word_1_158' title='bbox 221 3983 391 4040; x_wconf 83' lang='lat' dir='ltr'><strong>Ferre</strong></span> <span class='ocrx_word' id='word_1_159' title='bbox 430 3984 607 4040; x_wconf 91' lang='lat' dir='ltr'><strong>minas</strong></span> <span class='ocrx_word' id='word_1_160' title='bbox 631 3982 838 4047; x_wconf 89' lang='lat' dir='ltr'><strong>Cereri,</strong></span> <span class='ocrx_word' id='word_1_161' title='bbox 868 3981 1210 4052; x_wconf 90' lang='lat' dir='ltr'><strong>fructumque</strong></span> <span class='ocrx_word' id='word_1_162' title='bbox 1255 3979 1545 4038; x_wconf 90' lang='lat' dir='ltr'><strong>refundere</strong></span> <span class='ocrx_word' id='word_1_163' title='bbox 1572 3983 1730 4052; x_wconf 65' lang='grc' dir='ltr'><strong>ωερε.</strong></span> 
     </span>
    </p>
   </div>
   <div class='ocr_carea' id='block_1_55' title="bbox 691 4107 1309 4149">
    <p class='ocr_par' dir='ltr' id='par_1_55' title="bbox 691 4107 1309 4149">
     <span class='ocr_line' id='line_1_55' title="bbox 691 4107 1309 4149; baseline -0.005 0"><span class='ocrx_word' id='word_1_164' title='bbox 691 4109 746 4149; x_wconf 89' lang='lat' dir='ltr'><strong>IN</strong></span> <span class='ocrx_word' id='word_1_165' title='bbox 785 4108 990 4149; x_wconf 67' lang='grc' dir='ltr'><strong>ΒΔΗ]ιο</strong></span> <span class='ocrx_word' id='word_1_166' title='bbox 1026 4107 1309 4149; x_wconf 71' lang='grc' dir='ltr'><strong>ευιτειιι.</strong></span> 
     </span>
    </p>
   </div>
   <div class='ocr_carea' id='block_1_56' title="bbox 221 4203 1672 4276">
    <p class='ocr_par' dir='ltr' id='par_1_56' title="bbox 221 4203 1672 4276">
     <span class='ocr_line' id='line_1_56' title="bbox 221 4203 1672 4276; baseline 0 -16"><span class='ocrx_word' id='word_1_167' title='bbox 221 4206 326 4261; x_wconf 92' lang='lat' dir='ltr'><strong>Pcr</strong></span> <span class='ocrx_word' id='word_1_168' title='bbox 355 4204 558 4261; x_wconf 89' lang='lat' dir='ltr'><strong>ferrum</strong></span> <span class='ocrx_word' id='word_1_169' title='bbox 591 4203 785 4269; x_wconf 75' lang='lat' dir='ltr'><strong>elﬁcio,</strong></span> <span class='ocrx_word' id='word_1_170' title='bbox 814 4219 910 4275; x_wconf 89' lang='lat' dir='ltr'><strong>per</strong></span> <span class='ocrx_word' id='word_1_171' title='bbox 935 4219 1021 4260; x_wconf 92' lang='lat' dir='ltr'><strong>me</strong></span> <span class='ocrx_word' id='word_1_172' title='bbox 1047 4205 1189 4276; x_wconf 90' lang='lat' dir='ltr'><strong>quod</strong></span> <span class='ocrx_word' id='word_1_173' title='bbox 1221 4221 1326 4260; x_wconf 92' lang='lat' dir='ltr'><strong>non</strong></span> <span class='ocrx_word' id='word_1_174' title='bbox 1354 4203 1486 4260; x_wconf 81' lang='lat' dir='ltr'><strong>facit</strong></span> <span class='ocrx_word' id='word_1_175' title='bbox 1515 4205 1672 4272; x_wconf 90' lang='lat' dir='ltr'><strong>ullus,</strong></span> 
     </span>
    </p>
   </div>
   <div class='ocr_carea' id='block_1_57' title="bbox 295 4295 1356 4362">
    <p class='ocr_par' dir='ltr' id='par_1_57' title="bbox 295 4295 1356 4362">
     <span class='ocr_line' id='line_1_57' title="bbox 295 4295 1356 4362; baseline -0.003 -10"><span class='ocrx_word' id='word_1_176' title='bbox 295 4296 389 4354; x_wconf 92' lang='lat' dir='ltr'><strong>Sic</strong></span> <span class='ocrx_word' id='word_1_177' title='bbox 420 4295 515 4352; x_wconf 87' lang='lat' dir='ltr'><strong>tibi</strong></span> <span class='ocrx_word' id='word_1_178' title='bbox 542 4297 614 4352; x_wconf 87' lang='lat' dir='ltr'><strong>sit</strong></span> <span class='ocrx_word' id='word_1_179' title='bbox 636 4295 841 4352; x_wconf 88' lang='lat' dir='ltr'><strong>ferrum</strong></span> <span class='ocrx_word' id='word_1_180' title='bbox 868 4295 1020 4362; x_wconf 87' lang='lat' dir='ltr'><strong>utile,</strong></span> <span class='ocrx_word' id='word_1_181' title='bbox 1052 4313 1137 4352; x_wconf 93' lang='lat' dir='ltr'><strong>me</strong></span> <span class='ocrx_word' id='word_1_182' title='bbox 1165 4298 1356 4352; x_wconf 88' lang='lat' dir='ltr'><strong>retine.</strong></span> 
     </span>
    </p>
   </div>
   <div class='ocr_carea' id='block_1_58' title="bbox 799 4426 1203 4468">
    <p class='ocr_par' dir='ltr' id='par_1_58' title="bbox 799 4426 1203 4468">
     <span class='ocr_line' id='line_1_58' title="bbox 799 4426 1203 4468; baseline -0.002 0"><span class='ocrx_word' id='word_1_183' title='bbox 799 4426 930 4468; x_wconf 76' lang='grc' dir='ltr'>ιτΕὶί</span> <span class='ocrx_word' id='word_1_184' title='bbox 968 4428 1022 4466; x_wconf 90' lang='lat' dir='ltr'><strong>IN</strong></span> <span class='ocrx_word' id='word_1_185' title='bbox 1061 4428 1203 4467; x_wconf 78' lang='grc' dir='ltr'><strong>Αιιο.</strong></span> 
     </span>
    </p>
   </div>
   <div class='ocr_carea' id='block_1_59' title="bbox 222 4524 1626 4595">
    <p class='ocr_par' dir='ltr' id='par_1_59' title="bbox 222 4524 1626 4595">
     <span class='ocr_line' id='line_1_59' title="bbox 222 4524 1626 4595; baseline -0.001 -15"><span class='ocrx_word' id='word_1_186' title='bbox 222 4527 367 4594; x_wconf 79' lang='lat' dir='ltr'><strong>Quid</strong></span> <span class='ocrx_word' id='word_1_187' title='bbox 395 4535 589 4583; x_wconf 89' lang='lat' dir='ltr'><strong>natura</strong></span> <span class='ocrx_word' id='word_1_188' title='bbox 614 4525 744 4582; x_wconf 90' lang='lat' dir='ltr'><strong>mihi</strong></span> <span class='ocrx_word' id='word_1_189' title='bbox 775 4524 1052 4591; x_wconf 85' lang='lat' dir='ltr'><strong>simulata,</strong></span> <span class='ocrx_word' id='word_1_190' title='bbox 1081 4525 1208 4595; x_wconf 88' lang='lat' dir='ltr'><strong>quid</strong></span> <span class='ocrx_word' id='word_1_191' title='bbox 1250 4526 1398 4581; x_wconf 91' lang='lat' dir='ltr'><strong>indat</strong></span> <span class='ocrx_word' id='word_1_192' title='bbox 1424 4527 1626 4594; x_wconf 79' lang='lat' dir='ltr'><strong>imago,</strong></span> 
     </span>
    </p>
   </div>
   <div class='ocr_carea' id='block_1_60' title="bbox 296 4615 1380 4686">
    <p class='ocr_par' dir='ltr' id='par_1_60' title="bbox 296 4615 1380 4686">
     <span class='ocr_line' id='line_1_60' title="bbox 296 4615 1380 4686; baseline 0 -15"><span class='ocrx_word' id='word_1_193' title='bbox 296 4616 398 4673; x_wconf 86' lang='lat' dir='ltr'><strong>Dic</strong></span> <span class='ocrx_word' id='word_1_194' title='bbox 425 4615 663 4686; x_wconf 86' lang='lat' dir='ltr'><strong>prudens</strong></span> <span class='ocrx_word' id='word_1_195' title='bbox 689 4630 796 4671; x_wconf 92' lang='lat' dir='ltr'><strong>uno</strong></span> <span class='ocrx_word' id='word_1_196' title='bbox 826 4615 1044 4671; x_wconf 88' lang='lat' dir='ltr'><strong>nomine</strong></span> <span class='ocrx_word' id='word_1_197' title='bbox 1069 4616 1114 4670; x_wconf 92' lang='lat' dir='ltr'><strong>si</strong></span> <span class='ocrx_word' id='word_1_198' title='bbox 1140 4617 1380 4686; x_wconf 85' lang='lat' dir='ltr'><strong>sapiens.</strong></span> 
     </span>
    </p>
   </div>
   <div class='ocr_carea' id='block_1_61' title="bbox 856 4743 1178 4784">
    <p class='ocr_par' dir='ltr' id='par_1_61' title="bbox 856 4743 1178 4784">
     <span class='ocr_line' id='line_1_61' title="bbox 856 4743 1178 4784; baseline -0.003 -2"><span class='ocrx_word' id='word_1_199' title='bbox 856 4744 909 4782; x_wconf 86' lang='lat' dir='ltr'><strong>IN</strong></span> <span class='ocrx_word' id='word_1_200' title='bbox 945 4743 1178 4784; x_wconf 73' lang='lat' dir='ltr'><strong>IANICIS.</strong></span> 
     </span>
    </p>
   </div>
   <div class='ocr_carea' id='block_1_62' title="bbox 223 4842 1512 4913">
    <p class='ocr_par' dir='ltr' id='par_1_62' title="bbox 223 4842 1512 4913">
     <span class='ocr_line' id='line_1_62' title="bbox 223 4842 1512 4913; baseline 0.002 -17"><span class='ocrx_word' id='word_1_201' title='bbox 223 4843 368 4900; x_wconf 78' lang='lat' dir='ltr'><strong>Ecce</strong></span> <span class='ocrx_word' id='word_1_202' title='bbox 393 4855 582 4898; x_wconf 86' lang='lat' dir='ltr'><strong>sumus</strong></span> <span class='ocrx_word' id='word_1_203' title='bbox 609 4843 836 4913; x_wconf 72' lang='lat' dir='ltr'><strong>geminae</strong></span> <span class='ocrx_word' id='word_1_204' title='bbox 865 4842 1009 4898; x_wconf 90' lang='lat' dir='ltr'><strong>socia</strong></span> <span class='ocrx_word' id='word_1_205' title='bbox 1041 4842 1271 4911; x_wconf 90' lang='lat' dir='ltr'><strong>paritate</strong></span> <span class='ocrx_word' id='word_1_206' title='bbox 1297 4859 1512 4898; x_wconf 87' lang='lat' dir='ltr'><strong>sorores</strong></span> 
     </span>
    </p>
   </div>
   <div class='ocr_carea' id='block_1_63' title="bbox 279 4933 1412 4991">
    <p class='ocr_par' dir='ltr' id='par_1_63' title="bbox 279 4933 1412 4991">
     <span class='ocr_line' id='line_1_63' title="bbox 279 4933 1412 4991; baseline -0.001 -1"><span class='ocrx_word' id='word_1_207' title='bbox 279 4933 392 4991; x_wconf 82' lang='lat' dir='ltr'><strong>Sic</strong></span> <span class='ocrx_word' id='word_1_208' title='bbox 428 4943 608 4990; x_wconf 89' lang='lat' dir='ltr'><strong>tamen</strong></span> <span class='ocrx_word' id='word_1_209' title='bbox 648 4948 753 4988; x_wconf 90' lang='lat' dir='ltr'><strong>una</strong></span> <span class='ocrx_word' id='word_1_210' title='bbox 780 4934 897 4989; x_wconf 89' lang='lat' dir='ltr'><strong>vice</strong></span> <span class='ocrx_word' id='word_1_211' title='bbox 925 4935 1060 4989; x_wconf 90' lang='lat' dir='ltr'><strong>vitet</strong></span> <span class='ocrx_word' id='word_1_212' title='bbox 1086 4943 1143 4989; x_wconf 92' lang='lat' dir='ltr'><strong>ut</strong></span> <span class='ocrx_word' id='word_1_213' title='bbox 1171 4935 1412 4991; x_wconf 87' lang='lat' dir='ltr'><strong>alterius.</strong></span> 
     </span>
    </p>
   </div>
   <div class='ocr_carea' id='block_1_64' title="bbox 233 5025 1781 5099">
    <p class='ocr_par' dir='ltr' id='par_1_64' title="bbox 233 5025 1781 5099">
     <span class='ocr_line' id='line_1_64' title="bbox 233 5025 1781 5099; baseline 0.001 -18"><span class='ocrx_word' id='word_1_214' title='bbox 233 5028 330 5083; x_wconf 91' lang='lat' dir='ltr'><strong>Dic</strong></span> <span class='ocrx_word' id='word_1_215' title='bbox 357 5037 479 5086; x_wconf 88' lang='lat' dir='ltr'><strong>cate</strong></span> <span class='ocrx_word' id='word_1_216' title='bbox 513 5027 641 5099; x_wconf 89' lang='lat' dir='ltr'><strong>quid</strong></span> <span class='ocrx_word' id='word_1_217' title='bbox 671 5025 856 5091; x_wconf 82' lang='lat' dir='ltr'><strong>faciat,</strong></span> <span class='ocrx_word' id='word_1_218' title='bbox 889 5027 1031 5096; x_wconf 89' lang='lat' dir='ltr'><strong>quod</strong></span> <span class='ocrx_word' id='word_1_219' title='bbox 1068 5027 1142 5081; x_wconf 92' lang='lat' dir='ltr'><strong>nil</strong></span> <span class='ocrx_word' id='word_1_220' title='bbox 1172 5025 1476 5098; x_wconf 81' lang='lat' dir='ltr'><strong>perfecerat</strong></span> <span class='ocrx_word' id='word_1_221' title='bbox 1506 5031 1781 5099; x_wconf 78' lang='lat' dir='ltr'><strong>unquam?</strong></span> 
     </span>
    </p>
   </div>
   <div class='ocr_carea' id='block_1_65' title="bbox 307 5116 1629 5200">
    <p class='ocr_par' dir='ltr' id='par_1_65' title="bbox 307 5116 1629 5200">
     <span class='ocr_line' id='line_1_65' title="bbox 307 5116 1629 5200; baseline 0.001 -30"><span class='ocrx_word' id='word_1_222' title='bbox 307 5116 400 5175; x_wconf 91' lang='lat' dir='ltr'><strong>Vel</strong></span> <span class='ocrx_word' id='word_1_223' title='bbox 425 5135 586 5190; x_wconf 89' lang='lat' dir='ltr'><strong>quem</strong></span> <span class='ocrx_word' id='word_1_224' title='bbox 612 5119 741 5174; x_wconf 90' lang='lat' dir='ltr'><strong>dent</strong></span> <span class='ocrx_word' id='word_1_225' title='bbox 764 5117 989 5200; x_wconf 70' lang='lat' dir='ltr'><strong>liquido,</strong></span> <span class='ocrx_word' id='word_1_226' title='bbox 1021 5126 1166 5173; x_wconf 90' lang='lat' dir='ltr'><strong>muta</strong></span> <span class='ocrx_word' id='word_1_227' title='bbox 1197 5118 1389 5174; x_wconf 89' lang='lat' dir='ltr'><strong>labella</strong></span> <span class='ocrx_word' id='word_1_228' title='bbox 1417 5135 1629 5175; x_wconf 92' lang='lat' dir='ltr'><strong>sonum.</strong></span> 
     </span>
    </p>
   </div>
   <div class='ocr_carea' id='block_1_66' title="bbox 842 5221 1666 5265">
    <p class='ocr_par' dir='ltr' id='par_1_66' title="bbox 842 5221 1666 5265">
     <span class='ocr_line' id='line_1_66' title="bbox 842 5221 1666 5265; baseline -0.001 -2"><span class='ocrx_word' id='word_1_229' title='bbox 842 5224 898 5265; x_wconf 87' lang='lat' dir='ltr'><strong>IN</strong></span> <span class='ocrx_word' id='word_1_230' title='bbox 939 5221 1166 5264; x_wconf 73' lang='grc' dir='ltr'><strong>τΑΒυιΑ.</strong></span> <span class='ocrx_word' id='word_1_231' title='bbox 1345 5230 1348 5232; x_wconf 66' lang='grc'>⁷</span> <span class='ocrx_word' id='word_1_232' title='bbox 1585 5223 1625 5230; x_wconf 74' lang='grc'><strong>’”</strong></span> <span class='ocrx_word' id='word_1_233' title='bbox 1661 5221 1666 5226; x_wconf 77' lang='grc'><em>’</em></span> 
     </span>
    </p>
   </div>
   <div class='ocr_carea' id='block_1_67' title="bbox 235 5301 1842 5382">
    <p class='ocr_par' dir='ltr' id='par_1_67' title="bbox 235 5301 1842 5382">
     <span class='ocr_line' id='line_1_67' title="bbox 235 5301 1842 5382; baseline 0.002 -27"><span class='ocrx_word' id='word_1_234' title='bbox 235 5301 417 5360; x_wconf 82' lang='lat' dir='ltr'><strong>Paulo</strong></span> <span class='ocrx_word' id='word_1_235' title='bbox 444 5303 586 5375; x_wconf 90' lang='lat' dir='ltr'><strong>quod</strong></span> <span class='ocrx_word' id='word_1_236' title='bbox 618 5303 826 5375; x_wconf 83' lang='lat' dir='ltr'><strong>ignoro,</strong></span> <span class='ocrx_word' id='word_1_237' title='bbox 864 5316 966 5356; x_wconf 89' lang='lat' dir='ltr'><strong>nec</strong></span> <span class='ocrx_word' id='word_1_238' title='bbox 992 5301 1305 5357; x_wconf 90' lang='lat' dir='ltr'><strong>contradico</strong></span> <span class='ocrx_word' id='word_1_239' title='bbox 1331 5301 1580 5382; x_wconf 45' lang='lat' dir='ltr'><strong>petenti,</strong></span> <span class='ocrx_word' id='word_1_240' title='bbox 1661 5346 1676 5351; x_wconf 93' lang='lat'><strong>-</strong></span> <span class='ocrx_word' id='word_1_241' title='bbox 1707 5348 1710 5350; x_wconf 83' lang='grc'>.</span> <span class='ocrx_word' id='word_1_242' title='bbox 1751 5347 1764 5352; x_wconf 85' lang='grc'>..</span> <span class='ocrx_word' id='word_1_243' title='bbox 1814 5331 1842 5359; x_wconf 88' lang='lat'><strong>.‘</strong></span> 
     </span>
    </p>
   </div>
   <div class='ocr_carea' id='block_1_68' title="bbox 874 5409 1156 5449">
    <p class='ocr_par' dir='ltr' id='par_1_68' title="bbox 874 5409 1156 5449">
     <span class='ocr_line' id='line_1_68' title="bbox 874 5409 1156 5449; baseline 0 -2"><span class='ocrx_word' id='word_1_244' title='bbox 874 5409 928 5449; x_wconf 90' lang='lat' dir='ltr'><strong>IN</strong></span> <span class='ocrx_word' id='word_1_245' title='bbox 966 5409 1156 5448; x_wconf 79' lang='lat' dir='ltr'><strong>CEREO.</strong></span> 
     </span>
    </p>
   </div>
   <div class='ocr_carea' id='block_1_69' title="bbox 239 5484 1592 5554">
    <p class='ocr_par' dir='ltr' id='par_1_69' title="bbox 239 5484 1592 5554">
     <span class='ocr_line' id='line_1_69' title="bbox 239 5484 1592 5554; baseline -0.001 -16"><span class='ocrx_word' id='word_1_246' title='bbox 239 5484 425 5553; x_wconf 61' lang='lat' dir='ltr'><strong>limus,</strong></span> <span class='ocrx_word' id='word_1_247' title='bbox 456 5485 691 5549; x_wconf 83' lang='lat' dir='ltr'><strong>Christe,</strong></span> <span class='ocrx_word' id='word_1_248' title='bbox 728 5499 922 5541; x_wconf 89' lang='lat' dir='ltr'><strong>manus</strong></span> <span class='ocrx_word' id='word_1_249' title='bbox 953 5485 1206 5541; x_wconf 86' lang='lat' dir='ltr'><strong>factriccs</strong></span> <span class='ocrx_word' id='word_1_250' title='bbox 1231 5484 1403 5554; x_wconf 83' lang='lat' dir='ltr'><strong>dirige</strong></span> <span class='ocrx_word' id='word_1_251' title='bbox 1428 5485 1592 5540; x_wconf 85' lang='lat' dir='ltr'><strong>cerei.</strong></span> 
     </span>
    </p>
   </div>
   <div class='ocr_carea' id='block_1_70' title="bbox 291 5593 1194 5634">
    <p class='ocr_par' dir='ltr' id='par_1_70' title="bbox 291 5593 1194 5634">
     <span class='ocr_line' id='line_1_70' title="bbox 291 5593 1194 5634; baseline -0.003 1"><span class='ocrx_word' id='word_1_252' title='bbox 506 5601 508 5603; x_wconf 75' lang='grc'><em>’</em></span> <span class='ocrx_word' id='word_1_253' title='bbox 691 5600 694 5602; x_wconf 65' lang='grc'>⁷</span> <span class='ocrx_word' id='word_1_254' title='bbox 765 5600 770 5604; x_wconf 75' lang='grc'><em>’</em></span> <span class='ocrx_word' id='word_1_255' title='bbox 835 5594 887 5634; x_wconf 88' lang='lat' dir='ltr'><strong>IN</strong></span> <span class='ocrx_word' id='word_1_256' title='bbox 927 5593 1194 5634; x_wconf 73' lang='lat' dir='ltr'><strong>CONVIVIO.</strong></span> 
     </span>
    </p>
   </div>
   <div class='ocr_carea' id='block_1_71' title="bbox 241 5653 1786 5742">
    <p class='ocr_par' dir='ltr' id='par_1_71' title="bbox 241 5653 1786 5742">
     <span class='ocr_line' id='line_1_71' title="bbox 241 5653 1786 5742; baseline 0.003 -21"><span class='ocrx_word' id='word_1_257' title='bbox 241 5667 354 5734; x_wconf 86' lang='lat' dir='ltr'><strong>Sal,</strong></span> <span class='ocrx_word' id='word_1_258' title='bbox 383 5671 557 5740; x_wconf 78' lang='lat' dir='ltr'><strong>panis,</strong></span> <span class='ocrx_word' id='word_1_259' title='bbox 588 5686 834 5742; x_wconf 87' lang='lat' dir='ltr'><strong>porrum,</strong></span> <span class='ocrx_word' id='word_1_260' title='bbox 865 5663 1061 5742; x_wconf 86' lang='lat' dir='ltr'><strong>pisces,</strong></span> <span class='ocrx_word' id='word_1_261' title='bbox 1090 5661 1293 5736; x_wconf 84' lang='lat' dir='ltr'><strong>vinum,</strong></span> <span class='ocrx_word' id='word_1_262' title='bbox 1331 5653 1736 5734; x_wconf 9' lang='lat' dir='ltr'><strong>cihusfadsunt,</strong></span> <span class='ocrx_word' id='word_1_263' title='bbox 1779 5658 1786 5662; x_wconf 55' lang='grc'><strong>’</strong></span> 
     </span>
    </p>
   </div>
   <div class='ocr_carea' id='block_1_72' title="bbox 293 5756 1318 5834">
    <p class='ocr_par' dir='ltr' id='par_1_72' title="bbox 293 5756 1318 5834">
     <span class='ocr_line' id='line_1_72' title="bbox 293 5756 1318 5834; baseline 0.003 -20"><span class='ocrx_word' id='word_1_264' title='bbox 293 5756 538 5830; x_wconf 69' lang='lat' dir='ltr'><strong>Delicias</strong></span> <span class='ocrx_word' id='word_1_265' title='bbox 568 5777 749 5834; x_wconf 81' lang='lat' dir='ltr'><strong>regum</strong></span> <span class='ocrx_word' id='word_1_266' title='bbox 782 5761 904 5817; x_wconf 90' lang='lat' dir='ltr'><strong>nolo</strong></span> <span class='ocrx_word' id='word_1_267' title='bbox 932 5762 1112 5818; x_wconf 82' lang='lat' dir='ltr'><strong>videre</strong></span> <span class='ocrx_word' id='word_1_268' title='bbox 1142 5762 1318 5818; x_wconf 82' lang='lat' dir='ltr'><strong>modo.</strong></span> 
     </span>
    </p>
   </div>
   <div class='ocr_carea' id='block_1_73' title="bbox 1107 337 2550 410">
    <p class='ocr_par' dir='ltr' id='par_1_73' title="bbox 1107 337 2550 410">
     <span class='ocr_line' id='line_1_73' title="bbox 1107 337 2550 410; baseline -0.001 -12"><span class='ocrx_word' id='word_1_269' title='bbox 1107 344 1409 402; x_wconf 67' lang='lat' dir='ltr'><strong>~VERSUS</strong></span> <span class='ocrx_word' id='word_1_270' title='bbox 1443 341 1510 400; x_wconf 91' lang='lat' dir='ltr'><strong>IN</strong></span> <span class='ocrx_word' id='word_1_271' title='bbox 1549 337 1970 410; x_wconf 77' lang='lat' dir='ltr'><strong>AQUISGRANI</strong></span> <span class='ocrx_word' id='word_1_272' title='bbox 2010 339 2306 397; x_wconf 79' lang='lat' dir='ltr'><strong>PALATIO</strong></span> <span class='ocrx_word' id='word_1_273' title='bbox 2355 342 2550 397; x_wconf 83' lang='lat' dir='ltr'><strong>EDITI.</strong></span> 
     </span>
    </p>
   </div>
   <div class='ocr_carea' id='block_1_74' title="bbox 1809 461 1860 520">
    <p class='ocr_par' dir='ltr' id='par_1_74' title="bbox 1809 461 1860 520">
     <span class='ocr_line' id='line_1_74' title="bbox 1809 461 1860 520; baseline 0 0"><span class='ocrx_word' id='word_1_274' title='bbox 1809 461 1860 520; x_wconf 76' lang='grc' dir='ltr'>Α</span> 
     </span>
    </p>
   </div>
   <div class='ocr_carea' id='block_1_75' title="bbox 3331 339 3467 399">
    <p class='ocr_par' dir='ltr' id='par_1_75' title="bbox 3331 339 3467 399">
     <span class='ocr_line' id='line_1_75' title="bbox 3331 339 3467 399; baseline -0.015 0"><span class='ocrx_word' id='word_1_275' title='bbox 3331 339 3467 399; x_wconf 68' lang='lat'><strong>“08</strong></span> 
     </span>
    </p>
   </div>
   <div class='ocr_carea' id='block_1_76' title="bbox 2330 471 2989 512">
    <p class='ocr_par' dir='ltr' id='par_1_76' title="bbox 2330 471 2989 512">
     <span class='ocr_line' id='line_1_76' title="bbox 2330 471 2989 512; baseline -0.002 0"><span class='ocrx_word' id='word_1_276' title='bbox 2330 472 2396 512; x_wconf 75' lang='lat' dir='ltr'><strong>AD</strong></span> <span class='ocrx_word' id='word_1_277' title='bbox 2434 472 2725 512; x_wconf 75' lang='lat' dir='ltr'><strong>EPISCOI’UI</strong></span> <span class='ocrx_word' id='word_1_278' title='bbox 2764 471 2989 512; x_wconf 73' lang='lat' dir='ltr'><strong>FEBEND.</strong></span> 
     </span>
    </p>
   </div>
   <div class='ocr_carea' id='block_1_77' title="bbox 1893 548 3258 620">
    <p class='ocr_par' dir='ltr' id='par_1_77' title="bbox 1893 548 3258 620">
     <span class='ocr_line' id='line_1_77' title="bbox 1893 548 3258 620; baseline 0.001 -16"><span class='ocrx_word' id='word_1_279' title='bbox 1893 549 2132 620; x_wconf 78' lang='lat' dir='ltr'><strong>Apparet</strong></span> <span class='ocrx_word' id='word_1_280' title='bbox 2152 565 2279 605; x_wconf 89' lang='lat' dir='ltr'><strong>ecce</strong></span> <span class='ocrx_word' id='word_1_281' title='bbox 2305 564 2500 605; x_wconf 86' lang='lat' dir='ltr'><strong>novum</strong></span> <span class='ocrx_word' id='word_1_282' title='bbox 2531 548 2697 620; x_wconf 87' lang='lat' dir='ltr'><strong>regali</strong></span> <span class='ocrx_word' id='word_1_283' title='bbox 2724 557 3011 606; x_wconf 86' lang='lat' dir='ltr'><strong>stemmate</strong></span> <span class='ocrx_word' id='word_1_284' title='bbox 3037 551 3258 607; x_wconf 86' lang='lat' dir='ltr'><strong>donum.</strong></span> 
     </span>
    </p>
   </div>
   <div class='ocr_carea' id='block_1_78' title="bbox 1895 633 3469 714">
    <p class='ocr_par' dir='ltr' id='par_1_78' title="bbox 1895 633 3469 714">
     <span class='ocr_line' id='line_1_78' title="bbox 1895 633 3469 714; baseline 0.003 -17"><span class='ocrx_word' id='word_1_285' title='bbox 1895 640 2056 706; x_wconf 84' lang='lat' dir='ltr'><strong>Urbs,</strong></span> <span class='ocrx_word' id='word_1_286' title='bbox 2084 656 2334 712; x_wconf 89' lang='lat' dir='ltr'><strong>persona,</strong></span> <span class='ocrx_word' id='word_1_287' title='bbox 2367 641 2535 710; x_wconf 90' lang='lat' dir='ltr'><strong>locus,</strong></span> <span class='ocrx_word' id='word_1_288' title='bbox 2565 633 2737 714; x_wconf 85' lang='lat' dir='ltr'><strong>regio,</strong></span> <span class='ocrx_word' id='word_1_289' title='bbox 2769 643 2960 709; x_wconf 89' lang='lat' dir='ltr'><strong>tribus,</strong></span> <span class='ocrx_word' id='word_1_290' title='bbox 2989 642 3187 709; x_wconf 86' lang='lat' dir='ltr'><strong>insula,</strong></span> <span class='ocrx_word' id='word_1_291' title='bbox 3216 645 3469 708; x_wconf 81' lang='lat' dir='ltr'><strong>mundus,</strong></span> 
     </span>
    </p>
   </div>
   <div class='ocr_carea' id='block_1_79' title="bbox 1896 734 3352 807">
    <p class='ocr_par' dir='ltr' id='par_1_79' title="bbox 1896 734 3352 807">
     <span class='ocr_line' id='line_1_79' title="bbox 1896 734 3352 807; baseline 0 -15"><span class='ocrx_word' id='word_1_292' title='bbox 1896 734 2143 806; x_wconf 87' lang='lat' dir='ltr'><strong>Undique</strong></span> <span class='ocrx_word' id='word_1_293' title='bbox 2170 735 2441 807; x_wconf 89' lang='lat' dir='ltr'><strong>congestis</strong></span> <span class='ocrx_word' id='word_1_294' title='bbox 2470 749 2696 792; x_wconf 81' lang='lat' dir='ltr'><strong>numero</strong></span> <span class='ocrx_word' id='word_1_295' title='bbox 2725 736 2842 792; x_wconf 87' lang='lat' dir='ltr'><strong>sine</strong></span> <span class='ocrx_word' id='word_1_296' title='bbox 2879 735 3138 806; x_wconf 86' lang='lat' dir='ltr'><strong>lanceque</strong></span> <span class='ocrx_word' id='word_1_297' title='bbox 3166 735 3352 794; x_wconf 84' lang='lat' dir='ltr'><strong>lucris.</strong></span> 
     </span>
    </p>
   </div>
   <div class='ocr_carea' id='block_1_80' title="bbox 1894 826 3120 891">
    <p class='ocr_par' dir='ltr' id='par_1_80' title="bbox 1894 826 3120 891">
     <span class='ocr_line' id='line_1_80' title="bbox 1894 826 3120 891; baseline -0.001 -8"><span class='ocrx_word' id='word_1_298' title='bbox 1894 826 2201 883; x_wconf 89' lang='lat' dir='ltr'><strong>Conciliare</strong></span> <span class='ocrx_word' id='word_1_299' title='bbox 2229 835 2405 891; x_wconf 91' lang='lat' dir='ltr'><strong>tuum,</strong></span> <span class='ocrx_word' id='word_1_300' title='bbox 2434 836 2562 882; x_wconf 91' lang='lat' dir='ltr'><strong>voto</strong></span> <span class='ocrx_word' id='word_1_301' title='bbox 2586 836 2829 882; x_wconf 89' lang='lat' dir='ltr'><strong>certante</strong></span> <span class='ocrx_word' id='word_1_302' title='bbox 2859 826 3120 882; x_wconf 80' lang='lat' dir='ltr'><strong>favorem.</strong></span> 
     </span>
    </p>
   </div>
   <div class='ocr_carea' id='block_1_81' title="bbox 1894 917 3267 984">
    <p class='ocr_par' dir='ltr' id='par_1_81' title="bbox 1894 917 3267 984">
     <span class='ocr_line' id='line_1_81' title="bbox 1894 917 3267 984; baseline 0.001 -10"><span class='ocrx_word' id='word_1_303' title='bbox 1894 917 2042 975; x_wconf 89' lang='lat' dir='ltr'><strong>India</strong></span> <span class='ocrx_word' id='word_1_304' title='bbox 2082 920 2246 974; x_wconf 90' lang='lat' dir='ltr'><strong>mittit</strong></span> <span class='ocrx_word' id='word_1_305' title='bbox 2273 921 2426 984; x_wconf 84' lang='lat' dir='ltr'><strong>ebur,</strong></span> <span class='ocrx_word' id='word_1_306' title='bbox 2457 935 2678 977; x_wconf 91' lang='lat' dir='ltr'><strong>croceos</strong></span> <span class='ocrx_word' id='word_1_307' title='bbox 2707 921 2801 976; x_wconf 89' lang='lat' dir='ltr'><strong>dat</strong></span> <span class='ocrx_word' id='word_1_308' title='bbox 2828 920 3050 976; x_wconf 89' lang='lat' dir='ltr'><strong>Tmolus</strong></span> <span class='ocrx_word' id='word_1_309' title='bbox 3080 919 3267 978; x_wconf 67' lang='lat' dir='ltr'><strong>odores</strong></span> 
     </span>
    </p>
   </div>
   <div class='ocr_carea' id='block_1_82' title="bbox 1894 1010 3234 1083">
    <p class='ocr_par' dir='ltr' id='par_1_82' title="bbox 1894 1010 3234 1083">
     <span class='ocr_line' id='line_1_82' title="bbox 1894 1010 3234 1083; baseline 0.003 -19"><span class='ocrx_word' id='word_1_310' title='bbox 1894 1011 2102 1065; x_wconf 85' lang='lat' dir='ltr'><strong>Aurum</strong></span> <span class='ocrx_word' id='word_1_311' title='bbox 2134 1010 2435 1066; x_wconf 79' lang='lat' dir='ltr'><strong>turbidulos</strong></span> <span class='ocrx_word' id='word_1_312' title='bbox 2461 1011 2620 1066; x_wconf 85' lang='lat' dir='ltr'><strong>solito</strong></span> <span class='ocrx_word' id='word_1_313' title='bbox 2645 1011 2762 1082; x_wconf 91' lang='lat' dir='ltr'><strong>plus</strong></span> <span class='ocrx_word' id='word_1_314' title='bbox 2791 1013 2963 1083; x_wconf 89' lang='lat' dir='ltr'><strong>egerit</strong></span> <span class='ocrx_word' id='word_1_315' title='bbox 2984 1012 3234 1080; x_wconf 89' lang='lat' dir='ltr'><strong>Hermus,</strong></span> 
     </span>
    </p>
   </div>
   <div class='ocr_carea' id='block_1_83' title="bbox 1896 1100 3275 1175">
    <p class='ocr_par' dir='ltr' id='par_1_83' title="bbox 1896 1100 3275 1175">
     <span class='ocr_line' id='line_1_83' title="bbox 1896 1100 3275 1175; baseline 0.005 -20"><span class='ocrx_word' id='word_1_316' title='bbox 1896 1100 1973 1156; x_wconf 91' lang='lat' dir='ltr'><strong>Te</strong></span> <span class='ocrx_word' id='word_1_317' title='bbox 2004 1112 2221 1171; x_wconf 88' lang='lat' dir='ltr'><strong>propter</strong></span> <span class='ocrx_word' id='word_1_318' title='bbox 2250 1102 2479 1172; x_wconf 88' lang='lat' dir='ltr'><strong>geminis</strong></span> <span class='ocrx_word' id='word_1_319' title='bbox 2505 1101 2786 1158; x_wconf 88' lang='lat' dir='ltr'><strong>fraudatur</strong></span> <span class='ocrx_word' id='word_1_320' title='bbox 2814 1105 2991 1174; x_wconf 87' lang='lat' dir='ltr'><strong>opima</strong></span> <span class='ocrx_word' id='word_1_321' title='bbox 3023 1104 3275 1175; x_wconf 86' lang='lat' dir='ltr'><strong>Canopus</strong></span> 
     </span>
    </p>
   </div>
   <div class='ocr_carea' id='block_1_84' title="bbox 1895 1191 3232 1268">
    <p class='ocr_par' dir='ltr' id='par_1_84' title="bbox 1895 1191 3232 1268">
     <span class='ocr_line' id='line_1_84' title="bbox 1895 1191 3232 1268; baseline 0.003 -22"><span class='ocrx_word' id='word_1_322' title='bbox 1895 1191 2117 1254; x_wconf 86' lang='lat' dir='ltr'><strong>Pontus,</strong></span> <span class='ocrx_word' id='word_1_323' title='bbox 2146 1201 2202 1246; x_wconf 92' lang='lat' dir='ltr'><strong>et</strong></span> <span class='ocrx_word' id='word_1_324' title='bbox 2226 1191 2464 1248; x_wconf 86' lang='lat' dir='ltr'><strong>ostriferi</strong></span> <span class='ocrx_word' id='word_1_325' title='bbox 2495 1192 2679 1249; x_wconf 86' lang='lat' dir='ltr'><strong>fauces</strong></span> <span class='ocrx_word' id='word_1_326' title='bbox 2713 1204 3015 1249; x_wconf 88' lang='lat' dir='ltr'><strong>vacuantur</strong></span> <span class='ocrx_word' id='word_1_327' title='bbox 3037 1195 3232 1268; x_wconf 83' lang='lat' dir='ltr'><strong>Abydi,</strong></span> 
     </span>
    </p>
   </div>
   <div class='ocr_carea' id='block_1_85' title="bbox 1896 1283 3262 1355">
    <p class='ocr_par' dir='ltr' id='par_1_85' title="bbox 1896 1283 3262 1355">
     <span class='ocr_line' id='line_1_85' title="bbox 1896 1283 3262 1355; baseline 0.001 -17"><span class='ocrx_word' id='word_1_328' title='bbox 1896 1283 2146 1354; x_wconf 81' lang='lat' dir='ltr'><strong>Engaddi</strong></span> <span class='ocrx_word' id='word_1_329' title='bbox 2169 1284 2463 1355; x_wconf 85' lang='lat' dir='ltr'><strong>lacrymam</strong></span> <span class='ocrx_word' id='word_1_330' title='bbox 2500 1284 2677 1339; x_wconf 90' lang='lat' dir='ltr'><strong>fundit</strong></span> <span class='ocrx_word' id='word_1_331' title='bbox 2704 1284 2799 1339; x_wconf 90' lang='lat' dir='ltr'><strong>tibi</strong></span> <span class='ocrx_word' id='word_1_332' title='bbox 2829 1286 3032 1342; x_wconf 87' lang='lat' dir='ltr'><strong>cortice</strong></span> <span class='ocrx_word' id='word_1_333' title='bbox 3062 1286 3262 1351; x_wconf 82' lang='lat' dir='ltr'><strong>laetam,</strong></span> 
     </span>
    </p>
   </div>
   <div class='ocr_carea' id='block_1_86' title="bbox 1896 1375 3304 1449">
    <p class='ocr_par' dir='ltr' id='par_1_86' title="bbox 1896 1375 3304 1449">
     <span class='ocr_line' id='line_1_86' title="bbox 1896 1375 3304 1449; baseline 0.002 -18"><span class='ocrx_word' id='word_1_334' title='bbox 1896 1375 2065 1432; x_wconf 90' lang='lat' dir='ltr'><strong>Docta</strong></span> <span class='ocrx_word' id='word_1_335' title='bbox 2099 1377 2279 1431; x_wconf 90' lang='lat' dir='ltr'><strong>minus</strong></span> <span class='ocrx_word' id='word_1_336' title='bbox 2309 1378 2412 1432; x_wconf 87' lang='lat' dir='ltr'><strong>sibi</strong></span> <span class='ocrx_word' id='word_1_337' title='bbox 2443 1378 2554 1432; x_wconf 89' lang='lat' dir='ltr'><strong>visa</strong></span> <span class='ocrx_word' id='word_1_338' title='bbox 2585 1378 2761 1449; x_wconf 83' lang='lat' dir='ltr'><strong>Tyros</strong></span> <span class='ocrx_word' id='word_1_339' title='bbox 2793 1379 3005 1433; x_wconf 88' lang='lat' dir='ltr'><strong>incusat</strong></span> <span class='ocrx_word' id='word_1_340' title='bbox 3043 1379 3304 1434; x_wconf 81' lang='lat' dir='ltr'><strong>hebentes</strong></span> 
     </span>
    </p>
   </div>
   <div class='ocr_carea' id='block_1_87' title="bbox 1897 1466 3304 1540">
    <p class='ocr_par' dir='ltr' id='par_1_87' title="bbox 1897 1466 3304 1540">
     <span class='ocr_line' id='line_1_87' title="bbox 1897 1466 3304 1540; baseline 0.003 -20"><span class='ocrx_word' id='word_1_341' title='bbox 1897 1466 2138 1532; x_wconf 79' lang='lat' dir='ltr'><strong>Murieis,</strong></span> <span class='ocrx_word' id='word_1_342' title='bbox 2169 1467 2311 1521; x_wconf 83' lang='lat' dir='ltr'><strong>haud</strong></span> <span class='ocrx_word' id='word_1_343' title='bbox 2343 1468 2536 1537; x_wconf 85' lang='lat' dir='ltr'><strong>dignos</strong></span> <span class='ocrx_word' id='word_1_344' title='bbox 2574 1484 2632 1523; x_wconf 86' lang='lat' dir='ltr'><strong>se</strong></span> <span class='ocrx_word' id='word_1_345' title='bbox 2652 1470 2832 1540; x_wconf 87' lang='lat' dir='ltr'><strong>judice</strong></span> <span class='ocrx_word' id='word_1_346' title='bbox 2867 1467 3010 1524; x_wconf 88' lang='lat' dir='ltr'><strong>fassa</strong></span> <span class='ocrx_word' id='word_1_347' title='bbox 3052 1469 3304 1533; x_wconf 88' lang='lat' dir='ltr'><strong>rubores,</strong></span> 
     </span>
    </p>
   </div>
   <div class='ocr_carea' id='block_1_88' title="bbox 1897 1558 3248 1630">
    <p class='ocr_par' dir='ltr' id='par_1_88' title="bbox 1897 1558 3248 1630">
     <span class='ocr_line' id='line_1_88' title="bbox 1897 1558 3248 1630; baseline -0.001 -15"><span class='ocrx_word' id='word_1_348' title='bbox 1897 1559 2098 1630; x_wconf 85' lang='lat' dir='ltr'><strong>Epirus</strong></span> <span class='ocrx_word' id='word_1_349' title='bbox 2124 1560 2332 1629; x_wconf 84' lang='lat' dir='ltr'><strong>palmas</strong></span> <span class='ocrx_word' id='word_1_350' title='bbox 2355 1560 2540 1626; x_wconf 91' lang='lat' dir='ltr'><strong>simul,</strong></span> <span class='ocrx_word' id='word_1_351' title='bbox 2568 1569 2731 1630; x_wconf 90' lang='lat' dir='ltr'><strong>atque</strong></span> <span class='ocrx_word' id='word_1_352' title='bbox 2760 1559 2978 1614; x_wconf 84' lang='lat' dir='ltr'><strong>Mosella</strong></span> <span class='ocrx_word' id='word_1_353' title='bbox 3007 1558 3248 1614; x_wconf 85' lang='lat' dir='ltr'><strong>novellas</strong></span> 
     </span>
    </p>
   </div>
   <div class='ocr_carea' id='block_1_89' title="bbox 1897 1649 3310 1722">
    <p class='ocr_par' dir='ltr' id='par_1_89' title="bbox 1897 1649 3310 1722">
     <span class='ocr_line' id='line_1_89' title="bbox 1897 1649 3310 1722; baseline 0.001 -17"><span class='ocrx_word' id='word_1_354' title='bbox 1897 1649 2008 1706; x_wconf 86' lang='lat' dir='ltr'><strong>Ceu</strong></span> <span class='ocrx_word' id='word_1_355' title='bbox 2032 1659 2389 1722; x_wconf 88' lang='lat' dir='ltr'><strong>pennatorum</strong></span> <span class='ocrx_word' id='word_1_356' title='bbox 2420 1660 2632 1706; x_wconf 88' lang='lat' dir='ltr'><strong>certant</strong></span> <span class='ocrx_word' id='word_1_357' title='bbox 2659 1652 2753 1706; x_wconf 91' lang='lat' dir='ltr'><strong>tibi</strong></span> <span class='ocrx_word' id='word_1_358' title='bbox 2777 1651 3000 1721; x_wconf 80' lang='lat' dir='ltr'><strong>gignere</strong></span> <span class='ocrx_word' id='word_1_359' title='bbox 3025 1665 3310 1720; x_wconf 86' lang='lat' dir='ltr'><strong>equorum.</strong></span> 
     </span>
    </p>
   </div>
   <div class='ocr_carea' id='block_1_90' title="bbox 1896 1739 3198 1818">
    <p class='ocr_par' dir='ltr' id='par_1_90' title="bbox 1896 1739 3198 1818">
     <span class='ocr_line' id='line_1_90' title="bbox 1896 1739 3198 1818; baseline -0.002 -22"><span class='ocrx_word' id='word_1_360' title='bbox 1896 1739 2165 1818; x_wconf 74' lang='grc' dir='ltr'><strong>’Δρτυρίου</strong></span> <span class='ocrx_word' id='word_1_361' title='bbox 2186 1741 2428 1797; x_wconf 89' lang='lat' dir='ltr'><strong>albentes</strong></span> <span class='ocrx_word' id='word_1_362' title='bbox 2449 1742 2715 1811; x_wconf 88' lang='lat' dir='ltr'><strong>depromit</strong></span> <span class='ocrx_word' id='word_1_363' title='bbox 2740 1740 2934 1797; x_wconf 86' lang='lat' dir='ltr'><strong>Suevia</strong></span> <span class='ocrx_word' id='word_1_364' title='bbox 2967 1748 3198 1797; x_wconf 86' lang='lat' dir='ltr'><strong>montes.</strong></span> 
     </span>
    </p>
   </div>
   <div class='ocr_carea' id='block_1_91' title="bbox 1825 1813 3266 1906">
    <p class='ocr_par' dir='ltr' id='par_1_91' title="bbox 1825 1813 3266 1906">
     <span class='ocr_line' id='line_1_91' title="bbox 1825 1813 3266 1906; baseline -0.003 -16"><span class='ocrx_word' id='word_1_365' title='bbox 1825 1813 1874 1874; x_wconf 73' lang='grc' dir='ltr'><strong>Β</strong></span> <span class='ocrx_word' id='word_1_366' title='bbox 1901 1813 2141 1906; x_wconf 81' lang='lat' dir='ltr'><strong>Chrysca</strong></span> <span class='ocrx_word' id='word_1_367' title='bbox 2171 1843 2224 1891; x_wconf 91' lang='lat' dir='ltr'><strong>te</strong></span> <span class='ocrx_word' id='word_1_368' title='bbox 2250 1835 2464 1890; x_wconf 84' lang='lat' dir='ltr'><strong>vivente</strong></span> <span class='ocrx_word' id='word_1_369' title='bbox 2489 1835 2577 1890; x_wconf 92' lang='lat' dir='ltr'><strong>diu</strong></span> <span class='ocrx_word' id='word_1_370' title='bbox 2609 1833 2725 1889; x_wconf 88' lang='lat' dir='ltr'><strong>fore</strong></span> <span class='ocrx_word' id='word_1_371' title='bbox 2752 1832 2946 1888; x_wconf 80' lang='lat' dir='ltr'><strong>saecula</strong></span> <span class='ocrx_word' id='word_1_372' title='bbox 2975 1834 3266 1903; x_wconf 88' lang='lat' dir='ltr'><strong>spondens,</strong></span> 
     </span>
    </p>
   </div>
   <div class='ocr_carea' id='block_1_92' title="bbox 1904 1924 3236 1997">
    <p class='ocr_par' dir='ltr' id='par_1_92' title="bbox 1904 1924 3236 1997">
     <span class='ocr_line' id='line_1_92' title="bbox 1904 1924 3236 1997; baseline -0.005 -15"><span class='ocrx_word' id='word_1_373' title='bbox 1904 1926 2030 1983; x_wconf 81' lang='lat' dir='ltr'><strong>Haec</strong></span> <span class='ocrx_word' id='word_1_374' title='bbox 2067 1927 2210 1982; x_wconf 91' lang='lat' dir='ltr'><strong>inter</strong></span> <span class='ocrx_word' id='word_1_375' title='bbox 2234 1941 2501 1997; x_wconf 89' lang='lat' dir='ltr'><strong>gemmam</strong></span> <span class='ocrx_word' id='word_1_376' title='bbox 2531 1940 2632 1981; x_wconf 92' lang='lat' dir='ltr'><strong>nec</strong></span> <span class='ocrx_word' id='word_1_377' title='bbox 2659 1933 2773 1980; x_wconf 89' lang='lat' dir='ltr'><strong>tuta</strong></span> <span class='ocrx_word' id='word_1_378' title='bbox 2801 1924 2939 1979; x_wconf 86' lang='lat' dir='ltr'><strong>valle</strong></span> <span class='ocrx_word' id='word_1_379' title='bbox 2965 1931 3236 1993; x_wconf 88' lang='lat' dir='ltr'><strong>repertam</strong></span> 
     </span>
    </p>
   </div>
   <div class='ocr_carea' id='block_1_93' title="bbox 1901 2012 3494 2092">
    <p class='ocr_par' dir='ltr' id='par_1_93' title="bbox 1901 2012 3494 2092">
     <span class='ocr_line' id='line_1_93' title="bbox 1901 2012 3494 2092; baseline -0.004 -22"><span class='ocrx_word' id='word_1_380' title='bbox 1901 2014 2184 2071; x_wconf 85' lang='lat' dir='ltr'><strong>Gemmam</strong></span> <span class='ocrx_word' id='word_1_381' title='bbox 2222 2015 2534 2080; x_wconf 87' lang='lat' dir='ltr'><strong>Iucidulam,</strong></span> <span class='ocrx_word' id='word_1_382' title='bbox 2568 2029 2766 2078; x_wconf 90' lang='lat' dir='ltr'><strong>raram,</strong></span> <span class='ocrx_word' id='word_1_383' title='bbox 2807 2014 3048 2079; x_wconf 87' lang='lat' dir='ltr'><strong>charam,</strong></span> <span class='ocrx_word' id='word_1_384' title='bbox 3080 2012 3371 2084; x_wconf 81' lang='lat' dir='ltr'><strong>pretiosam</strong></span> <span class='ocrx_word' id='word_1_385' title='bbox 3486 2019 3494 2092; x_wconf 30' lang='lat'><strong>&#39;-</strong></span> 
     </span>
    </p>
   </div>
   <div class='ocr_carea' id='block_1_94' title="bbox 1903 2100 3487 2176">
    <p class='ocr_par' dir='ltr' id='par_1_94' title="bbox 1903 2100 3487 2176">
     <span class='ocr_line' id='line_1_94' title="bbox 1903 2100 3487 2176; baseline -0.003 -14"><span class='ocrx_word' id='word_1_386' title='bbox 1903 2105 2250 2162; x_wconf 85' lang='lat' dir='ltr'><strong>Transmittit</strong></span> <span class='ocrx_word' id='word_1_387' title='bbox 2264 2105 2514 2176; x_wconf 88' lang='lat' dir='ltr'><strong>proprius</strong></span> <span class='ocrx_word' id='word_1_388' title='bbox 2533 2114 2783 2175; x_wconf 87' lang='lat' dir='ltr'><strong>prompto</strong></span> <span class='ocrx_word' id='word_1_389' title='bbox 2805 2103 2902 2160; x_wconf 89' lang='lat' dir='ltr'><strong>tibi</strong></span> <span class='ocrx_word' id='word_1_390' title='bbox 2923 2112 3144 2174; x_wconf 88' lang='lat' dir='ltr'><strong>pectore</strong></span> <span class='ocrx_word' id='word_1_391' title='bbox 3165 2100 3322 2158; x_wconf 89' lang='lat' dir='ltr'><strong>dulus</strong></span> <span class='ocrx_word' id='word_1_392' title='bbox 3339 2100 3487 2172; x_wconf 83' lang='grc' dir='ltr'><strong>(δοῦ-</strong></span> 
     </span>
    </p>
   </div>
   <div class='ocr_carea' id='block_1_95' title="bbox 3349 2190 3482 2265">
    <p class='ocr_par' dir='ltr' id='par_1_95' title="bbox 3349 2190 3482 2265">
     <span class='ocr_line' id='line_1_95' title="bbox 3349 2190 3482 2265; baseline -0.015 0"><span class='ocrx_word' id='word_1_393' title='bbox 3349 2190 3482 2265; x_wconf 58' lang='lat' dir='ltr'><strong>[ioci</strong></span> 
     </span>
    </p>
   </div>
   <div class='ocr_carea' id='block_1_96' title="bbox 1904 2284 3130 2358">
    <p class='ocr_par' dir='ltr' id='par_1_96' title="bbox 1904 2284 3130 2358">
     <span class='ocr_line' id='line_1_96' title="bbox 1904 2284 3130 2358; baseline -0.005 -14"><span class='ocrx_word' id='word_1_394' title='bbox 1904 2287 2098 2344; x_wconf 89' lang='lat' dir='ltr'><strong>Ooliab</strong></span> <span class='ocrx_word' id='word_1_395' title='bbox 2126 2287 2370 2358; x_wconf 90' lang='lat' dir='ltr'><strong>sculpsit,</strong></span> <span class='ocrx_word' id='word_1_396' title='bbox 2403 2301 2508 2356; x_wconf 88' lang='lat' dir='ltr'><strong>qua</strong></span> <span class='ocrx_word' id='word_1_397' title='bbox 2535 2285 2882 2354; x_wconf 78' lang='lat' dir='ltr'><strong>neseleelque</strong></span> <span class='ocrx_word' id='word_1_398' title='bbox 2904 2284 3130 2350; x_wconf 86' lang='lat' dir='ltr'><strong>notavit,</strong></span> 
     </span>
    </p>
   </div>
   <div class='ocr_carea' id='block_1_97' title="bbox 1908 2377 3378 2448">
    <p class='ocr_par' dir='ltr' id='par_1_97' title="bbox 1908 2377 3378 2448">
     <span class='ocr_line' id='line_1_97' title="bbox 1908 2377 3378 2448; baseline -0.004 -14"><span class='ocrx_word' id='word_1_399' title='bbox 1908 2379 2052 2434; x_wconf 85' lang='lat' dir='ltr'><strong>Voce</strong></span> <span class='ocrx_word' id='word_1_400' title='bbox 2077 2379 2294 2448; x_wconf 89' lang='lat' dir='ltr'><strong>quidem</strong></span> <span class='ocrx_word' id='word_1_401' title='bbox 2319 2377 2506 2433; x_wconf 60' lang='lat' dir='ltr'><strong>Graeca</strong></span> <span class='ocrx_word' id='word_1_402' title='bbox 2526 2393 2794 2448; x_wconf 85' lang='lat' dir='ltr'><strong>gemmam</strong></span> <span class='ocrx_word' id='word_1_403' title='bbox 2823 2385 3051 2432; x_wconf 88' lang='lat' dir='ltr'><strong>testante</strong></span> <span class='ocrx_word' id='word_1_404' title='bbox 3070 2377 3378 2446; x_wconf 81' lang='lat' dir='ltr'><strong>probatam,</strong></span> 
     </span>
    </p>
   </div>
   <div class='ocr_carea' id='block_1_98' title="bbox 1849 2466 3491 2543">
    <p class='ocr_par' dir='ltr' id='par_1_98' title="bbox 1849 2466 3491 2543">
     <span class='ocr_line' id='line_1_98' title="bbox 1849 2466 3491 2543; baseline -0.001 -19"><span class='ocrx_word' id='word_1_405' title='bbox 1849 2473 1856 2478; x_wconf 83' lang='grc'><em>’</em></span> <span class='ocrx_word' id='word_1_406' title='bbox 1906 2469 2116 2542; x_wconf 86' lang='lat' dir='ltr'><strong>Quippe</strong></span> <span class='ocrx_word' id='word_1_407' title='bbox 2146 2471 2389 2543; x_wconf 84' lang='lat' dir='ltr'><strong>agathes,</strong></span> <span class='ocrx_word' id='word_1_408' title='bbox 2430 2471 2676 2542; x_wconf 89' lang='lat' dir='ltr'><strong>egathos,</strong></span> <span class='ocrx_word' id='word_1_409' title='bbox 2717 2470 2894 2525; x_wconf 90' lang='lat' dir='ltr'><strong>bonus</strong></span> <span class='ocrx_word' id='word_1_410' title='bbox 2929 2476 3013 2525; x_wconf 89' lang='lat' dir='ltr'><strong>est</strong></span> <span class='ocrx_word' id='word_1_411' title='bbox 3053 2466 3210 2540; x_wconf 83' lang='lat' dir='ltr'><strong>lapis,</strong></span> <span class='ocrx_word' id='word_1_412' title='bbox 3252 2468 3368 2539; x_wconf 88' lang='lat' dir='ltr'><strong>ipse</strong></span> <span class='ocrx_word' id='word_1_413' title='bbox 3408 2467 3491 2522; x_wconf 78' lang='lat' dir='ltr'><strong>fa-</strong></span> 
     </span>
    </p>
   </div>
   <div class='ocr_carea' id='block_1_99' title="bbox 3306 2557 3486 2633">
    <p class='ocr_par' dir='ltr' id='par_1_99' title="bbox 3306 2557 3486 2633">
     <span class='ocr_line' id='line_1_99' title="bbox 3306 2557 3486 2633; baseline 0.006 -19"><span class='ocrx_word' id='word_1_414' title='bbox 3306 2557 3382 2633; x_wconf 85' lang='lat' dir='ltr'><strong>[te</strong></span> <span class='ocrx_word' id='word_1_415' title='bbox 3389 2560 3486 2627; x_wconf 80' lang='lat' dir='ltr'><strong>ris.</strong></span> 
     </span>
    </p>
   </div>
   <div class='ocr_carea' id='block_1_100' title="bbox 1907 2652 3233 2726">
    <p class='ocr_par' dir='ltr' id='par_1_100' title="bbox 1907 2652 3233 2726">
     <span class='ocr_line' id='line_1_100' title="bbox 1907 2652 3233 2726; baseline -0.001 -17"><span class='ocrx_word' id='word_1_416' title='bbox 1907 2654 2155 2710; x_wconf 84' lang='lat' dir='ltr'><strong>Bactrica</strong></span> <span class='ocrx_word' id='word_1_417' title='bbox 2191 2669 2298 2708; x_wconf 92' lang='lat' dir='ltr'><strong>non</strong></span> <span class='ocrx_word' id='word_1_418' title='bbox 2326 2653 2484 2709; x_wconf 88' lang='lat' dir='ltr'><strong>ebeni</strong></span> <span class='ocrx_word' id='word_1_419' title='bbox 2523 2653 2698 2709; x_wconf 86' lang='lat' dir='ltr'><strong>radiat</strong></span> <span class='ocrx_word' id='word_1_420' title='bbox 2726 2653 2806 2709; x_wconf 92' lang='lat' dir='ltr'><strong>sic</strong></span> <span class='ocrx_word' id='word_1_421' title='bbox 2833 2653 3002 2708; x_wconf 85' lang='lat' dir='ltr'><strong>forma</strong></span> <span class='ocrx_word' id='word_1_422' title='bbox 3031 2652 3233 2726; x_wconf 88' lang='lat' dir='ltr'><strong>nigelli,</strong></span> 
     </span>
    </p>
   </div>
   <div class='ocr_carea' id='block_1_101' title="bbox 1907 2742 3494 2818">
    <p class='ocr_par' dir='ltr' id='par_1_101' title="bbox 1907 2742 3494 2818">
     <span class='ocr_line' id='line_1_101' title="bbox 1907 2742 3494 2818; baseline -0.001 -17"><span class='ocrx_word' id='word_1_423' title='bbox 1907 2745 2020 2804; x_wconf 89' lang='lat' dir='ltr'><strong>Nec</strong></span> <span class='ocrx_word' id='word_1_424' title='bbox 2055 2747 2136 2803; x_wconf 91' lang='lat' dir='ltr'><strong>sic</strong></span> <span class='ocrx_word' id='word_1_425' title='bbox 2163 2756 2447 2817; x_wconf 88' lang='lat' dir='ltr'><strong>augustum</strong></span> <span class='ocrx_word' id='word_1_426' title='bbox 2477 2748 2732 2803; x_wconf 89' lang='lat' dir='ltr'><strong>decorant</strong></span> <span class='ocrx_word' id='word_1_427' title='bbox 2759 2745 3121 2818; x_wconf 86' lang='lat' dir='ltr'><strong>amethystina</strong></span> <span class='ocrx_word' id='word_1_428' title='bbox 3150 2742 3368 2800; x_wconf 84' lang='lat' dir='ltr'><strong>collum.</strong></span> <span class='ocrx_word' id='word_1_429' title='bbox 3481 2752 3494 2799; x_wconf 75' lang='grc' dir='ltr'><strong>ζ·</strong></span> 
     </span>
    </p>
   </div>
   <div class='ocr_carea' id='block_1_102' title="bbox 1910 2835 3386 2910">
    <p class='ocr_par' dir='ltr' id='par_1_102' title="bbox 1910 2835 3386 2910">
     <span class='ocr_line' id='line_1_102' title="bbox 1910 2835 3386 2910; baseline -0.003 -16"><span class='ocrx_word' id='word_1_430' title='bbox 1910 2839 2005 2895; x_wconf 89' lang='lat' dir='ltr'><strong>Vel</strong></span> <span class='ocrx_word' id='word_1_431' title='bbox 2026 2840 2198 2910; x_wconf 73' lang='lat' dir='ltr'><strong>iaspis</strong></span> <span class='ocrx_word' id='word_1_432' title='bbox 2228 2838 2374 2894; x_wconf 87' lang='lat' dir='ltr'><strong>fulvo</strong></span> <span class='ocrx_word' id='word_1_433' title='bbox 2403 2853 2524 2894; x_wconf 91' lang='lat' dir='ltr'><strong>cum</strong></span> <span class='ocrx_word' id='word_1_434' title='bbox 2554 2838 2772 2895; x_wconf 90' lang='lat' dir='ltr'><strong>clausus</strong></span> <span class='ocrx_word' id='word_1_435' title='bbox 2799 2836 3036 2909; x_wconf 80' lang='lat' dir='ltr'><strong>fulgurat</strong></span> <span class='ocrx_word' id='word_1_436' title='bbox 3063 2850 3216 2891; x_wconf 91' lang='lat' dir='ltr'><strong>auro.</strong></span> <span class='ocrx_word' id='word_1_437' title='bbox 3383 2835 3386 2838; x_wconf 79' lang='grc'><strong>’</strong></span> 
     </span>
    </p>
   </div>
   <div class='ocr_carea' id='block_1_103' title="bbox 1907 2930 3077 3000">
    <p class='ocr_par' dir='ltr' id='par_1_103' title="bbox 1907 2930 3077 3000">
     <span class='ocr_line' id='line_1_103' title="bbox 1907 2930 3077 3000; baseline -0.002 -15"><span class='ocrx_word' id='word_1_438' title='bbox 1907 2931 2033 2987; x_wconf 91' lang='lat' dir='ltr'><strong>Istic</strong></span> <span class='ocrx_word' id='word_1_439' title='bbox 2070 2932 2112 2986; x_wconf 92' lang='lat' dir='ltr'><strong>si</strong></span> <span class='ocrx_word' id='word_1_440' title='bbox 2148 2931 2368 2987; x_wconf 87' lang='lat' dir='ltr'><strong>Davidis</strong></span> <span class='ocrx_word' id='word_1_441' title='bbox 2400 2931 2662 2986; x_wconf 88' lang='lat' dir='ltr'><strong>resideret</strong></span> <span class='ocrx_word' id='word_1_442' title='bbox 2689 2930 2890 2986; x_wconf 89' lang='lat' dir='ltr'><strong>vertice</strong></span> <span class='ocrx_word' id='word_1_443' title='bbox 2915 2930 3077 3000; x_wconf 88' lang='lat' dir='ltr'><strong>regis,</strong></span> 
     </span>
    </p>
   </div>
   <div class='ocr_carea' id='block_1_104' title="bbox 1910 3017 3349 3093">
    <p class='ocr_par' dir='ltr' id='par_1_104' title="bbox 1910 3017 3349 3093">
     <span class='ocr_line' id='line_1_104' title="bbox 1910 3017 3349 3093; baseline -0.003 -16"><span class='ocrx_word' id='word_1_444' title='bbox 1910 3021 2240 3093; x_wconf 83' lang='lat' dir='ltr'><strong>Omnigenas</strong></span> <span class='ocrx_word' id='word_1_445' title='bbox 2267 3023 2490 3093; x_wconf 86' lang='lat' dir='ltr'><strong>proprio</strong></span> <span class='ocrx_word' id='word_1_446' title='bbox 2517 3031 2825 3092; x_wconf 87' lang='lat' dir='ltr'><strong>superasset</strong></span> <span class='ocrx_word' id='word_1_447' title='bbox 2853 3020 3056 3075; x_wconf 90' lang='lat' dir='ltr'><strong>lumine</strong></span> <span class='ocrx_word' id='word_1_448' title='bbox 3083 3017 3349 3075; x_wconf 82' lang='lat' dir='ltr'><strong>ﬂammas.</strong></span> 
     </span>
    </p>
   </div>
   <div class='ocr_carea' id='block_1_105' title="bbox 1911 3109 3191 3183">
    <p class='ocr_par' dir='ltr' id='par_1_105' title="bbox 1911 3109 3191 3183">
     <span class='ocr_line' id='line_1_105' title="bbox 1911 3109 3191 3183; baseline -0.003 -15"><span class='ocrx_word' id='word_1_449' title='bbox 1911 3112 2153 3182; x_wconf 88' lang='lat' dir='ltr'><strong>Denique</strong></span> <span class='ocrx_word' id='word_1_450' title='bbox 2183 3113 2226 3168; x_wconf 88' lang='lat' dir='ltr'><strong>si</strong></span> <span class='ocrx_word' id='word_1_451' title='bbox 2259 3114 2398 3168; x_wconf 89' lang='lat' dir='ltr'><strong>vatis</strong></span> <span class='ocrx_word' id='word_1_452' title='bbox 2426 3112 2593 3183; x_wconf 79' lang='lat' dir='ltr'><strong>Moysi</strong></span> <span class='ocrx_word' id='word_1_453' title='bbox 2619 3112 2720 3168; x_wconf 88' lang='lat' dir='ltr'><strong>sub</strong></span> <span class='ocrx_word' id='word_1_454' title='bbox 2746 3120 2963 3181; x_wconf 85' lang='lat' dir='ltr'><strong>pectore</strong></span> <span class='ocrx_word' id='word_1_455' title='bbox 2987 3109 3191 3176; x_wconf 87' lang='lat' dir='ltr'><strong>fratris,</strong></span> 
     </span>
    </p>
   </div>
   <div class='ocr_carea' id='block_1_106' title="bbox 1909 3204 3282 3276">
    <p class='ocr_par' dir='ltr' id='par_1_106' title="bbox 1909 3204 3282 3276">
     <span class='ocr_line' id='line_1_106' title="bbox 1909 3204 3282 3276; baseline -0.001 -16"><span class='ocrx_word' id='word_1_456' title='bbox 1909 3205 2138 3276; x_wconf 88' lang='lat' dir='ltr'><strong>Cogeret</strong></span> <span class='ocrx_word' id='word_1_457' title='bbox 2171 3205 2416 3260; x_wconf 87' lang='lat' dir='ltr'><strong>undenas</strong></span> <span class='ocrx_word' id='word_1_458' title='bbox 2442 3205 2546 3260; x_wconf 90' lang='lat' dir='ltr'><strong>sibi</strong></span> <span class='ocrx_word' id='word_1_459' title='bbox 2574 3204 2666 3273; x_wconf 88' lang='lat' dir='ltr'><strong>jus</strong></span> <span class='ocrx_word' id='word_1_460' title='bbox 2693 3204 2992 3261; x_wconf 89' lang='lat' dir='ltr'><strong>concedere</strong></span> <span class='ocrx_word' id='word_1_461' title='bbox 3019 3217 3282 3276; x_wconf 82' lang='lat' dir='ltr'><strong>gemmas,</strong></span> 
     </span>
    </p>
   </div>
   <div class='ocr_carea' id='block_1_107' title="bbox 1911 3295 3275 3368">
    <p class='ocr_par' dir='ltr' id='par_1_107' title="bbox 1911 3295 3275 3368">
     <span class='ocr_line' id='line_1_107' title="bbox 1911 3295 3275 3368; baseline -0.001 -17"><span class='ocrx_word' id='word_1_462' title='bbox 1911 3295 2038 3352; x_wconf 72' lang='lat' dir='ltr'><strong>Haec</strong></span> <span class='ocrx_word' id='word_1_463' title='bbox 2069 3297 2164 3352; x_wconf 89' lang='lat' dir='ltr'><strong>tibi</strong></span> <span class='ocrx_word' id='word_1_464' title='bbox 2201 3297 2248 3352; x_wconf 90' lang='lat' dir='ltr'><strong>si</strong></span> <span class='ocrx_word' id='word_1_465' title='bbox 2276 3305 2464 3368; x_wconf 88' lang='lat' dir='ltr'><strong>gratus</strong></span> <span class='ocrx_word' id='word_1_466' title='bbox 2503 3295 2686 3361; x_wconf 90' lang='lat' dir='ltr'><strong>fuerit,</strong></span> <span class='ocrx_word' id='word_1_467' title='bbox 2717 3296 2843 3353; x_wconf 89' lang='lat' dir='ltr'><strong>licet</strong></span> <span class='ocrx_word' id='word_1_468' title='bbox 2879 3311 2975 3352; x_wconf 88' lang='lat' dir='ltr'><strong>ore</strong></span> <span class='ocrx_word' id='word_1_469' title='bbox 3010 3297 3275 3365; x_wconf 81' lang='lat' dir='ltr'><strong>nigratus,</strong></span> 
     </span>
    </p>
   </div>
   <div class='ocr_carea' id='block_1_108' title="bbox 1912 3386 3259 3458">
    <p class='ocr_par' dir='ltr' id='par_1_108' title="bbox 1912 3386 3259 3458">
     <span class='ocr_line' id='line_1_108' title="bbox 1912 3386 3259 3458; baseline -0.003 -15"><span class='ocrx_word' id='word_1_470' title='bbox 1912 3388 2111 3443; x_wconf 85' lang='lat' dir='ltr'><strong>Suevia</strong></span> <span class='ocrx_word' id='word_1_471' title='bbox 2147 3387 2262 3442; x_wconf 88' lang='lat' dir='ltr'><strong>fors</strong></span> <span class='ocrx_word' id='word_1_472' title='bbox 2300 3387 2465 3442; x_wconf 92' lang='lat' dir='ltr'><strong>ullum</strong></span> <span class='ocrx_word' id='word_1_473' title='bbox 2497 3387 2542 3443; x_wconf 91' lang='lat' dir='ltr'><strong>si</strong></span> <span class='ocrx_word' id='word_1_474' title='bbox 2571 3387 2780 3458; x_wconf 91' lang='lat' dir='ltr'><strong>profert</strong></span> <span class='ocrx_word' id='word_1_475' title='bbox 2807 3403 2966 3444; x_wconf 89' lang='lat' dir='ltr'><strong>amne</strong></span> <span class='ocrx_word' id='word_1_476' title='bbox 3000 3386 3259 3458; x_wconf 89' lang='lat' dir='ltr'><strong>lapillum,</strong></span> 
     </span>
    </p>
   </div>
   <div class='ocr_carea' id='block_1_109' title="bbox 1914 3477 3364 3549">
    <p class='ocr_par' dir='ltr' id='par_1_109' title="bbox 1914 3477 3364 3549">
     <span class='ocr_line' id='line_1_109' title="bbox 1914 3477 3364 3549; baseline -0.002 -16"><span class='ocrx_word' id='word_1_477' title='bbox 1914 3478 2249 3541; x_wconf 86' lang='lat' dir='ltr'><strong>Lacteolum,</strong></span> <span class='ocrx_word' id='word_1_478' title='bbox 2283 3479 2521 3544; x_wconf 86' lang='lat' dir='ltr'><strong>niveum,</strong></span> <span class='ocrx_word' id='word_1_479' title='bbox 2553 3478 2787 3549; x_wconf 87' lang='lat' dir='ltr'><strong>parium,</strong></span> <span class='ocrx_word' id='word_1_480' title='bbox 2817 3494 2911 3534; x_wconf 91' lang='lat' dir='ltr'><strong>seu</strong></span> <span class='ocrx_word' id='word_1_481' title='bbox 2941 3477 3150 3533; x_wconf 90' lang='lat' dir='ltr'><strong>scilicet</strong></span> <span class='ocrx_word' id='word_1_482' title='bbox 3181 3477 3364 3532; x_wconf 76' lang='lat' dir='ltr'><strong>album</strong></span> 
     </span>
    </p>
   </div>
   <div class='ocr_carea' id='block_1_110' title="bbox 1916 3567 3207 3640">
    <p class='ocr_par' dir='ltr' id='par_1_110' title="bbox 1916 3567 3207 3640">
     <span class='ocr_line' id='line_1_110' title="bbox 1916 3567 3207 3640; baseline -0.002 -15"><span class='ocrx_word' id='word_1_483' title='bbox 1916 3571 2071 3626; x_wconf 84' lang='lat' dir='ltr'><strong>Hunc</strong></span> <span class='ocrx_word' id='word_1_484' title='bbox 2100 3570 2197 3625; x_wconf 92' lang='lat' dir='ltr'><strong>tibi</strong></span> <span class='ocrx_word' id='word_1_485' title='bbox 2227 3570 2372 3640; x_wconf 87' lang='lat' dir='ltr'><strong>larga</strong></span> <span class='ocrx_word' id='word_1_486' title='bbox 2404 3571 2479 3626; x_wconf 91' lang='lat' dir='ltr'><strong>tui</strong></span> <span class='ocrx_word' id='word_1_487' title='bbox 2506 3570 2767 3640; x_wconf 81' lang='lat' dir='ltr'><strong>praebebit</strong></span> <span class='ocrx_word' id='word_1_488' title='bbox 2796 3570 3016 3624; x_wconf 79' lang='lat' dir='ltr'><strong>dextera</strong></span> <span class='ocrx_word' id='word_1_489' title='bbox 3043 3567 3207 3630; x_wconf 88' lang='lat' dir='ltr'><strong>servi,</strong></span> 
     </span>
    </p>
   </div>
   <div class='ocr_carea' id='block_1_111' title="bbox 1910 3659 3338 3730">
    <p class='ocr_par' dir='ltr' id='par_1_111' title="bbox 1910 3659 3338 3730">
     <span class='ocr_line' id='line_1_111' title="bbox 1910 3659 3338 3730; baseline -0.001 -15"><span class='ocrx_word' id='word_1_490' title='bbox 1910 3659 2021 3716; x_wconf 83' lang='lat' dir='ltr'><strong>Nec</strong></span> <span class='ocrx_word' id='word_1_491' title='bbox 2049 3675 2269 3730; x_wconf 88' lang='lat' dir='ltr'><strong>parcum</strong></span> <span class='ocrx_word' id='word_1_492' title='bbox 2298 3661 2445 3716; x_wconf 90' lang='lat' dir='ltr'><strong>dices</strong></span> <span class='ocrx_word' id='word_1_493' title='bbox 2474 3662 2601 3716; x_wconf 89' lang='lat' dir='ltr'><strong>dum</strong></span> <span class='ocrx_word' id='word_1_494' title='bbox 2635 3659 2742 3715; x_wconf 85' lang='lat' dir='ltr'><strong>fert</strong></span> <span class='ocrx_word' id='word_1_495' title='bbox 2761 3659 3079 3715; x_wconf 82' lang='lat' dir='ltr'><strong>Alemannia</strong></span> <span class='ocrx_word' id='word_1_496' title='bbox 3113 3665 3338 3723; x_wconf 73' lang='lat' dir='ltr'><strong>cautes,</strong></span> 
     </span>
    </p>
   </div>
   <div class='ocr_carea' id='block_1_112' title="bbox 1911 3749 3145 3808">
    <p class='ocr_par' dir='ltr' id='par_1_112' title="bbox 1911 3749 3145 3808">
     <span class='ocr_line' id='line_1_112' title="bbox 1911 3749 3145 3808; baseline 0.002 -2"><span class='ocrx_word' id='word_1_497' title='bbox 1911 3751 2022 3807; x_wconf 91' lang='lat' dir='ltr'><strong>Nec</strong></span> <span class='ocrx_word' id='word_1_498' title='bbox 2053 3751 2148 3806; x_wconf 87' lang='lat' dir='ltr'><strong>tibi</strong></span> <span class='ocrx_word' id='word_1_499' title='bbox 2176 3750 2412 3807; x_wconf 87' lang='lat' dir='ltr'><strong>Saxonia</strong></span> <span class='ocrx_word' id='word_1_500' title='bbox 2442 3752 2615 3806; x_wconf 87' lang='lat' dir='ltr'><strong>satius</strong></span> <span class='ocrx_word' id='word_1_501' title='bbox 2643 3751 2774 3806; x_wconf 88' lang='lat' dir='ltr'><strong>dant</strong></span> <span class='ocrx_word' id='word_1_502' title='bbox 2804 3766 2968 3805; x_wconf 86' lang='lat' dir='ltr'><strong>saxea</strong></span> <span class='ocrx_word' id='word_1_503' title='bbox 2997 3749 3145 3808; x_wconf 70' lang='lat' dir='ltr'><strong>dona</strong></span> 
     </span>
    </p>
   </div>
   <div class='ocr_carea' id='block_1_113' title="bbox 1913 3839 3366 3910">
    <p class='ocr_par' dir='ltr' id='par_1_113' title="bbox 1913 3839 3366 3910">
     <span class='ocr_line' id='line_1_113' title="bbox 1913 3839 3366 3910; baseline -0.003 -14"><span class='ocrx_word' id='word_1_504' title='bbox 1913 3841 2021 3897; x_wconf 83' lang='lat' dir='ltr'><strong>Sed</strong></span> <span class='ocrx_word' id='word_1_505' title='bbox 2047 3843 2164 3897; x_wconf 90' lang='lat' dir='ltr'><strong>vice</strong></span> <span class='ocrx_word' id='word_1_506' title='bbox 2199 3853 2254 3896; x_wconf 91' lang='lat' dir='ltr'><strong>tu</strong></span> <span class='ocrx_word' id='word_1_507' title='bbox 2285 3849 2470 3896; x_wconf 90' lang='lat' dir='ltr'><strong>nostra</strong></span> <span class='ocrx_word' id='word_1_508' title='bbox 2500 3841 2763 3910; x_wconf 88' lang='lat' dir='ltr'><strong>obsequio</strong></span> <span class='ocrx_word' id='word_1_509' title='bbox 2796 3839 2933 3910; x_wconf 90' lang='lat' dir='ltr'><strong>lapis</strong></span> <span class='ocrx_word' id='word_1_510' title='bbox 2961 3839 3161 3895; x_wconf 88' lang='lat' dir='ltr'><strong>acriter</strong></span> <span class='ocrx_word' id='word_1_511' title='bbox 3190 3839 3366 3905; x_wconf 55' lang='lat' dir='ltr'><strong>insta,</strong></span> 
     </span>
    </p>
   </div>
   <div class='ocr_carea' id='block_1_114' title="bbox 1915 3923 3387 4000">
    <p class='ocr_par' dir='ltr' id='par_1_114' title="bbox 1915 3923 3387 4000">
     <span class='ocr_line' id='line_1_114' title="bbox 1915 3923 3387 4000; baseline -0.006 -13"><span class='ocrx_word' id='word_1_512' title='bbox 1915 3934 2050 3987; x_wconf 90' lang='lat' dir='ltr'><strong>Dum</strong></span> <span class='ocrx_word' id='word_1_513' title='bbox 2081 3931 2300 3985; x_wconf 82' lang='lat' dir='ltr'><strong>veniens</strong></span> <span class='ocrx_word' id='word_1_514' title='bbox 2331 3939 2528 4000; x_wconf 62' lang='lat' dir='ltr'><strong>praesto</strong></span> <span class='ocrx_word' id='word_1_515' title='bbox 2556 3928 2765 3984; x_wconf 90' lang='lat' dir='ltr'><strong>valeam</strong></span> <span class='ocrx_word' id='word_1_516' title='bbox 2803 3928 3054 3999; x_wconf 86' lang='lat' dir='ltr'><strong>supplere</strong></span> <span class='ocrx_word' id='word_1_517' title='bbox 3080 3923 3223 3997; x_wconf 85' lang='lat' dir='ltr'><strong>quod</strong></span> <span class='ocrx_word' id='word_1_518' title='bbox 3257 3934 3387 3994; x_wconf 91' lang='lat' dir='ltr'><strong>opto</strong></span> 
     </span>
    </p>
   </div>
   <div class='ocr_carea' id='block_1_115' title="bbox 2399 4033 3013 4074">
    <p class='ocr_par' dir='ltr' id='par_1_115' title="bbox 2399 4033 3013 4074">
     <span class='ocr_line' id='line_1_115' title="bbox 2399 4033 3013 4074; baseline -0.005 0"><span class='ocrx_word' id='word_1_519' title='bbox 2399 4035 2465 4074; x_wconf 73' lang='lat' dir='ltr'><strong>AD</strong></span> <span class='ocrx_word' id='word_1_520' title='bbox 2505 4036 2587 4074; x_wconf 73' lang='lat' dir='ltr'><strong>ALI</strong></span> <span class='ocrx_word' id='word_1_521' title='bbox 2597 4035 2667 4074; x_wconf 84' lang='grc' dir='ltr'>ωι</span> <span class='ocrx_word' id='word_1_522' title='bbox 2706 4033 3013 4074; x_wconf 66' lang='grc' dir='ltr'><strong>ΕΡΙΕΕΟΡυΠ.</strong></span> 
     </span>
    </p>
   </div>
   <div class='ocr_carea' id='block_1_116' title="bbox 1915 4112 3166 4177">
    <p class='ocr_par' dir='ltr' id='par_1_116' title="bbox 1915 4112 3166 4177">
     <span class='ocr_line' id='line_1_116' title="bbox 1915 4112 3166 4177; baseline -0.003 -9"><span class='ocrx_word' id='word_1_523' title='bbox 1915 4114 2060 4168; x_wconf 84' lang='lat' dir='ltr'><strong>Eheu</strong></span> <span class='ocrx_word' id='word_1_524' title='bbox 2093 4123 2412 4167; x_wconf 72' lang='lat' dir='ltr'><strong>mmrentcm</strong></span> <span class='ocrx_word' id='word_1_525' title='bbox 2444 4112 2621 4167; x_wconf 88' lang='lat' dir='ltr'><strong>renuit</strong></span> <span class='ocrx_word' id='word_1_526' title='bbox 2651 4112 2874 4167; x_wconf 88' lang='lat' dir='ltr'><strong>dictatio</strong></span> <span class='ocrx_word' id='word_1_527' title='bbox 2906 4120 3166 4177; x_wconf 90' lang='lat' dir='ltr'><strong>mentem,</strong></span> 
     </span>
    </p>
   </div>
   <div class='ocr_carea' id='block_1_117' title="bbox 1914 4202 3105 4275">
    <p class='ocr_par' dir='ltr' id='par_1_117' title="bbox 1914 4202 3105 4275">
     <span class='ocr_line' id='line_1_117' title="bbox 1914 4202 3105 4275; baseline -0.002 -17"><span class='ocrx_word' id='word_1_528' title='bbox 1914 4203 2209 4275; x_wconf 79' lang='lat' dir='ltr'><strong>Aufugiens</strong></span> <span class='ocrx_word' id='word_1_529' title='bbox 2237 4205 2406 4259; x_wconf 89' lang='lat' dir='ltr'><strong>tristis</strong></span> <span class='ocrx_word' id='word_1_530' title='bbox 2430 4202 2652 4259; x_wconf 89' lang='lat' dir='ltr'><strong>confusa</strong></span> <span class='ocrx_word' id='word_1_531' title='bbox 2681 4203 2878 4260; x_wconf 90' lang='lat' dir='ltr'><strong>cubilia</strong></span> <span class='ocrx_word' id='word_1_532' title='bbox 2907 4204 3105 4259; x_wconf 88' lang='lat' dir='ltr'><strong>cordis.</strong></span> 
     </span>
    </p>
   </div>
   <div class='ocr_carea' id='block_1_118' title="bbox 1915 4292 3388 4358">
    <p class='ocr_par' dir='ltr' id='par_1_118' title="bbox 1915 4292 3388 4358">
     <span class='ocr_line' id='line_1_118' title="bbox 1915 4292 3388 4358; baseline -0.003 -8"><span class='ocrx_word' id='word_1_533' title='bbox 1915 4293 2304 4350; x_wconf 88' lang='lat' dir='ltr'><strong>Cuncticreans</strong></span> <span class='ocrx_word' id='word_1_534' title='bbox 2332 4293 2579 4358; x_wconf 87' lang='lat' dir='ltr'><strong>Genitor,</strong></span> <span class='ocrx_word' id='word_1_535' title='bbox 2607 4295 2856 4350; x_wconf 88' lang='lat' dir='ltr'><strong>mihimet</strong></span> <span class='ocrx_word' id='word_1_536' title='bbox 2875 4309 3131 4350; x_wconf 90' lang='lat' dir='ltr'><strong>succurre</strong></span> <span class='ocrx_word' id='word_1_537' title='bbox 3161 4292 3388 4357; x_wconf 88' lang='lat' dir='ltr'><strong>misello,</strong></span> 
     </span>
    </p>
   </div>
   <div class='ocr_carea' id='block_1_119' title="bbox 1919 4383 3340 4456">
    <p class='ocr_par' dir='ltr' id='par_1_119' title="bbox 1919 4383 3340 4456">
     <span class='ocr_line' id='line_1_119' title="bbox 1919 4383 3340 4456; baseline -0.001 -16"><span class='ocrx_word' id='word_1_538' title='bbox 1919 4387 2086 4442; x_wconf 80' lang='lat' dir='ltr'><strong>Filius</strong></span> <span class='ocrx_word' id='word_1_539' title='bbox 2114 4394 2275 4456; x_wconf 87' lang='lat' dir='ltr'><strong>atqu‘e</strong></span> <span class='ocrx_word' id='word_1_540' title='bbox 2304 4387 2444 4456; x_wconf 83' lang='lat' dir='ltr'><strong>pius,</strong></span> <span class='ocrx_word' id='word_1_541' title='bbox 2478 4387 2569 4456; x_wconf 89' lang='lat' dir='ltr'><strong>qui</strong></span> <span class='ocrx_word' id='word_1_542' title='bbox 2600 4386 2793 4442; x_wconf 66' lang='lat' dir='ltr'><strong>saecula</strong></span> <span class='ocrx_word' id='word_1_543' title='bbox 2824 4395 3017 4441; x_wconf 88' lang='lat' dir='ltr'><strong>cuncta</strong></span> <span class='ocrx_word' id='word_1_544' title='bbox 3048 4383 3340 4454; x_wconf 87' lang='lat' dir='ltr'><strong>gubernas,</strong></span> 
     </span>
    </p>
   </div>
   <div class='ocr_carea' id='block_1_120' title="bbox 1919 4472 3288 4546">
    <p class='ocr_par' dir='ltr' id='par_1_120' title="bbox 1919 4472 3288 4546">
     <span class='ocr_line' id='line_1_120' title="bbox 1919 4472 3288 4546; baseline -0.002 -16"><span class='ocrx_word' id='word_1_545' title='bbox 1919 4477 2153 4545; x_wconf 83' lang='lat' dir='ltr'><strong>Spiritus</strong></span> <span class='ocrx_word' id='word_1_546' title='bbox 2184 4472 2321 4530; x_wconf 81' lang='lat' dir='ltr'><strong>alme</strong></span> <span class='ocrx_word' id='word_1_547' title='bbox 2348 4477 2490 4538; x_wconf 88' lang='lat' dir='ltr'><strong>veni,</strong></span> <span class='ocrx_word' id='word_1_548' title='bbox 2524 4476 2708 4531; x_wconf 89' lang='lat' dir='ltr'><strong>confer</strong></span> <span class='ocrx_word' id='word_1_549' title='bbox 2731 4485 2785 4530; x_wconf 89' lang='lat' dir='ltr'><strong>tu</strong></span> <span class='ocrx_word' id='word_1_550' title='bbox 2817 4476 2978 4531; x_wconf 85' lang='lat' dir='ltr'><strong>verba</strong></span> <span class='ocrx_word' id='word_1_551' title='bbox 3009 4474 3288 4546; x_wconf 80' lang='lat' dir='ltr'><strong>precanti;</strong></span> 
     </span>
    </p>
   </div>
   <div class='ocr_carea' id='block_1_121' title="bbox 1841 4534 3332 4638">
    <p class='ocr_par' dir='ltr' id='par_1_121' title="bbox 1841 4534 3332 4638">
     <span class='ocr_line' id='line_1_121' title="bbox 1841 4534 3332 4638; baseline -0.004 -16"><span class='ocrx_word' id='word_1_552' title='bbox 1841 4534 1892 4592; x_wconf 68' lang='grc' dir='ltr'><strong>Β</strong></span> <span class='ocrx_word' id='word_1_553' title='bbox 1921 4565 2122 4623; x_wconf 87' lang='lat' dir='ltr'><strong>Sancta</strong></span> <span class='ocrx_word' id='word_1_554' title='bbox 2146 4566 2240 4622; x_wconf 89' lang='lat' dir='ltr'><strong>Dei</strong></span> <span class='ocrx_word' id='word_1_555' title='bbox 2271 4567 2504 4638; x_wconf 84' lang='lat' dir='ltr'><strong>genitrix</strong></span> <span class='ocrx_word' id='word_1_556' title='bbox 2533 4567 2706 4625; x_wconf 86' lang='lat' dir='ltr'><strong>nostri</strong></span> <span class='ocrx_word' id='word_1_557' title='bbox 2737 4566 3028 4621; x_wconf 86' lang='lat' dir='ltr'><strong>miseresce</strong></span> <span class='ocrx_word' id='word_1_558' title='bbox 3061 4580 3332 4637; x_wconf 84' lang='lat' dir='ltr'><strong>rogamus.</strong></span> 
     </span>
    </p>
   </div>
   <div class='ocr_carea' id='block_1_122' title="bbox 1917 4654 3286 4728">
    <p class='ocr_par' dir='ltr' id='par_1_122' title="bbox 1917 4654 3286 4728">
     <span class='ocr_line' id='line_1_122' title="bbox 1917 4654 3286 4728; baseline 0.001 -18"><span class='ocrx_word' id='word_1_559' title='bbox 1917 4659 2138 4713; x_wconf 78' lang='lat' dir='ltr'><strong>Asmata</strong></span> <span class='ocrx_word' id='word_1_560' title='bbox 2166 4656 2325 4728; x_wconf 83' lang='lat' dir='ltr'><strong>digna</strong></span> <span class='ocrx_word' id='word_1_561' title='bbox 2353 4657 2470 4711; x_wconf 90' lang='lat' dir='ltr'><strong>viro</strong></span> <span class='ocrx_word' id='word_1_562' title='bbox 2497 4665 2622 4712; x_wconf 91' lang='lat' dir='ltr'><strong>sunt</strong></span> <span class='ocrx_word' id='word_1_563' title='bbox 2652 4672 2794 4712; x_wconf 90' lang='lat' dir='ltr'><strong>nunc</strong></span> <span class='ocrx_word' id='word_1_564' title='bbox 2820 4654 3046 4712; x_wconf 90' lang='lat' dir='ltr'><strong>dicenda</strong></span> <span class='ocrx_word' id='word_1_565' title='bbox 3075 4671 3286 4722; x_wconf 88' lang='lat' dir='ltr'><strong>sereno,</strong></span> 
     </span>
    </p>
   </div>
   <div class='ocr_carea' id='block_1_123' title="bbox 1988 4747 3027 4818">
    <p class='ocr_par' dir='ltr' id='par_1_123' title="bbox 1988 4747 3027 4818">
     <span class='ocr_line' id='line_1_123' title="bbox 1988 4747 3027 4818; baseline -0.001 -16"><span class='ocrx_word' id='word_1_566' title='bbox 1988 4747 2214 4802; x_wconf 89' lang='lat' dir='ltr'><strong>Nomine</strong></span> <span class='ocrx_word' id='word_1_567' title='bbox 2243 4789 2255 4801; x_wconf 95' lang='lat'><strong>.</strong></span> <span class='ocrx_word' id='word_1_568' title='bbox 2291 4787 2306 4802; x_wconf 93' lang='lat'><strong>.</strong></span> <span class='ocrx_word' id='word_1_569' title='bbox 2339 4789 2352 4802; x_wconf 96' lang='lat'><strong>.</strong></span> <span class='ocrx_word' id='word_1_570' title='bbox 2382 4790 2394 4801; x_wconf 94' lang='lat'><strong>.</strong></span> <span class='ocrx_word' id='word_1_571' title='bbox 2421 4787 2434 4802; x_wconf 94' lang='lat'><strong>.</strong></span> <span class='ocrx_word' id='word_1_572' title='bbox 2468 4747 2751 4818; x_wconf 89' lang='lat' dir='ltr'><strong>perspicuo</strong></span> <span class='ocrx_word' id='word_1_573' title='bbox 2782 4747 3027 4802; x_wconf 90' lang='lat' dir='ltr'><strong>Domino.</strong></span> 
     </span>
    </p>
   </div>
   <div class='ocr_carea' id='block_1_124' title="bbox 1909 4838 3269 4912">
    <p class='ocr_par' dir='ltr' id='par_1_124' title="bbox 1909 4838 3269 4912">
     <span class='ocr_line' id='line_1_124' title="bbox 1909 4838 3269 4912; baseline -0.002 -15"><span class='ocrx_word' id='word_1_574' title='bbox 1909 4842 2163 4897; x_wconf 87' lang='lat' dir='ltr'><strong>Germine</strong></span> <span class='ocrx_word' id='word_1_575' title='bbox 2186 4842 2441 4896; x_wconf 86' lang='lat' dir='ltr'><strong>virtutum</strong></span> <span class='ocrx_word' id='word_1_576' title='bbox 2465 4841 2654 4911; x_wconf 78' lang='lat' dir='ltr'><strong>polles,</strong></span> <span class='ocrx_word' id='word_1_577' title='bbox 2676 4849 2731 4894; x_wconf 91' lang='lat' dir='ltr'><strong>et</strong></span> <span class='ocrx_word' id='word_1_578' title='bbox 2751 4841 2999 4912; x_wconf 84' lang='lat' dir='ltr'><strong>dogmate</strong></span> <span class='ocrx_word' id='word_1_579' title='bbox 3029 4838 3216 4912; x_wconf 87' lang='lat' dir='ltr'><strong>fulges,</strong></span> <span class='ocrx_word' id='word_1_580' title='bbox 3265 4895 3269 4900; x_wconf 75' lang='grc'><strong>,</strong></span> 
     </span>
    </p>
   </div>
   <div class='ocr_carea' id='block_1_125' title="bbox 1987 4930 3197 5001">
    <p class='ocr_par' dir='ltr' id='par_1_125' title="bbox 1987 4930 3197 5001">
     <span class='ocr_line' id='line_1_125' title="bbox 1987 4930 3197 5001; baseline -0.005 -15"><span class='ocrx_word' id='word_1_581' title='bbox 1987 4931 2436 5001; x_wconf 82' lang='lat' dir='ltr'><strong>Doctiioquosque</strong></span> <span class='ocrx_word' id='word_1_582' title='bbox 2460 4930 2659 5000; x_wconf 88' lang='lat' dir='ltr'><strong>sophos</strong></span> <span class='ocrx_word' id='word_1_583' title='bbox 2686 4937 2803 4984; x_wconf 89' lang='lat' dir='ltr'><strong>arte</strong></span> <span class='ocrx_word' id='word_1_584' title='bbox 2836 4937 2924 4982; x_wconf 92' lang='lat' dir='ltr'><strong>tua</strong></span> <span class='ocrx_word' id='word_1_585' title='bbox 2955 4944 3197 4997; x_wconf 84' lang='lat' dir='ltr'><strong>superas.</strong></span> 
     </span>
    </p>
   </div>
   <div class='ocr_carea' id='block_1_126' title="bbox 1923 5019 3366 5091">
    <p class='ocr_par' dir='ltr' id='par_1_126' title="bbox 1923 5019 3366 5091">
     <span class='ocr_line' id='line_1_126' title="bbox 1923 5019 3366 5091; baseline -0.001 -17"><span class='ocrx_word' id='word_1_586' title='bbox 1923 5021 2028 5077; x_wconf 84' lang='lat' dir='ltr'><strong>Vos</strong></span> <span class='ocrx_word' id='word_1_587' title='bbox 2050 5022 2270 5076; x_wconf 86' lang='lat' dir='ltr'><strong>laudant</strong></span> <span class='ocrx_word' id='word_1_588' title='bbox 2291 5036 2497 5085; x_wconf 88' lang='lat' dir='ltr'><strong>omnes,</strong></span> <span class='ocrx_word' id='word_1_589' title='bbox 2529 5035 2665 5090; x_wconf 88' lang='lat' dir='ltr'><strong>quos</strong></span> <span class='ocrx_word' id='word_1_590' title='bbox 2695 5019 2926 5074; x_wconf 87' lang='lat' dir='ltr'><strong>Francia</strong></span> <span class='ocrx_word' id='word_1_591' title='bbox 2956 5019 3127 5091; x_wconf 83' lang='lat' dir='ltr'><strong>gignit</strong></span> <span class='ocrx_word' id='word_1_592' title='bbox 3153 5034 3366 5074; x_wconf 70' lang='lat' dir='ltr'><strong>alumna</strong></span> 
     </span>
    </p>
   </div>
   <div class='ocr_carea' id='block_1_127' title="bbox 1995 5110 3268 5181">
    <p class='ocr_par' dir='ltr' id='par_1_127' title="bbox 1995 5110 3268 5181">
     <span class='ocr_line' id='line_1_127' title="bbox 1995 5110 3268 5181; baseline -0.003 -16"><span class='ocrx_word' id='word_1_593' title='bbox 1995 5111 2182 5166; x_wconf 87' lang='lat' dir='ltr'><strong>Norica</strong></span> <span class='ocrx_word' id='word_1_594' title='bbox 2211 5118 2374 5181; x_wconf 87' lang='lat' dir='ltr'><strong>regna</strong></span> <span class='ocrx_word' id='word_1_595' title='bbox 2413 5110 2597 5176; x_wconf 91' lang='lat' dir='ltr'><strong>simul,</strong></span> <span class='ocrx_word' id='word_1_596' title='bbox 2619 5126 2718 5166; x_wconf 93' lang='lat' dir='ltr'><strong>vos</strong></span> <span class='ocrx_word' id='word_1_597' title='bbox 2739 5111 2997 5166; x_wconf 89' lang='lat' dir='ltr'><strong>decorare</strong></span> <span class='ocrx_word' id='word_1_598' title='bbox 3032 5111 3268 5165; x_wconf 88' lang='lat' dir='ltr'><strong>student.</strong></span> 
     </span>
    </p>
   </div>
   <div class='ocr_carea' id='block_1_128' title="bbox 1919 5195 3308 5275">
    <p class='ocr_par' dir='ltr' id='par_1_128' title="bbox 1919 5195 3308 5275">
     <span class='ocr_line' id='line_1_128' title="bbox 1919 5195 3308 5275; baseline -0.004 -15"><span class='ocrx_word' id='word_1_599' title='bbox 1919 5205 2113 5260; x_wconf 86' lang='lat' dir='ltr'><strong>Suevia</strong></span> <span class='ocrx_word' id='word_1_600' title='bbox 2139 5202 2243 5259; x_wconf 82' lang='lat' dir='ltr'><strong>fida</strong></span> <span class='ocrx_word' id='word_1_601' title='bbox 2269 5219 2489 5275; x_wconf 89' lang='lat' dir='ltr'><strong>parens,</strong></span> <span class='ocrx_word' id='word_1_602' title='bbox 2510 5201 2622 5272; x_wconf 84' lang='lat' dir='ltr'><strong>jam</strong></span> <span class='ocrx_word' id='word_1_603' title='bbox 2655 5203 2886 5274; x_wconf 91' lang='lat' dir='ltr'><strong>comptis</strong></span> <span class='ocrx_word' id='word_1_604' title='bbox 2905 5203 3057 5258; x_wconf 90' lang='lat' dir='ltr'><strong>exilit</strong></span> <span class='ocrx_word' id='word_1_605' title='bbox 3085 5202 3201 5256; x_wconf 89' lang='lat' dir='ltr'><strong>odis</strong></span> <span class='ocrx_word' id='word_1_606' title='bbox 3305 5195 3308 5198; x_wconf 71' lang='grc'><strong>’</strong></span> 
     </span>
    </p>
   </div>
   <div class='ocr_carea' id='block_1_129' title="bbox 1988 5291 3354 5366">
    <p class='ocr_par' dir='ltr' id='par_1_129' title="bbox 1988 5291 3354 5366">
     <span class='ocr_line' id='line_1_129' title="bbox 1988 5291 3354 5366; baseline -0.007 -16"><span class='ocrx_word' id='word_1_607' title='bbox 1988 5294 2195 5364; x_wconf 85' lang='lat' dir='ltr'><strong>Gaudia</strong></span> <span class='ocrx_word' id='word_1_608' title='bbox 2221 5309 2416 5366; x_wconf 82' lang='lat' dir='ltr'><strong>magna</strong></span> <span class='ocrx_word' id='word_1_609' title='bbox 2438 5308 2658 5358; x_wconf 86' lang='lat' dir='ltr'><strong>canens,</strong></span> <span class='ocrx_word' id='word_1_610' title='bbox 2692 5301 2750 5348; x_wconf 89' lang='lat' dir='ltr'><strong>et</strong></span> <span class='ocrx_word' id='word_1_611' title='bbox 2769 5307 2930 5364; x_wconf 86' lang='lat' dir='ltr'><strong>super</strong></span> <span class='ocrx_word' id='word_1_612' title='bbox 2959 5291 3106 5349; x_wconf 82' lang='lat' dir='ltr'><strong>astra</strong></span> <span class='ocrx_word' id='word_1_613' title='bbox 3136 5304 3354 5347; x_wconf 82' lang='lat' dir='ltr'><strong>sonans.</strong></span> 
     </span>
    </p>
   </div>
   <div class='ocr_carea' id='block_1_130' title="bbox 1917 5380 3060 5455">
    <p class='ocr_par' dir='ltr' id='par_1_130' title="bbox 1917 5380 3060 5455">
     <span class='ocr_line' id='line_1_130' title="bbox 1917 5380 3060 5455; baseline -0.003 -12"><span class='ocrx_word' id='word_1_614' title='bbox 1917 5387 2200 5443; x_wconf 76' lang='lat' dir='ltr'><strong>Exsultant</strong></span> <span class='ocrx_word' id='word_1_615' title='bbox 2217 5384 2717 5455; x_wconf 67' lang='lat' dir='ltr'><strong>juveneslmtantes</strong></span> <span class='ocrx_word' id='word_1_616' title='bbox 2735 5393 2798 5438; x_wconf 82' lang='lat' dir='ltr'><strong>ac</strong></span> <span class='ocrx_word' id='word_1_617' title='bbox 2818 5380 3060 5440; x_wconf 83' lang='lat' dir='ltr'><strong>seniores</strong></span> 
     </span>
    </p>
   </div>
   <div class='ocr_carea' id='block_1_131' title="bbox 1989 5473 3261 5552">
    <p class='ocr_par' dir='ltr' id='par_1_131' title="bbox 1989 5473 3261 5552">
     <span class='ocr_line' id='line_1_131' title="bbox 1989 5473 3261 5552; baseline -0.009 -14"><span class='ocrx_word' id='word_1_618' title='bbox 1989 5483 2304 5551; x_wconf 84' lang='lat' dir='ltr'><strong>Pontiticem</strong></span> <span class='ocrx_word' id='word_1_619' title='bbox 2337 5479 2631 5552; x_wconf 83' lang='lat' dir='ltr'><strong>egregium,</strong></span> <span class='ocrx_word' id='word_1_620' title='bbox 2663 5476 2859 5534; x_wconf 59' lang='lat' dir='ltr'><strong>Suevt&#39;a</strong></span> <span class='ocrx_word' id='word_1_621' title='bbox 2887 5490 3046 5549; x_wconf 87' lang='lat' dir='ltr'><strong>quem</strong></span> <span class='ocrx_word' id='word_1_622' title='bbox 3078 5473 3261 5547; x_wconf 77' lang='lat' dir='ltr'><strong>genuit</strong></span> 
     </span>
    </p>
   </div>
   <div class='ocr_carea' id='block_1_132' title="bbox 1920 5565 3315 5647">
    <p class='ocr_par' dir='ltr' id='par_1_132' title="bbox 1920 5565 3315 5647">
     <span class='ocr_line' id='line_1_132' title="bbox 1920 5565 3315 5647; baseline -0.013 -17"><span class='ocrx_word' id='word_1_623' title='bbox 1920 5575 2079 5647; x_wconf 85' lang='lat' dir='ltr'><strong>Regis</strong></span> <span class='ocrx_word' id='word_1_624' title='bbox 2101 5573 2275 5628; x_wconf 91' lang='lat' dir='ltr'><strong>honor</strong></span> <span class='ocrx_word' id='word_1_625' title='bbox 2298 5571 2508 5642; x_wconf 88' lang='lat' dir='ltr'><strong>p0pulis</strong></span> <span class='ocrx_word' id='word_1_626' title='bbox 2536 5569 2726 5627; x_wconf 89' lang='lat' dir='ltr'><strong>solatia</strong></span> <span class='ocrx_word' id='word_1_627' title='bbox 2747 5569 2895 5640; x_wconf 84' lang='lat' dir='ltr'><strong>larga</strong></span> <span class='ocrx_word' id='word_1_628' title='bbox 2926 5565 3258 5627; x_wconf 74' lang='lat' dir='ltr'><strong>ministram,</strong></span> <span class='ocrx_word' id='word_1_629' title='bbox 3295 5610 3315 5625; x_wconf 65' lang='grc'><strong>,,</strong></span> 
     </span>
    </p>
   </div>
   <div class='ocr_carea' id='block_1_133' title="bbox 1983 5657 3080 5734">
    <p class='ocr_par' dir='ltr' id='par_1_133' title="bbox 1983 5657 3080 5734">
     <span class='ocr_line' id='line_1_133' title="bbox 1983 5657 3080 5734; baseline -0.012 -12"><span class='ocrx_word' id='word_1_630' title='bbox 1983 5664 2211 5722; x_wconf 79' lang='lat' dir='ltr'><strong>Cunctis</strong></span> <span class='ocrx_word' id='word_1_631' title='bbox 2228 5664 2487 5729; x_wconf 20' lang='lat' dir='ltr'><strong>estmitis,</strong></span> <span class='ocrx_word' id='word_1_632' title='bbox 2520 5661 2742 5734; x_wconf 84' lang='lat' dir='ltr'><strong>dapsilis</strong></span> <span class='ocrx_word' id='word_1_633' title='bbox 2768 5669 2824 5716; x_wconf 88' lang='lat' dir='ltr'><strong>et</strong></span> <span class='ocrx_word' id='word_1_634' title='bbox 2851 5657 3080 5714; x_wconf 84' lang='lat' dir='ltr'><strong>miseris.</strong></span> 
     </span>
    </p>
   </div>
   <div class='ocr_carea' id='block_1_134' title="bbox 1922 5753 3153 5824">
    <p class='ocr_par' dir='ltr' id='par_1_134' title="bbox 1922 5753 3153 5824">
     <span class='ocr_line' id='line_1_134' title="bbox 1922 5753 3153 5824; baseline -0.011 -11"><span class='ocrx_word' id='word_1_635' title='bbox 1922 5759 1978 5812; x_wconf 88' lang='lat' dir='ltr'><strong>Si</strong></span> <span class='ocrx_word' id='word_1_636' title='bbox 2014 5757 2140 5812; x_wconf 88' lang='lat' dir='ltr'><strong>mihi</strong></span> <span class='ocrx_word' id='word_1_637' title='bbox 2167 5766 2426 5810; x_wconf 84' lang='lat' dir='ltr'><strong>centenas</strong></span> <span class='ocrx_word' id='word_1_638' title='bbox 2455 5753 2665 5824; x_wconf 88' lang='lat' dir='ltr'><strong>linguas</strong></span> <span class='ocrx_word' id='word_1_639' title='bbox 2689 5759 2878 5806; x_wconf 84' lang='lat' dir='ltr'><strong>natura</strong></span> <span class='ocrx_word' id='word_1_640' title='bbox 2902 5757 3153 5819; x_wconf 52' lang='lat' dir='ltr'><strong>pararet.</strong></span> 
     </span>
    </p>
   </div>
  </div>
