3978 6310
618 402 769 467 Ηθτῖ
1143 399 1537 464 WALAFRIDI
1572 404 1819 464 STRABl
1852 403 2065 461 FULD.
2094 399 2189 456 ΜΟ

2202 398 2271 454 N.‘
2298 397 2455 461 ope.
2496 397 2674 457 mas
2709 398 2796 457 ιιι.
2836 428 2907 443 -
2943 388 3259 457 εΑιιιιιΝᾹ.
3643 394 3727 476 μοι
3767 353 3773 363 ’

689 518 887 575 Oribus
913 526 967 572 et
993 517 1215 573 totidem
1243 518 1392 574 mille
1416 518 1535 574 soni
1561 516 1773 583 ﬁerent,
2233 515 2260 577 Α

2233 515 2289 581 Α
2381 509 2491 564 Aut
2514 509 2677 564 etiam
2704 509 2963 581 pulchros
2986 510 3279 571 habuissem
3296 513 3417 571 forte
3438 516 3614 590 lapillos,

614 607 871 665 Carmina
908 607 1067 664 laude
1093 609 1168 663 tui
1198 624 1304 666 non
1329 624 1547 680 possem
1565 608 1748 665 dicere
1770 609 1930 679 digna
2110 636 2115 639 ν
2190 626 2195 629 -
2305 601 2430 658 Haec
2457 602 2552 657 tibi
2575 611 2956 673 tanta,pater,
2984 603 3279 661 tribuissem
3304 608 3422 662 dona
3443 608 3633 679 libenter.

688 698 803 758 Nec
835 698 1045 755 sonitus
1066 699 1219 754 vocis
1240 700 1506 768 prendere
1526 708 1719 756 cuncta
1743 699 1905 753 valet.
2374 692 2501 749 Haec
2514 694 2640 764 quia
2656 710 2760 749 non
2775 694 2968 760 habeo,
2985 712 3104 767 quae
3116 712 3320 766 possum
3344 698 3510 773 largior
3522 703 3640 757 ultro.

614 784 878 841 Nobilitas
895 786 1110 857 generis
1131 788 1474 857 cognoscitur
1494 787 1748 843 omnibus
1778 787 1949 843 horis.
2081 808 2084 812 λ
2552 844 2557 853 ,
2993 803 3170 843 ALIUD.
3480 856 3481 859 η

684 879 979 949 Progenies
1011 878 1156 934 clara
1182 895 1276 935 vos
1303 882 1581 950 generavit
1603 894 1795 945 ovans,
2302 873 2372 930 Ut
2397 874 2631 946 gaudere
2662 877 2799 933 solet
2826 876 3000 933 fessus
3014 875 3125 949 jam
3156 888 3307 933 nauta
3325 880 3486 947 labore

614 968 854 1038 Corpore
876 970 1231 1039 .satpuleber,
1255 971 1452 1026 mentis
1474 970 1766 1026 virtutibus
1788 969 1951 1034 altus,
2202 1032 2213 1040 _
2371 967 2682 1023 Desiderata
2698 969 2801 1033 ,diu
2823 968 3003 1027 littora
3030 981 3157 1031 nota
3179 973 3372 1037 videns,

686 1061 950 1117 Omnibus
978 1062 1031 1117 in
1057 1064 1220 1118 rebus
1248 1072 1495 1133 comptus
1516 1077 1576 1117 es
1610 1071 1771 1132 atque
1792 1062 1985 1116 bonus.
2301 1057 2457 1125 Haud
2485 1060 2640 1114 aliter
2662 1062 2896 1131 scriptor
2919 1072 3105 1128 optato
3130 1062 3231 1119 ﬁne
3256 1064 3400 1133 libelli

611 1149 690 1204 Tu
708 1151 887 1215 clarus
898 1159 1139 1217 constas,
1156 1159 1212 1206 tu
1228 1151 1437 1208 lucidus
1448 1152 1682 1222 optimus
1693 1150 1887 1206 arcbos
1903 1148 2211 1222 {princeps}
2368 1152 2617 1208 Exsultat
2637 1154 2772 1219 viso,
2805 1153 2977 1210 lassus
3002 1166 3055 1212 et
3066 1156 3188 1234 ipse
3213 1140 3427 1226 quidem.

683 1244 889 1299 Nobilis
910 1245 965 1317 in
986 1245 1185 1310 verbis,
1214 1245 1445 1299 nobilior
1468 1243 1696 1301 meritis.
2938 1264 3007 1303 sn
3040 1264 3252 1304 Αιιιολιι.

620 1334 690 1389 l‘u
723 1335 985 1390 Phoebum
1009 1350 1259 1404 superas,
1277 1336 1516 1389 errantia
1544 1334 1722 1390 sidera
1747 1343 1983 1405 septem,
2295 1337 2429 1392 Cum
2456 1338 2709 1408 splendor
2730 1338 2869 1395 lunae
2890 1338 3146 1413 fulgescat
3169 1344 3234 1398 ab
3255 1343 3435 1407 aethere
3455 1361 3573 1417 pun:

684 1416 956 1497 Hesperus
992 1442 1058 1483 ac
1082 1427 1306 1498 pulcher
1338 1438 1391 1483 te
1418 1441 1674 1498 superare
1696 1428 1901 1497 nequit.
2304 1428 2384 1482 'l‘u
2425 1439 2507 1484 sta
2534 1429 2635 1485 sub
2658 1431 2798 1494 divo,
2829 1448 3060 1495 cernens
3086 1435 3426 1503 speculamine
3450 1436 3576 1500 miro,

615 1515 851 1573 Moribus
883 1528 1106 1573 ornatus
1128 1518 1277 1583 ﬁdei,
1302 1518 1646 1575 ﬁrmissimus
1671 1527 1887 1585 auctor,
2303 1518 2547 1587 Qualiter
2572 1535 2639 1576 ex
2665 1520 2791 1576 luna
2822 1521 3160 1593 splendescat
3178 1524 3403 1596 lampade
3422 1542 3545 1595 pura.

685 1606 767 1662 Tu
798 1608 1074 1678 speciosus
1099 1609 1243 1664 enim
1273 1616 1415 1665 totus
1440 1610 1507 1666 ad
1533 1624 1703 1679 usque
1724 1608 1909 1678 pedes.
2208 1632 2213 1635 -
2306 1610 2372 1665 Et
2406 1611 2695 1685 splendore
2724 1629 2822 1668 suo
2844 1615 3064 1681 charos,
3094 1616 3416 1687 amplectitur
3440 1633 3543 1681 uno,

623 1699 693 1754 [ιι
723 1698 934 1757 refoves
957 1701 1164 1771 inopes,
1185 1717 1400 1773 quoque
1417 1702 1517 1757 das
1536 1702 1710 1758 bonus
1727 1701 1928 1771 optima
1947 1715 2197 1771 quasque.
2303 1701 2542 1769 Corpore
2571 1701 2791 1767 divisos,
2822 1704 2918 1760 sed
2953 1705 3345 1762 mentis-amore
3366 1706 3544 1778 ligatos,

682 1789 1039 1860 Accipiasque
1063 1790 1223 1844 simul
1249 1791 1442 1861 gaudia
1466 1800 1743 1860 perpetua.
2306 1789 2363 1844 Si
2396 1789 2563 1845 facies
2592 1790 2787 1848 faciem
2819 1804 3066 1864 Spectare
3094 1796 3325 1866 nequivit
3348 1809 3587 1863 amantem,
3640 1788 3643 1791 ’

616 1876 765 1934 Nunc
779 1893 971 1949 precor
988 1878 1244 1937 utvaleas
1257 1877 1382 1935 fclix
1405 1896 1505 1951 per
1527 1880 1746 1935 climata
1769 1879 1939 1935 cosmi
1973 1874 2209 1953 [mundi]
2244 1881 2289 1939 Β
2314 1879 2429 1934 lloc
2455 1880 2645 1936 saltem
2672 1882 2825 1938 nobis
2854 1883 3035 1941 lumen
3057 1885 3128 1940 sit
3149 1889 3330 1958 pignus
3350 1887 3533 1943 amoris.

682 1970 761 2026 Ac
791 1985 999 2027 memor
1036 1986 1159 2028 esse
1185 1973 1314 2038 mei,
1346 1987 1413 2027 ne
1442 1972 1655 2029 dubites
1680 1970 1889 2027 famuli.
2311 1975 2423 2031 Hos
2455 1977 2550 2031 tibi
2583 1979 2880 2039 versiculos
2907 1980 3046 2039 ﬁdus
3073 1984 3363 2040 transmisit
3383 1986 3568 2048 amicus,

754 2110 757 2113 Α
1171 2078 1332 2118 suun
1358 2078 1685 2119 EPIGBAHIA.
2312 2066 2370 2122 Si
2397 2067 2465 2122 de
2484 2079 2641 2138 parte
2670 2078 2759 2126 tua
2782 2066 2904 2127 ﬁdei
2931 2081 3043 2130 stat
3070 2073 3174 2129 ﬁxa
3199 2084 3395 2139 catena,
3421 2072 3425 2076 ’

617 2152 677 2208 Si
706 2156 870 2212 decus
896 2156 1104 2226 argenti
1130 2156 1360 2225 pretium
1393 2156 1545 2221 mihi,
1576 2171 1673 2211 seu
1696 2154 1836 2210 foret
1857 2155 1997 2220 auri,
2210 2228 2213 2229 ν
2312 2156 2689 2250 Nuncprecor
2712 2169 2772 2217 ut
2792 2162 2974 2218 valeas
3000 2164 3125 2219 felix
3151 2181 3245 2235 per
3263 2166 3438 2221 szecula
3469 2173 3628 2221 cuncta.

619 2278 3557 2307 mm

1767 2359 2346 2444 WALAFRIDI
2402 2365 2764 2444 STRABI

2030 2511 2444 2599 VERSUS

1039 2645 1209 2722 Quos
1234 2653 1379 2725 post
1405 2662 1635 2705 annum
1666 2645 1867 2706 (etatis
1896 2647 2183 2725 quintum
2217 2646 2519 2709 decimum
2560 2644 2756 2707 edidit
2778 2645 2851 2707 de
2878 2647 3063 2711 rebus
3092 2647 3363 2713 diversis.

2030 2794 2417 2813 h—u-n

787 2898 853 2936 ιι)
884 2892 1131 2961 assensu
1158 2891 1609 2933 Αιιοιιιεριδοορωι
1637 2893 1973 2942 ιιιιειιεκεειι.
2306 2877 2437 2935 Post
2463 2877 2636 2934 aliena
2665 2878 2837 2934 sacris
2862 2886 3198 2946 temptentur
3219 2880 3368 2934 corda
3393 2877 3588 2948 loquelis.

2307 2971 2510 3039 Cogere
2538 2970 2668 3040 quid
2688 2970 2909 3039 prodest
2935 2970 3005 3023 a'd
3031 2969 3193 3023 ovilia
3221 2969 3460 3033 morbida,
3478 2977 3599 3022 sanos

1116 3008 1183 3063 In
1205 3023 1426 3079 persona
1451 3008 1705 3064 Tallom's.
2308 3008 2510 3039 υνῡνιυ
2539 3008 2668 3073 κιτιν
2688 3008 2909 3039 ιηνυνο-
2935 3008 3004 3023 -υ
3032 3008 3193 3073 mim-
3222 3008 3460 3072 ---v--:u:-.
3479 3008 3597 3067 ww:
3708 3049 3719 3063 '

2307 3060 2452 3127 Quos
2479 3075 2631 3129 cupis
2651 3075 2770 3115 esse
2797 3074 3011 3129 greges,
3048 3075 3281 3130 primum
3319 3069 3433 3113 vma
3474 3071 3609 3113 cinno
3634 3063 3732 3108 sachs

617 3150 729 3209 llac
751 3151 876 3205 licet
901 3145 1120 3216 indigna
1144 3143 1303 3199 liceat
1330 3160 1426 3199 vos
1447 3158 1577 3200 voce
1600 3161 1821 3201 monere
2308 3150 2581 3206 Pellantur
2604 3150 2853 3210 stabulis.
2885 3150 2962 3204 sic
2992 3151 3154 3203 turba
3176 3150 3371 3204 novella
3398 3156 3590 3203 vocetur.

618 3241 937 3298 Pontiﬁcum
965 3234 1196 3292 sublime
1222 3244 1403 3304 caput,
1436 3234 1776 3291 sanctissime
1801 3237 2019 3306 praesul,
2240 3236 2281 3314 _‘
2308 3246 2496 3301 Νοηηε
2524 3243 2711 3300 eadem
2743 3257 2956 3314 quoque
2986 3259 3122 3299 cura
3147 3244 3245 3299 fuit
3265 3244 3531 3299 doctoribus
3550 3239 3673 3300 almis,

620 3335 837 3392 Viribus
861 3342 921 3388 ut
948 3332 1076 3389 totis
1096 3330 1337 3387 caelestia
1355 3330 1479 3400 jura
1509 3329 1749 3387 struatis.
1802 3304 1817 3306 _
2233 3304 2277 3366 Ο
2308 3339 2381 3396 Ut
2400 3338 2517 3392 sine
2536 3337 2654 3391 labe
2674 3304 2786 3391 sua;
2802 3304 3163 3408 graderentur
3180 3336 3245 3391 ad
3267 3338 3432 3391 omnia
3448 3336 3559 3397 vitae,

532 3476 533 3479 η
618 3431 748 3493 Pars
775 3428 901 3499 quia
932 3441 1125 3495 magna
1156 3424 1280 3480 boni
1309 3423 1461 3478 vobis
1492 3416 1814 3478 facientibus
1833 3418 1981 3478 omni
2213 3473 2216 3477 .
2304 3427 2643 3496 Blasphemis
2665 3442 2734 3480 ne
2759 3425 2897 3481 forte
2924 3427 3105 3483 locum
3130 3429 3209 3482 vis
3238 3436 3407 3483 sancta
3429 3424 3621 3481 dedisset.

618 3522 891 3590 Apparere
917 3523 1097 3588 potest
1127 3514 1349 3577 mundo,
1378 3513 1503 3584 quia
1528 3529 1585 3569 se
1612 3512 1761 3567 locus
1783 3513 1924 3567 ultro
2305 3516 2504 3571 Paulus
2530 3518 2705 3585 praeco
2729 3513 2846 3580 Dei,
2878 3532 2998 3571 sese
3021 3519 3170 3589 cupit
3195 3518 3426 3572 omnibus
3450 3529 3545 3569 esse

619 3608 843 3670 Obtulit,
874 3615 934 3661 ut
952 3604 1107 3661 vobis
1130 3602 1465 3674 obtemperet
1494 3601 1699 3659 aulicus
1723 3603 1884 3669 ultro,
2308 3606 2528 3672 Omnia,
2555 3613 2696 3659 utex
2730 3605 2913 3661 multis
2934 3619 3155 3677 caperet
3172 3606 3340 3663 felicia
3366 3606 3509 3668 lucra,

620 3701 686 3756 Et
724 3698 982 3754 Dominus
1004 3695 1237 3765 speciale
1263 3695 1409 3749 dedit
1430 3710 1529 3764 pro
1553 3704 1789 3763 tempore
1813 3695 1991 3750 lumen
2187 3764 2191 3769 .
2310 3696 2577 3751 Scandala
2598 3711 2703 3749 non
2726 3696 2916 3751 demus
2942 3696 3129 3754 Judseo
3153 3708 3206 3753 et
3227 3697 3468 3768 gentibus,
3496 3689 3634 3760 inquii.

620 3788 847 3861 Ingenii,
871 3801 978 3855 quo
1005 3798 1215 3840 summa
1247 3782 1464 3837 domum
1503 3782 1766 3852 sapientia
1798 3783 1936 3847 ﬁxit,
2308 3786 2631 3841 Ecclesiaeve
2660 3785 2777 3851 Dei,
2816 3802 2937 3856 quae
2964 3804 3130 3860 rugas
3154 3786 3352 3859 aufugit
3371 3798 3543 3847 omnes.

620 3882 731 3937 Nec
756 3880 932 3934 minor
950 3878 1055 3935 hoc
1081 3875 1274 3931 retinet
1306 3882 1475 3929 totum
1498 3873 1801 3929 veneranda
1834 3874 2097 3931 voluntas.
2308 3876 2378 3931 Et
2396 3876 2557 3946 capiti
2581 3891 2677 3945 per
2705 3878 2948 3932 membra
2973 3892 3072 3932 sua
3099 3894 3158 3935 se
3184 3878 3360 3934 sedulo
3380 3874 3538 3929 nectit.

620 3956 884 4037 Omnibus
906 3969 991 4026 bis
1017 3984 1137 4024 cum
1169 3983 1264 4022 vos
1294 3982 1522 4038 magnus
1546 3967 1699 4021 daret
1723 3967 1926 4021 arbiter
1945 3966 2122 4025 omnis
2311 3968 2523 4036 Quanto
2547 3983 2780 4037 namque
2811 3978 2971 4040 caput
2989 3968 3168 4024 fuerat
3196 3984 3291 4039 pro
3318 3978 3513 4035 corpore
3531 3967 3614 4014 toto

620 4060 869 4127 Iustitiae,
896 4057 1126 4130 propriis
1151 4056 1440 4126 locupletes
1464 4070 1710 4111 crescere
1733 4055 1908 4119 donis,
2196 4052 2197 4055 “
2311 4057 2545 4124 Olfactu,
2575 4058 2787 4122 auditu,
2811 4066 2991 4128 gustu,
3027 4059 3397 4127 speculamine,
3424 4061 3559 4113 tactu.

621 4153 735 4210 Νυιι
761 4153 867 4208 erit
892 4152 1170 4222 indignum
1198 4158 1308 4204 tota
1333 4149 1378 4204 si
1409 4159 1589 4203 mente
1615 4149 1782 4203 beata:
2193 4190 2196 4193 Α
2286 4144 2289 4145 ⁷
2311 4147 2486 4202 Tanto
2514 4162 2611 4203 vos
2643 4148 2821 4217 potior
2839 4148 3016 4219 legum
3038 4150 3297 4205 strictura
3317 4153 3518 4205 coercet.

620 4241 879 4297 Ecclesia:
898 4240 1001 4310 pim
1025 4239 1265 4294 membra
1293 4253 1389 4293 sua
1419 4236 1473 4291 in
1504 4252 1759 4307 compage
1785 4235 2035 4299 medullis
2311 4235 2533 4305 Hocque
2554 4237 2726 4306 magis
2751 4252 2978 4292 summa:
3006 4237 3218 4293 debetis
3249 4234 3473 4306 imaginis
3494 4239 3642 4287 arcem.

620 4334 937 4389 Confortata
969 4333 1098 4394 suis,
1125 4330 1354 4385 foveatis
1375 4331 1622 4400 dogmate
1656 4346 1838 4396 sacro,
2312 4321 2581 4395 Intrepido
2604 4325 2837 4380 lustrare
2862 4327 3064 4396 gradu;
3094 4343 3198 4382 non
3222 4327 3329 4381 haec
3357 4337 3506 4379 tamen
3524 4316 3626 4377 istis,

621 4425 689 4480 Et
704 4414 942 4495 primum
969 4423 1185 4493 vigeant
1203 4421 1365 4486 oculi,
1392 4437 1488 4491 pro
1515 4421 1634 4477 luce
1663 4422 1850 4478 diurna
2313 4417 2465 4484 Quod
2492 4418 2642 4472 vobis
2663 4417 2896 4487 aliquam
2925 4414 3180 4474 virtutem
3207 4419 3383 4473 deesse
3407 4423 3605 4504 putemus
3635 4493 3643 4504 ο

623 4493 740 4583 Qua
765 4524 940 4570 totum
970 4513 1274 4577 instruitur,
1312 4520 1460 4568 recta
1483 4512 1550 4566 ad
1573 4512 1793 4583 vestigia
1824 4528 2040 4584 corpus,
2313 4507 2720 4577 Prosequimur,
2745 4508 2841 4563 sed
2868 4522 3096 4579 magnus
3143 4524 3295 4564 amor
3330 4504 3521 4561 dicenda
3554 4493 3737 4552 ministrﬂ»

626 4602 737 4658 Vos
755 4602 856 4668 sal,
880 4617 976 4656 vos
1000 4601 1199 4662 lumen,
1229 4600 1442 4656 Domini
1461 4611 1618 4657 vocat
1643 4604 1797 4657 unica
1828 4604 2028 4673 proles,
2237 4657 2285 4673 ﬁ
2315 4601 2448 4655 Nam
2475 4601 2721 4669 cupimus
2740 4609 2923 4655 vestra
2944 4602 3011 4655 ad
3039 4610 3281 4657 sanctum
3307 4595 3540 4654 molimina
3561 4588 3671 4642 ﬁnem

626 4657 856 4748 Solvere
878 4706 1029 4745 sacra
1060 4697 1247 4745 vetans
1269 4688 1424 4745 factis
1443 4700 1708 4761 praecepta
1735 4657 1988 4757 sinistris,
2237 4657 2290 4716 Β
2314 4692 2533 4758 Ducier,
2554 4700 2611 4746 at
2637 4707 2905 4747 summum
2940 4693 3210 4747 tractandi
3233 4693 3383 4761 digna
3407 4690 3607 4757 patente?

628 4783 798 4837 Vobis
825 4781 1066 4838 solvendi
1095 4780 1245 4836 vobis
1270 4780 1416 4835 dedit
1440 4791 1601 4851 atque
1628 4781 1829 4853 ligandi
2315 4783 2574 4839 Novimus
2594 4799 2714 4839 esse
2738 4783 2936 4849 locum,
2968 4785 3024 4839 ni
3055 4785 3192 4840 desit
3221 4784 3329 4839 sola
3348 4780 3576 4835 voluntas.

627 4872 834 4928 Cuncta
862 4878 1182 4940 potestatem
1213 4870 1351 4924 cmlo
1380 4877 1631 4940 terraque
1660 4876 1964 4926 manentem
2312 4874 2540 4944 Jamque
2563 4875 2727 4930 etiam
2754 4885 3000 4931 nostrum
3032 4886 3241 4932 vosmet
3267 4880 3551 4945 cognoscere
3574 4866 3692 4912 votam

629 4958 929 5018 Conservis
946 4962 1198 5016 alimenta
1219 4961 1413 5029 jubens
1440 4962 1494 5015 in
1525 4970 1764 5032 tempore
1792 4964 1939 5033 poni,
2311 4963 2428 5018 Non
2459 4965 2788 5032 dubitamus,
2821 4966 2927 5021 erit
2949 4966 3147 5021 Christi
3182 4963 3431 5039 perfectio
3460 4957 3625 5012 donum.

632 5054 742 5107 Vos
772 5051 934 5123 igitur
958 5052 1002 5107 si
1034 5053 1143 5105 vita
1168 5053 1363 5108 decens
1389 5053 1663 5107 ornaverit
1694 5061 1816 5123 apte
2311 5056 2474 5113 Trina
2502 5057 2595 5112 Dei
2620 5058 2773 5113 vobis
2799 5073 2894 5127 per
2920 5059 3113 5114 sarcula
3138 5067 3323 5113 cuncta
3355 5057 3569 5124 potestas.

634 5141 918 5212 Subjectos
943 5142 1187 5210 exempla
1218 5142 1432 5197 trahent
1464 5143 1531 5198 ad
1552 5143 1782 5214 compita
1812 5145 1954 5206 vitae,
2318 5147 2560 5204 Aiternae
2590 5149 2788 5203 tribuat
2816 5150 2959 5214 vitae,
2996 5151 3113 5206 sine
3140 5150 3246 5204 ﬁne
3264 5156 3491 5203 coronam

636 5227 706 5288 Et
731 5248 838 5288 non
863 5232 1132 5301 subjectos
1158 5233 1327 5288 series
1345 5231 1703 5304 pulcherrima
1727 5250 1935 5291 morum
2319 5240 2391 5295 Ut
2420 5256 2517 5296 vos
2539 5257 2661 5296 cum
2690 5243 2935 5309 Domino,
2963 5243 3239 5298 vobiscum
3266 5248 3317 5296 et
3346 5239 3453 5292 laeta
3478 5228 3703 5298 Seﬁmwm

634 5322 824 5377 Illiciet
845 5323 1037 5393 priscae
1071 5322 1241 5375 vitare
1267 5323 1530 5379 erramina
1557 5326 1681 5379 vitze
2112 5370 2113 5375 η
2162 5316 2169 5322 “
2319 5330 2519 5397 Turba,
2548 5340 2716 5387 metat
2742 5332 2962 5389 stabiles
2985 5349 3177 5404 magna
3200 5348 3316 5388 cum
3337 5342 3453 5401 pace
3477 5312 3682 5384 mallit1m

637 5412 706 5467 Et
732 5410 1171 5479 cervicebumili,
1197 5413 1359 5469 faciet
1376 5414 1667 5488 jugaferre
1696 5414 1975 5489 Tonantis,
2078 5488 2081 5489 ν
2174 5461 2187 5469 .

2078 5488 2081 5489 ν
2174 5461 2187 5469 .
2509 5441 2572 5479 AD
2599 5439 2769 5480 unum
2801 5438 2827 5466 ι
2858 5440 3281 5483 ςιιοιιεριεεορωι
3312 5420 3628 5478 rnsvtssxsﬂ.

639 5502 876 5559 Primum
890 5519 1119 5576 namque
1131 5504 1524 5576 decct,totoqne
1535 5517 1588 5563 et
1599 5488 1760 5583 corde
1772 5488 2091 5567 studendum
2106 5518 2209 5576 est,
2797 5515 2864 5571 In
2901 5535 3120 5587 persona
3160 5513 3401 5571 Tauonis.

641 5588 713 5647 Ut
733 5593 821 5664 pia
847 5594 1126 5651 catholicis
1151 5594 1397 5651 ﬁrmetur
1429 5598 1610 5668 regula
1631 5596 1806 5664 Factis,
2321 5604 2416 5660 llis
2442 5606 2533 5662 tibi
2548 5592 2859 5672 versiculis,
2887 5609 3074 5665 doctor
3095 5606 3417 5664 sanctissime
3441 5598 3600 5667 Βεεὲηο

709 5719 738 5792 ξι
770 5704 894 5792 Ριξξι
924 5708 1011 5792 ille
1039 5709 1122 5763 vir
1156 5708 1404 5792 celebris,
1433 5708 1717 5783 Tlieganus
1746 5713 1877 5767 alias
1902 5714 2098 5781 dictus,
2120 5716 2212 5784 qui
2254 5716 2505 5790 Ludovici
2548 5720 2629 5776 Pii
2659 5730 2808 5792 gesta
2835 5723 3049 5792 scripsit
3078 5721 3202 5775 dum
3232 5720 3282 5775 in
3310 5715 3435 5772 vivis
3480 5710 3594 5765 ωσι
3637 5695 3742 5756 ίιιιικδ

639 5785 809 5835 ratur.
838 5776 1003 5832 Desiit
1022 5794 1163 5833 anno
1185 5778 1307 5832 83}.
1357 5778 1529 5833 Btsx.
1552 5776 1575 5783 “
2030 5812 2033 5815 ι
