3978 6310
256 305 389 365 IIO'J
1346 326 1353 331 -
1458 296 1785 354 POEHATA
1822 295 1912 351 DE
1950 295 2289 369 DIVERSIS.
3377 303 3519 357 mo

324 415 481 479 'I'atto
500 411 727 471 humilis
752 410 920 467 mittit
947 411 1113 469 verba
1138 410 1327 465 salutis
1353 424 1541 479 ovans.

252 507 444 564 Amor
464 506 519 561 in
548 503 816 574 ambiguis
842 504 995 559 vario
1025 502 1395 559 moderamine
1430 501 1611 564 rebus,

323 599 514 657 Utrum
542 614 710 670 pauca
738 598 948 669 loquar,
976 612 1043 651 an
1074 597 1252 669 potius
1280 595 1488 649 sileam.

252 689 500 747 Scribere
518 690 665 762 cogit
688 690 831 745 enim
862 687 1078 744 dilectio
1099 696 1284 742 mutua
1307 694 1524 745 memet,

323 779 430 835 Sed
456 795 649 835 vereor
677 794 745 834 ne
774 793 881 834 non
910 778 1033 833 dem
1064 778 1161 833 libi
1186 776 1368 845 digna,
1403 783 1576 847 pater.

248 873 452 930 Tullius
478 873 693 928 inferno
718 872 965 943 quamvis
998 872 1334 943 repedaverit
1362 870 1491 932 imo,

316 964 548 1020 Exserat
579 973 669 1020 aut
704 980 931 1038 magnus
954 981 1050 1021 ora
1073 966 1244 1020 faceta
1276 963 1428 1018 Plato
1455 978 1471 1027 ;

243 1056 427 1112 Livius
448 1038 541 1113 aut
563 1056 718 1114 Titus
742 1073 924 1114 secum
952 1058 1092 1113 ferat
1119 1058 1234 1127 ipse
1260 1056 1579 1147 Catonem.

310 1147 408 1203 Vel
435 1148 672 1221 linguam
701 1159 926 1207 teretem
956 1151 1134 1222 Sapbo
1159 1150 1358 1221 loquax
1392 1150 1629 1205 terebret
1667 1169 1680 1202 :

238 1237 352 1293 Non
385 1250 610 1309 possent
631 1258 864 1313 unquam
888 1243 1104 1297 laudum
1130 1241 1375 1297 miranda
1405 1250 1643 1299 tuarum.

306 1331 478 1404 Digne
504 1333 758 1405 proferri,
778 1340 913 1390 â€˜sunt
937 1335 1063 1405 quia
1089 1334 1257 1390 multa
1285 1334 1439 1390 satis.

233 1420 498 1477 Miramur
527 1425 722 1480 merito
751 1426 1259 1496 sapientismunera
1288 1426 1509 1491 mentis,

305 1515 641 1582 Doctrinam,
670 1533 872 1584 mores,
905 1520 1168 1583 carmina,
1196 1518 1363 1584 dicta,
1395 1517 1658 1575 animum.

232 1606 343 1663 Nec
369 1608 554 1664 minus
576 1611 815 1665 exterius
838 1611 1103 1666 miramur
1125 1619 1311 1667 sancta
1341 1618 1564 1667 staturae

300 1698 645 1757 Incrementa
674 1711 801 1767 tum,
829 1704 1097 1769 membra,
1124 1718 1341 1768 manus,
1368 1702 1583 1759 faciem.

229 1787 342 1847 Nos
369 1806 571 1862 parvos
600 1794 854 1859 humiles,
879 1810 1087 1850 murem
1115 1795 1215 1850 sibi
1248 1795 1419 1850 forma
1449 1795 1683 1863 subegit,

350 1897 526 1953 osque
550 1885 820 1956 gigantem
849 1901 971 1942 esse
1001 1887 1172 1957 gloria
1210 1885 1366 1942 molis
1395 1887 1577 1943 habet.

227 1971 329 2029 His
353 1973 452 2028 sed
482 1975 733 2044 sepositis
764 1984 875 2031 tota
902 1976 1103 2032 virtute
1132 1992 1420 2046 precamur

298 2062 381 2119 Ne
403 2063 611 2121 laceres
640 2080 851 2133 versus,
886 2066 1079 2136 praesul
1104 2075 1305 2132 amate,
1332 2066 1505 2123 datos.

225 2154 340 2213 Sed
369 2158 551 2228 potius
577 2159 795 2228 scriptis
823 2160 1120 2215 recinentia
1154 2161 1353 2229 scripta
1381 2160 1678 2224 ministres,

302 2248 475 2315 Queis
500 2267 600 2306 nos
625 2260 907 2321 correptos
929 2252 1221 2307 admoneas
1246 2252 1500 2322 petimus.

223 2339 371 2407 Quin
397 2343 564 2396 etiam
591 2345 838 2399 dabimus
864 2359 1155 2415 puerorum
1181 2358 1352 2414 pauca
1384 2342 1605 2413 legenda

300 2431 443 2488 Hinc
462 2434 586 2504 joca
610 2444 941 2499 nostrorum,
972 2443 1033 2489 ut
1055 2436 1247 2490 vitiosa
1278 2450 1451 2490 seces.

224 2523 434 2580 Verum
460 2526 528 2581 de
554 2527 761 2598 reliquo
783 2529 828 2584 si
854 2528 982 2598 quid
1019 2530 1279 2584 mandare
1308 2528 1504 2594 velitis,

298 2616 484 2674 Mente
514 2634 704 2674 sumus
729 2620 892 2690 parti,
922 2621 1003 2675 sic
1033 2629 1121 2674 tua
1143 2621 1292 2689 jussa
1327 2621 1501 2692 sequi.

220 2711 551 2777 Quaesumus
580 2711 798 2776 obnixe,
831 2727 932 2766 nos
962 2727 1027 2767 ne
1058 2711 1315 2767 fraudetis
1350 2711 1547 2767 amatis

296 2798 511 2857 Vestrae
532 2802 790 2857 doctrinm
814 2802 1084 2857 mellifluis
1105 2802 1355 2859 modulis.

219 2887 320 2946 Sic
346 2890 601 2961 equidem
624 2891 799 2957 vobis,
826 2893 1008 2948 verbis
1033 2893 1351 2947 audebimus
1381 2894 1483 2962 ipsi

295 2981 451 3037 Dona
482 2981 670 3037 salutis
695 2983 824 3037 item
853 2983 1070 3039 mittere
1093 2984 1428 3055 suppliciter.

294 3068 367 3128 Et
395 3071 560 3128 faciat
582 3072 762 3129 laetum
798 3089 961 3145 regna
989 3075 1095 3145 poli
1124 3090 1338 3146 capere.

220 3160 382 3219 Nunc
411 3164 614 3228 valeas,
643 3165 827 3235 vigens
862 3167 1071 3222 meritis
1094 3181 1191 3237 per
1221 3168 1412 3224 stccula
1446 3168 1675 3240 pollens,

292 3254 495 3325 Sisque
516 3270 729 3311 memor
755 3257 946 3324 nostri,
980 3273 1189 3329 nosque
1214 3260 1290 3314 tui
1319 3261 1375 3315 in
1407 3261 1675 3332 precibus.

760 3387 890 3426 Ibi!
934 3389 1002 3427 AD
1039 3388 1283 3429 EUIIDEU.

220 3483 459 3553 Suscipe
484 3499 650 3555 parva
677 3486 775 3551 tui,
805 3488 1001 3558 przesul
1028 3490 1372 3545 sanctissime
1400 3490 1604 3562 Degan,

294 3574 521 3630 Munera
546 3574 829 3633 Strabonis
857 3594 977 3650 qua
1005 3580 1101 3634 tibi
1133 3582 1301 3637 mittit
1324 3598 1512 3639 ovans.

216 3664 312 3721 Sis
330 3681 540 3721 memor
565 3667 621 3722 in
647 3669 917 3738 precibus,
946 3670 1124 3727 reddis
1150 3672 1276 3727 dum
1304 3682 1426 3747 vota
1457 3675 1709 3744 Tonanti,

293 3755 606 3820 Strabonis,
635 3773 843 3813 memor
870 3769 953 3815 est
983 3777 1197 3831 semper
1223 3772 1278 3818 et
1303 3764 1416 3833 ipse
1440 3766 1537 3821 tui.

211 3848 482 3904 Carmina
510 3847 731 3919 Pygmei
763 3852 972 3905 mittam
992 3893 1007 3918 ,
1038 3853 1194 3907 simul
1224 3864 1387 3925 atque
1413 3857 1642 3929 gigantis

290 3940 434 3997 Dum
462 3955 693 3996 vacuum
723 3940 907 4008 fuerit,
938 3959 1153 4015 semper
1181 3945 1379 4016 ubique
1403 3948 1544 4004 vale.

1300 4035 1495 4093 Amen.

904 4141 1140 4182 ENIGIIA.

213 4214 317 4269 Est
346 4214 583 4269 monitor
607 4215 848 4286 quidam,
878 4218 1061 4287 plures
1087 4219 1178 4288 qui
1201 4228 1512 4276 commonet
1538 4220 1654 4291 ipse

214 4303 340 4359 Non
374 4312 555 4361 tamen
582 4304 689 4360 ulla
711 4306 860 4361 canit
886 4307 1002 4363 sine
1031 4308 1173 4364 dicta
1200 4318 1454 4366 monente
1481 4311 1741 4376 vicissim,

212 4394 355 4463 Qua:
387 4394 514 4449 dum
544 4411 739 4451 cauma
766 4400 969 4468 coquit,
992 4401 1209 4469 penitus
1252 4410 1395 4458 tacet
1423 4414 1585 4473 atque
1613 4405 1813 4461 refutat

211 4485 508 4552 Carmina,
540 4486 637 4542 sed
668 4488 845 4544 medio
873 4490 1065 4546 melius
1092 4491 1159 4547 de
1187 4492 1384 4565 frigore
1409 4493 1613 4567 clangit

607 4613 837 4657 DBOGONI
875 4616 1124 4658 EPISCOPO
1162 4618 1411 4662 IEâ€˜I'BNSL

206 4706 414 4762 .Iudicii
446 4708 664 4765 decreta
692 4711 786 4767 Dei
816 4713 941 4768 dum
971 4712 1165 4770 Paulus
1189 4725 1353 4772 acuto

210 4796 509 4852 Scrutatus
531 4814 712 4864 sensu,
739 4802 870 4857 tanti
900 4817 1004 4857 non
1025 4813 1207 4874 posset
1237 4806 1457 4864 honoris

209 4887 340 4944 Non
366 4889 488 4945 dico
513 4890 687 4958 effari,
713 4893 807 4947 sed
836 4907 935 4949 nec
957 4897 1271 4970 contingere
1298 4899 1491 4955 molem

210 4979 497 5036 Attonitus
526 4981 786 5052 mirisque
814 4991 1034 5054 stupens
1059 4986 1358 5044 aï¬‚â€˜ectibus.
1392 4990 1437 5047 ÎŸ
1462 5007 1643 5062 quam-

214 5069 389 5135 Sunt,
416 5072 608 5142 inquit,
632 5075 813 5130 divina
846 5076 1049 5133 homini
1076 5080 1371 5147 penetralia
1404 5082 1563 5154 longe

213 5156 463 5214 Occultis
487 5162 733 5217 abstrusa
770 5165 891 5231 viis,
923 5182 1044 5236 quae
1070 5183 1298 5239 corpore
1326 5171 1492 5227 clausi

214 5246 331 5306 Per
356 5251 630 5321 speculum
657 5257 903 5326 rarisque
925 5257 1107 5314 vident
1133 5276 1199 5315 ex
1226 5270 1378 5330 parte
1394 5263 1611 5335 "figuris.

216 5341 359 5409 Quis
391 5342 634 5399 dinoscet
663 5350 830 5414 enim,
860 5364 981 5420 quae
1008 5350 1077 5406 sit
1103 5353 1365 5423 sapientia
1395 5358 1578 5411 mundi
1591 5357 1631 5411 á¼³-

218 5434 359 5501 Quae
386 5434 509 5488 via?
537 5449 654 5507 qua:
677 5452 856 5494 rerum
884 5440 1148 5497 latebrosa
1182 5443 1447 5498 scientia?
1473 5448 1683 5516 quodve

215 5522 497 5581 Iudicium
519 5540 627 5597 quo
652 5538 843 5584 cuncta
884 5532 1023 5587 Dens
1056 5534 1217 5605 regit,
1247 5535 1481 5602 ordinat,
1509 5547 1565 5591 ut
1595 5539 1738 5593 sint?

214 5614 346 5680 Quo
369 5632 496 5672 vasa
526 5618 776 5673 interitus
803 5620 980 5693 ï¬‚agris
1005 5634 1060 5679 et
1089 5642 1221 5696 pace
1247 5627 1498 5684 sinuntur
1546 5678 1552 5683 .

222 5704 473 5763 Tendere
494 5710 640 5765 .calie
662 5726 779 5775 suo,
807 5728 902 5782 per
932 5718 1070 5783 quod
1099 5719 1314 5787 pietatis
1342 5732 1571 5791 aguntur

1846 3120 1895 3185 C

1854 410 1904 468 Î‘
1932 404 2071 463 Vasa
2099 425 2197 480 per
2220 410 2480 467 adversos
2508 426 2791 477 successus
2809 427 3012 491 perque
3035 413 3301 470 secundos
3388 482 3393 489 Î¿

1932 500 2092 558 Lucis
2119 518 2304 558 amare
2329 504 2489 570 viam,
2515 520 2624 575 quo
2649 505 2850 562 factum
2880 514 3067 563 sancte
3095 506 3307 562 fatebor
3346 574 3349 581 Î»

1932 591 2321 663 Provisumque
2345 605 2515 663 pater,
2548 594 2740 666 primis
2764 605 2825 653 ut
2851 612 3013 653 casus
3049 597 3118 652 ab
3147 596 3306 653 annis

1932 681 2139 753 Saepius
2167 684 2410 754 asperior
2432 695 2700 755 quateret,
2727 703 2829 744 nec
2854 687 3127 759 frangeret
3150 702 3409 765 unquam.
3494 734 3499 743 .

1930 774 2102 841 Quem
2126 774 2263 830 lastis
2287 791 2518 832 censura
2543 776 2638 833 Dei
2664 779 2929 835 laudanda
2956 780 3146 837 diebus

1930 862 2317 937 Perpetuaeque
2344 866 2504 924 bonis
2531 869 2703 925 voluit
2727 886 2950 927 servare
2982 871 3197 939 salutis,

1931 956 2010 1013 Ne
2040 958 2085 1013 si
2110 961 2320 1024 securis
2346 961 2586 1021 riderent
2611 964 2722 1018 otia
2752 966 2938 1032 rebus,

1930 1048 2180 1108 Libertas
2206 1054 2426 1124 gravius
2454 1065 2741 1126 generaret
2769 1056 2912 1114 lenta
2943 1058 3201 1129 periclum
3228 1076 3244 1127 ;

1929 1139 2115 1212 Gignit
2136 1143 2279 1198 enim
2304 1144 2556 1201 diuturna
2583 1148 2739 1217 quies
2766 1148 3000 1204 fomenta
3027 1150 3297 1215 laborum,

1929 1234 2065 1306 Juge
2085 1237 2405 1292 exercitium
2429 1253 2618 1309 pacem
2640 1241 2806 1310 parit,
2836 1242 2985 1298 addit
3017 1243 3301 1300 honorem.

1930 1322 2033 1392 Qui
2068 1341 2203 1397 vaga
2233 1327 2434 1384 diluvio
2460 1332 2696 1387 servavit
2720 1332 2929 1386 semina
2954 1333 3157 1395 mundi,

1929 1416 1997 1472 Et
2018 1432 2188 1489 genus
2212 1419 2507 1475 humanum
2533 1436 2697 1492 parva
2725 1424 2791 1477 de
2812 1423 2984 1493 stirpe
3010 1423 3220 1489 refecit,

1930 1510 2030 1578 Qui
2068 1510 2267 1583 Ioseph
2299 1530 2528 1586 regnare
2551 1516 2706 1571 dedit
2734 1526 2858 1587 post
2880 1519 3121 1575 carceris
3146 1518 3387 1586 umbras,

1927 1600 2141 1672 Quique
2170 1603 2390 1659 domum
2418 1604 2583 1669 Israel
2611 1607 2763 1661 duris
2789 1607 2898 1662 dux
2925 1608 3042 1677 ipse
3063 1609 3270 1666 catenis

1931 1691 2112 1757 Exuit,
2135 1701 2190 1749 et
2215 1695 2420 1763 pariter
2444 1697 2710 1767 promissa
2740 1698 2807 1752 ad
2834 1714 2961 1752 rura
2988 1700 3203 1754 vocavit

1853 1769 1903 1829 Î’
1930 1782 2059 1838 Post
2080 1783 2336 1863 latebras,
2361 1786 2580 1857 odiique
2605 1789 2775 1854 dolos,
2798 1800 2854 1843 et
2876 1789 3081 1859 prmlia.
3115 1791 3308 1856 David,

1928 1872 2032 1941 Qui
2062 1876 2211 1931 dedit
2232 1876 2539 1947 imperium,
2563 1880 2784 1950 natique
2808 1880 3064 1937 immania
3087 1893 3238 1952 gesta

1926 1964 2103 2020 Vertit
2130 1966 2183 2020 in
2214 1974 2512 2033 auctorem,
2540 1985 2835 2040 rursusque
2865 1988 2918 2026 in
2952 1988 3117 2043 regna
3148 1972 3370 2044 recepit,

1926 2053 2025 2112 Cui
2052 2071 2159 2127 pax
2191 2057 2305 2126 ipse
2333 2058 2453 2122 fuit,
2483 2070 2661 2116 vatem
2690 2063 2781 2132 qui
2810 2062 2962 2120 fauce
2986 2064 3205 2120 leonum

1924 2152 2144 2223 Ignibus
2166 2162 2225 2209 et
2250 2169 2450 2224 pueros
2477 2158 2671 2214 mediis
2695 2161 2969 2226 subduxit,
3003 2170 3058 2215 et
3087 2160 3199 2216 alto

1924 2244 2186 2301 Fornacis
2208 2251 2431 2319 gremio,
2466 2265 2645 2306 rorem
2674 2267 2776 2322 pro
2806 2262 3054 2309 caumate
3082 2254 3299 2324 sparsit,

1925 2332 2028 2401 Qui
2058 2334 2332 2392 Christum
2363 2346 2485 2409 post
2503 2339 2690 2410 flagra,
2722 2355 2960 2406 crucem,
2992 2342 3300 2408 meledicta,
3333 2340 3515 2414 sepul-

3147 2492 3160 2500 _
3311 2433 3512 2509 [Î±Î¹-Î±Ï„Î·,

1927 2519 2160 2593 Surgere
2180 2527 2244 2578 et
2264 2522 2332 2578 ad
2362 2524 2605 2581 dextram
2632 2525 2760 2582 fecit
2786 2528 3024 2583 residere
3046 2538 3350 2600 paternam,

1924 2612 2026 2680 Qui
2049 2614 2216 2670 furva:
2244 2618 2513 2682 tenebras,
2542 2622 2595 2674 el
2625 2636 2766 2675 caeca
2791 2622 3001 2677 silentia
3028 2622 3225 2688 noctis,

1925 2703 2095 2761 Mutat
2118 2706 2238 2763 luce
2260 2723 2398 2763 nova
2425 2710 2554 2765 clari
2582 2728 2681 2784 per
2704 2712 2906 2769 lumina
2936 2715 3082 2779 solis,

1924 2796 2026 2865 Qui
2053 2798 2278 2854 nebulas
2302 2800 2650 2873 pluviumque
2672 2806 2815 2861 diem
2841 2807 3103 2863 redeunte
3127 2821 3323 2864 sereno

1922 2884 2202 2951 Puriticat,
2227 2890 2494 2961 terrisque
2520 2907 2677 2947 suum
2716 2903 2839 2965 post
2865 2895 3067 2967 frigora
3096 2897 3302 2954 bruma:

1925 2976 2034 3032 Ver
2063 2994 2323 3048 reparans
2350 2983 2553 3052 pomis,
2586 2984 2729 3041 foliis
2750 2998 2806 3041 et
2832 2988 3052 3053 floribus
3080 3004 3232 3056 arva,

1924 3064 2055 3133 Qum
2086 3067 2298 3125 fuerant
2320 3072 2526 3142 pridem
2558 3077 2709 3132 canis
2740 3077 2953 3133 turbata
2974 3080 3209 3149 pruinis,

1923 3158 2148 3216 Instruit
2171 3171 2227 3217 et
2257 3165 2428 3236 pelagi
2459 3156 2719 3224 ferventia
2750 3186 3026 3227 murmura
3054 3173 3248 3241 sedat,.

1922 3248 2041 3319 Ipse
2064 3266 2162 3322 per
2190 3253 2513 3311 immensum
2540 3259 2756 3327 pietatis
2779 3277 2977 3318 munus
3000 3265 3215 3320 amicie-

1923 3343 2032 3399 Vos
2056 3352 2269 3400 mutare
2293 3345 2460 3414 dedit,
2490 3347 2705 3407 fuerant
2730 3368 2853 3422 qum
2880 3354 3056 3411 tristia
3089 3356 3248 3423 lictis,

1818 3432 1825 3437 â€™
1923 3431 1994 3489 Ut
2015 3434 2141 3504 quia
2162 3435 2230 3492 de
2256 3435 2470 3495 Domini
2498 3441 2764 3499 didicistis
2791 3444 2957 3502 fidere
2979 3446 3158 3515 donis,

1920 3524 2141 3582 Casuris
2174 3526 2380 3585 haerere
2406 3530 2588 3599 bonis,
2618 3549 2725 3589 non
2750 3536 2945 3593 deinde
2969 3538 3165 3596 velitis.

1922 3618 2123 3690 Nempe
2140 3623 2343 3679 beatus
2367 3626 2472 3681 erit
2501 3626 2729 3685 Domino
2755 3630 2848 3700 qui
2877 3640 3058 3701 sperat
3086 3634 3138 3688 in
3166 3634 3305 3705 ipso,

1921 3711 2017 3767 Est
2042 3714 2365 3771 maledictus
2392 3717 2519 3773 item
2549 3721 2641 3791 qui
2671 3722 2855 3777 carnis
2883 3723 3107 3780 brachia
3138 3726 3327 3784 credit.

1920 3802 2198 3871 Suï¬‚icere,
2225 3816 2280 3862 et
2309 3807 2519 3865 Domini
2549 3812 2770 3869 demens
2797 3814 2987 3871 solatia
3013 3817 3223 3873 temnit.

1917 3893 1975 3947 In
2006 3893 2233 3953 Domino
2259 3897 2493 3954 confisus
2519 3900 2685 3964 enim,
2708 3901 2855 3957 velut
2878 3904 3074 3976 inclyta
3098 3905 3252 3971 Sion,

1920 3981 2036 4037 Non
2063 3992 2268 4041 metuet
2300 3987 2509 4056 pulsata
2534 3989 2692 4045 malis
2716 4007 2814 4061 per
2835 3994 2992 4050 saecla
3023 3997 3249 4052 moveri.

1918 4072 2053 4129 Nam
2082 4076 2174 4146 qui
2206 4078 2368 4133 verba
2403 4078 2494 4135 Dei
2526 4081 2783 4137 studiosis
2811 4083 3031 4141 auribus
3058 4086 3259 4152 haurit,

1919 4162 1986 4218 Et
2006 4165 2276 4235 complere
2298 4168 2479 4224 studet
2511 4170 2719 4228 devotis
2740 4174 2921 4244 agnita
2944 4175 3125 4242 factis,

1920 4254 2075 4311 Hunc
2100 4266 2303 4313 aeterna
2324 4259 2444 4315 viro
2471 4261 2704 4318 similem
2733 4266 3001 4336 sapientia
3030 4268 3201 4338 dicit,

1917 4347 2019 4414 Qui
2045 4362 2301 4404 mansura
2330 4351 2520 4407 domus
2548 4351 2701 4409 fulcit
2731 4354 3063 4424 fundamina,
3092 4374 3263 4417 sacrae

1839 4469 1893 4531 Î’
1920 4437 2054 4531 Illole
2073 4447 2261 4531 petrae,
2286 4444 2406 4511 quae
2426 4442 2674 4501 Christus
2701 4447 2871 4514 adest,
2896 4448 2985 4503 ubi
3011 4450 3209 4523 templa
3232 4454 3500 4516 bonorum

1919 4529 2057 4584 Sunt
2085 4530 2297 4602 ï¬genda
2328 4548 2572 4603 operum,
2603 4537 2782 4593 subito
2809 4540 2854 4594 si
2884 4543 3091 4597 venerit
3118 4545 3257 4599 unda

1918 4621 2164 4689 Fraudis,
2187 4632 2244 4679 et
2265 4639 2531 4692 errorum,
2559 4638 2654 4684 aut
2677 4645 2941 4700 pressura:
2962 4633 3181 4692 ï¬‚umina
3210 4636 3364 4695 fortis

1918 4712 2122 4770 Ventus
2146 4723 2203 4771 et
2226 4731 2256 4772 a
2284 4715 2541 4789 Scythico
2569 4720 2772 4778 ducens
2800 4723 3065 4794 Aquilone
3094 4722 3362 4799 fragorem

1918 4804 2111 4861 Sibilat
2141 4806 2423 4866 illecebras
2450 4811 2672 4883 antiqua
2701 4812 2889 4870 fraude
2918 4815 3161 4884 latentes,

1918 4894 2015 4951 Vel
2044 4894 2181 4954 forte
2207 4898 2410 4969 ingenti
2446 4916 2490 4956 ÎµÎ¹
2515 4910 2831 4974 tempestate
2856 4903 3061 4978 fatigat,

1914 4984 2035 5042 Stat
2059 4996 2313 5055 structor,
2361 4999 2469 5046 stat
2494 5003 2697 5050 structa
2724 4996 2938 5064 domus,
2982 5001 3106 5070 quia
3134 5002 3288 5060 firma
3320 5007 3503 5065 beatas

1911 5076 2282 5135 Fundamenta
2308 5090 2496 5151 petae,
2528 5098 2691 5155 super
2721 5087 3041 5159 imposuisse
3066 5091 3344 5163 probatur.

1913 5168 2026 5252 [Iac
2050 5168 2118 5225 de
2147 5170 2287 5227 mole
2307 5181 2493 5242 petrae,
2516 5189 2649 5232 vero
2669 5187 2775 5233 stat
2800 5182 3017 5239 nomine
3044 5183 3258 5252 Petrus,

1908 5260 1969 5317 In
1995 5277 2102 5331 quo
2128 5266 2368 5333 percepit
2393 5266 2631 5324 solvendi
2654 5271 2767 5325 sive
2791 5271 2987 5345 ligandi

1913 5352 2058 5409 Ordo
2081 5362 2425 5425 potestatem,
2453 5360 2648 5416 merito
2669 5362 2759 5432 qui
2784 5365 3005 5421 nomine
3026 5372 3208 5422 vestro

1912 5442 2139 5500 Dicitur.
2169 5446 2313 5504 hunc
2345 5449 2562 5519 quando
2586 5451 2743 5510 factis
2765 5462 2819 5510 et
2849 5456 3103 5526 dogmate
3124 5465 3299 5519 recto-

1913 5532 2133 5590 Vosmet
2166 5536 2369 5595 habere
2400 5540 2601 5610 liquet;
2625 5559 2786 5615 quem
2808 5560 2918 5615 quo
2939 5561 3097 5618 mage
3120 5549 3351 5621 quisque
3368 5568 3484 5610 tite-

3291 5642 3489 5715 [Î“Î¸á¿‘Î·Î½Î½

1915 5725 2025 5780 Hoc
2058 5734 2112 5780 et
2143 5729 2341 5785 habere
2369 5736 2540 5804 magis
2558 5734 2697 5790 bene
2727 5735 3004 5803 creditur;
3023 5749 3151 5810 ergo
3181 5743 3383 5797 tenenti
