1989 3155
241 192 254 219 Ι
261 193 306 220 1H

240 248 301 277 Non
316 249 362 276 dat
374 248 459 275 honor
471 246 608 279 meritum,
623 246 728 274 meritis
738 246 785 274 sed
795 245 904 273 deditur
917 246 984 280 ipse.

240 294 304 322 Haec
316 297 378 321 sunt
394 292 528 328 prxeeipue
541 292 639 327 quibus
653 292 778 327 insignita
796 290 911 326 refulget

239 338 355 367 Virtutis
369 346 484 373 persona
500 341 563 370 tum,
577 338 711 371 sapientia
724 337 812 369 radix,

239 383 322 415 Ordo,
338 381 489 413 affabilitas,
507 382 625 414 bonitas,
639 381 777 416 patientia,
794 381 890 412 virtus,

239 428 312 461 Vita,
329 428 439 464 gradus,
455 428 588 460 doctrina,
601 427 685 459 locus,
705 427 865 458 moderatio,
877 426 972 457 victus,

238 474 317 502 Zelus
331 481 459 508 amorque
472 474 530 506 Dei,
547 473 609 500 ﬁdei
625 472 806 508 insuperabile
816 473 909 505 robur,

238 518 362 554 Relligio,
376 518 505 551 ollicium,
519 526 643 550 censura,
660 517 802 550 modestia,
819 521 919 552 gestus.

238 563 319 590 Hisce
330 563 376 590 Dei
396 563 482 590 virtus
496 567 600 590 vosmet
614 570 663 598 per
678 566 796 597 tempora
812 562 894 589 multa

237 608 366 636 Crescere
380 608 520 640 concedat,
535 615 637 643 proque
651 608 693 635 his
707 612 806 634 acterna
821 607 950 642 rependat

237 652 363 686 Praemia,
376 661 436 688 quae
451 653 539 681 servis
551 653 692 680 tribuenda
705 653 827 680 ﬁdelibus
844 656 939 680 auctor

237 699 366 732 lnsinuat,
379 699 442 726 vita:
456 699 594 730 Dominus,
605 699 659 730 via,
673 699 738 726 vita.
755 699 920 734 redemptor.

237 744 358 772 Nominis
374 744 427 771 alta
443 744 495 771 mei
507 744 528 771 si
540 751 594 771 non
607 744 707 771 oblivio
720 742 807 771 meme

237 788 381 821 Presserit,
404 788 475 815 haud
487 795 604 822 unquam
618 788 700 815 vestri
712 796 816 815 memor
827 795 888 816 esse
904 789 1025 823 vetabor,

236 834 270 862 Et
284 842 344 870 quae
361 834 488 869 przecinui
501 834 570 861 votis
583 838 677 869 optare
690 834 814 869 benignis

236 879 378 906 Pastorum
391 879 490 906 eximio
503 883 627 912 peccator
644 879 751 910 Strabo,
768 879 897 913 pigerque

236 924 397 957 Quindecies
410 929 436 951 ct
451 924 491 951 bis
505 925 601 958 quinos
616 924 666 950 fert
679 932 789 951 munere
801 932 904 951 versus.

346 977 379 996 AD
394 977 567 996 MUATULTINUM
583 968 743 1004 [uooomun]
759 977 912 996 EPlSCOPL'Il.

237 1016 265 1044 Si
281 1024 333 1051 qua
345 1016 416 1043 viam
430 1017 531 1043 faceret
543 1017 643 1043 nostris
657 1016 752 1043 fiducia
766 1016 835 1042 votis

271 1062 403 1097 Optabam
418 1062 518 1090 dudum
533 1062 652 1089 scribere
665 1068 735 1095 sepe
751 1061 815 1088 tibi.‘

236 1107 349 1142 Suscipe
362 1114 433 1134 nunc
448 1107 567 1139 tandem,
582 1105 679 1141 przesul
694 1105 853 1132 charissime
865 1106 942 1133 nobis

271 1152 336 1186 Qua:
349 1151 462 1186 simplex
476 1152 571 1179 humili
581 1151 633 1178 fert
646 1151 750 1178 ratione
765 1151 881 1178 animus.

235 1197 295 1226 Non
306 1197 445 1232 aspernari
459 1201 562 1224 tantum
577 1204 635 1224 mea
649 1204 732 1232 parva
745 1197 903 1231 magistrum

271 1244 449 1277 Crediderim,
461 1243 511 1270 lati
521 1251 602 1279 quem
618 1243 684 1271 colit
697 1243 773 1271 orbis
782 1250 869 1270 amor.

235 1289 304 1317 Ditis
314 1289 373 1317 heri
385 1289 504 1324 locuples
518 1289 590 1323 capit
604 1296 685 1316 aurea
693 1296 756 1316 vasa
771 1288 903 1323 supellex,

268 1337 381 1371 Argenti
392 1336 495 1371 species
507 1336 686 1363 adnumerans
697 1336 797 1363 varias.

235 1381 298 1410 Haec
310 1382 405 1409 eadem
419 1389 474 1409 non
486 1381 548 1409 ficta
562 1381 629 1413 luto,
644 1389 699 1408 non
712 1380 800 1415 lignea
811 1380 916 1415 spernit

271 1427 394 1460 Vaseula,
412 1427 458 1455 sed
471 1427 588 1462 propriis
606 1427 743 1462 mancipat
759 1424 864 1454 omciis.

234 1472 285 1506 Qui
300 1473 346 1499 dat
355 1472 488 1508 Erytbreo
504 1479 623 1499 summas
633 1471 665 1499 de
677 1471 767 1499 littore
782 1479 913 1506 gemmas,

269 1517 381 1546 Finibus
395 1517 508 1552 Europa:
519 1516 627 1544 succina
641 1517 738 1551 qumrit
750 1516 839 1550 hians,

235 1564 335 1593 Oceani
352 1563 447 1591 solitus
462 1563 581 1590 balaenas
594 1563 693 1590 vellere
704 1562 787 1590 fundo

269 1609 400 1645 Vulgares
415 1609 502 1637 tineas
516 1615 528 1629 ι
545 1609 578 1636 ad
593 1616 641 1636 sua
654 1608 707 1635 lina
720 1612 808 1636 vocat.

234 1656 360 1684 Auriticis
374 1656 504 1687 studium,
518 1655 635 1690 pretiosa
649 1654 757 1682 monilia
770 1654 874 1690 ﬁngens

269 1701 405 1729 Interdum
420 1701 547 1738 gracilem
562 1708 675 1735 corpore
690 1700 764 1727 cudit
775 1707 863 1727 acum.

234 1747 367 1780 Balsama,
386 1747 537 1775 narcissum
553 1746 644 1773 mundi
660 1754 709 1781 per
724 1745 833 1773 climata
846 1753 973 1781 qumrens

273 1793 436 1828 Camporum
449 1792 546 1825 violas,
562 1797 590 1820 et
603 1792 747 1819 coriandra
759 1791 833 1827 legit.

233 1838 273 1866 Tu
288 1846 395 1874 quoque
406 1845 572 1866 summorum
584 1841 677 1872 pastus
688 1837 787 1864 virtute
800 1837 921 1865 ciborum

269 1884 384 1918 Dignare
397 1883 486 1917 exigui
501 1882 621 1909 muneris
635 1889 694 1910 esse
706 1881 799 1916 dapes.

235 1929 273 1956 Ac
285 1928 367 1955 veluti
379 1932 440 1962 post
453 1926 542 1959 mella,
556 1927 645 1962 gravis
660 1934 725 1961 cape
739 1926 832 1961 pocula
845 1927 961 1962 myrrha:

270 1972 334 2006 Quae
347 1972 383 2000 sit
396 1979 466 1999 saava
478 1972 551 2004 licet,
564 1971 684 2006 pluribus
698 1971 798 1999 auxilio
809 1977 860 1999 est.

232 2018 323 2046 Gloria
336 2026 395 2053 quae
409 2018 507 2046 vestris
525 2018 634 2045 inolevit
645 2025 742 2053 magna
755 2018 886 2046 eammnis

270 2063 307 2090 Ne
321 2063 422 2090 laceret
433 2067 539 2090 nostros
553 2070 669 2090 cernuus
679 2070 727 2090 oro
741 2063 849 2090 troehos
863 2072 869 2089 :

232 2108 358 2136 Carmina
377 2112 489 2135 matura:
503 2108 582 2142 eupio
593 2108 712 2142 pretiosa
725 2112 851 2141 senectae,

269 2155 344 2182 Dicta
357 2154 514 2189 iuventutis,
527 2154 572 2189 qui
585 2154 643 2189 lego
656 2154 820 2182 multotiens.

232 2200 360 2234 Quamvis
376 2200 460 2227 multa
472 2207 555 2227 canas
567 2199 639 2227 saecli
651 2199 815 2227 celebranda
830 2200 946 2227 catervis

268 2247 322 2274 Nos
335 2246 406 2281 apud
418 2252 448 2273 es
461 2249 560 2277 mutus,
574 2244 644 2272 fama
655 2245 751 2279 quibus
764 2245 853 2272 minor
864 2250 914 2273 est.

233 2291 282 2323 Ne,
295 2296 373 2325 pater
385 2290 466 2322 alme,
483 2291 557 2317 sinas
569 2290 673 2317 cunctis
688 2290 760 2325 quod
775 2295 869 2326 sponte
884 2291 1021 2322 ministras

268 2335 413 2371 Expertem
424 2339 524 2362 memet
541 2335 661 2362 muneris
672 2343 733 2362 esse
747 2335 804 2362 diu.

234 2381 378 2416 Sperarem
390 2385 487 2409 vestra:
502 2388 573 2408 nunc
581 2380 637 2415 jam
650 2381 744 2408 solatia
758 2381 850 2415 Musae,

269 2425 300 2452 Ni
315 2425 383 2452 mala
400 2433 448 2460 per
461 2419 573 2461 regnum
588 2430 662 2453 tanta
675 2425 765 2453 voluta
778 2426 877 2454 forent.

234 2471 310 2498 Nunc
322 2471 426 2503 doctor,
438 2464 530 2504 miles;
548 2470 656 2506 praesul,
671 2471 785 2498 bellator
803 2472 920 2499 habetur

269 2517 439 2544 Pcssundant
456 2516 562 2551 propria
576 2516 675 2551 quique
686 2516 773 2543 aliena
785 2521 893 2551 gerunt.

234 2562 324 2590 Eheu!
341 2568 422 2596 quam
434 2561 505 2588 clare
522 2560 629 2588 Satanae
642 2561 761 2588 servitur
779 2561 885 2593 honori,

271 2608 303 2634 Et
316 2615 366 2642 pax
380 2606 454 2641 pacis
469 2605 556 2637 abest,
568 2605 633 2633 orbe
647 2605 752 2640 repulsa
768 2606 871 2640 procul,

234 2652 256 2679 0
275 2656 394 2687 proreta,
408 2652 452 2686 pio
464 2650 580 2679 studium
595 2651 705 2685 dispone
720 2650 816 2683 labori,

271 2696 308 2724 Ne
322 2696 419 2724 ﬂuctus
435 2700 538 2731 mergat
551 2696 595 2730 qui
610 2695 675 2722 furit
689 2695 714 2722 in
726 2695 864 2724 brevibus.

270 2774 283 2788 ι
300 2767 346 2795 Sic
362 2768 462 2795 Ausou.
478 2774 485 2793 :

297 2814 358 2844 Quis
370 2820 417 2839 non
430 2817 456 2839 et
467 2814 559 2839 vlrldes
571 2813 637 2843 vulgi
649 2810 735 2838 solatia
749 2812 825 2837 tineas

297 2845 377 2875 Novit.
389 2849 438 2869 etc.

237 2887 352 2920 timete,
361 2890 425 2913 ‘not.
439 2893 488 2913 ms.
510 2899 512 2901 ι

504 190 699 218 WALAFRIDI
718 190 841 218 STﬁAlll
859 189 960 218 FULD.
982 189 1065 217 ΜΟΝ.
1086 189 1160 217 OPP.
1182 189 1271 217 PARS
1290 190 1333 217 Ill.
1354 205 1390 210 —-
1408 189 1574 217 CARMINA.

1804 186 1880 222 uti

1041 246 1065 275 Α
1081 245 1122 272 Sit
1137 246 1264 273 Dominus
1277 250 1375 278 tecum,
1390 253 1497 281 semper
1509 250 1553 273 tua
1567 246 1655 281 gratia
1670 254 1793 281 meeum,

1115 292 1143 319 in
1156 292 1267 319 Domino
1281 296 1366 325 vates,
1385 300 1401 319 ο
1412 292 1545 326 Modoine,
1561 292 1630 320 vale.

1345 358 1407 377 IDEM
1420 358 1453 377 AD
1466 358 1604 381 QUEIIDAI.

1079 403 1108 431 Si
1129 404 1175 431 tibi
1186 404 1313 431 frumenti
1329 405 1463 439 superarit
1478 406 1566 440 copia,
1578 406 1635 433 sive

1078 448 1236 477 Condonare
1250 457 1334 484 queas
1349 451 1436 481 nobis,
1449 458 1495 477 seu
1504 451 1620 478 vendere
1634 451 1784 487 quidquam

1079 494 1174 521 Exstat
1190 502 1267 529 opus,
1282 496 1344 529 quia
1359 496 1486 530 pascendi
1507 496 1571 523 mihi
1587 496 1703 531 denique
1716 497 1834 532 quidam

1078 539 1158 571 Sunt,
1173 540 1301 574 prodesse
1315 540 1411 573 quibus
1426 540 1548 567 nolenter
1562 540 1618 567 sive
1629 541 1754 568 volenter

1078 584 1177 616 Debeo,
1192 584 1284 616 chare,
1299 584 1368 616 vale,
1385 585 1463 612 sodes
1477 584 1614 612 dominum
1626 586 1683 620 ipse
1695 585 1786 613 saluta

1077 631 1164 658 Prona
1178 638 1244 658 voce
1254 635 1339 663 tuum,
1352 631 1466 658 scribam
1477 632 1499 658 si
1512 633 1630 660 suaseris
1649 633 1722 665 exin,

1078 676 1212 704 Scribitur
1223 681 1251 703 ut
1263 676 1324 703 vilis
1336 682 1512 711 properanter
1530 678 1654 712 cpistola.
1669 679 1709 706 sic
1722 678 1777 706 has

1076 721 1162 749 Crede
1175 722 1240 749 mihi
1253 730 1347 757 nugas,
1362 722 1420 749 sine
1431 730 1494 750 cera
1508 723 1558 750 hac
1569 724 1641 758 pelle
1655 724 1760 752 notavi.

1183 785 1216 805 ΔΙ)
1230 785 1388 806 AGODARDUI
1403 786 1546 807 EPISCOPUI
1559 787 1765 809 ιῠωωιεαεκι.

1077 832 1144 859 Dum
1159 832 1203 859 vix
1219 836 1259 859 ter
1270 840 1350 860 senos
1362 833 1516 861 habuissem
1528 835 1658 869 temporis
1667 843 1775 869 annos.

1111 877 1152 904 Ad
1163 885 1210 905 vos
1224 884 1322 905 nomen
1335 878 1376 910 iit,
1392 886 1408 905 ο
1425 883 1502 913 pater
1513 868 1593 911 alme,
1603 868 1703 907 meum.

1036 925 1059 955 Β
1072 923 1230 951 Pervenisse
1243 924 1309 956 scio,
1323 924 1429 953 quando
1443 925 1571 958 rescripta
1585 924 1687 959 recepi,

1111 969 1176 1002 Quae
1187 970 1275 1005 magni
1297 970 1375 997 nobis
1388 970 1474 998 instar
1488 972 1589 998 amoris
1599 976 1688 998 erant.

1076 1013 1104 1042 Si
1117 1015 1278 1042 meministis
1290 1015 1373 1047 enim,
1392 1015 1454 1049 quia
1472 1023 1534 1042 nam
1548 1015 1705 1042 meminisse
1717 1017 1850 1051 potestis,

1110 1059 1230 1092 Gaudeo,
1246 1064 1273 1088 et
1284 1064 1313 1087 ut
1325 1067 1459 1088 memores
1470 1060 1529 1088 sitis
1542 1060 1640 1095 ubique
1655 1068 1731 1095 rogo.

1075 1104 1134 1139 Ipse
1147 1112 1225 1132 amor
1238 1105 1317 1132 ardet
1325 1105 1413 1132 adhuc
1427 1105 1536 1138 animis,
1556 1106 1627 1141 viget
1636 1106 1697 1141 ipsa
1709 1107 1842 1135 voluntas

1110 1149 1221 1177 Visendi
1237 1154 1329 1182 temet,
1344 1154 1425 1185 atque
1437 1155 1483 1178 tuo
1492 1158 1539 1178 ore
1554 1151 1620 1178 frui.

1075 1194 1231 1230 Ethiopum
1246 1195 1268 1222 si
1298 1195 1493 1231 regna'colens,
1508 1197 1530 1224 si
1548 1204 1611 1224 rura
1624 1197 1725 1226 Sabim

1110 1241 1200 1276 Liquit
1218 1242 1322 1277 regina,
1340 1248 1369 1269 ut.
1381 1242 1525 1270 Salomena
1539 1247 1613 1278 petat

1075 1286 1129 1314 Cur
1142 1294 1191 1314 nos
1204 1295 1255 1314 non
1270 1288 1360 1322 potius
1371 1288 1469 1322 quibus
1483 1288 1566 1315 altera
1583 1296 1665 1324 regna
1682 1295 1832 1324 parantur,

1109 1331 1137 1358 In
1149 1331 1206 1359 solo
1219 1332 1338 1359 auctoris
1353 1339 1460 1367 semper
1472 1341 1565 1360 amore
1576 1334 1687 1361 sumus?

1075 1377 1141 1404 Nam
1160 1377 1256 1410 fateor,
1270 1378 1291 1405 si
1307 1383 1380 1405 certa
1397 1379 1461 1406 mihi
1477 1387 1547 1406 nunc
1560 1380 1634 1414 optio
1647 1380 1739 1412 detur,

1111 1423 1146 1451 Ut
1162 1423 1265 1458 capiam
1277 1424 1367 1451 muudi
1383 1424 1452 1452 dona
1467 1425 1508 1452 vel
1521 1425 1641 1460 ingenii;

1075 1468 1136 1496 Otia
1152 1468 1264 1496 liberius
1276 1475 1369 1495 verum
1381 1476 1475 1496 secura
1495 1470 1596 1497 sciendi

1109 1514 1197 1541 Aurea
1210 1522 1290 1548 quam
1301 1514 1391 1547 smela,
1405 1515 1452 1542 sed
1464 1515 1595 1550 peritura,
1612 1523 1723 1551 sequar.

1074 1561 1108 1587 At
1121 1561 1154 1588 de
1165 1560 1229 1588 ﬂore
1242 1568 1323 1594 novo,
1334 1561 1379 1596 qui
1395 1569 1442 1589 vos
1455 1569 1537 1597 penes
1546 1568 1631 1595 ortus,
1647 1563 1763 1591 odorem

1037 1603 1058 1632 C
1110 1607 1203 1635 Prodit
1214 1607 1314 1642 ubique
1325 1608 1378 1641 sui,
1391 1609 1448 1636 hmc
1458 1608 1515 1636 loca
1527 1617 1619 1636 rumor
1630 1609 1689 1637 alit.

1077 1654 1155 1682 Flora
1170 1655 1246 1681 venit
1262 1654 1408 1689 quondam,
1425 1654 1488 1681 dum
1504 1654 1607 1691 singula
1626 1663 1740 1691 qumque
1754 1656 1872 1684 deorum

1111 1700 1179 1728 Sunt
1194 1700 1284 1733 ali'ata,
1298 1700 1369 1736 jugis
1382 1704 1458 1735 prata
1474 1701 1647 1736 thymumque
1661 1710 1771 1737 gerens.

1075 1747 1142 1775 Huic
1156 1746 1222 1774 Ποῖ-ο
1234 1746 1331 1774 melius
1340 1747 1473 1774 sententia
1491 1746 1713 1775 Christicolarum

1108 1792 1249 1825 Attribuit,
1264 1791 1392 1826 quidquid
1406 1792 1530 1827 dogmate
1540 1797 1566 1819 et
1577 1800 1624 1820 ore
1636 1793 1716 1820 viret.

1075 1839 1142 1866 Nam
1158 1838 1203 1866 hic
1216 1837 1299 1866 florus
1308 1837 1401 1865 liorem
1413 1837 1536 1872 sequitur
1546 1839 1579 1865 de
1589 1839 1710 1872 germine
1721 1837 1811 1871 Iesse,

1108 1884 1142 1912 Et.
1153 1883 1235 1910 tradit
1251 1883 1322 1917 quod
1336 1890 1430 1910 atuans
1440 1882 1528 1910 attulit
1542 1883 1586 1910 ille
1600 1883 1713 1911 homini.

1074 1930 1138 1964 Quae
1154 1935 1207 1957 tam
1216 1930 1306 1965 segnis
1315 1930 1367 1957 erit
1378 1929 1457 1957 donis
1469 1930 1572 1965 ingrata
1587 1931 1710 1965 supernis

1109 1977 1174 2011 Quae
1187 1984 1216 2004 se
1227 1977 1278 2003 hoc
1291 1983 1343 2003 non
1357 1980 1452 2010 sponte
1463 1982 1573 2003 nectare
1588 1981 1682 2010 pascat
1693 1978 1780 2011 apes?

1074 2022 1181 2049 Floreat
1192 2020 1262 2048 haud
1274 2019 1389 2048 ﬂaccens
1403 2020 1447 2047 hic
1459 2019 1518 2052 flos,
1533 2025 1561 2048 et
1575 2020 1656 2048 ﬂorea
1670 2020 1801 2057 fragrans

1110 2066 1279 2102 Spiramenta
1294 2065 1362 2093 ferat
1374 2073 1481 2101 semper
1493 2066 1592 2100 ubique
1607 2067 1670 2099 Deo,

1075 2113 1163 2140 Donec
1174 2111 1200 2139 in
1216 2110 1353 2138 astriferas
1372 2115 1495 2145 porrecta
1507 2111 1645 2138 cacumina
1661 2112 1742 2140 sedes

1109 2158 1212 2193 Erigat,
1226 2162 1253 2184 et
1265 2156 1447 2190 fructumjam
1459 2156 1517 2184 sine
1532 2157 1584 2184 line
1597 2157 1704 2184 haheat.

1073 2204 1176 2231 Cedant
1186 2202 1336 2234 ambrosiae,
1354 2210 1424 2234 rosa,
1440 2202 1504 2233 lilia,
1518 2202 1601 2237 spica,
1615 2210 1779 2237 crocusque,

1110 2249 1209 2277 Suavia
1222 2253 1318 2276 cuncta
1333 2248 1421 2279 simul,
1438 2248 1517 2283 hujus
1527 2256 1603 2276 amor
1617 2249 1731 2283 placeat.

1075 2295 1132 2323 Hoc
1147 2294 1232 2326 fruar,
1256 2295 1306 2321 hoc
1322 2298 1392 2326 utar,
1406 2293 1507 2324 fovear,
1523 2294 1649 2325 delecter,
1665 2294 1818 2326 abundent,

1109 2339 1209 2367 Auditu
1226 2344 1253 2366 et
1263 2339 1322 2366 visu
1334 2340 1422 2374 hujus,
1436 2339 1504 2371 alar,
1517 2340 1626 2367 docear.

1077 2386 1125 2413 Det
1137 2386 1296 2421 quandoque
1309 2386 1387 2418 Deus,
1404 2393 1453 2412 uos
1467 2390 1560 2413 mutua
1578 2386 1647 2412 dona
1661 2386 1786 2414 vicissim

1111 2431 1254 2467 Impertiri,
1271 2431 1371 2466 aliquid
1385 2439 1449 2466 pars
1461 2431 1602 2466 utriusque
1614 2436 1708 2458 metet.

1078 2476 1186 2503 Munere
1196 2476 1286 2503 divino
1299 2483 1404 2510 precor,
1423 2483 1440 2503 ο
1454 2476 1513 2503 sine
1528 2475 1582 2502 line
1592 2474 1693 2507 vale'to,

1113 2521 1249 2549 Mittentes
1260 2525 1356 2548 vestra:
1370 2521 1457 2548 dulcia
1472 2521 1572 2555 scripta
1584 2521 1659 2548 vicis.

1078 2586 1112 2604 AD
1126 2585 1248 2605 BADANUI
1267 2585 1378 2606 lAURUI
1391 2584 1514 2604 ABBATEI
1533 2584 1698 2608 PULDENSBI,
1712 2584 1865 2605 IAGISTSKI

1432 2620 1512 2639 ευωι.

1080 2658 1191 2694 Suscipe
1203 2665 1354 2691 servorum,
1365 2657 1445 2686 Pater
1457 2658 1568 2693 optime,
1580 2657 1660 2685 verba
1675 2662 1786 2685 tuorum

1115 2704 1224 2731 Anuuat
1235 2708 1264 2731 ut
1276 2703 1374 2731 vestris
1388 2702 1562 2738 Omnipotens
1577 2702 1713 2736 precibus.

1082 2750 1135 2777 Fac
1146 2749 1273 2784 supplere
1285 2756 1375 2776 moras
1390 2753 1539 2783 torpentem
1552 2752 1660 2783 pectore
1675 2747 1805 2775 Strabum

1115 2794 1232 2822 Plurima
1247 2802 1281 2822 ne
1295 2794 1412 2822 dominis
1423 2793 1521 2829 probra
1535 2793 1606 2829 legat
1618 2793 1746 2828 propriis.

1081 2840 1193 2876 Suscipe
1208 2839 1367 2876 putricolum
1380 2839 1390 2875 [
1402 2837 1445 2872 Ρη
1459 2837 1634 2875 patricolain]
1649 2838 1777 2866 clementi
1790 2839 1867 2866 corde

1704 2892 1708 2894 -
1720 2892 1724 2895 ~
1734 2884 1865 2919 Uibdlutu
