3978 6310
697 317 829 373 IIIS

968 427 1047 480 Azl
1079 445 1262 485 veram
1293 433 1543 488 retrahas
1570 434 1736 499 viam,

969 518 1163 589 Nigros
1190 522 1360 576 tendit
1388 522 1463 599 ad.
1487 523 1710 590 inferos,

946 609 1034 664 Et
1064 619 1118 665 tu
1146 620 1405 684 perpetuo
1431 616 1623 687 gemis.

1027 700 1073 756 0
1107 702 1197 770 qui
1236 718 1459 758 munere
1492 706 1736 775 perditas

967 790 1186 847 Sanasti
1216 793 1364 849 vitiis
1394 803 1485 849 tuo

964 880 1183 949 Terras,
1213 898 1312 953 per
1341 884 1580 953 genitum
1615 892 1786 949 tuum,

965 971 1077 1026 Fac
1111 988 1178 1027 ne
1212 975 1468 1028 daemonis
1500 975 1718 1028 horrida

960 1061 1054 1115 Vis
1082 1061 1291 1118 mentes
1322 1062 1424 1118 sibi
1452 1063 1708 1127 vindicet,

956 1151 1103 1219 Quas
1134 1152 1457 1223 baptismate
1491 1153 1743 1209 laveras-

1098 1284 1166 1323 AD
1201 1283 1490 1323 LIPIIARIUM
1527 1285 1833 1326 MONACBUSI.

675 1379 903 1436 Strabus
929 1381 998 1436 ab
1028 1382 1240 1438 interno
1269 1384 1363 1439 tibi
1393 1384 1559 1439 mittit
1582 1401 1768 1440 amore
1794 1385 2041 1449 salutem,

677 1482 727 1522 ιη
754 1468 983 1524 Domino
1011 1481 1071 1525 ut
1100 1472 1297 1538 valeas,
1331 1474 1521 1530 doctor
1546 1476 1789 1537 amande,
1822 1466 1933 1530 tuo.
1970 1513 1976 1516 ι

675 1558 760 1613 Sis
789 1575 997 1614 memor
1022 1570 1074 1615 et
1106 1562 1289 1618 Strabi
1321 1567 1629 1631 rescribens
1658 1573 1843 1621 mutua
1871 1580 2022 1637 pacis

674 1649 916 1716 Munera,
945 1654 989 1707 si
1025 1655 1165 1709 dicta
1198 1657 1384 1727 vixero
1408 1657 1563 1729 plura
1593 1657 1754 1714 dabo.

672 1740 907 1798 Portitor
932 1745 1221 1812 accelerat,
1245 1762 1437 1803 sensus
1463 1748 1517 1802 in
1545 1757 1763 1818 pectore
1791 1750 2025 1805 tardant.

670 1827 872 1888 Sensus
898 1835 943 1888 si
972 1834 1162 1890 melior
1187 1838 1418 1902 venerit,
1446 1837 1615 1894 instat
1645 1855 1798 1894 amor

919 1960 987 2000 AD
1024 1961 1310 2014 Αιτςε-ιωιι
1348 1964 1636 2005 IONACIIUI
1672 1965 1984 2007 ELAHWANG.

667 2053 896 2110 Strabus
920 2071 1077 2126 opem
1106 2059 1317 2114 Domini
1347 2063 1513 2117 veteri
1543 2072 1694 2133 optat
1722 2063 1911 2119 adesse
1925 2065 2171 2136 sagittae;

738 2144 855 2215 Ipsa
886 2148 1048 2203 nimis
1072 2150 1252 2207 valeat
1283 2151 1515 2209 Strabus
1541 2164 1603 2208 ut
1627 2156 1740 2226 ipse
1771 2166 1943 2226 rogat.

665 2231 867 2304 Plange
896 2244 1036 2303 tuos,
1064 2235 1241 2296 fateor
1265 2242 1463 2309 fautor,
1492 2245 1686 2302 dilecte
1719 2263 1985 2313 recessus,

734 2326 949 2398 Oraque
975 2331 1254 2402 largiﬂuis,
1286 2336 1450 2408 irrigo
1475 2354 1621 2393 nunc
1649 2339 1924 2413 lacrymis.

662 2414 794 2471 Sum
824 2435 1030 2475 memor
1059 2424 1267 2490 auxilii,
1299 2427 1431 2481 mihi
1461 2428 1603 2497 quod
1630 2429 1875 2486 conferre
1900 2431 2129 2496 solebas,

731 2508 798 2562 Et
825 2525 1020 2566 munus
1048 2515 1229 2570 recolo
1258 2508 1406 2587 pacis
1437 2521 1638 2575 amoris
1665 2536 1815 2592 npus.

659 2596 857 2654 Oscula
892 2602 1169 2661 dulcisono
1193 2607 1355 2663 libate
1380 2625 1667 2678 precamur
1696 2613 1763 2667 ab
1787 2629 1881 2668 ore

685 2683 694 2692 ’
756 2690 1012 2750 .itterulis
1039 2711 1138 2765 ego
1166 2713 1301 2766 quas
1327 2701 1519 2769 pollice
1548 2711 1602 2756 et
1629 2718 1723 2757 ore
1752 2704 1893 2759 dedi.

658 2777 778 2834 Jam
808 2797 999 2839 secura
1029 2795 1119 2840 tua
1153 2789 1388 2845 residere
1418 2793 1611 2861 sagitta
1644 2794 1897 2863 pharetra

728 2869 1003 2939 Cerneris,
1033 2886 1089 2931 et
1116 2878 1337 2946 placidis
1362 2884 1574 2949 paseier
1602 2899 1728 2939 ecce
1758 2887 1931 2940 bouis.

657 2960 771 3018 Nec
802 2965 867 3019 de
898 2975 1076 3022 mente
1102 2968 1287 3034 cadat,
1323 2971 1488 3026 fueris
1513 2974 1633 3042 quis
1652 3015 1666 3037 ,
1692 2975 1918 3045 quisque
1951 2989 2106 3031 modo
2139 2978 2232 3044 sis,

728 3054 974 3110 Perfecta
1009 3059 1060 3111 in
1089 3069 1242 3115 recto
1269 3070 1391 3116 sunt
1421 3064 1740 3118 documenta
1770 3080 1954 3136 opere.

1223 265 1611 378 D’ALAFIIIDI
1648 322 1895 379 STRABI
1933 317 2136 379 FULD.
2177 320 2343 377 MON.
2381 322 2530 380 OPP.
2570 324 2750 385 PARS
2790 328 2877 386 III.
2912 361 2978 371 —
3016 330 3323 391 CARMlNA.
3680 359 3755 417 mg

2293 436 2347 507 Α
2375 433 2504 492 Post
2528 439 2791 495 cunabula
2822 441 3034 515 longius
3059 457 3310 504 meantem

2369 526 2638 595 Quaesisti,
2665 530 2881 587 dubiam
2909 543 3089 590 secuta
3122 534 3325 603 famam,

2368 617 2641 675 Interdum
2668 637 2802 691 vaga
2834 632 3131 696 perstrepat
3159 628 3294 683 illum

2367 709 2610 766 Romana
2628 715 2871 783 positum
2900 714 3077 773 ferens
3102 719 3155 773 in
3185 720 3324 786 urbe,

2366 801 2568 859 Devoto
2598 814 2786 871 extera
2823 810 3058 880 cogitare
3088 813 3262 879 corde,

2364 893 2548 950 Gratis
2585 898 2791 954 exsiliis
2826 901 2975 956 adire
3015 917 3156 957 rura.

2366 982 2603 1039 Tandem
2633 978 2816 1055 quaere
2840 1004 2938 1044 suo
2965 989 3081 1045 loco
3107 993 3382 1062 reductum,

2361 1076 2431 1132 Et
2458 1078 2546 1133 dic
2569 1095 2782 1147 semper
2808 1098 2929 1149 ave,
2959 1085 3180 1156 valeque
3204 1089 3424 1156 multum,

2360 1166 2462 1222 Cui
2492 1171 2762 1239 quondam
2794 1172 3021 1231 dederas
3045 1178 3244 1234 honore
3269 1197 3441 1237 nomen

2360 1255 2589 1313 Ductum
2642 1260 2827 1330 dirigit
2854 1263 2945 1320 hic
2978 1266 3071 1320 tibi
3100 1267 3333 1324 salutem.

2357 1428 2541 1485 Dulcia
2562 1446 2693 1486 cum
2718 1443 2933 1491 nostros
2960 1438 3130 1493 sancti
3155 1440 3338 1496 natalis
3359 1456 3534 1500 amores

2354 1516 2474 1574 Jam
2500 1521 2724 1592 propius
2748 1527 2940 1580 tractis
2965 1529 3288 1599 complerent
3311 1534 3478 1601 gaudia
3500 1538 3605 1592 votis

2352 1610 2547 1667 Addita
2574 1619 2700 1668 sunt
2723 1614 2850 1670 fasti
2878 1615 3134 1688 fulgentia
3163 1620 3296 1673 dona
3318 1624 3522 1687 secundi,

2354 1702 2506 1769 Quod
2534 1714 2624 1759 tua
2650 1707 2927 1776 suspensis
2951 1709 3173 1778 ingessit
3197 1711 3400 1780 epistola
3423 1714 3563 1780 nobis,

2278 1777 2329 1838 Β
2358 1792 2429 1849 Ut
2455 1796 2672 1865 requies
2699 1795 2861 1863 lasso,
2892 1777 3095 1855 sitienti
3118 1813 3177 1857 ut
3201 1777 3361 1859 dulcis
3383 1820 3509 1875 aqua:
3528 1777 3626 1864 fons

2354 1883 2461 1939 Lac
2489 1893 2792 1941 maternum
2824 1890 3001 1959 agnis,
3030 1892 3206 1961 pluvia
3238 1902 3293 1948 ut
3317 1897 3613 1965 squalentibus
3628 1900 3729 1963 anis;

2348 1975 2582 2030 Carcere
2608 1978 2915 2033 constrictis
2939 1992 2995 2034 ιιι
3022 1981 3158 2037 lucis
3179 1998 3304 2038 vena
3330 1985 3538 2041 diurna:

2349 2065 2441 2120 Sic
2470 2075 2652 2136 optata
2677 2068 2946 2138 palatinas
2971 2073 3108 2128 mihi
3138 2083 3303 2130 metra
3332 2084 3488 2145 tuapte

2350 2155 2561 2225 Scripta
2588 2174 2772 2223 manu,
2803 2161 3029 2219 nebulas
3052 2179 3181 2219 vero
3206 2167 3433 2235 pepulere
3453 2168 3609 2233 nitore;

2348 2245 2455 2301 Sed
2483 2248 2606 2316 quia
2630 2249 2852 2307 lueilluo
2877 2256 3176 2311 succedunt
3200 2273 3333 2327 saepe
3356 2274 3518 2314 sereno

2344 2333 2562 2403 Nubila,
2594 2353 2698 2392 non
2727 2340 2885 2396 aliter
2914 2345 3138 2411 turbant
3164 2362 3277 2402 mea
3301 2348 3469 2418 gaudia
3493 2347 3648 2411 Chauri,

2345 2426 2480 2481 Dum
2512 2436 2599 2483 tua
2631 2431 2830 2501 scripta
2860 2444 3078 2501 sonant,
3107 2436 3241 2492 bene
3268 2454 3348 2493 me
3371 2450 3416 2494 te
3438 2450 3562 2508 posse
3579 2454 3698 2494 carere

2341 2517 2425 2572 Ad
2455 2519 2650 2576 faciem
2677 2533 2960 2593 quantum,
2992 2542 3119 2581 cum
3148 2528 3218 2583 sit
3245 2530 3365 2585 mihi
3395 2532 3520 2585 testis
3541 2531 3579 2584 in
3598 2530 3669 2584 imo

2342 2610 2590 2678 Pectore,
2617 2628 2740 2683 spes
2765 2616 2962 2671 ardens
2987 2632 3023 2672 a
3055 2628 3108 2674 te
3135 2636 3220 2675 me
3245 2620 3451 2690 plurima
3475 2621 3579 2677 velle

2342 2701 2589 2767 Lucrari,
2616 2702 2859 2773 lucisque
2890 2713 2993 2761 tuae
3021 2711 3290 2764 consortia
3317 2709 3461 2764 ferre.

2342 2791 2416 2846 Te
2446 2809 2660 2864 quoque
2689 2797 2761 2850 sit
2786 2806 2994 2852 certum
3025 2800 3211 2855 multis
3241 2803 3538 2866 testantibus,
3558 2810 3670 2856 etme

2337 2886 2515 2957 Atque
2541 2888 2674 2944 alios
2698 2891 3070 2961 exemplorum
3101 2895 3349 2963 verbique
3371 2895 3550 2948 lucerna

2338 2979 2636 3043 Instruere,
2662 2988 2718 3036 et
2744 2982 2947 3051 sapidis
2974 2983 3258 3040 infundere
3281 3000 3424 3056 posse
3444 2983 3599 3039 salivis.

2340 3072 2432 3127 Est
2462 3074 2605 3130 aliud
2632 3076 2835 3145 majore
2860 3077 2988 3132 mihi
3019 3094 3254 3136 maerore
3278 3080 3566 3150 gemendum,
3632 3096 3633 3099 ‘
3716 3096 3719 3097 '

655 3141 1069 3202 ﬂarcuvardum
1096 3149 1334 3209 Cotaneu
1361 3152 1578 3223 dignum
1603 3126 1998 3225 precoromnia
2022 3158 2234 3212 Bcrtum
2342 3163 2494 3228 Quod
2523 3179 2646 3219 cum
2677 3126 2785 3222 vita
2814 3167 2909 3222 tibi
2941 3170 3125 3237 potior
3153 3170 3222 3224 sit
3248 3126 3356 3241 lgge
3380 3168 3565 3242 Lycurgi

728 3235 876 3289 Dona
907 3239 1094 3295 salutis
1121 3254 1221 3311 ego
1251 3242 1477 3298 Strabus
1508 3246 1707 3301 habere
1735 3247 1846 3301 diu.

655 3328 773 3384 Iam
801 3331 1016 3387 valeant
1039 3335 1218 3388 cuncti
1249 3334 1465 3399 fratres,
1496 3338 1672 3391 valeat
1698 3339 1872 3393 bonus
1898 3338 2072 3403 Abba,

728 3421 981 3478 Servulus
1014 3426 1116 3480 hoc
1143 3435 1345 3492 vester,
1375 3443 1471 3483 oro
1493 3429 1717 3497 pusillus
1750 3431 1913 3495 enim.

652 3510 734 3565 Tu
761 3528 968 3567 memor
990 3524 1109 3569 esto
1138 3517 1242 3570 mei
1269 3515 1839 3573 sanctis'sermnnibus
1865 3518 2074 3590 Altger,

725 3602 953 3659 Strabus
981 3606 1178 3673 ubique
1208 3608 1282 3660 tui
1313 3614 1397 3661 est
1423 3624 1629 3663 memor
1653 3610 1706 3663 in
1737 3610 1981 3666 Domino.

708 3727 763 3765 IN
796 3705 1028 3768 PERSO’A
1064 3730 1329 3785 CUIUSDAM
1368 3734 1597 3772 ΜΟΝᾹοΗί
1640 3736 1706 3773 AD
1741 3738 1983 3776 ABBATEM
2019 3738 2176 3779 SUUH.

656 3819 881 3892 Suscipe
907 3812 1203 3881 clementer
1220 3843 1445 3904 paucos,
1464 3838 1617 3900 pater
1639 3832 1859 3902 Optime,
1878 3847 2089 3897 versus,

725 3913 948 3986 Suscipe
974 3926 1094 3971 vota
1125 3934 1367 3987 precum,
1399 3924 1650 3992 conspice
1681 3933 1941 3979 moestum.
1968 3927 2228 3982 animum.

654 4004 750 4074 Qui
781 4008 924 4077 geris
948 4023 1073 4064 ecce
1101 4011 1271 4065 vicem
1301 4011 1500 4068 Christi
1528 4015 1728 4084 pietate
1754 4017 2031 4084 magistra,

724 4098 799 4152 Te
824 4100 985 4154 credo
1013 4116 1133 4155 esse
1159 4103 1303 4170 pium
1334 4104 1402 4158 de
1434 4105 1632 4174 pietate
1663 4106 1778 4160 Dei.

652 4189 934 4260 Nunquam
966 4207 1053 4246 me
1077 4192 1269 4248 similis
1297 4197 1510 4261 stravit,
1542 4199 1824 4268 tetigitque
1850 4202 2105 4269 proceda,

719 4280 883 4352 Cujus
913 4282 978 4336 ad
1010 4284 1286 4340 incursum
1317 4295 1424 4341 tam
1452 4289 1562 4343 cito
1590 4289 1897 4346 (leticerem.

648 4371 817 4438 Quam
850 4388 934 4427 me
961 4389 1140 4429 veStra
1167 4376 1342 4451 quatit
1374 4377 1513 4433 lictis
1541 4381 1776 4451 suspicio
1807 4382 1986 4447 rebus,

717 4460 831 4526 Qua
862 4463 1026 4516 miser
1055 4472 1112 4517 ut
1141 4465 1324 4529 timeo,
1355 4483 1453 4523 nec
1484 4468 1606 4538 fuga
1637 4472 1965 4542 nantiserit.

646 4547 705 4603 Si
739 4559 913 4604 tamen
945 4552 1009 4605 ad
1041 4562 1258 4608 ventum
1296 4555 1535 4611 licuisset
1567 4557 1784 4614 flectere
1814 4576 2044 4619 remum.

717 4642 920 4698 Securo
949 4645 1240 4701 eximerem
1272 4657 1487 4718 pectore
1515 4667 1599 4705 me
1627 4652 1833 4721 pelago.

647 4732 809 4803 quue
838 4752 967 4806 rogo
994 4753 1201 4793 summe
1228 4740 1467 4809 rogitans
1495 4757 1589 4811 per
1614 4744 1835 4799 numina
1864 4747 2060 4801 summi

714 4822 832 4878 Jam
866 4841 951 4881 me
982 4828 1249 4893 mundari,
1281 4829 1365 4883 vel
1393 4840 1580 4898 patere
1607 4847 1727 4886 esse
1761 4849 1930 4888 reum.

647 4916 829 4972 Hitius
860 4918 1050 4986 expelli
1078 4919 1272 4975 ferrem
1300 4922 1367 4976 de
1393 4931 1539 4978 sorte
1571 4941 1832 4990 meorum,

713 5007 852 5071 Iram
880 5024 1040 5077 quam
1071 5019 1303 5065 vestram
1333 5012 1436 5067 hoc
1464 5015 1723 5070 meruisse
1750 5016 1928 5073 modo.

643 5101 717 5156 Da
753 5101 966 5155 veniam
995 5101 1174 5169 dictis,
1200 5105 1358 5160 solito
1386 5108 1685 5175 potioribus
1717 5110 1854 5171 istis,

711 5193 848 5247 Ecce
880 5208 1100 5250 necesse
1130 5196 1256 5250 mihi
1286 5198 1385 5263 sic,
1416 5207 1568 5269 pater
1596 5200 1757 5267 alme,
1790 5202 1909 5255 fuit.

782 5324 1153 5365 COTESCALCIIO
1187 5327 1450 5375 MONACIIO.
1489 5328 1577 5376 QUI
1616 5328 1684 5368 Ετ
1726 5329 2070 5370 ι’ῦιιιιειςτιιιδ.

643 5418 805 5474 Velox
833 5420 1070 5490 Calliope
1099 5422 1237 5475 viam
1270 5422 1567 5493 frequenta.

642 5506 754 5572 Qua
788 5508 1139 5579 Fulgentius“
1172 5511 1465 5576 invenitur,
1495 5512 1645 5566 illum

709 5632 731 5658 ι
776 5620 1030 5693 Sequitur
1072 5617 1463 5693 morem'illius
1498 5622 1698 5687 saeculi,
1725 5641 1830 5693 quo
1868 5627 2082 5680 nomina
2123 5644 2208 5682 reo

636 5705 759 5756 sum
797 5700 853 5745 et
891 5692 1127 5746 virorqu
1165 5691 1445 5748 doctorum
1490 5691 1854 5753 mutabantur.
1901 5696 2209 5767 Fulgentius

2342 3252 2500 3310 Solus
2529 3255 2581 3309 in
2608 3268 2830 3328 accepto
2859 3260 3087 3318 recubes
3115 3278 3220 3318 non
3244 3265 3475 3333 prodigus
3494 3277 3593 3316 aunt

2339 3343 2805 3418 Commissumque
2829 3360 3083 3418 premant
3116 3353 3324 3408 sudaria
3349 3368 3464 3408 nexa
3489 3350 3680 3411 talentum,

2336 3435 2408 3489 At
2436 3438 2528 3507 qui
2559 3438 2612 3493 in
2643 3443 2899 3510 pauperie
2925 3459 3087 3513 passa
3120 3457 3202 3501 est
3233 3462 3383 3515 quam
3409 3454 3554 3499 nostra
3573 3442 3677 3510 juren

2338 3524 2453 3580 Non
2472 3529 2631 3584 talem
2663 3540 2715 3586 te
2743 3533 2909 3590 chare
2934 3536 3124 3603 habui,
3152 3539 3326 3593 minus
3351 3552 3471 3607 aque
3491 3535 3677 3602 benignus

2338 3617 2603 3688 Expertus
2632 3638 2739 3678 non
2767 3640 2905 3691 sum,
2937 3627 3120 3683 fuerat
3147 3644 3303 3698 quam
3331 3644 3445 3684 cura
3468 3635 3662 3697 petentum

2335 3709 2444 3764 Cur
2470 3712 2628 3767 modo
2649 3713 2851 3771 diutius
2879 3719 3109 3773 mordax
3141 3729 3358 3776 testetur
3381 3723 3428 3774 in
3456 3716 3602 3786 amplis

2334 3797 2498 3852 Fama
2527 3808 2671 3855 tuam
2700 3803 2867 3857 miror
2891 3805 3071 3861 celare
3103 3809 3305 3878 peculia
3335 3811 3561 3866 dextram.

2331 3887 2460 3954 Qua:
2484 3899 2639 3959 pater
2665 3894 2845 3948 usuris
2876 3895 3119 3954 clemens
3149 3899 3382 3967 augenda
3408 3895 3597 3965 reliquit,

2334 3979 2425 4035 Sol
2460 3983 2639 4038 radios
2667 4000 2767 4040 nec
2795 3986 2919 4041 luna
2950 4005 3081 4045 suos
3110 4008 3255 4047 czeco
3283 3991 3464 4046 invidet
3482 3987 3586 4042 orbi.

2328 4070 2506 4126 Imber
2535 4074 2588 4129 in
2615 4089 2741 4128 arva
2768 4078 2912 4132 cadit
2936 4077 3205 4148 subjecta,
3229 4081 3479 4150 ﬂuuntque
3500 4075 3666 4131 voltum

2328 4158 2475 4215 More
2503 4178 2601 4217 suo
2632 4164 2798 4231 fluvii,
2827 4178 3043 4236 partum
3075 4172 3244 4226 trahit
3271 4187 3388 4227 aera
3414 4167 3609 4225 mundus.

2326 4251 2582 4308 Gramina
2607 4254 2713 4309 fert
2739 4257 2916 4325 tellus,
2944 4258 3089 4315 foliis
3112 4271 3169 4317 et
3193 4261 3438 4318 fructibus
3458 4259 3582 4313 arbor

2327 4343 2530 4412 Sponte
2556 4348 2863 4413 revestitur,
2894 4349 2979 4406 lac
3006 4362 3195 4407 manat
3221 4354 3289 4408 ab
3310 4353 3459 4425 ubere
3482 4356 3665 4405 matrum.

2326 4434 2444 4505 Ipse
2476 4437 2617 4493 Deus
2643 4439 2759 4495 sine
2791 4442 2886 4496 dat
2915 4445 3130 4499 cunctis
3161 4445 3454 4501 discrimine
3473 4442 3619 4495 lucem.

2329 4525 2391 4579 Et
2415 4526 2644 4601 pluvias,
2672 4531 2960 4605 operisque
2985 4534 3067 4588 sui
3089 4534 3249 4603 jubet
3273 4536 3348 4590 ire
3371 4544 3597 4602 seqmces-

2282 4610 2286 4614 ’
2325 4615 2456 4682 Quis
2482 4619 2611 4674 mihi
2637 4624 2907 4689 persuasit
2933 4640 3086 4679 sacra
3117 4641 3337 4680 munera
3362 4624 3501 4679 corde
3527 4614 3649 4671 tenaci

2322 4705 2638 4773 Obstruere,
2668 4711 2872 4766 auctori
2905 4713 3007 4768 nisi
3033 4714 3123 4782 qui
3153 4714 3415 4770 contraria
3447 4706 3600 4766 sculil?

2316 4795 2459 4861 .Quiu
2495 4799 2673 4868 potius
2708 4801 2915 4855 monuit
2943 4805 3116 4858 sancti
3151 4806 3290 4874 quod
3320 4804 3492 4875 pagina
3515 4793 3641 4852 Pauli.

2322 4886 2631 4953 Servemus,
2661 4891 2798 4945 bona
2825 4908 2946 4961 quae
2996 4896 3244 4959 subsunt,
3272 4906 3528 4966 operemur
3546 4886 3595 4941 ad
3621 4888 3741 4973 omni}

2328 4974 2433 5029 Sed
2471 4979 2639 5047 magis
2667 4979 2719 5031 in
2764 4990 2999 5047 sanctos,
3038 4998 3175 5052 quos
3212 4985 3321 5038 vita
3363 4979 3602 5037 domestica
3634 4971 3742 5024 nutat

2325 5065 2464 5135 Ergo
2492 5078 2645 5136 pater
2666 5068 2940 5141 fraterque
2964 5088 3107 5127 mere.
3120 5090 3248 5144 pars
3272 5076 3418 5129 unica
3448 5068 3604 5126 mentis

2325 5157 2594 5212 Noluerim
2626 5175 2741 5214 mea
2776 5163 2916 5216 dicta
2948 5176 3105 5232 putes
3147 5165 3383 5221 lacerare
3409 5160 3597 5217 volentis

2323 5247 2428 5302 Sed
2455 5257 2542 5303 tua
2568 5248 2801 5304 nolentis
2830 5255 3058 5309 reticere
3084 5256 3345 5323 pericula,
3369 5255 3410 5308 si
3429 5250 3537 5323 quid

2320 5338 2467 5393 Mens
2496 5356 2613 5395 mea
2644 5343 2767 5407 scit,
2789 5348 3089 5415 poteritque
3116 5347 3275 5403 fidem
3307 5358 3503 5403 servare
3522 5337 3642 5398 ﬁdeli.

2316 5429 2431 5485 Non
2470 5431 2560 5485 tibi
2596 5431 2715 5486 talis
2739 5448 2861 5498 ero,
2886 5436 3093 5519 qualemn
3124 5438 3414 5491 meminere
3439 5430 3671 5519 Philippu‘n

2315 5521 2523 5576 Fraude
2549 5523 2600 5575 in
2625 5523 2873 5579 amicitia:
2903 5540 2998 5594 per
3025 5517 3203 5595 prisca
3231 5526 3480 5582 volumina
3505 5517 3617 5575 fasti.

2312 5632 2590 5705 dicebatur
2621 5630 3002 5705 Cotcscalchus
3022 5677 3035 5699 ,
3076 5650 3143 5690 eo
3182 5637 3324 5705 quod
3350 5648 3459 5690 cum
3490 5627 3562 5685 illo
3581 5623 3628 5679 de
3647 5620 3741 5687 ιηειτ

2312 5712 2360 5755 et
2394 5702 2861 5770 prmdestiuatione
2892 5708 3135 5761 sentiret.
3169 5702 3327 5784 Btsn.
