3978 6310
182 374 312 444 lltl

178 504 264 560 Sis
289 496 418 557 mihi
445 510 607 566 quam
641 490 812 548 merui
842 489 1000 558 longe
1024 498 1156 556 rogo
1178 481 1350 550 major
1379 481 1607 535 amicus.

178 599 418 665 Quantus
460 605 580 646 sum
625 587 745 651 tibi,
789 591 970 638 tantus
1000 594 1115 643 ero,
1166 575 1403 631 rescribe
1439 587 1536 642 per
1569 571 1755 633 istum,

178 686 332 743 Pacis
356 688 653 737 amatorem
681 683 903 751 nostrae,
930 672 1203 738 fidumque
1233 673 1594 736 sequestrum,

177 777 389 846 Proque
418 779 641 843 rogante
660 783 779 831 ora,
813 780 882 821 ne
908 763 1120 819 turbine
1150 768 1336 829 raptus
1363 757 1549 825 iniquo

179 865 292 921 Non
320 861 633 918 meminisse
657 857 734 911 tui
759 862 939 924 qneat,
964 853 1090 907 hinc
1118 851 1171 905 in
1199 848 1357 903 saecla
1390 846 1586 900 valeto.

490 987 558 1026 DE
586 983 799 1034 QUODAII
823 980 1016 1022 SOMNIO
1045 980 1111 1018 AD
1141 974 1433 1016 BELUINUH.

179 1088 291 1145 Nox
315 1093 431 1142 erat
454 1093 511 1140 et
536 1082 713 1153 magni
737 1079 961 1134 alternis
986 1092 1083 1146 per
1108 1074 1325 1129 climata
1352 1070 1478 1127 coeli

246 1178 466 1252 Ignibus
491 1181 759 1230 auxerunt
784 1179 928 1227 astra
957 1176 1160 1224 remota
1183 1167 1345 1236 jubar
1379 1181 1394 1227 ;

177 1269 466 1327 Pollachar
491 1266 724 1341 infusum
751 1264 964 1318 Lethaeo
995 1273 1217 1314 munere
1239 1269 1487 1311 somnum

250 1358 460 1414 Emotis
482 1358 649 1420 euris,
677 1357 850 1409 noctis
877 1351 1092 1407 amabat
1113 1364 1263 1416 opes.

179 1451 312 1507 Cum
343 1450 526 1521 subito
565 1446 817 1502 tenebras
847 1442 988 1497 fama
1036 1448 1120 1495 est
1161 1434 1311 1493 Jovis
1356 1433 1593 1504 armiger
1622 1431 1762 1487 altas

251 1520 566 1601 Decutiens,
590 1536 764 1592 oculis
794 1535 940 1587 visus
965 1532 1157 1586 adesse
1181 1528 1310 1582 viri.
1492 1520 1493 1523 “

179 1631 370 1700 Perge,
395 1629 499 1692 ait,
523 1636 577 1681 et
603 1636 760 1680 terra:
784 1622 1009 1678 nebulas
1036 1617 1356 1673 transcende
1377 1621 1687 1686 prementes
1717 1628 1732 1676 ;

251 1721 459 1774 Ducam
485 1717 705 1780 etenim,
736 1730 844 1784 quo
869 1721 921 1768 te
948 1710 1168 1781 praemia
1194 1721 1389 1777 magna
1418 1711 1657 1764 manent,

1369 359 1697 420 POEMATA
1734 352 1823 415 DE
1862 354 2199 413 DIVERSIS.

1781 477 1829 535 Α
1857 472 2037 527 Donec
2063 477 2247 526 nostra
2290 468 2423 524 fides
2465 462 2717 523 meritum
2760 472 3067 521 succrescat
3107 458 3160 518 in
3206 462 3430 516 almum.

3292 340 3427 400 llis

1857 564 2015 618 Plura
2044 577 2163 633 quae
2189 560 2416 616 facimus
2437 552 2593 614 nobis
2629 557 2824 614 dilecta
2848 558 3086 621 remitte,

1860 655 1928 709 Ut
1948 653 2159 707 veniam
2187 651 2377 706 dantes
2400 650 2643 705 laxemus
2668 649 2848 704 debita
2872 648 3127 712 fratrum,

1858 746 2118 800 Naturam
2147 751 2386 800 nostram
2412 744 2549 798 mala
2579 758 2682 797 non
2717 743 2944 797 tentatio
2976 740 3210 812 frangat.

1860 843 1975 897 Non
1999 848 2236 910 superet,
2261 840 2487 909 laqueos
2519 853 2589 893 ne
2620 838 2842 892 inducas
2863 837 3034 892 hostis
3062 833 3233 902 iniqui
3273 849 3288 887 :

1859 932 2000 1002 Ergo
2028 930 2152 985 mali
2186 929 2394 999 magnis
2422 936 2477 981 tu
2508 942 2606 981 nos
2628 924 2856 983 defende
2881 920 3122 996 periclis,

1862 1023 1933 1079 Ut
1959 1036 2267 1076 mereamur
2291 1021 2429 1074 inire
2453 1018 2525 1073 toi
2555 1017 2659 1073 alta
2686 1018 2751 1071 ad
2776 1017 2997 1087 praemia
3021 1012 3194 1085 regni.

1861 1116 1963 1169 Ista
1987 1113 2202 1183 quidem
2234 1111 2407 1166 lector
2432 1109 2525 1181 qui
2553 1110 2653 1165 sim
2677 1123 2944 1181 cognosce
2970 1105 3203 1176 loquela.

2569 1235 2728 1273 ALIUD

1862 1329 2148 1399 Hartperto
2173 1327 2347 1397 superi
2377 1334 2526 1397 septo
2548 1326 2848 1380 diademate
2869 1324 3021 1395 regni

1866 1420 2133 1475 Virtutum
2162 1421 2324 1473 vitam
2364 1417 2618 1487 gradibus
2654 1418 2743 1485 qui
2798 1414 3012 1470 scandis
3053 1413 3361 1475 honestam,

1864 1511 2099 1566 Servilio
2122 1510 2331 1564 Domini
2356 1524 2629 1577 nunquam
2663 1507 2954 1561 marceseis
2985 1506 3038 1559 in
3062 1504 3208 1558 omni

1862 1601 2087 1657 Pectore
2113 1602 2212 1656 sub
2248 1600 2353 1654 fido
2390 1597 2618 1653 devotus
2657 1598 2888 1659 nuntiat,
2917 1595 2981 1649 N.

1864 1692 2057 1747 Omnia
2087 1689 2349 1762 qmeficri
2379 1700 2601 1758 possunt
2646 1687 3011 1742 famulaminis
3045 1684 3161 1747 ulli,

177 1810 357 1866 Laetus
387 1810 458 1863 ad
492 1808 606 1862 haec
640 1777 823 1875 gratis
864 1777 1108 1857 cer-uenti
1162 1805 1354 1854 cuncta
1392 1794 1534 1866 quod
1565 1806 1761 1862 a’gram
1791 1819 1839 1878 Β
1866 1781 1999 1878 (Eum
2021 1782 2271 1852 precibus
2292 1778 2608 1878 fidissiluul
2637 1779 2817 1832 omnia
2851 1786 2961 1833 tota
2991 1777 3200 1878 salutis.

248 1899 493 1967 Quaesitu
530 1896 687 1967 longo
714 1893 827 1947 vult
853 1891 1052 1947 satiare
1080 1889 1336 1942 animam.

178 1992 305 2046 Ales
327 1990 395 2044 ad
424 1988 533 2042 alta
564 1985 730 2048 volat,
758 1983 1113 2049 timidumque
1136 1994 1234 2048 per
1263 1991 1387 2031 aera
1418 1982 1622 2045 portat,

251 2082 443 2136 Donec
486 2089 748 2133 terrorem
778 2073 963 2143 purior
983 2070 1152 2125 aethra
1178 2067 1344 2122 dedit.

179 2168 438 2225 Daedalus
466 2166 556 2221 ille
584 2179 773 2227 novus,
802 2161 1000 2231 partim
1032 2156 1291 2213 suadente
1324 2155 1519 2208 timore

251 2260 461 2316 Partim
496 2268 921 2328 praepropernm,
950 2251 1092 2319 quod
1124 2249 1250 2302 terit
1272 2248 1460 2301 horret
1485 2245 1607 2298 iter.

181 2353 450 2409 Sordibus
466 2350 642 2413 bisne,
657 2344 851 2416 inquit,
866 2343 988 2412 quis
1005 2347 1218 2411 turgent
1232 2338 1472 2392 membra
1486 2343 1766 2406 gravatum

253 2442 463 2498 Lucida
489 2437 747 2508 stelligeri
778 2450 861 2489 me
892 2433 1029 2488 feret
1050 2431 1166 2485 aula
1190 2429 1336 2500 poli?

179 2534 325 2604 Quin
342 2541 549 2603 °patere
572 2533 826 2585 excurrat
848 2523 1067 2580 distenti
1092 2521 1299 2592 egestio
1324 2518 1548 2583 ventris,

256 2622 429 2677 Terra
454 2636 611 2675 suum
642 2625 822 2673 servet
848 2615 1079 2685 pondus,
1113 2612 1273 2666 abibo
1299 2611 1454 2665 levis.

182 2712 537 2783 Unguirapus
563 2717 785 2764 ventura
814 2707 993 2761 sciens
1026 2704 1250 2760 caudam
1279 2717 1373 2757 ore
1405 2711 1586 2755 teneto

254 2803 428 2867 Dixit,
457 2809 514 2857 et
539 2814 775 2869 expurga
804 2796 993 2851 faetida
1020 2804 1245 2863 qumque
1271 2792 1458 2847 celera

183 2896 327 2951 Tum
360 2909 494 2949 vero
529 2900 589 2946 ut
614 2891 829 2961 longum
855 2888 1086 2942 mundus
1111 2889 1332 2940 duraret
1360 2884 1414 2938 in
1440 2896 1636 2944 aevum,

257 2986 352 3041 llia
377 3000 480 3054 pro
510 2982 637 3037 totis
666 2981 873 3035 nisibus
894 2984 1139 3033 evacuat.

184 3076 286 3132 Hic
314 3074 525 3145 aquila,
551 3071 841 3128 absurdum
872 3076 973 3131 est,
1006 3068 1203 3123 divinis
1240 3064 1479 3127 sedibus,
1505 3063 1701 3132 inquit,

257 3166 530 3228 lnserere,
561 3169 814 3233 aspergat
834 3160 923 3229 qui
957 3159 1073 3213 loca
1098 3156 1241 3212 celsa
1269 3156 1374 3210 lue.

184 3257 333 3327 Ergo
366 3254 482 3308 redi
513 3261 568 3308 et
587 3251 741 3306 strati
765 3250 952 3303 sordes
983 3247 1200 3302 intende
1228 3246 1469 3314 relapsus

262 3345 380 3400 Nec
408 3358 597 3398 rursus
615 3356 803 3411 speres
833 3338 1085 3394 sordibus
1106 3346 1250 3391 astra
1281 3335 1451 3404 sequi.

182 3434 471 3504 Evigilans
494 3430 751 3501 quidquid
774 3444 967 3498 supero
991 3428 1092 3482 sibi
1123 3427 1272 3481 visus
1297 3427 1365 3480 ab
1397 3440 1500 3481 axe

258 3525 533 3587 Fundere,
563 3538 660 3593 per
686 3521 882 3576 lectum
912 3519 1149 3590 repperit
1181 3520 1260 3574 ire
1282 3534 1457 3573 suum.

182 3615 295 3671 Pro
324 3612 504 3684 pudor
528 3621 689 3683 atque
719 3610 893 3675 nefas,
931 3610 1060 3664 visis
1085 3610 1342 3678 deceptus
1369 3608 1595 3677 iniquis.

187 3816 321 3889 (Hic
348 3816 495 3886 apud
522 3814 830 3889 anisium_._
852 3821 1141 3889 sequuntur
1167 3811 1407 3889 (redierim
1434 3818 1694 3889 poemata,
1722 3809 1778 3860 in

259 3877 518 3940 honorem
567 3885 727 3937 beatm
776 3877 963 3935 Maria:
990 3892 1034 3932 et
1076 3880 1347 3932 duodecim
1397 3877 1774 3945 apostolorum.

261 3958 330 4010 At
356 3958 461 4009 ista
485 3966 667 4007 sancto
690 3952 964 4005 Aldhelmo
984 3958 1104 4003 sunt
1136 3947 1461 4006 ascribenda,
1490 3956 1537 3999 et
1575 3964 1605 3998 a
1630 3946 1779 3999 nobis

261 4041 459 4080 recusa
493 4032 697 4078 exstant
746 4020 1066 4091 Patrologia'
1114 4028 1255 4071 temo
1308 4012 1618 4070 LXXXIX.
1675 4014 1779 4067 col.

261 4095 423 4151 291)

752 4195 948 4236 INCIPIT
971 4191 1228 4233 PSALMUS.

191 4319 374 4387 Quam
398 4318 602 4373 bonum
631 4297 757 4371 ecce
795 4312 953 4368 simul
983 4311 1181 4366 fratres
1218 4308 1560 4364 concorditer
1593 4319 1782 4360 omnes

194 4410 295 4464 Est
332 4407 587 4463 habitare
619 4407 757 4475 pios,
794 4403 989 4473 capitis
1020 4416 1118 4456 ceu
1164 4401 1369 4454 vertice
1417 4399 1712 4469 quondam,

192 4498 453 4570 Limpida
482 4496 704 4552 fomenti
733 4495 961 4549 fundunt
984 4492 1244 4546 velamina
1281 4488 1442 4559 pepli,

196 4593 435 4662 Udaque
462 4588 664 4644 rorillui
694 4588 853 4642 veluti
884 4586 1163 4641 cacumina
1196 4582 1370 4646 collis,

195 4682 447 4739 Hermon
473 4690 527 4736 et
548 4679 675 4735 Sion
695 4721 709 4744 ,
742 4682 1060 4734 humescuut
1083 4677 1291 4731 roscida
1326 4689 1471 4740 rura,

197 4774 317 4828 Illic
340 4780 609 4842 perpetuo
631 4770 900 4839 pollebunt
922 4782 1147 4823 munera
1179 4769 1372 4842 patris,

198 4863 445 4935 Vitaque
467 4862 573 4917 fine
602 4855 757 4916 tenus
784 4861 939 4918 durat
960 4874 1055 4930 per
1079 4858 1271 4914 saecula
1308 4870 1515 4927 sospes.

752 4987 952 5035 ennio
970 4986 1251 5037 DOIIMCA.

205 5092 571 5161 Omnipotens
597 5094 788 5142 auctor
807 5084 928 5140 coeli
954 5080 1204 5148 regnator
1234 5083 1284 5135 in
1312 5081 1455 5146 aula,

206 5182 603 5242 Sanctifieetur
636 5180 839 5234 honore
868 5187 1014 5231 tuum
1047 5174 1311 5228 laudabile
1338 5188 1551 5234 nomen,

203 5275 403 5348 Longe
432 5272 646 5343 repulso
671 5273 825 5327 hoste
860 5269 947 5338 qui
988 5283 1089 5322 nos
1114 5266 1282 5321 livore
1316 5265 1523 5334 fatigat,

207 5368 272 5423 ln
298 5365 572 5433 terrisque
599 5362 694 5417 flat
712 5360 912 5417 nostris
935 5368 1024 5413 tua
1049 5357 1194 5412 clara
1220 5357 1488 5415 voluntas,

212 5452 313 5512 Sic
347 5453 657 5509 veneranda
681 5452 788 5522 poli
822 5450 999 5521 qualis
1020 5451 1074 5504 in
1104 5447 1341 5504 culmine
1363 5454 1592 5500 constat.

219 5550 457 5607 Summe
473 5547 657 5612 Pater,
686 5546 838 5600 nobis
857 5559 1049 5616 panem
1074 5542 1309 5599 concede
1334 5539 1589 5594 diurntun

292 5697 318 5724 ιι
351 5681 613 5738 Videntur
642 5682 727 5737 hic
748 5681 940 5749 aliquae
962 5680 1183 5748 pagella!
1212 5695 1275 5731 ex
1301 5677 1419 5729 end.
1454 5688 1555 5727 ius.
1581 5686 1797 5733 emisre,

219 5754 417 5809 nescio
441 5752 592 5822 cuius
612 5750 815 5806 fraude.
844 5751 974 5805 Cas.

1866 1873 2207 1943 Responsum
2232 1871 2398 1925 vestri
2418 1867 2641 1938 jatnjam
2674 1871 2886 1923 venisse
2914 1867 3113 1939 cupivi.

1867 1964 1997 2019 Tale
2018 1965 2160 2033 quod
2186 1978 2249 2017 ex
2276 1963 2429 2016 vobis
2457 1960 2658 2017 referat
2688 1961 2950 2015 solamina
2982 1960 3155 2014 nobis.

1867 2053 1977 2109 Vos
2003 2069 2104 2123 ego
2133 2067 2229 2106 vos
2251 2066 2377 2106 vere
2409 2051 2597 2104 dubito
2621 2050 2713 2119 qui
2736 2051 2875 2104 velle
2907 2048 3134 2118 replere,

1866 2144 2100 2198 Auribus
2123 2151 2183 2197 ut
2210 2143 2373 2197 vestri
2403 2141 2589 2196 dixere
2618 2141 2894 2194 notamina
2927 2139 3121 2200 nostri,

1871 2233 1965 2288 Vel
2002 2234 2194 2287 melius
2215 2232 2336 2294 fari,
2360 2232 2442 2284 vel
2468 2245 2687 2299 prorsus
2710 2244 2875 2299 posco
2897 2228 3106 2299 negari,
3392 2293 3402 2303 ε

1870 2325 2064 2379 Cordis
2090 2335 2149 2377 ut
2178 2322 2415 2392 ambigui
2443 2323 2552 2377 cito
2581 2323 2789 2390 possint
2817 2320 3031 2375 vincula
3065 2320 3219 2374 solvi.
3356 2310 3359 2313 Α

1872 2414 2023 2469 Sicut
2048 2413 2241 2483 gaudet
2266 2413 2379 2465 avis
2410 2411 2662 2465 laetantur
2681 2410 2898 2481 garrula
2928 2410 3115 2473 ramis,
3253 2395 3259 2402 ’

1870 2505 2108 2574 Corpore
2136 2505 2218 2560 sic
2244 2512 2425 2559 vestro
2456 2503 2768 2571 gratulabor
2791 2502 2995 2572 sospite
3028 2502 3165 2566 viso,

1872 2596 1998 2651 Haec
2026 2611 2154 2664 rogo
2175 2609 2336 2649 verus
2365 2608 2539 2659 amor,
2564 2594 2753 2663 jungat
2778 2608 2884 2646 non
2909 2592 3114 2646 dividat
3137 2606 3307 2645 error.

2170 2717 2375 2756 atmxor
2401 2718 2520 2754 ΠΡΟΣ
2545 2716 2641 2754 τΟΝ
2665 2714 2826 2754 ΑΡΧΟΝ
2848 2715 2938 2751 τΩΝ
2973 2713 3176 2751 ΔΓΔΘΩΝ.

1874 2795 2022 2850 Patri
2048 2794 2243 2849 dilecto
2270 2796 2526 2848 virtutum
2555 2795 2686 2848 flore
2713 2809 2904 2849 sereno

1947 2885 2212 2956 Mathyte‘s
2231 2885 2259 2924 ι)
2287 2884 2425 2939 fidus
2450 2892 2599 2953 optat
2622 2885 2822 2953 ubique
2848 2884 3032 2939 decus.

1875 2976 1933 3031 Si
1959 2977 2089 3029 mihi
2119 2975 2350 3030 millenis
2379 2974 2608 3029 ﬂuerent
2637 2974 2998 3028 modulamina
3020 2972 3252 3038 bombis,

1946 3069 2061 3124 Non
2087 3077 2308 3138 possent
2330 3067 2465 3125 tanti
2501 3068 2660 3137 digna
2690 3082 2886 3120 sonare
2916 3067 3011 3120 tibi

1802 3166 1847 3229 (ζ
1879 3159 2053 3228 Quem
2074 3168 2252 3215 tamen
2275 3170 2334 3214 ut
2364 3168 2552 3230 potero
2576 3159 2767 3213 devoto
2801 3167 3020 3228 pectore
3044 3157 3238 3221 laudo,

1948 3252 2302 3307 Laudandurn
2333 3251 2528 3306 merito
2554 3248 2886 3305 vociferante
2910 3262 3063 3301 sono.

1879 3345 1956 3399 Te
1987 3360 2108 3398 cum
2141 3343 2474 3415 syhtphoniis
2502 3341 2843 3396 modulentur
2872 3338 3127 3411 lynnuata
3164 3339 3352 3394 ternis.

1952 3435 2364 3506 liarmoniteque
2392 3435 2557 3488 decus
2582 3440 2842 3488 consonet
2869 3446 3028 3486 omne
3062 3430 3176 3484 tibi.

1881 3527 2109 3583 Tessara
2139 3541 2261 3581 cum
2291 3524 2521 3580 modulis
2553 3521 2851 3578 conflentur
2883 3522 2935 3575 in
2966 3535 3166 3591 organa
3198 3516 3353 3573 trinis

1951 3620 2104 3676 Nunc
2130 3618 2225 3676 tibi
2254 3612 2554 3690 dyplasium
2573 3659 2588 3683 ,
2620 3632 2765 3671 nunc
2790 3617 3044 3684 diapente
3068 3622 3245 3670 sonet.

1881 3712 1957 3768 Te
1985 3728 2082 3783 per
2106 3711 2458 3782 grandisonas
2480 3709 2663 3763 laudet
2695 3708 3002 3762 moderator
3015 3699 3343 3782 .hydfaulas,

1952 3803 2205 3860 Colchica
2232 3803 2496 3857 formetur
2520 3816 2585 3856 ex
2624 3800 2909 3854 adamante
2940 3798 3058 3853 tibi.

1881 3898 2125 3951 Laudent
2150 3894 2447 3950 concordes
2492 3902 2644 3947 sueto
2673 3900 2723 3945 te
2749 3866 2899 3945 more
2924 3903 3169 3952 sorores,

1954 3988 2048 4042 Est
2076 4000 2303 4057 quorum
2330 3998 2585 4038 numerus
2610 3982 2691 4036 bis
2725 3990 2917 4050 quater
2939 3990 3102 4048 atque
3132 3977 3321 4033 semel.

1887 4077 2016 4145 Qum
2045 4084 2274 4132 testante
2302 4074 2489 4144 mytlio
2509 4072 2796 4127 volitantes
2831 4069 2957 4124 alite
2987 4067 3156 4122 multo

1957 4167 2245 4220 Aurieomo
2278 4164 2502 4217 comites
2526 4162 2808 4216 intonuere
2836 4159 2993 4228 polis.

1890 4253 2085 4311 Usibus
2110 4268 2214 4306 una
2239 4252 2375 4307 meis
2409 4260 2612 4305 tantum
2644 4250 2884 4325 restabat
2909 4249 2959 4301 in
2989 4247 3136 4301 arvis

1961 4345 2130 4412 Quam
2162 4344 2308 4398 vexit
2331 4356 2534 4414 cygnus
2565 4341 2750 4395 tardus
2775 4341 2841 4393 ad
2869 4339 3010 4393 istud
3039 4353 3195 4407 opus.

1889 4436 2018 4505 Quae
2046 4452 2255 4491 mecum
2283 4435 2455 4489 luteas
2485 4430 2893 4488 inlerversando
2916 4427 3142 4499 paludes

1811 4518 1866 4580 D
1960 4529 2161 4583 Edoeet
2195 4528 2246 4581 in
2283 4526 2440 4580 laude
2463 4524 2719 4593 evigilare
2755 4531 2865 4575 tua.

1888 4623 2127 4692 Denique
2150 4621 2418 4675 veridicos
2444 4619 2623 4671 varios
2650 4615 2887 4685 felixque
2914 4611 3155 4667 misellus
3172 4651 3188 4676 ,

1960 4717 2161 4771 Amnes
2187 4712 2441 4783 astrivagi
2473 4710 2785 4781 prodiderat
2813 4705 3042 4761 numeri.

1890 4806 2129 4875 Quorum
2153 4804 2265 4876 jam
2294 4802 2514 4871 reliquis
2542 4800 2772 4868 quadam
2805 4799 2872 4853 de
2901 4806 3055 4866 parte
3081 4795 3303 4851 remotis

1967 4900 2174 4953 Extima
2205 4912 2302 4950 nos
2328 4894 2446 4948 duri
2484 4891 2646 4947 afficit
2683 4891 2825 4945 unda
2852 4889 2995 4945 vadi.

1897 4989 2116 5057 Gurgite
2141 5002 2249 5057 quo
2277 4984 2505 5059 geminis
2537 4990 2755 5036 tantum.
2781 4981 3117 5036 circumdata
3149 4977 3339 5048 cygnis

1964 5080 2160 5134 Nostra
2190 5076 2376 5131 Thalia
2405 5076 2556 5129 sedet
2575 5115 2589 5139 ,
2616 5072 3016 5144 frigoribusque
3043 5071 3199 5141 riget.

1896 5172 2134 5240 Denique
2161 5165 2475 5222 candidulas
2504 5165 2658 5235 nigro
2685 5164 2785 5217 sub
2814 5161 3023 5232 gurgite
3059 5174 3264 5230 pennas

1965 5259 2266 5316 Obsordere
2283 5257 2436 5312 dolet
2453 5296 2468 5318 ,
2493 5270 2615 5309 eum
2640 5253 2794 5308 dolor
2821 5252 2958 5306 alter
2983 5251 3159 5305 abest.

1900 5352 1992 5408 llis
2020 5365 2184 5406 usura
2222 5348 2363 5402 foret
2389 5361 2511 5400 cum
2542 5343 2740 5399 ﬂumen
2768 5342 2927 5398 lactis
2951 5341 3190 5402 adesset,

1974 5442 2109 5497 Hinc
2130 5440 2264 5495 alios
2284 5437 2513 5493 comites
2534 5435 2770 5505 postulat
2793 5435 2945 5490 biece
2971 5431 3098 5488 sibi.

1903 5533 2181 5589 Cornicem
2208 5530 2440 5600 alpinam
2469 5529 2511 5583 si
2541 5528 2661 5597 quis
2688 5526 3019 5583 transmittat
3049 5523 3114 5578 ad
3139 5520 3284 5575 illam
3382 5534 3386 5538 Α

1981 5676 2004 5713 ι’
2036 5673 2292 5731 Μαθητής.
2323 5666 2627 5737 disripuhn.
