3978 6310
535 376 678 431 “23

538 490 814 550 Umbellas
833 489 1071 559 jaculata
1097 489 1313 555 breves,
1338 488 1632 560 spiramina
1662 485 1809 541 venti

534 586 604 640 Et
631 584 809 639 radios
830 582 1020 638 Phoebi
1047 583 1230 638 caules
1267 582 1583 638 transmittit
1601 580 1669 636 ad
1694 579 1853 643 imos,

532 677 860 753 Attactuque
891 689 1082 745 graves
1104 674 1205 729 leni
1238 674 1496 743 dispergit
1518 672 1732 726 odores.

534 760 663 845 Iimc
691 784 812 823 cum
840 768 1122 839 multiplici
1155 768 1329 837 vigeat
1366 767 1564 820 virtute
1593 763 1830 829 medelze,

534 858 745 914 Dicitur
767 858 993 914 occultis
1018 858 1260 928 apprime
1283 858 1499 913 obstare
1526 855 1761 920 venenis,

536 949 849 1019 Toxicaque
869 949 1072 1003 invasis
1101 949 1439 1003 incommoda
1461 947 1659 1016 pellere
1686 945 1859 999 ﬁbris.

1083 1039 1169 1094 IV.
1218 1040 1572 1094 Anam-orsum.

533 1129 648 1186 Nec
671 1130 850 1184 minus
870 1128 1129 1185 Abrotoni
1160 1139 1465 1198 promptum
1489 1136 1572 1182 est
1594 1126 1847 1183 mirarier
1870 1126 1977 1182 alte

532 1219 794 1277 Pubentis
818 1218 1063 1283 frutices,
1089 1228 1144 1272 et
1168 1234 1306 1287 quas
1340 1219 1573 1287 inspicat
1593 1220 1789 1274 aristas

535 1307 830 1371 Ramomm
862 1307 1101 1369 ubertas,
1130 1316 1319 1361 tenues
1347 1307 1556 1361 imitata
1579 1306 1820 1375 capillos.

534 1395 706 1467 Hujus
732 1398 1014 1450 odoratum
1046 1395 1188 1449 lento
1216 1410 1338 1449 cum
1372 1396 1571 1451 vimine
1596 1396 1801 1450 crinem

534 1489 767 1544 Pzeouiis
794 1499 1040 1558 carptum
1067 1489 1287 1557 prodest
1311 1489 1535 1543 miscere
1562 1488 1784 1543 medelis

534 1578 801 1634 Febribus
826 1581 1005 1633 obstat
1032 1579 1198 1641 enim,
1228 1578 1394 1633 telum
1421 1578 1593 1649 fugat,
1618 1577 1837 1648 adjuvat
1864 1587 2015 1633 artus

535 1669 682 1735 Quos
709 1669 915 1724 incerta
948 1668 1145 1738 premit
1172 1667 1384 1723 furtiva:
1423 1670 1616 1739 injuria
1644 1679 1826 1739 guttte.

532 1757 803 1812 Praeterea
828 1764 907 1812 tot
928 1757 1090 1811 habet
1116 1774 1264 1814 vires
1289 1768 1421 1827 quot
1443 1759 1531 1812 ﬁla
1552 1774 1849 1814 comarum.

1103 1869 1170 1923 V.
1212 1868 1523 1924 Cucunmu

533 1971 561 1999 ι
596 1958 750 2014 Haud
773 1973 929 2014 secus
951 1958 1227 2029 altipctax,
1254 1969 1496 2015 semente
1514 1958 1912 2015 cucurbita-vili

531 2050 857 2121 Assurgens,
884 2052 1088 2123 parmis
1120 2052 1375 2106 foliorum
1414 2054 1642 2107 suscitat
1674 2053 1895 2107 umbras

532 2142 802 2213 Ingentes,
826 2144 1138 2214 crebrisque
1154 2143 1289 2211 jacit
1323 2144 1619 2198 retinacula
1657 2145 1864 2200 ramis:

1068 372 1460 428 WALAF‘RIDI
1500 370 1745 427 STRABI
1785 369 1988 425 FULD.
2032 336 2196 424 IION.
2237 369 2387 424 OPP.
2430 369 2608 424 PARS
2646 369 2734 423 III.
2773 398 2844 409 —
2878 369 3209 423 CARMILVA.

2144 489 2195 546 Α
2223 481 2482 537 Autumni
2508 484 2743 538 adventu
2765 492 3031 546 rarescat,
3058 464 3113 538 et
3133 465 3285 536 arida
3311 465 3524 536 circum
3594 464 3597 467 ’

3694 352 3705 363 ι

3684 368 3822 422 1121

2219 570 2501 628 Restiterit
2529 574 2690 637 cutis,
2726 573 2869 629 inter
2894 586 3026 641 opes
3061 570 3296 625 transire
3316 570 3571 625 ciborum

2219 662 2373 733 Saepe
2396 663 2663 727 videmus,
2699 673 2755 718 et
2775 663 2987 718 ardenti
3020 662 3297 734 sartagine
3318 662 3585 734 pinguem

2216 750 2536 807 Combibere
2563 753 2806 806 arvinam
2825 793 2840 818 ,
2872 760 2929 809 et
2951 752 3221 823 placidum
3254 764 3540 824 segmenta
3568 769 3824 824 saporem

2218 844 2384 901 Ebria
2411 846 2686 902 multoties
2724 848 2927 902 mensis
2948 855 3210 918 prmstare
3235 847 3514 903 secundis.

2221 938 2278 994 Si
2300 954 2430 995 vero
2464 940 2634 995 aestivi
2665 940 2862 995 sinitur
2895 940 3188 1010 spiramina
3222 939 3354 996 solis

2220 1026 2355 1082 Cum
2383 1030 2648 1099 genitrice
2669 1031 2803 1100 pati,
2835 1037 2892 1085 et
2917 1038 3128 1083 matura
3152 1029 3289 1083 falce
3312 1029 3506 1094 recidi,

2220 1121 2366 1177 Idem
2389 1121 2532 1177 fetus
2552 1121 2607 1175 in
2634 1121 2883 1174 assiduos
2909 1118 3196 1172 formarier
3229 1133 3360 1172 usus

2218 1212 2482 1270 Vesorum
2514 1212 2728 1281 poterit,
2754 1221 2908 1265 vasto
2939 1211 3062 1263 dum
3087 1210 3295 1264 viscera
3318 1217 3509 1264 ventre

2220 1303 2533 1373 Egerimus,
2561 1302 2703 1356 facili
2728 1302 2983 1356 radentes
3011 1301 3099 1355 ilia
3132 1310 3308 1355 torno.

2219 1393 2611 1462 Nonnunquam
2638 1393 2739 1446 hac
2759 1392 2949 1461 ingens
2977 1391 3246 1446 sextarius
3267 1392 3488 1445 abditur
3518 1393 3677 1456 alvo,

2219 1486 2502 1544 Clauditur
2523 1494 2618 1541 aut
2640 1486 2819 1555 potior
2845 1497 3115 1538 mensura:
3145 1485 3321 1554 portio
3350 1484 3530 1554 plenae

2218 1581 2517 1650 Amphora,
2547 1594 2668 1649 quae
2701 1579 2857 1649 piceo
2890 1578 3079 1633 linitur
3105 1578 3231 1632 dum
3261 1577 3495 1649 glutine,
3522 1590 3721 1635 servat

2217 1672 2531 1741 lncorrupta
2559 1671 2647 1725 diu
2688 1671 2937 1741 generosi
2966 1670 3107 1725 dona
3144 1668 3311 1740 Lyazi.

2810 1760 2899 1815 Vl.
2939 1761 3197 1816 Paeonas.

2146 1856 2193 1915 B
2224 1854 2336 1909 Hoc
2359 1854 2519 1909 simul
2549 1855 2605 1909 in
2627 1854 2825 1925 spatio,
2854 1869 3051 1924 campo
3069 1870 3176 1923 quo
3212 1853 3398 1923 ﬁgitur
3421 1855 3556 1909 imis

2224 1945 2349 1999 Hazc
2363 1954 2469 1999 tam
2493 1945 2611 2000 laeta
2634 1960 2814 2014 seges,
2842 1945 2933 1999 vili
2967 1961 3129 2015 quam
3158 1947 3403 1999 carmine
3436 1947 3625 2015 pinxi,

2225 2037 2428 2091 Visitur
2448 2037 2669 2093 alterius
2693 2038 2820 2091 vitis
2848 2052 3019 2106 genus
3046 2053 3193 2100 acre,
3230 2054 3325 2110 per
3351 2054 3549 2108 aequor

2223 2128 2454 2197 Serpere
2475 2128 2813 2198 pulvereum,
2841 2138 2898 2182 et
2924 2127 3132 2183 fructus
3165 2131 3373 2184 nutrire
3406 2131 3687 2186 rotundos

533 2232 614 2288 Ac
664 2232 810 2288 velut
850 2232 1054 2288 ulmum
1111 2235 1313 2289 hedera
1366 2233 1632 2304 implicuit
1673 2249 1795 2288 cum
1855 2234 2099 2290 frontibu:

2220 2220 2530 2275 Pomorum.
2558 2218 2683 2275 [hec
2702 2220 2912 2289 species
2942 2231 3101 2278 terra:
3126 2239 3290 2293 super
3319 2224 3479 2278 arida
3512 2224 3682 2293 vulgo

1908 2324 2117 2399 [altam,

534 2410 698 2465 Ruris
724 2412 963 2482 abusque
988 2413 1111 2467 sinu
1134 2413 1232 2468 toti
1256 2428 1351 2468 sua
1379 2414 1600 2470 brachia
1626 2416 1833 2472 circum

534 2501 683 2558 Laxa
719 2504 868 2558 dedit
897 2504 1060 2574 ligno,
1093 2520 1473 2577 summumque
1498 2520 1682 2563 secuta
1710 2524 1970 2565 cacumen

533 2595 765 2650 Corticis
793 2598 1030 2652 occuluit
1058 2600 1217 2654 viridi
1253 2602 1516 2655 tutamine
1547 2615 1707 2670 rugas
1731 2620 1744 2655 :

532 2687 642 2741 Aut
669 2688 1004 2742 arhustivum
1034 2690 1161 2744 vitis
1188 2707 1358 2760 genus
1377 2731 1392 2757 ,
1425 2692 1616 2746 arbore
1643 2708 1764 2747 cum
1787 2709 1844 2746 se

530 2778 801 2847 Explicuit
822 2780 1031 2847 quavis.
1064 2796 1447 2851 ramorumque
1479 2784 1587 2836 alta
1618 2785 1889 2853 corymbis

531 2869 747 2932 Vestiit,
782 2879 836 2925 et
870 2871 1088 2938 propria
1112 2887 1323 2925 sursum
1356 2888 1414 2926 se
1450 2881 1638 2941 sponte
1663 2874 1898 2929 levavit:

530 2959 740 3015 Visitur
770 2975 899 3030 ergo
929 2963 1129 3015 rubens
1157 2962 1328 3017 aliena
1363 2964 1413 3017 in
1443 2967 1572 3018 sede
1600 2980 1845 3020 racemus

532 3048 867 3122 Dependere,
901 3054 1099 3123 premit
1128 3052 1364 3107 tabulata
1394 3056 1621 3110 virentia
1650 3056 1911 3121 Bacchus,

531 3141 825 3212 Pampinus
850 3153 905 3198 et
929 3144 1149 3199 frondes
1178 3144 1433 3199 discernit
1455 3145 1614 3200 latior
1646 3145 1797 3200 altas.

533 3232 625 3289 Sic
652 3251 769 3289 mea
796 3236 875 3290 sic
898 3234 1076 3307 fragili
1106 3237 1172 3291 de
1200 3236 1367 3306 stlrpe
1394 3237 1672 3292 cucurbita
1694 3251 1919 3308 surgens

530 3327 713 3398 Diligit
733 3329 1027 3398 appositas,
1059 3344 1155 3383 sua
1182 3330 1574 3394 sustentacula,
1604 3330 1804 3394 furcas,

529 3420 707 3489 Atque
728 3420 975 3491 amplexa
999 3437 1127 3476 suas
1158 3422 1310 3476 uncis
1341 3432 1486 3477 tenet
1513 3423 1782 3491 unguibus
1816 3422 1969 3478 alnos

530 3508 611 3565 Ne
643 3525 771 3564 vero
800 3511 991 3565 insano
1019 3510 1193 3564 divelli
1223 3513 1438 3567 turbine
1458 3515 1649 3584 possit,

531 3598 675 3669 Quot
703 3610 924 3672 generat
945 3603 1135 3667 nodos,
1163 3611 1241 3656 tot
1261 3603 1375 3671 jam
1410 3605 1707 3659 retinacula
1739 3606 1924 3661 trudit.

530 3689 602 3745 Et
622 3691 877 3759 quoniam
908 3692 1175 3760 duplicem
1210 3696 1512 3762 producunt
1538 3697 1744 3767 singula
1769 3697 1972 3763 funem,

533 3779 783 3849 Undique
805 3780 1062 3834 fulturam
1085 3782 1275 3836 dextra
1303 3784 1542 3853 laevaque
1566 3789 1925 3856 prehendunt.

530 3871 601 3928 Et
629 3872 776 3926 velut
798 3873 849 3927 in
881 3874 1057 3928 fusum
1087 3885 1423 3969 nentes.cum
1452 3893 1615 3947 pensa
1641 3880 1831 3950 puellae

529 3965 709 4022 Mollia
737 3965 1027 4035 trajiciunt,
1057 3965 1325 4041 spirisque
1347 3971 1649 4042 ingentibus
1675 3988 1889 4029 omnem

527 4054 777 4113 Filorum’
802 4059 997 4114 seriem
1030 4061 1289 4130 pulchros
1315 4071 1589 4116 metantur
1611 4063 1663 4118 in
1690 4066 1867 4130 orbes,

530 4148 623 4205 Sic
650 4166 784 4220 vaga
818 4150 1086 4205 tortilibus
1111 4150 1382 4222 stringunt
1410 4164 1622 4208 amenta
1643 4157 1853 4212 catenis

530 4238 837 4303 Scalarum,
870 4248 1070 4294 teretes
1109 4241 1493 4310 invelvuntque
1516 4243 1657 4299 illico
1690 4247 1898 4318 virgas,

533 4328 749 4383 Viribus
781 4338 834 4381 et
864 4328 1081 4382 discunt
1107 4330 1300 4385 alienis
1326 4339 1465 4385 tecta
1491 4348 1748 4389 cavarum

525 4417 708 4471 Ardua
735 4418 1039 4486 porticuum
1061 4420 1267 4475 volucri
1292 4437 1550 4491 superare
1567 4433 1751 4480 natatu
1781 4426 1831 4481 δ.

526 4504 647 4559 Jam
674 4507 796 4576 quis
818 4522 978 4576 poma
1009 4517 1174 4577 queat
1208 4510 1375 4565 ramis
1398 4512 1686 4580 pendentia
1718 4516 1922 4587 passim

529 4593 713 4657 Mirari
735 4596 936 4666 digne?
961 4612 1082 4665 qua:
1112 4613 1218 4671 non
1246 4599 1425 4657 minus
1445 4602 1681 4672 undique
1701 4606 1866 4662 certis

532 4686 670 4741 Sunt
691 4688 920 4742 formata
943 4689 1065 4753 viis,
1088 4704 1250 4759 quam
1280 4692 1325 4746 si
1356 4694 1609 4749 tornatile
1638 4695 1838 4766 lignum

529 4777 792 4846 Inspicias
813 4777 993 4833 medio
1022 4794 1224 4843 rasum,
1252 4782 1397 4857 quod
1425 4786 1747 4854 mymphure
1769 4801 1997 4846 constat.

525 4867 621 4923 Illa
652 4864 893 4936 quidem,
918 4869 1107 4939 gracili
1137 4870 1372 4939 primum
1402 4874 1638 4930 demissa
1666 4876 1876 4946 ﬂagello
1899 4922 1914 4946 ,

525 4956 769 5028 Oblongo
795 4961 1049 5029 tenuique
1077 4959 1257 5017 ferunt
1285 4963 1520 5034 ingentia
1551 4966 1688 5022 collo

521 5047 765 5117 Corpora
792 5066 804 5101 :
838 5057 952 5104 tum
976 5061 1188 5106 vastum
1212 5052 1422 5108 laxatur
1442 5056 1494 5111 in
1526 5056 1616 5112 ilia
1646 5061 1877 5129 pondus,

535 5136 722 5193 I‘otum
745 5147 936 5194 venter
962 5141 1145 5208 habet,
1188 5151 1358 5198 totum
1389 5146 1574 5212 alvus,
1615 5158 1671 5204 et
1704 5152 1849 5207 intus
1891 5152 2106 5212 aluntur

526 5228 692 5285 Multa
719 5244 1013 5286 cavernoso
1048 5231 1329 5301 sejunctim
1351 5252 1569 5295 carcere
1596 5256 1786 5311 grana,

525 5317 657 5384 Qua:
676 5319 771 5373 tibi
801 5320 1134 5377 consimilem
1159 5336 1383 5395 possunt
1402 5331 1716 5398 promittere
1740 5349 1993 5392 messem.

438 5462 445 5467 ἢ
524 5404 662 5477 Ipsis
681 5409 809 5478 quin
830 5410 992 5463 etiam
1020 5415 1189 5467 teneri
1214 5417 1311 5471 sub
1338 5427 1579 5488 tempore
1606 5419 1812 5478 fructus

512 5494 663 5554 :Ante
696 5501 891 5563 humor
915 5516 1076 5571 quam
1112 5504 1295 5561 clausa
1322 5507 1500 5567 Iatens
1521 5525 1620 5581 per
1640 5514 1848 5571 viscera
1874 5533 1996 5574 sero

598 5622 623 5651 ι
665 5612 1000 5695 Ingeniosum
1050 5625 1144 5695 es_t_
1168 5617 1296 5674 illud
1334 5633 1494 5695 caput
1543 5626 1609 5681 de
1653 5629 1956 5695 cucurbita,
2000 5648 2100 5689 nec

521 5697 567 5807 ἲ,
580 5683 891 5740 melioribus
919 5688 1230 5743 auctoribus
1253 5683 1440 5749 melius
1462 5683 1845 5753 concinnatum
1863 5683 2093 5757 videtur:

569 5767 848 5807 auratus“

569 5767 818 5809 ABTIIIDS.
839 5784 848 5801 ι

2221 2312 2385 2366 Tecta
2437 2310 2661 2380 jacens,
2706 2321 2983 2367 crementa
3022 2314 3169 2383 Capit
3204 2313 3605 2383 pulcherrima,
3645 2317 3811 2369 donec

2221 2403 2434 2458 Solibus
2471 2404 2673 2458 :estivis
2713 2402 2880 2459 flavos
2916 2404 3143 2460 intincta
3169 2404 3379 2460 colores

2218 2496 2474 2552 Messoris
2491 2496 2736 2551 calathos
2759 2505 2969 2551 matura
2998 2497 3151 2567 fruge
3182 2497 3430 2565 replerit.

2219 2588 2356 2643 Tum
2388 2590 2574 2644 videas
2595 2588 2718 2644 aliis
2739 2591 2972 2661 Oblongo
3007 2600 3294 2644 stemmate
3324 2602 3587 2646 ventrem

2219 2680 2543 2747 Demissum,
2569 2682 2723 2737 nucis
2759 2691 2852 2736 aut
2876 2681 2963 2736 ovi
2999 2682 3270 2737 versatilis
3295 2683 3481 2737 instar
3511 2702 3527 2738 :

2220 2769 2313 2823 Vel
2335 2770 2512 2839 qualis
2539 2772 2789 2827 manibus
2807 2772 3075 2842 quondam
3098 2788 3357 2842 suspensa
3381 2775 3608 2844 supinis

2217 2859 2403 2921 Lucet.
2442 2876 2607 2931 agens
2635 2862 2838 2915 circum
2875 2862 3097 2917 lomenti
3122 2865 3267 2918 bulla
3288 2866 3524 2920 salivam

2218 2951 2357 3005 Ante
2380 2964 2569 3005 recens
2591 2963 2901 3006 maceratur
2921 2955 3076 3022 aquis
3102 2971 3265 3024 quam
3291 2973 3493 3027 spuma
3519 2958 3748 3026 ταώς,

2219 3041 2356 3095 Dum
2387 3041 2635 3097 lentescit
2656 3044 2834 3098 adhuc
2854 3044 3039 3114 digitis
3062 3046 3413 3113 lactantibus,
3452 3059 3513 3105 et
3539 3066 3610 3107 se

2218 3130 2457 3187 Alternis
2486 3133 2715 3202 vicibus,
2747 3135 3031 3206 studioque
3063 3137 3383 3195 fricantibus
3410 3157 3525 3195 uno

2142 3214 2187 3274 C
2221 3222 2365 3276 Inter
2394 3234 2679 3294 utramque
2714 3242 2955 3293 manum,
2981 3244 3149 3298 parvo
3173 3229 3234 3284 lit
3261 3246 3466 3301 parvus
3489 3234 3649 3287 hiatu

2216 3312 2407 3367 Exitus
2432 3330 2446 3366 :
2473 3316 2577 3369 huc
2607 3314 2796 3370 stricto
2820 3315 2956 3372 lenis
2990 3328 3136 3373 meat
3161 3335 3257 3375 ore
3286 3322 3406 3375 Noti
3433 3325 3541 3386 vis,

2217 3402 2591 3475 Distenditqne
2613 3422 2803 3461 cavum
2828 3408 2996 3463 vitrea
3023 3411 3124 3464 sub
3146 3411 3381 3479 imagine
3403 3414 3653 3483 pondus,

2217 3493 2282 3547 Et
2302 3505 2547 3550 centrum
2572 3499 2752 3553 medio
2777 3500 3038 3566 conﬁngit
3075 3501 3233 3556 labile
3254 3501 3445 3569 fundo,

2220 3583 2467 3655 Undique
2491 3588 2777 3643 conveniat
2796 3590 2996 3644 cameri
3029 3606 3136 3661 quo
3170 3590 3388 3646 inﬁexio
3413 3593 3565 3648 tecti.

2217 3675 2358 3747 Ergo
2378 3677 2564 3748 calybs
2601 3678 2759 3747 hujus
2782 3690 3029 3749 penetrat
3049 3684 3176 3737 dum
3216 3684 3420 3738 viscera
3454 3686 3633 3755 pomi,

2217 3771 2376 3825 Elicit
2400 3771 2646 3827 humoris
2668 3771 2845 3843 largos
2871 3791 2995 3829 cum
3021 3777 3225 3830 semine
3258 3777 3401 3831 rivos

2217 3861 2538 3932 Multiplici:
2573 3872 2685 3919 tum
2731 3866 2927 3921 deinde
2971 3882 3163 3921 cavum
3196 3884 3293 3937 per
3334 3870 3575 3939 plurima
3624 3882 3805 3937 tergus

2216 3952 2409 4008 Frusta
2432 3970 2596 4009 manu
2628 3971 2889 4027 spargens
2919 3956 3196 4013 hortorum
3233 3960 3392 4015 ltetus
3414 3963 3639 4032 opimas

2218 4043 2449 4100 Delicias
2476 4049 2702 4103 conviva
2730 4047 2896 4117 capit,
2920 4049 3227 4117 candorquc
3250 4065 3526 4121 saporque

2215 4134 2503 4191 Oblectant
2535 4137 2756 4193 fauces:
2791 4155 2891 4194 nec
2923 4140 3089 4195 duros
3118 4141 3207 4195 illa
3240 4144 3480 4199 molares

2215 4226 2352 4282 Esca
2379 4238 2595 4298 stupere
2632 4229 2781 4296 facit,
2809 4230 2953 4286 facili
2978 4234 3069 4287 sed
3110 4250 3299 4290 mansa
3324 4249 3525 4293 vorata

2216 4316 2280 4372 Vi
2308 4321 2541 4375 naturali
2569 4321 2736 4394 frigus
2760 4339 2855 4395 per
2879 4325 3087 4380 viscera
3120 4328 3306 4382 nutrit.

2317 4481 2320 4485 .
2744 4434 2842 4489 νιι.
2887 4436 3259 4493 Assvnrnwu.

2215 4517 2500 4580 Proximus
2521 4525 2771 4597 absynthi
2804 4527 3026 4584 frutices
3046 4529 3199 4585 locus
3228 4530 3390 4601 erigit
3416 4534 3596 4601 acris,

2214 4615 2514 4672 Herbarum
2543 4628 2772 4674 matrem
2807 4620 3121 4676 simulantes
3149 4623 3349 4679 vimine
3376 4625 3555 4682 lento.

2210 4707 2266 4761 In
2299 4706 2442 4763 foliis
2474 4707 2622 4762 color
2648 4718 2733 4763 est
2760 4709 2917 4775 alius,
2947 4711 3223 4783 ramisque
3240 4714 3376 4769 odor
3407 4716 3557 4772 alter

2210 4798 2531 4865 Puberibus,
2568 4800 2833 4872 longeque
2866 4806 3080 4874 saporis
3102 4809 3340 4865 amarior
3367 4810 3623 4867 haustus.

2208 4882 2526 4946 Ferv'entem
2560 4893 2835 4951 domuisse
2863 4897 3033 4961 sitim,
3068 4900 3338 4971 depellere
3365 4901 3556 4959 febres

2213 4978 2325 5035 Hoc
2361 4981 2500 5037 solet
2523 4985 2785 5040 auxilium
2809 4988 2953 5043 clara
2979 4990 3177 5048 virtute
3195 4994 3510 5061 probatum.

2213 5072 2268 5126 Si
2302 5074 2397 5127 tibi
2422 5085 2686 5144 praeterea
2715 5090 2876 5150 caput
2902 5082 3015 5136 acri
3048 5083 3188 5139 forte
3214 5085 3403 5142 dolore

2211 5164 2460 5221 Pnlsetur
2493 5169 2689 5233 subito,
2720 5172 2805 5225 vel
2831 5173 2875 5227 si
2906 5174 3111 5247 vertigo
3134 5175 3342 5248 fatiget,

2210 5255 2380 5323 Hujus
2404 5273 2560 5331 opem
2594 5261 2816 5329 rimare,
2846 5278 3085 5339 coqueqs
3110 5266 3414 5326 frondentis
3434 5285 3695 5331 amaram

2208 5347 2474 5418 Ahsynthi
2495 5349 2707 5417 silvam,
2728 5360 2840 5409 tum
2861 5354 2984 5424 jura
3021 5356 3197 5415 Iebete
3228 5362 3414 5431 capaci
3482 5392 3485 5395 π

2209 5436 2454 5504 Είΐυιιόθ,
2484 5447 2542 5493 ct
2565 5442 2759 5512 capitis
2794 5443 3056 5513 perfunde
3083 5450 3366 5505 cacumina
3398 5457 3625 5509 summi.

2205 5528 2323 5595 Quo
2349 5539 2636 5602 postquam
2669 5533 2904 5591 ablueris
2932 5539 3163 5608 graciles
3187 5540 3414 5597 humore
3433 5546 3687 5616 capillus.

2194 5694 2201 5699 .
2275 5649 2303 5688 δ
2334 5648 2564 5716 ﬂando,
2590 5652 2791 5709 meatu.
