3978 6310
194 355 326 413 H25

194 466 474 523 Devinctas
492 446 709 516 frondes
743 455 1226 526 superimposuisse
1258 462 1547 508 memento.

191 560 326 614 Tum
352 554 529 611 mullis
573 551 713 607 fotos
742 549 1080 620 constringat
1109 546 1276 602 fascia
1297 547 1495 611 crines,

188 650 256 706 Et
272 656 391 719 post
411 661 520 701 non
542 643 739 699 multas
767 641 931 712 elapsi
963 640 1220 712 temporis
1245 641 1407 695 horas

188 740 302 796 Hoc
328 740 469 796 inter
494 736 731 808 reliquas
757 733 876 805 ejus
911 734 1179 788 mirabere
1207 731 1371 787 vires.

384 902 389 908 ι
712 825 844 881 VIII.
889 826 1232 881 Maanumuu.

189 923 325 991 Quid
350 921 583 978 referam
616 918 769 990 juxta
799 919 957 991 positi
994 919 1324 987 nimiumque
1353 916 1587 990 potentis

189 1011 444 1068 Marrubii
480 1027 587 1066 non
612 1010 717 1065 vile
739 1000 928 1081 genus,
956 1008 1084 1063 licet
1114 1023 1293 1062 acrius
1325 1022 1419 1060 ora

188 1102 443 1171 Mordeat,
469 1110 524 1156 et
551 1102 708 1171 longe
733 1109 946 1172 gustum
976 1097 1249 1168 disjungat
1293 1097 1477 1153 odore.

1564 318 2002 393 IHORTULUS.
2334 366 2337 369 ι
2548 368 2555 375 .
2776 348 2913 380 ._,

1785 455 1833 515 Α
1863 446 2096 515 Indignae
2115 446 2166 511 ι’,
2198 460 2297 500 nec
2322 460 2427 500 non
2464 440 2791 516 restringere
2819 444 3103 515 sanguinis
3127 444 3300 500 undas

3298 330 3442 388 nae

1862 539 2098 609 Corpore
2131 535 2371 602 diffusas,
2413 536 2559 591 facili
2583 535 2721 591 solet
2738 536 2897 590 obvia
2915 543 3095 606 gustu.

1860 630 1955 685 Illa
1982 643 2196 700 quoque
2218 625 2415 682 infesto
2438 636 2630 681 venter
2652 627 2780 681 dum
2808 625 2948 681 forte
2973 625 3163 681 dolore
3259 657 3263 662 ’

1864 721 2157 786 Turbatur,
2189 718 2427 774 fomenta
2470 726 2636 786 super
2672 731 2779 772 non
2810 716 2965 771 irrita
2992 716 3164 779 ducit,

1860 812 2106 867 Puleium
2133 811 2350 867 sibimet
2375 808 2701 877 frondesque
2732 809 3020 879 papaveris
3040 808 3267 865 addens.

2455 920 2588 975 XIII.
2629 919 2845 975 LtLtuu.

1860 1031 1995 1086 uilia
2022 1046 2128 1101 quo
2158 1046 2319 1087 versu
2354 1032 2660 1096 candentia,
2684 1034 2929 1087 carmine
2952 1046 3130 1101 quove

1860 1122 2064 1191 Jejuna:
2094 1125 2297 1179 macies
2324 1126 2459 1179 satis
2492 1122 2683 1178 efferat
2712 1123 2860 1177 arida
2890 1122 3101 1199 musa?

188 1194 352 1251 Dulce
376 1194 521 1249 enim
553 1192 682 1259 olet,
714 1208 821 1246 non
846 1190 1000 1245 dulce
1020 1190 1182 1258 sapit,
1211 1189 1303 1243 sed
1332 1186 1567 1280 pectoris
1590 1199 1763 1257 aegros
1862 1186 2100 1280 odorum
2131 1215 2335 1270 candor
2362 1214 2525 1268 habet
2556 1213 2697 1266 nivei
2722 1189 3015 1267 simulac‘m
3042 1211 3259 1267 nitoris.

185 1282 507 1353 Comprimit
530 1296 778 1353 angores,
811 1281 949 1334 tristi
988 1280 1113 1334 dum
1142 1280 1374 1333 sumitur
1401 1278 1617 1343 haustu,

184 1376 460 1444 Praecipue
489 1373 610 1429 talis
630 1373 804 1428 caleat
829 1372 875 1426 si
903 1378 1061 1441 potus
1088 1370 1158 1425 ab
1181 1370 1310 1441 igni,

180 1468 249 1522 Et
277 1478 493 1523 caenam
529 1464 742 1534 cyathis
771 1472 996 1533 cogatur
1021 1461 1273 1516 claudere
1297 1460 1527 1526 crebris,

183 1557 241 1613 Si
267 1556 486 1626 quando
508 1553 732 1608 infensa:
756 1552 981 1622 quiesila
1009 1566 1215 1606 venena
1240 1565 1481 1605 noverca:

174 1648 404 1705 Potitius
434 1646 763 1709 immiscent,
786 1644 1079 1715 dapibusve
1101 1642 1316 1697 aconita
1351 1640 1551 1697 dolosis

182 1739 426 1794 Tristitia
453 1736 807 1802 confundunt,
834 1734 1103 1804 extemplo
1136 1743 1349 1802 sumpta
1386 1732 1623 1788 salubris

178 1831 336 1885 Potio
363 1829 627 1884 marrubii
662 1835 915 1897 suspecta
944 1826 1181 1897 pericula
1211 1834 1440 1896 pressat.

759 1936 846 1992 IX.
885 1937 1216 1993 Fssrcuwu.

177 2048 297 2106 Nec
320 2049 583 2105 marathri
632 2056 874 2104 taceatur
902 2048 1092 2111 honor,
1122 2044 1260 2116 quod
1285 2046 1467 2116 stipite
1504 2044 1632 2099 forti

179 2139 434 2206 Tollitur,
470 2148 526 2195 et
550 2139 655 2194 late
687 2154 961 2193 ramorum
981 2139 1203 2193 brachia
1240 2139 1438 2202 tendit;

178 2232 349 2287 Dulce
376 2232 509 2286 satis
532 2240 715 2303 gustu,
739 2230 950 2284 dulcem
1000 2228 1133 2283 satis
1162 2229 1309 2282 addit
1339 2228 1583 2282 odorem.

178 2322 296 2377 Hoc
325 2321 501 2377 oculis
525 2336 660 2389 quos
689 2318 876 2372 umbra
922 2318 1121 2387 premit
1148 2317 1404 2386 prodesse
1446 2316 1759 2386 loquuntur.

179 2402 355 2483 Hujus
384 2413 514 2466 item
537 2425 743 2472 semen,
772 2410 894 2464 fetae
921 2422 1041 2463 cum
1071 2408 1210 2462 lacte
1233 2407 1451 2478 capella:

177 2504 564 2572 Absumptum,
598 2500 802 2555 ventris
828 2501 999 2554 fertur
1027 2498 1239 2553 rnollire
1262 2506 1552 2562 tumorem,
1636 2506 1639 2511 ‘

178 2594 610 2663 Cunctantisque
654 2608 836 2648 moras
868 2591 1163 2646 dissolvere
1194 2591 1440 2660 protinus
1461 2590 1566 2645 alvi

177 2687 459 2743 Praeterea
480 2684 634 2738 radix
659 2683 943 2748 maratbri,
974 2683 1266 2737 commixta
1289 2681 1486 2752 liquori

179 2777 403 2843 Lenmo,
426 2776 618 2831 tussim
645 2782 899 2845 percepta
929 2774 1141 2844 repellit
1177 2773 1445 2829 anhelam.

777 2882 843 2936 Χ.
884 2882 1178 2939 ϐωωιοιλ.

181 2996 259 3052 Te
285 3009 468 3066 neque
496 2992 806 3049 transierim
852 2992 1019 3047 Latia:
1051 2993 1136 3048 cui
1163 2991 1332 3046 libera
1362 2991 1557 3065 linguae

178 3087 418 3142 Nomine
440 3084 657 3156 digladii
683 3098 878 3138 nomen
905 3081 1155 3137 facundia
1186 3082 1361 3136 ﬁnxit.

179 3185 263 3240 Tu
295 3182 432 3238 mihi
460 3180 716 3254 purpurei
736 3178 1011 3250 progignis
1027 3158 1187 3233 ‘ﬂoris
1213 3177 1492 3254 honorem.

175 3276 372 3333 Prima
399 3283 587 3330 aestate
626 3288 820 3343 gerens
855 3271 1007 3327 viola:
1028 3270 1263 3342 jucunda
1290 3252 1501 3340 nigella:

178 3367 438 3432 Munera,
470 3365 552 3419 vel
584 3363 759 3434 qualis
789 3376 975 3416 mensa
1009 3361 1109 3416 sub
1134 3359 1395 3431 Apollinis
1417 3359 1525 3414 alta

174 3463 421 3517 lnvestis
448 3459 599 3531 pueri
626 3474 724 3528 pro
752 3466 927 3511 morte
957 3471 1145 3511 recens
1167 3454 1498 3525 Hyacinthus

175 3553 352 3617 Exiit,
380 3559 437 3606 et
463 3551 604 3621 regis
626 3548 858 3619 signavit
887 3547 1091 3601 vertice
1120 3560 1338 3600 nomen.

176 3643 410 3699 Badicis
453 3648 700 3697 ramenta
729 3648 833 3695 tua:
859 3639 1060 3712 siccata
1092 3636 1273 3691 fluenti

176 3736 456 3791 Dilnimus
485 3724 707 3788 contusa
730 3745 879 3784 mero
898 3771 912 3793 ,
947 3744 1252 3797 saevumque
1282 3726 1521 3782 dolorem

176 3827 400 3882 Vesica:
426 3823 724 3893 premimus
752 3819 864 3885 tali,
892 3836 996 3873 non
1029 3820 1226 3881 secius,
1265 3828 1401 3870 arte.

176 3916 446 3988 Pignore,
473 3910 625 3977 fullo,
664 3920 774 3974 tuo,
814 3909 904 3962 lini
932 3907 1212 3961 candentia
1255 3915 1400 3960 texta

176 4008 370 4065 Efﬁcit
399 4013 462 4061 ut
485 4005 761 4076 rigeantn,
787 4000 1079 4069 dulcesque
1114 3999 1392 4052 imitentur
1416 3994 1630 4051 odores.

750 4113 840 4168 XI.
880 4111 1215 4167 Ltatsrtcuu.

177 4238 336 4292 Inter
364 4226 652 4288 oderatam
677 4243 980 4284 memorare
1008 4226 1239 4282 liblstica
1260 4224 1452 4279 silvam

178 4330 377 4389 Fortia
404 4328 594 4384 suadet
620 4340 773 4380 amor
800 4323 951 4394 parvi
980 4320 1226 4377 diffusior
1252 4318 1417 4374 horti.
1506 4332 1511 4335 '

178 4425 306 4482 Hoc
333 4433 560 4493 germen
586 4431 751 4472 succo
773 4415 1022 4485 quamvis
1048 4422 1106 4467 et
1134 4412 1299 4467 odore
1314 4409 1562 4481 gemellis

179 4517 432 4574 Orbibus
459 4506 674 4565 οὔρει-ε
693 4517 749 4564 et
778 4507 1030 4561 tenebras
1060 4504 1260 4560 inferre
1298 4510 1541 4574 putetur,

181 4605 421 4660 Semina
452 4614 597 4670 saepe
626 4608 805 4652 tamen
831 4595 1074 4667 quaesitis
1100 4595 1302 4649 addere
1326 4593 1475 4648 curis

177 4701 370 4755 Parva
406 4693 599 4757 solent,
626 4690 933 4759 famamque
955 4688 1131 4743 aliena
1159 4687 1316 4743 laude
1346 4686 1562 4742 mereri.

728 4803 834 4857 XII.
877 4802 1259 4857 Canerouuu.

183 4930 327 4995 Quze
351 4932 437 4979 tot
460 4920 745 4985 bellorum,
771 4927 848 4973 tot
878 4915 1236 4972 famosissima
1265 4929 1445 4969 rerum

181 5020 515 5088 Magnarum
542 5019 887 5069 monumenta
922 5024 1076 5064 sacro
1113 5007 1199 5077 pia
1239 5005 1461 5060 conficis
1493 5018 1611 5067 ore,

183 5107 402 5169 Exiles,
434 5103 621 5167 Erato,
652 5116 755 5157 non
783 5099 1339 5171 detlignare'meorum

181 5197 430 5256 Divitias
448 5193 651 5249 olerum
687 5206 844 5247 versu
884 5189 1247 5260 perstringere
1276 5201 1506 5240 mecum.

180 5286 436 5345 Inlirmis
457 5284 626 5341 divisa
651 5284 777 5338 licet
805 5280 1110 5335 Macedonia
1138 5277 1302 5334 ramis

183 5378 506 5454 Spargitur,
538 5385 593 5432 et
619 5375 822 5431 crebris
864 5371 1096 5446 ignobile
1137 5384 1320 5425 semen
1355 5369 1537 5423 aristis

183 5473 434 5536 Suﬂicit,
459 5471 547 5531 illa
581 5478 781 5533 tamen,
808 5476 924 5523 toto
954 5462 1273 5537 reparabilis
1297 5477 1460 5526 anno,

180 5560 525 5635 Pauperiem
548 5560 696 5632 largo
732 5558 944 5619 solatur.
967 5572 1189 5613 munere
1212 5554 1382 5626 plebis

261 5688 305 5716 ι’
330 5674 547 5737 Barth.,
572 5673 777 5743 vigeant

259 5746 287 5784 ⁸³
337 5745 548 5811 [κω-ιιι,
599 5746 844 5812 ἱηιίὶέίιιλι.

1862 1307 2043 1362 Dulcis
2070 1309 2224 1372 odor,
2256 1306 2423 1361 silvas
2446 1306 2686 1359 imitatur
2709 1304 2841 1358 flore
2871 1303 3110 1357 Salmas.

1863 1398 1981 1453 Non
2011 1398 2203 1452 Parius
2235 1398 2472 1453 candore
2498 1397 2654 1466 lapis,
2681 1411 2786 1450 non
2815 1394 3015 1449 uardus
3040 1394 3207 1449 odore

1862 1487 1994 1542 Lilia
2026 1498 2212 1543 nostra
2238 1488 2439 1557 premit
2465 1504 2481 1541 :
2518 1502 2619 1541 nec
2646 1501 2755 1539 non
2777 1485 2823 1539 si
2852 1484 3090 1554 perfidus
3119 1481 3312 1552 anguis

1860 1577 2121 1649 Ingenitis
2151 1577 2374 1632 collecta
2402 1577 2541 1631 dolis
2565 1576 2697 1630 serit
2714 1590 2817 1629 ore
2843 1590 3048 1629 venena

1861 1668 2143 1730 Pcstifero,
2183 1682 2385 1723 caecum
2420 1682 2518 1737 per
2545 1664 2740 1720 vulnus
2769 1665 2835 1719 ad
2861 1664 3051 1719 intima
3079 1670 3312 1717 mortem

1862 1758 2035 1814 Corde
2069 1758 2240 1812 feram
2268 1767 2511 1822 mittens,
2537 1755 2740 1826 pistillo
2771 1744 2879 1809 lilia
2907 1761 3103 1824 praesta

1864 1852 2274 1909 Commacerare
2298 1852 2469 1922 gravi,
2501 1864 2797 1918 succosque
2826 1847 3045 1903 haurire
3069 1844 3278 1899 falerno
3298 1858 3312 1872 ⁸

1862 1943 1924 1998 Si
1951 1945 2094 2012 quod
2129 1951 2413 1999 contusum
2443 1951 2528 1996 est
2555 1956 2766 1996 summo
2792 1940 3008 1993 liventis
3035 1938 3088 1991 in
3114 1950 3211 1992 ore

1865 2033 2106 2087 Ponatur
2136 2034 2398 2101 punctim,
2430 2040 2543 2084 tum
2569 2031 2681 2100 jam
2708 2030 3025 2099 dignoscere
3054 2026 3199 2080 vires

1864 2123 2178 2195 Magnificas
2207 2125 2430 2193 hujusce
2459 2123 2620 2176 datur
2645 2119 3018 2176 medicaminis
3042 2118 3205 2172 ultro.

1864 2216 1991 2271 Haec
2025 2224 2079 2270 et
2101 2215 2213 2284 jam
2246 2215 2384 2267 laxis
2412 2212 2633 2282 prodest
2655 2210 2903 2266 conlusio
2927 2207 3207 2265 membris.

2424 2324 2564 2379 XIV.
2609 2325 2882 2378 PAPAVER.

1864 2440 1935 2495 Et
1962 2439 2171 2495 cereale
2202 2437 2416 2507 quidem
2448 2450 2708 2507 nugarum
2739 2435 2790 2488 in
2819 2429 2969 2503 pirte
2998 2445 3239 2502 papaver

1867 2531 1982 2587 Hac
2012 2546 2314 2586 memorare
2342 2529 2537 2599 placet,
2573 2527 2715 2596 quod
2748 2536 2915 2594 rapta
2942 2534 3133 2578 intesta
3171 2521 3358 2594 puellae

1868 2620 2040 2675 Mater
2066 2629 2125 2674 ut
2147 2619 2422 2674 innuensis
2453 2626 2634 2689 optata
2661 2615 2860 2670 oblivia
2888 2625 3122 2669 mentem

1868 2715 2143 2769 Eruerent
2167 2713 2334 2776 curis,
2372 2712 2544 2765 fertur
2573 2709 2777 2763 Latona
2805 2722 3042 2762 vorasse.

1868 2806 1984 2862 Hoc
2003 2805 2159 2861 simul
2189 2803 2387 2858 auxilio
2417 2799 2795 2861 carbunculus,
2827 2807 2946 2853 ater
2971 2798 3038 2852 ab
3066 2797 3175 2851 imo

1869 2897 2094 2953 Pectore
2123 2896 2214 2965 qui
2241 2902 2427 2948 ructus
2458 2892 2680 2946 nimium
2702 2889 2972 2946 convolvit
3005 2900 3221 2941 amaros

1869 2988 1994 3044 Oris
2022 2987 2263 3056 adusque
2299 2985 2462 3049 fores,
2494 2983 2713 3053 reprimi
2738 2990 2976 3052 perszepe
3004 2980 3238 3033 videtur.

1870 3079 2041 3147 Huius
2072 3079 2138 3131 ad
2167 3076 2273 3130 alta
2302 3084 2484 3145 caput,
2515 3088 2802 3143 granorum
2831 3071 3038 3125 semine
3066 3069 3237 3123 fetum

1796 3159 1842 3221 C
1874 3171 2133 3225 Protento
2160 3166 2443 3236 fragilique
2474 3164 2611 3219 solet
2638 3178 2696 3218 se
2722 3163 2907 3217 tollere
2943 3158 3103 3225 collo,

1868 3261 2041 3331 Inque
2065 3259 2283 3313 modum
2312 3255 2461 3321 mali,
2493 3255 2641 3325 regio
2672 3253 2754 3307 cui
2779 3251 2982 3305 Punica
3016 3263 3211 3305 nomen

1868 3352 2083 3416 Indidit,
2110 3349 2271 3403 unius
2296 3347 2478 3417 patulo
2513 3346 2611 3400 sub
2638 3343 2792 3414 pellis
2827 3344 3033 3397 amictu

1858 3431 2049 3497 'Grana
2077 3438 2411 3493 celebrandae
2434 3436 2649 3505 virtutis
2683 3433 2913 3504 plurima
2951 3432 3172 3488 claudit.

1870 3531 2054 3600 Deque
2090 3543 2224 3584 sono
2250 3528 2558 3583 mandentis
2587 3526 2749 3580 habet
2774 3523 3054 3580 formabile
3084 3537 3301 3577 nomen.

2452 3635 2567 3692 XV.
2613 3635 2878 3690 Sestum.

1871 3756 1971 3812 llic
2006 3755 2257 3810 umbrosa
2287 3767 2454 3809 novos
2481 3752 2622 3805 inter
2653 3751 2856 3805 sclarea
2898 3750 3121 3812 virores,

1874 3845 2070 3914 Stipite
2096 3856 2118 3883 ο
2155 3843 2446 3914 prmvalido
2487 3855 2796 3909 assurgens,
2843 3853 3130 3906 ramosque
3173 3849 3462 3905 comasque

1874 3934 2052 3989 Altius
2079 3932 2288 3987 extollit
2314 3948 2327 3984 :
2359 3945 2479 3999 qua:
2501 3928 2749 3997 quamvis
2780 3927 2956 3981 rarius
2982 3927 3074 3979 ulli

1880 4024 2121 4093 Quaesita
2147 4022 2368 4101 auailio,
2401 4020 2733 4074 medicorum
2763 4031 2900 4086 pene
2926 4024 3145 4086 putetur

1880 4117 2143 4189 Eﬂ'ugisse
2171 4130 2386 4178 manus,
2412 4110 2550 4166 dulci
2583 4118 2759 4163 tamen
2788 4107 2955 4162 indita
2986 4106 3154 4162 caldae

1880 4208 1949 4264 Et
1972 4209 2113 4262 vires
2138 4216 2193 4262 et
2218 4202 2429 4261 odorati
2459 4201 2721 4256 fernienta
2753 4198 2962 4266 saporis

1880 4298 2127 4362 Praestat,
2153 4311 2270 4350 eam
2293 4293 2446 4362 juxta
2484 4290 2760 4347 hor-tensis
2786 4305 2890 4343 non
2922 4288 3121 4344 extima
3148 4285 3291 4343 costi

1882 4388 2030 4444 Silva
2057 4386 2209 4448 latet,
2258 4382 2628 4450 stomachique
2668 4393 2848 4433 moras
2874 4386 3229 4446 ventremque
3259 4374 3464 4430 salubri

1804 4514 1859 4576 Β
1880 4478 2149 4535 Provocat
2178 4472 2399 4539 auxilio,
2428 4471 2627 4525 radicis
2655 4484 2876 4524 munere
2907 4477 3092 4523 coctae.

2466 4582 2598 4638 XVI.
2643 4581 2895 4637 Maurus.

1881 4725 1992 4782 Nec
2016 4724 2148 4779 mihi
2178 4719 2410 4793 defuerit
2430 4719 2664 4788 vulgaris
2686 4717 2837 4786 copia
2858 4715 3098 4770 menthaa
3199 4756 3203 4760 .

1883 4817 2047 4874 Multa
2071 4831 2168 4886 per
2198 4821 2254 4869 et
2274 4825 2473 4883 genera
2501 4820 2558 4864 et
2583 4807 2789 4877 species
2819 4806 3033 4860 diversa
3060 4802 3378 4872 coloresque

1882 4912 1951 4967 Et
1982 4911 2128 4965 vires
2157 4924 2171 4963 :
2197 4905 2357 4975 hujus
2383 4901 2650 4974 quoddam
2680 4913 2850 4969 genus
2869 4896 3001 4952 utile
3024 4911 3209 4953 vocetr

1884 5003 2243 5058 Raucisonam
2271 4998 2420 5053 claro
2446 5007 2636 5049 rursus
2666 4990 2951 5045 redhibere
2977 4988 3161 5045 catiori

1886 5095 2047 5150 Posse
2072 5100 2283 5163 putant,
2315 5090 2434 5159 ejus
2462 5099 2652 5141 succos
2685 5083 2731 5137 si
2758 5081 2915 5137 fauce
2939 5081 3147 5139 vorarit

1882 5184 2092 5253 Jejuna,
2116 5196 2275 5252 quem
2296 5178 2488 5235 crebra
2514 5187 2767 5245 premens
2793 5170 3024 5227 raucedo
3050 5169 3259 5250 fatigat.

1883 5246 1977 5331 Est
2001 5246 2149 5329 aliud
2173 5272 2483 5343 praepingue
2507 5282 2678 5338 genus
2699 5264 2923 5335 hujusce
2962 5262 3199 5323 frutecti,
3255 5246 3259 5250 ὶ

1885 5369 2037 5437 Quod
2054 5366 2171 5436 jam
2194 5381 2301 5420 non
2326 5363 2476 5433 parvi
2507 5358 2772 5416 diffundat
2795 5356 3059 5428 germinis
3089 5352 3330 5414 umbras,

1884 5459 2039 5515 Celsa
2061 5457 2205 5515 ebuli
2232 5455 2327 5510 sed
2366 5466 2516 5507 more
2542 5458 2757 5521 petens,
2790 5465 2820 5503 a
2845 5447 3027 5517 stipite
3054 5443 3182 5505 forti

1872 5550 2136 5625 Undique
2162 5548 2396 5617 majores
2417 5542 2668 5599 foliorum
2694 5540 2934 5612 porrigat
2963 5536 3096 5601 alas,

1958 5673 1979 5699 ε
2007 5660 2226 5713 Sclarea
2257 5665 2441 5711 nostra
2473 5670 2581 5709 non
2610 5653 2844 5719 assurgit
2878 5647 3079 5718 stipite.
3114 5643 3466 5706 Scuvnws,

1887 5740 1997 5788 1101-
2036 5745 2136 5783 ms.
