3978 6310
665 317 804 373 1127

664 433 799 501 Quis
824 433 957 488 odor
988 433 1126 484 alter
1150 432 1308 492 inest,
1345 423 1610 494 pauloque
1640 420 1901 476 immitior
1930 419 2176 472 haustus.

666 524 776 580 Sed
799 523 845 578 si
873 521 966 592 qui
995 521 1157 582 vires,
1187 516 1418 588 species,
1441 524 1497 568 et
1528 513 1746 568 nomina
1777 509 2010 566 menthze

662 616 746 671 Ad
789 615 1006 685 plenum
1049 624 1352 667 memorare
1379 615 1574 678 potest,
1603 605 1742 660 sciat
1785 602 1874 656 ille
1900 614 2124 655 necesse
2164 607 2247 653 est

663 707 774 763 Aut
803 715 934 777 quot
959 704 1232 775 Erythreo
1255 700 1484 756 volitent
1515 697 1567 752 in
1595 696 1806 767 gurgite
1833 693 2032 763 pisces,

663 800 923 857 Lemnius
946 807 1041 853 aut
1066 797 1233 852 altum
1259 802 1389 865 quot
1417 793 1470 846 in
1501 806 1628 844 aera
1659 788 1919 842 Mulciber
1949 785 2029 840 ire

664 892 946 949 Scintillas
971 890 1140 944 vastis
1163 887 1344 942 videat
1368 881 1678 938 fornacibus
1705 877 1900 932 Altum.

1223 995 1387 1052 XVII.
1428 993 1694 1049 Pueawu.

664 1125 782 1180 Non
819 1123 1022 1196 patitur
1046 1125 1271 1176 cunctas
1309 1112 1557 1184 angustia
1593 1107 1851 1164 carminis
1877 1104 2039 1175 hujus

661 1215 814 1271 Pulei
837 1215 1068 1268 virtutes
1093 1201 1674 1274 celericomprendere
1708 1213 1889 1252 versu.

663 1304 780 1359 Hoc
816 1303 955 1373 apud
982 1300 1232 1354 Indorum
1264 1293 1398 1348 tanti
1428 1301 1681 1345 constare
1703 1286 1907 1358 peritos

662 1396 882 1458 Fertur,
905 1392 1044 1462 apud
1069 1387 1253 1444 Gallos
1280 1383 1466 1454 quanti
1497 1381 1637 1434 valet
1669 1376 1848 1433 Indica
1877 1374 2016 1444 nigri

662 1484 958 1557 Congeries
982 1479 1205 1551 piperis,
1235 1477 1357 1547 quis
1376 1473 1489 1543 jam
1528 1470 1775 1527 dubitare
1801 1468 2010 1522 sinetur

662 1579 776 1632 Hac
797 1576 962 1632 herba
995 1573 1177 1642 plures
1213 1567 1368 1622 leniri
1402 1579 1560 1634 posse
1583 1559 1835 1616 labores?

661 1669 834 1736 Quam
862 1665 1052 1736 pretiis
1080 1661 1356 1716 inbianter
1377 1657 1508 1712 emit
1537 1653 1804 1709 ditissima
1832 1648 1998 1703 tantis

661 1733 828 1821 Cens,
858 1733 1175 1821 bcbeuoque
1203 1760 1443 1815 auroque
1470 1744 1662 1806 fluens,
1689 1749 1744 1794 et
1771 1739 1908 1793 mira
1940 1733 2140 1790 volenti

661 1850 899 1918 Qmeque
920 1845 1100 1899 ferens
1131 1838 1353 1902 mundo,
1375 1853 1408 1892 o
1435 1833 1613 1905 magni
1638 1829 1902 1886 laudanda
1931 1825 2194 1882 Tonantis

660 1940 846 1994 Virtus
873 1945 929 1992 et
950 1935 1108 1996 ratio,
1142 1930 1303 1986 nullis
1334 1942 1454 1998 quae
1477 1939 1702 1980 munera
1733 1921 1894 1976 terris

659 2029 832 2098 Larga
860 2041 970 2081 suae
996 2039 1103 2078 non
1132 2018 1318 2090 pandit
1352 2017 1494 2086 opis,
1525 2029 1646 2084 quas
1675 2028 1796 2066 rara
1828 2009 1928 2064 sub
1962 2009 2065 2063 isto

659 2121 774 2173 Axe
796 2118 979 2170 videre
999 2113 1159 2176 soles,
1191 2110 1310 2164 aliis
1340 2110 1393 2162 in
1423 2106 1667 2177 partibus
1695 2105 1889 2158 horum

660 2210 825 2279 Copia
854 2216 1002 2261 tanta
1019 2205 1186 2274 jacet,
1219 2208 1479 2271 quantam
1513 2195 1774 2250 vilissima
1801 2201 1976 2247 tecum

657 2301 947 2357 Efliciuut:
978 2311 1166 2352 rursus
1199 2293 1443 2364 quaedam
1474 2305 1594 2360 qua:
1615 2296 1796 2356 spreta
1823 2286 2074 2340 videntur

657 2393 821 2448 Forte
846 2390 965 2453 tibi,
993 2401 1188 2457 magno
1225 2390 1540 2438 mercantur
1570 2381 1698 2434 ditia
1731 2393 1916 2448 regna,

656 2482 840 2537 Altera
871 2493 929 2534 ut
952 2479 1178 2534 alterius
1203 2476 1441 2545 potiatur
1467 2471 1653 2527 fenore
1684 2470 1860 2534 tellus,

659 2573 820 2628 Orbis
847 2582 902 2626 et
932 2571 984 2625 in
1015 2577 1128 2623 toto
1156 2581 1253 2636 per
1278 2573 1460 2636 partes
1491 2580 1596 2618 una
1630 2563 1821 2618 domus
1843 2560 1930 2616 sit.

656 2665 900 2722 Puleium
935 2678 1098 2733 quam
1122 2662 1404 2716 decoctum
1433 2657 1647 2712 curabit
1671 2656 1846 2710 amice

657 2757 727 2812 Et
755 2765 885 2826 potu
916 2762 972 2808 et
1006 2752 1119 2807 fotu
1149 2749 1490 2817 stomachum
1514 2747 1668 2817 (mihi
1706 2747 1888 2826 crede)
1916 2752 2238 2798 morantem.

657 2848 796 2902 Dum
825 2846 1073 2900 canimus
1097 2858 1217 2912 qum
1244 2849 1394 2895 certa
1425 2839 1576 2909 gravi
1606 2837 1813 2890 ratione
1837 2819 2079 2890 tenemus

657 2939 915 3006 Quaedam
946 2935 1152 3006 audita.
1187 2943 1239 2988 et
1269 2933 1381 3002 jam
1408 2945 1537 2986 vero
1579 2917 1808 2983 miscere
1836 2928 2065 2982 collium

656 3032 763 3087 Fas
789 3043 1026 3098 ususque
1057 3027 1186 3082 sinit
1212 3043 1224 3080 :
1258 3040 1469 3080 ramum
1492 3023 1806 3093 conjungito
1831 3020 1972 3091 pulei

653 3125 944 3190 Anriculae,
975 3139 1044 3180 ne
1078 3123 1220 3179 forte
1254 3105 1416 3192 caput
1441 3119 1742 3175 turbaverit
1771 3129 1936 3173 :eStus

656 3218 800 3273 Solis
824 3217 879 3271 in
905 3217 1057 3271 aerio
1083 3215 1128 3271 si
1153 3223 1207 3270 te
1233 3211 1477 3284 perflarit
1509 3217 1718 3281 aperto.

660 3307 814 3375 Quod
849 3306 951 3361 nisi
982 3321 1068 3360 me
1095 3318 1323 3360 currens
1351 3303 1620 3371 deponere
1643 3298 1758 3354 vela
1783 3296 1971 3352 Thalia

654 3396 903 3468 Cogeret,
929 3411 993 3450 ac
1020 3393 1238 3449 tandem
1265 3399 1454 3463 portus
1477 3391 1684 3445 intrare
1713 3396 1982 3452 moneret,

655 3488 795 3544 Ilinc
821 3487 915 3544 tibi
946 3485 1274 3557 multiplices
1304 3492 1551 3554 poteram
1573 3479 1865 3551 decerpere
1891 3477 2070 3534 flores.

1238 3594 1422 3650 XVIII.
1462 3593 1659 3648 Arma.

655 3708 915 3778 Quamvis
944 3708 997 3761 in
1028 3705 1232 3760 nostris
1256 3704 1440 3773 apium
1468 3702 1752 3757 vilesceret
1779 3702 1968 3765 nortis,

655 3801 726 3857 Et
754 3799 913 3856 solito
948 3798 1000 3852 id
1032 3795 1184 3852 multi
1212 3795 1470 3866 prodesse
1498 3809 1692 3864 sapore
1726 3801 1999 3859 notarent,

655 3891 818 3946 Plura
851 3897 1029 3944 tamen
1060 3886 1297 3958 propriis
1329 3885 1686 3942 medicamina
1723 3885 1950 3951 viribus,
1987 3885 2098 3938 acri

640 3982 891 4052 Exhibet
917 3979 1138 4042 auxilio,
1163 3975 1317 4047 cujus
1346 3977 1392 4032 si
1425 3977 1577 4032 trista
1608 3967 1863 4046 capessas

655 4075 901 4138 Semina,
927 4079 1242 4141 torquentes
1269 4069 1438 4124 urinae
1463 4067 1712 4139 frangere
1740 4068 1910 4123 tricas

655 4167 883 4231 Dicitur,
915 4165 1090 4234 ipsum
1121 4163 1288 4218 etiam
1329 4169 1516 4216 tenero
1562 4176 1688 4217 cum
1713 4161 1954 4232 germine
1992 4176 2239 4216 mansum

655 4257 956 4327 Concoquit
979 4263 1226 4309 errantes
1255 4251 1519 4307 stomachi
1555 4251 1923 4322 penetralibus
1955 4265 2130 4305 escas.

656 4345 916 4416 Corporis
943 4345 1090 4399 hunc
1114 4357 1295 4413 regem
1328 4342 1552 4395 turbans
1583 4343 1628 4396 si
1660 4356 1860 4394 nausea
1883 4350 2060 4405 vexet,

658 4438 777 4492 Mox
812 4437 992 4505 apium
1022 4435 1239 4504 lympha
1268 4433 1518 4502 tristique
1547 4434 1760 4488 bibatur
1789 4443 1964 4497 aceto,

655 4527 844 4581 Passio
869 4535 980 4579 tum
1008 4522 1171 4578 celeri
1201 4523 1356 4577 cedet
1382 4522 1589 4576 devicta
1622 4523 1859 4578 medelzc.

1188 4614 1324 4670 XIX.
1377 4615 1704 4670 BETIONICA.

660 4710 930 4766 Montibus
955 4718 1012 4764 et
1049 4708 1218 4772 silvis,
1250 4708 1422 4777 pratis
1442 4715 1496 4760 ct
1517 4705 1745 4760 vallibus
1775 4705 1900 4759 imis

659 4803 952 4858 Bettouicze
980 4799 1218 4870 pretiosa
1247 4798 1372 4852 licet
1399 4796 1647 4851 collectio
1672 4797 1881 4851 cunctis

658 4896 803 4950 Pene
823 4893 957 4947 locis
983 4901 1202 4963 superet
1217 4891 1442 4962 passim,
1468 4898 1646 4944 tamen
1667 4889 1806 4944 hanc
1820 4903 2035 4960 quoque
2055 4899 2242 4946 noster

661 4986 864 5041 Hortus
891 4986 1074 5050 habet,
1115 4982 1364 5052 cultaque
1388 4982 1546 5036 docet
1573 4995 1957 5036 mansuescere
1987 4990 2145 5035 terra.

660 5078 787 5132 Haec
818 5085 1024 5131 tantum
1061 5077 1260 5131 meruit
1283 5073 1518 5146 generali
1551 5073 1769 5130 nomine
1795 5074 1990 5138 laudis,

663 5171 736 5226 Ut
760 5171 805 5226 si
837 5169 966 5241 quid
995 5183 1113 5222 mea
1145 5168 1292 5222 Musa
1321 5167 1451 5223 velit
1475 5166 1856 5237 superaddere,
1891 5166 2105 5222 tandem

663 5262 800 5319 Mole
827 5260 1008 5333 operis
1033 5259 1238 5314 devicta
1267 5259 1371 5322 sui,
1398 5259 1511 5329 jam
1545 5257 1763 5323 sentiat,
1793 5257 1880 5312 illa

663 5355 910 5413 Utilitate
933 5353 1112 5408 minus
1138 5349 1394 5420 quidquid
1426 5349 1816 5419 deprompserit
1841 5364 1972 5404 esse.

662 5449 814 5507 Hanc
839 5448 1066 5503 viridem
1094 5444 1139 5500 si
1168 5443 1304 5498 forte
1332 5452 1451 5496 tuos
1476 5443 1688 5498 coneris
1713 5442 1766 5496 in
1799 5457 1929 5498 usus
2021 5449 2031 5459 '

662 5540 914 5610 Carpere,
943 5538 1264 5593 siccatamve
1286 5533 1448 5587 hiemi
1473 5532 1742 5603 deponere
1770 5535 1952 5603 pigrm,

664 5627 899 5684 Turbida
927 5628 1040 5682 sive
1065 5634 1186 5680 tuas
1211 5621 1480 5678 oblectant
1506 5622 1694 5691 pocula
1725 5622 1926 5688 fauces,
1981 5649 1988 5652 -

665 5719 771 5775 Seu
801 5720 977 5790 potius
1010 5717 1165 5787 longo
1195 5715 1288 5770 tibi
1325 5714 1563 5770 dcfecata
1597 5715 1776 5770 labora

1193 308 1584 367 WAIAFRIDI
1626 305 1871 362 STRABI
1911 303 2116 360 FULD.
2157 299 2324 356 MON.
2363 297 2516 356 OPP.
2556 298 2737 354 PARS
2777 297 2862 353 III.
2903 326 2971 339 -
3007 297 3313 354 CARHINA.

2357 413 2504 468 Dona
2535 414 2768 484 placent,
2798 413 2955 482 hujus
2977 412 3141 467 virtus
3162 414 3392 469 mirabilis
3419 413 3559 474 herba

2351 506 2540 561 Omnia
2576 505 2818 572 sufciet,
2848 520 3008 576 quam
3031 507 3274 575 quosdam
3300 509 3496 576 pendere
3516 513 3611 568 tanti

2349 594 2624 657 Novimus,
2659 604 2718 648 ut
2742 603 2950 659 contra,
2986 603 3148 648 totum
3172 594 3215 648 si
3239 591 3405 659 injuria
3435 613 3586 669 corpus

2348 685 2561 754 Impetit
2591 685 2838 748 interius,
2869 684 3062 738 muniri
3087 682 3278 738 viribus
3300 685 3399 754 ejus

2350 774 2481 828 Sese
2509 789 2668 843 posse
2688 773 2816 838 rati,
2845 773 3050 828 soleant
3076 773 3279 827 haurire
3303 775 3462 829 diebus

2348 863 2630 918 Continuis
2665 865 2768 918 hoc
2793 879 2918 918 acre
2938 878 3104 934 genus
3132 863 3462 920 medicaminis
3483 879 3591 922 aunt.

2349 955 2618 1010 Praeterea
2643 965 2802 1026 caput
2827 953 3022 1009 infesto
3049 954 3094 1008 si
3120 954 3324 1009 vulnere
3351 955 3539 1012 fractum

2349 1046 2628 1111 Tabuerit,
2669 1057 2781 1100 tum
2809 1046 2996 1101 crebra
3031 1056 3203 1100 terens
3227 1045 3453 1114 imponito
3480 1062 3606 1104 sacra

2350 1136 2608 1206 Tegmina
2647 1137 2950 1201 bettonicaa,
2978 1135 3154 1190 statim
3183 1136 3422 1190 mirabere
3439 1137 3552 1192 vires

2349 1227 2500 1282 Illius
2549 1229 2600 1282 in
2628 1228 2861 1284 solidum
2894 1227 3058 1282 fuerit
3081 1228 3200 1282 dum
3225 1226 3386 1280 clausa
3412 1227 3601 1282 cicatrix.

2895 1339 3012 1394 XX.
3054 1340 3358 1422 Acamoxu.

2349 1452 2448 1507 Hic
2471 1467 2687 1522 quoque
2712 1451 3067 1518 sarcooolam,
3091 1466 3298 1522 campos
3319 1466 3423 1520 quae
3439 1451 3613 1520 plurima
3629 1454 3743 1520 passim

2349 1545 2543 1612 Vcstit,
2567 1556 2622 1602 et
2646 1546 2819 1602 effetis
2843 1547 3102 1601 silvarum
3128 1545 3328 1599 inventa
3346 1546 3431 1599 sub
3453 1544 3610 1597 umbris

2347 1635 2601 1691 Nascitur
2621 1678 2636 1702 ,
2671 1637 2951 1692 ordinibus
2977 1635 3130 1690 facile
3156 1644 3237 1690 est
3259 1635 3520 1690 discernere
3538 1634 3707 1705 pulchris.

2350 1726 2475 1782 Haec
2499 1738 2697 1798 praeter
2724 1729 2934 1783 varium
2956 1726 3078 1782 latte
3100 1727 3303 1780 virtutis
3327 1727 3558 1788 honorem,

2351 1817 2501 1872 Trita
2529 1819 2714 1872 domat
2735 1818 2941 1872 ventris
2973 1817 3254 1888 prtedirum
3278 1825 3328 1869 et
3345 1824 3452 1886 pota
3475 1815 3663 1870 dolorem.

2350 1910 2405 1965 Si
2429 1926 2548 1979 quae
2578 1911 2714 1965 forte
2734 1909 2958 1980 chalybs
2979 1908 3217 1964 infensus
3241 1907 3436 1962 vulnera
3461 1905 3648 1960 membris

2346 2002 2609 2056 Indiderit
2634 2002 2854 2065 nostris,
2887 2001 3049 2071 hujus
3079 2008 3279 2054 tentare
3297 1999 3512 2068 jubemur

2344 2090 2643 2155 Auxilium,
2676 2091 2923 2160 partique
2955 2091 3229 2159 imponere
3256 2097 3393 2142 tonsa
3418 2085 3579 2157 patenti

2346 2181 2622 2248 Germina,
2648 2174 2920 2236 matuer
2944 2181 3156 2235 nacturi
3185 2181 3282 2234 hac
3306 2186 3409 2231 arte
3432 2177 3613 2246 vigorem

2347 2271 2405 2327 Si
2442 2283 2621 2327 tamen
2643 2274 2872 2328 addatur
2901 2274 3156 2327 mordens
3183 2268 3508 2339 cataplasmati
3525 2276 3680 2318 aestum.

2910 2381 3055 2437 XXI.
3094 2382 3372 2436 Ananosnt.

2345 2493 2498 2548 Haud
2532 2492 2718 2564 procul
2747 2493 3077 2547 ambrosiam
3107 2491 3257 2560 vulgo
3294 2502 3435 2563 quam
3461 2485 3743 2539 diceretnam
3844 2485 3845 2520 1

2346 2585 2603 2656 Erigitur,
2629 2585 2845 2640 laudata
2875 2584 3128 2653 quidem;
3161 2582 3252 2636 sed
3268 2595 3330 2633 an
3357 2579 3442 2632 ista
3463 2577 3518 2630 sit
3535 2575 3599 2628 illa

2343 2676 2508 2745 Cujus
2538 2675 2590 2730 in
2614 2676 2849 2746 antiquis
2876 2674 3211 2730 creberrima
3245 2671 3427 2725 mentio
3451 2667 3569 2723 libris

2342 2767 2432 2822 Fit
2459 2767 2680 2822 dubium
2705 2776 2790 2822 est
2814 2767 3018 2822 multis.
3048 2765 3234 2822 Medici
3257 2773 3418 2818 tamen
3442 2767 3536 2814 arte
3555 2762 3680 2824 suam

2344 2858 2494 2914 Hanc
2507 2869 2778 2929 utcunque
2791 2861 3310 2928 colunt,tantumque
3320 2857 3421 2909 hac
3431 2846 3743 2922 sanguinalem

2342 2951 2610 3016 Absumit,
2640 2962 2903 3021 quantum
2924 2961 3088 3020 potus
3117 2947 3389 3020 ingesserit
3411 2943 3526 2999 alvo.

2921 3041 3088 3097 XXII.
3117 3040 3346 3096 Narsn.

2269 3130 2314 3194 C
2348 3133 2645 3189 Herbarum
2675 3133 2728 3187 in
2762 3149 3011 3198 numero,
3037 3149 3174 3203 quas
3204 3130 3431 3187 hortulus
3451 3127 3521 3183 ille
3535 3115 3672 3180 recenti

2346 3225 2574 3296 Semper
2596 3225 2747 3296 prole
2779 3234 2947 3290 creat,
2969 3234 3182 3295 nepeta:
3208 3238 3309 3278 non
3330 3220 3514 3292 segnior
3532 3216 3612 3270 erit

2347 3319 2632 3386 Surculus,
2659 3319 2891 3374 urticam
2925 3317 3069 3373 foliis
3092 3316 3466 3376 simulantibus,
3487 3309 3570 3364 alto

2346 3411 2560 3467 Ver-tice
2579 3420 2890 3483 pergratum
2920 3409 3034 3464 late
3057 3407 3277 3479 largitus
3298 3405 3507 3460 odorem.

2345 3501 2474 3558 Haec
2499 3501 2664 3557 variis
2691 3501 2818 3556 olim
2847 3499 3160 3554 morborum
3188 3491 3500 3552 accommoda
3516 3484 3632 3545 curis,

2345 3589 2462 3646 Non
2487 3600 2728 3647 extrema
2752 3589 2888 3644 alias
2909 3589 3055 3644 inter
3077 3587 3378 3643 decernitur
3395 3578 3569 3637 herbas.

2344 3681 2516 3753 Hujus
2542 3681 2684 3736 enim
2711 3695 2928 3745 succus,
2953 3693 3114 3735 roseo
3149 3676 3445 3734 eommistus
3463 3669 3586 3725 olivo.

2344 3771 2522 3828 Eicit
2541 3779 2872 3842 unguentum
2893 3811 2909 3836 ,
2931 3768 3075 3824 laesa:
3095 3767 3236 3838 quod
3259 3764 3457 3819 vulnera
3480 3755 3614 3813 carnis

2342 3863 2519 3934 Atque
2547 3862 2864 3918 cicatricum
2893 3859 3158 3914 deformia
3183 3857 3328 3928 signa
3349 3861 3562 3908 novarum

2344 3933 2509 4008 Posse
2531 3951 2747 4007 abolere
2773 3951 2945 4015 aiunt,
2973 3950 3156 4020 prisco
3177 3957 3413 4016 reparare
3439 3933 3584 3997 nitori.

2344 4045 2412 4100 Et
2439 4058 2696 4099 revocare
2737 4042 2873 4113 pilos
2895 4041 3071 4112 plagae
3089 4053 3226 4109 quos
3247 4036 3376 4092 forte
3400 4026 3586 4088 recentis

2342 4137 2519 4195 Pestis
2541 4136 2721 4193 hiulca
2747 4135 2869 4190 tulit
2897 4134 3049 4189 sanie
3080 4133 3309 4202 taboque
3332 4135 3537 4199 perosos.

2877 4225 3068 4283 XXIII.
3108 4226 3402 4281 Rarnmus.

2345 4323 2483 4379 Hinc
2507 4322 2807 4392 raphauum
2830 4319 3016 4374 radice
3041 4325 3254 4389 potens,
3278 4320 3481 4379 sataque
3501 4304 3690 4392 comam!

2344 4385 2606 4487 Tegmine
2626 4413 2919 4476 sublatum,
2945 4385 3227 4465 extremus
3254 4404 3377 4461 facit
3394 4399 3508 4456 ordo
3524 4385 3643 4487 videri

2345 4478 2512 4578 Cujus
2541 4522 2727 4562 amara
2759 4505 2914 4568 satis,
2941 4500 3204 4572 quatienti
3226 4499 3421 4553 viscera
3448 4485 3615 4578 tussiat.

2348 4575 2529 4655 Mawnsa
2557 4597 2754 4669 premit
2773 4595 2948 4654 radix.
2979 4593 3095 4648 triti
3117 4604 3328 4663 quoque
3355 4580 3544 4642 seminis
3561 4575 3706 4628 battst

2347 4689 2602 4762 Ejusdem
2627 4687 2759 4742 vitio
2783 4685 2950 4757 pestis
2969 4697 3215 4755 persaepe
3237 4679 3480 4736 medetur.

2937 4775 3130 4831 XXIV.-
3173 4773 3334 4829 Bosa.

2342 4873 2460 4928 Jam
2493 4887 2596 4927 nlSl
2633 4885 2720 4925 me
2742 4868 2942 4924 fessum
2968 4866 3058 4919 via
3087 4864 3299 4934 longior
3318 4849 3617 4924 indupediret.

2345 4964 2616 5033 Scrupeus
2643 4969 2804 5030 atque
2823 4957 2947 5012 novi
2979 4964 3249 5010 tereretur
3274 4945 3502 5007 carminis
3523 4935 3638 4994 ordo,

2346 5031 2644 5107 Debueram
2669 5048 2896 5102 viburna
2923 5060 3060 5100 rosa:
3078 5044 3313 5115 pretiosa
3339 5031 3526 5094 metallo

2345 5140 2550 5198 Pactoli
2583 5148 2640 5195 et
2666 5137 2839 5193 niveis
2866 5110 3106 5191 Arabum
3137 5129 3458 5189 circumdare

2515 5231 2640 5302 quia
2667 5245 2774 5285 non
2797 5228 2961 5300 Tyrio
2979 5223 3270 5282 Germania
3295 5217 3496 5290 tingitur
3512 5216 3624 5265 ostro

2345 5325 2480 5380 Lata
2506 5337 2606 5378 nec
2629 5320 2839 5376 ardenti
2861 5335 2919 5375 se
2942 5317 3113 5375 Gallia
3139 5315 3342 5371 murice
3355 5309 3524 5380 jactat,
3597 5383 3606 5396 .

2345 5418 2511 5474 Lutea
2541 5416 2830 5487 purpureis
2865 5420 3082 5483 reparat
3101 5414 3374 5466 crementa
3400 5395 3646 5471 quotanmSo

2343 5509 2603 5566 Ubertunt
2624 5505 2792 5570 floris,
2833 5513 3038 5560 tantum
3059 5501 3151 5572 qui
3177 5498 3414 5572 protinus
3429 5496 3583 5546 omnes

2344 5599 2648 5655 Herbarum
2671 5596 2868 5652 vicisse
2888 5607 3092 5657 comas,
3133 5591 3332 5644 virtute
3357 5591 3409 5639 et
3427 5579 3564 5633 odore

2349 5691 2574 5753 Dicitur,
2600 5699 2658 5742 ut
2683 5687 2876 5741 merito
2901 5685 3089 5741 florum
3116 5680 3218 5737 flos
3246 5691 3360 5734 esse
3384 5673 3572 5728 feratur.
