3978 6310
183 273 322 334 me
1056 263 1148 327 an
1185 270 1410 329 OPERA
1446 271 1840 332 murmur
1881 270 2126 330 STRABI
2166 272 2527 333 APPENDIX.
3297 255 3439 332 uso

180 385 352 444 Inﬁcit
377 383 466 441 hic
488 383 664 440 oleum
687 380 908 453 proprio
934 381 1000 437 de
1025 384 1246 439 nomine
1273 384 1502 452 dictum,
1781 392 1834 450 Α
1860 384 2064 440 Unicus
2087 386 2324 455 antiquae
2349 394 2628 456 reparator
2651 385 2838 456 stirpis
2863 393 2919 440 et
2951 391 3163 441 auctor.

181 479 334 547 Quod
349 491 512 547 quam
535 489 675 545 stepe
693 545 696 550 ι
713 475 806 528 ﬁat
834 474 1150 530 mortalibus
1179 475 1308 529 utile
1330 475 1494 542 curis,
1858 477 1992 530 Lilia
2016 478 2106 547 qui
2130 479 2310 533 verbis
2330 480 2548 550 vitaque
2577 480 2776 536 dicavit
2806 493 3038 543 ammna,

180 545 290 624 Nec
305 545 613 621 meminisse
631 545 808 633 potest
823 564 1120 630 hominum,
1138 579 1239 619 nec
1254 564 1432 619 dicere
1446 565 1750 636 quisquam.
1791 627 1798 634 .
1857 545 2196 640 Morte—rosas
2229 545 2475 638 ﬁngens;
2491 583 2789 639 pacemque
2817 576 2871 624 et
2895 567 3082 642 praelia
3111 567 3366 624 membris

179 655 314 710 Huic
334 655 538 708 famosa
565 668 692 708 suos
722 660 999 723 opponunt
1023 651 1134 706 lilia
1163 652 1341 717 ﬂores,
1856 654 2038 724 Liquit
2064 657 2117 711 in
2147 657 2278 712 orbe
2307 659 2436 721 suis,
2468 658 2726 713 virtutem
2746 658 3026 728 amplexus
3054 666 3357 726 utramque,

179 746 415 816 Longius
434 747 625 800 horum
656 753 711 799 et
725 743 838 813 jam
862 744 1074 813 spirans
1100 743 1235 798 odor
1264 742 1457 797 imbuit
1479 756 1658 796 auras.
1854 745 2191 817 Prtemiaque
2209 749 2470 804 ambobus
2495 764 2718 804 servans
2739 758 2944 804 acterna
2966 749 3272 819 triumphis.

179 835 289 890 Sed
311 836 355 890 si
384 835 505 904 quis
528 835 670 889 nivei
690 835 972 889 candentia
999 834 1242 915 germina
1267 832 1473 888 ﬂuctus
2377 837 2605 894 Dtcnro
2632 835 2919 893 Opuscuu.

178 925 432 991 Triverit,
454 926 659 994 aspersi
690 925 976 978 mirabitur
1003 923 1164 979 illicet
1184 937 1398 977 omnem
1855 921 1981 979 Iliec
2011 924 2108 979 tibi
2135 924 2342 982 servitii
2368 926 2686 981 munuscula
2713 925 2839 980 vilia
2868 927 3021 997 parvi

176 1013 423 1070 Nectaris
442 1015 530 1076 ille
568 1014 730 1070 ﬁdem
756 1015 918 1070 celeri
944 1014 1142 1085 periise
1180 1021 1382 1069 meatu.
1858 1011 2057 1068 Strabo
2083 1022 2225 1079 tuus,
2247 1014 2522 1071 Grimaldc
2542 1023 2697 1086 pater
2725 1017 3054 1083 doctissime,
3079 1033 3272 1074 servus

245 1103 361 1159 Hoc
386 1105 512 1173 quia
533 1105 819 1176 virginitas
836 1104 977 1158 fama
1005 1105 1230 1159 subnixa
1253 1105 1410 1158 beata
1857 1100 2083 1156 Pectore
2101 1103 2314 1170 devoto,
2337 1104 2538 1160 nullius
2556 1104 2811 1175 ponderis
2832 1104 3010 1162 oﬂ'ert.

171 1194 331 1250 Flore
357 1196 514 1259 nitet,
541 1211 704 1265 quam
731 1195 776 1250 si
803 1195 983 1249 nullus
1008 1194 1160 1248 labor
1186 1193 1476 1264 exagitarit
1860 1197 1933 1253 Ut
1951 1211 2078 1252 cum
2100 1205 2359 1268 conseptu
2387 1198 2574 1254 viridis
2596 1199 2908 1255 consederis
2931 1200 3074 1254 horti

173 1285 381 1352 Sordis,
412 1296 467 1340 et
496 1287 666 1342 illiciti
693 1302 798 1342 non
825 1286 1045 1356 fregerit
1074 1286 1237 1343 ardor
1263 1286 1488 1352 amoris,
1857 1289 2034 1360 Super
2050 1299 2308 1359 opacatas
2330 1289 2602 1346 frondenti
2632 1292 2875 1362 germine
2906 1291 3101 1359 malos,

170 1376 390 1447 Flagrat
421 1379 586 1432 odore
607 1393 724 1433 suo.
748 1377 920 1432 Porro
944 1378 989 1432 si
1016 1377 1185 1448 gloria
1214 1393 1437 1446 pessum
1854 1378 2108 1436 Persicus
2139 1381 2438 1452 imparibus
2461 1382 2640 1438 crines
2667 1382 2760 1438 ubi
2779 1382 2972 1438 dividit
2995 1383 3224 1450 umbris,

167 1465 503 1535 Integritatis
523 1476 631 1532 eat,
653 1466 849 1532 fateor,
881 1467 1109 1522 mutabit
1136 1468 1375 1522 odorem.
1857 1469 1998 1525 Dum
2025 1471 2123 1526 tibi
2161 1487 2295 1527 cana
2323 1473 2508 1545 legunt
2531 1481 2723 1531 tenera
2749 1474 3002 1546 lanugine
3027 1490 3189 1549 poma

168 1553 296 1610 Haec
326 1559 434 1611 duo
464 1573 697 1627 namque
721 1557 1079 1626 probabilium
1102 1555 1298 1628 genera
1325 1557 1519 1629 inclyta
1541 1558 1736 1614 ﬂorum
1855 1561 2129 1618 Ludentes
2150 1565 2326 1634 pueri,
2358 1566 2540 1621 schola
2566 1567 2870 1622 laetabunda
2898 1574 3138 1633 tuorum,

166 1642 425 1698 Ecclesiae
456 1661 696 1700 summas
723 1645 938 1716 signant
965 1663 1064 1717 per
1085 1647 1278 1702 saecula
1299 1649 1508 1718 palmas
1857 1651 2035 1722 Atque
2053 1653 2191 1709 volis
2214 1655 2458 1723 ingentia
2485 1656 2628 1711 mala
2651 1656 2940 1728 capacibus
2959 1657 3184 1725 indunt;

167 1731 450 1802 Sanguine
479 1736 723 1806 martyrii
750 1746 980 1806 carpunt
999 1753 1119 1808 quae
1145 1737 1286 1792 dona
1313 1753 1576 1804 rosarum,
1782 1750 1832 1812 Β
1858 1743 2093 1800 Grandia
2121 1755 2402 1803 conantes
2420 1748 2699 1805 includere
2723 1763 2952 1818 corpora
2977 1748 3171 1818 palmis
3195 1766 3210 1804 :

164 1823 418 1895 Liliaque
446 1827 500 1879 in
535 1826 655 1881 ﬁdei
688 1836 903 1898 gestant
930 1830 1164 1882 candore
1193 1827 1432 1885 nitentis.
1743 1876 1756 1889 .
1859 1834 1979 1902 Quo
2011 1851 2266 1893 moneare
2294 1839 2495 1895 habeas
2521 1839 2690 1895 nostri
2716 1849 2872 1910 pater
2904 1839 3044 1894 alme
3070 1839 3273 1896 laboris

163 1912 208 1968 Ο
237 1924 418 1968 mater
437 1915 608 1984 virgo,
644 1915 873 1972 fecundo
898 1919 1138 1988 germine
1168 1928 1362 1984 mater,
1860 1926 1999 1982 Dum
2026 1929 2220 2000 relegis
2247 1945 2366 2000 quae
2391 1931 2529 1987 dedo
2562 1931 2768 1997 volens,
2804 1933 3054 2002 interque
3083 1933 3371 2003 legendum
3441 1973 3446 1980 .

163 2003 333 2076 Virga
358 2005 463 2062 ﬁde
493 2007 717 2073 intacta,
740 2010 920 2077 sponsi
949 2010 1015 2063 de
1034 2009 1252 2064 nomine
1277 2023 1494 2078 sponsa,
1862 2015 1936 2071 Ut
1957 2017 2151 2072 vitiosa
2177 2033 2326 2075 seces
2357 2021 2610 2091 deposco,
2654 2021 2920 2092 placentia
2951 2022 3156 2080 ﬁrmes.

161 2094 406 2165 Sponsa,
429 2099 697 2164 columba,
725 2100 938 2166 domus,
972 2101 1176 2170 regina,
1207 2100 1379 2156 ﬁdelis
1400 2102 1598 2168 amica,
1863 2103 1942 2160 Te
1965 2105 2108 2163 Deus
2127 2117 2330 2164 aeterna
2352 2109 2515 2164 faciat
2539 2111 2737 2167 virtute
2760 2113 3048 2176 virentem,

160 2183 317 2240 Bello
346 2202 510 2256 carpe
535 2203 710 2253 rosas,
733 2189 855 2244 lzeta
887 2191 1065 2260 arripe
1095 2190 1207 2244 lilia
1236 2205 1388 2260 pace,
1860 2195 2331 2255 lmmarcescibilis
2360 2201 2596 2272 palmam
2632 2202 2946 2273 contingere
2974 2203 3126 2268 vitm;

158 2278 293 2336 Flos
316 2279 417 2334 tibi
446 2276 775 2352 sceptrigero
799 2282 944 2336 venit
963 2283 1310 2352 generamine
1331 2282 1503 2349 Iesse,
1863 2283 1979 2341 Hoc
2003 2286 2184 2353 Pater,
2217 2289 2319 2344 hoc
2349 2289 2538 2357 Natus,
2563 2290 2667 2346 hoc
2689 2291 2924 2363 Spiritus
2945 2299 3147 2347 annuat
3174 2290 3369 2346 almus.

1315 2531 2290 2647 APPENDIX

555 2749 765 2876 AD
858 2743 1378 2876 OPERA
1469 2743 2396 2880 WALAFRIDI
2492 2744 3062 2914 STRABI

1006 2982 1278 3046 SERMO
1318 2982 1402 3046 IN
1443 2981 1702 3045 FESTO’
1737 2981 2229 3046 SANCTORUM
2270 2983 2618 3048 OMNIUM.

419 3142 583 3217 (Vide
607 3143 746 3202 inter
769 3141 828 3204 8.
855 3143 1135 3218 Augustini
1162 3142 1366 3216 Opera,
1401 3141 1726 3215 Patrologite
1757 3139 1896 3198 tom.
1917 3140 2185 3210 XXXIX,
2213 3141 2355 3214 part.
2380 3159 2445 3213 ll,
2474 3145 2576 3200 col.
2604 3144 2766 3214 2155,
2807 3159 2962 3201 rem.
2985 3161 3042 3202 τι.
3077 3143 3236 3217 209.)

1319 3359 1652 3421 CARMEN
1693 3359 1801 3421 DE
1843 3358 1904 3422 S.
1951 3355 2372 3422 MICHAELE

1363 3521 1710 3601 Walafrt'do
1741 3519 2277 3604 abjudicandum.’

157 3695 250 3754 Ad
286 3689 650 3761 te‘conl‘ugio,
673 3688 925 3761 Michael,
963 3695 1054 3761 tua
1089 3685 1313 3740 numina
1338 3701 1521 3757 posco,
1791 3694 1838 3757 (ζ
1869 3687 2361 3761 Disjicias,_rabido
2398 3645 2496 3760 qui
2521 3700 2608 3745 me
2636 3686 2806 3744 livore
2832 3685 3076 3761 fatigant.

158 3765 454 3822 Eximium
487 3758 666 3813 lumen
691 3758 1016 3829 mundi,qu_i
1042 3765 1166 3829 vota
1193 3767 1512 3829 precan_tum
1868 3758 1987 3816 Non
2018 3759 2237 3814 humilis
2274 3758 2518 3828 pergam,
2550 3774 2651 3814 nec
2685 3773 2814 3813 vero
2843 3758 3103 3829 inglorius
3121 3773 3317 3822 aevum,

158 3833 441 3904 Suscipis,
473 3837 526 3886 et
545 3829 757 3898 placido
780 3824 1032 3949 perducis
1053 3824 1119 3878 ad
1148 3824 1295 3904 astra
1320 3827 1522 3906 volatu,
1818 3839 1824 3845 ‘
1870 3830 1978 3885 Sed
2004 3829 2228 3897 liqueat,
2259 3824 2519 3897 quantum
2547 3844 2646 3898 pro
2670 3843 2758 3882 me
2781 3837 2869 3908 tua
2899 3824 3118 3883 dextera
3143 3829 3336 3898 possit,

158 3903 500 3949 [hinsidium
521 3898 742 3949 caeleste
800 3910 962 3949 erens
983 3893 1301 3947 mortalibus
1322 3908 1502 3949 semis.
1868 3900 2002 3949 θυαε
2026 3899 2297 3949 quondam
2344 3899 2654 3949 victumuue
2703 3898 2869 3949 dedit.
2896 3895 3204 3949 famamaue
3241 3906 3336 3949 torr

155 3893 500 3961 Braesi’dium
521 3893 742 3953 caeleste
780 3893 962 3950 ferens
983 3893 1301 3947 mortalibus
1319 3895 1502 3967 aegris.
1868 3900 2002 3965 Quae
2026 3893 2297 3965 quondam
2344 3893 2654 3966 victumque
2673 3898 2869 3967 dedit,
2896 3893 3204 3967 famamque
3241 3903 3454 3967 togata;

157 3972 458 4041 Principio
480 3969 702 4041 veniam
717 3967 923 4021 tribuas
949 3971 1173 4041 peccata
1201 3963 1484 4018 remittens
1868 3963 1989 4041 Ipse
2021 3963 2350 4041 gubernator
2384 3963 2586 4041 rerum,
2611 3965 2742 4020 mihi
2771 3966 3027 4041 providus
3068 3963 3238 4041 adsis,

153 4033 406 4100 Actibu's
434 4048 529 4094 aut
558 4038 756 4102 verbis,
789 4045 881 4090 aut
911 4033 1025 4090 solo
1045 4033 1204 4107 noxia
1227 4047 1415 4107 sensu;
1871 4033 2315 4107 [inpavidumque
2348 4044 2524 4107 tegas,
2542 4033 2939 4107 fortunat’isque
2963 4033 3254 4089 fovendum

159 4115 298 4170 Mox
325 4112 570 4165 animum
601 4120 904 4177 corpusque
935 4113 1027 4159 tuo
1052 4102 1598 4177 medicaminecures,
1869 4102 2140 4177 Consiliis,
2169 4102 2374 4177 majore
2397 4102 2567 4177 gradu
2602 4102 2881 4177 contingat
2903 4104 3170 4160 bonorum

161 4185 419 4240 Vulnera
451 4173 782 4248 restringéns
806 4173 1022 4248 penitus
1063 4175 1351 4243 variosque
1380 4173 1595 4229 dolores
1868 4175 2140 4248 Illustrem
2165 4173 2327 4248 iustis
2349 4173 2500 4248 operi
2531 4173 2813 4244 sensuque
2827 4175 3069 4248 beatum.

158 4255 358 4323 Atque
388 4251 442 4303 in
462 4263 595 4323 pace
622 4245 839 4323 domum
867 4246 1432 4323 foveas,_mentemque
1449 4259 1547 4313 per
1591 4258 1765 4300 :evum
1866 4246 2079 4323 Emcias
2106 4261 2171 4323 ne
2203 4246 2336 4298 dura
2363 4246 2553 4310 fames,
2576 4252 2676 4323 aut
2699 4245 2870 4323 turpis
2894 4255 3107 4323 egestas

159 4314 481 4384 Lm'tiﬁces;
498 4319 693 4374 cedant
717 4317 923 4371 meliori
948 4315 1126 4370 tristia
1148 4315 1303 4386 fotu.
1361 4375 1364 4378 ,
1870 4317 2115 4372 Dedecus
2139 4316 2447 4386 immergat;
2477 4316 2622 4369 natis
2645 4329 2779 4386 quos
2809 4317 2922 4386 ipse
2950 4314 3174 4386 dedisti

161 4394 250 4450 Tu
277 4390 523 4464 generis,
559 4397 617 4442 tu
643 4387 878 4459 coniugii
904 4386 1099 4442 ﬁducia
1135 4385 1330 4440 nostri.
1871 4387 2197 4464 gerpetuum
2221 4384 2388 4440 dones
2408 4386 2608 4451 cibum,
2641 4384 2960 4454 firmamque
2984 4384 3238 4464 salutem.

243 4453 312 4516 ,⁷
353 4500 370 4513 .
449 4498 463 4511 .
510 4453 559 4512 ’.
638 4496 652 4510 .
731 4453 759 4510 ,⁷
808 4453 842 4510 ⁷.
920 4495 936 4510 .
1015 4495 1027 4508 .
1109 4495 1124 4508 .
1200 4493 1217 4508 .
1296 4494 1311 4509 .
1390 4492 1404 4506 .
1482 4493 1498 4506 .
1579 4494 1595 4508 .
1677 4493 1690 4506 .
1875 4453 1996 4527 Sim
2023 4465 2254 4527 gratus,
2290 4470 2557 4527 carusque
2581 4469 2704 4527 meo
2733 4453 3383 4527 semperqueprobandus
3447 4477 3456 4486 -

243 4572 260 4586 .
356 4568 373 4586 .
452 4566 468 4582 .
547 4568 562 4581 .
641 4566 656 4580 .
736 4566 749 4581 .
830 4567 843 4580 .
923 4558 957 4580 .-
1013 4566 1029 4579 .
1113 4565 1126 4580 .
1207 4566 1222 4578 .
1301 4564 1318 4578 .
1396 4563 1410 4576 .
1490 4563 1502 4576 .
1585 4563 1600 4577 .
1681 4560 1696 4575 .
1875 4524 2166 4591 Martiano,
2190 4539 2353 4596 quem
2403 4534 2458 4580 tu
2495 4526 2842 4596 incolumem
2870 4539 3082 4596 summo
3130 4524 3460 4590 renitentem

159 4603 462 4671 Torqueat
480 4598 606 4671 inde
636 4612 797 4652 ruens
826 4596 1003 4671 nullus
1024 4610 1142 4650 mea
1165 4602 1383 4666 pectora
1410 4607 1594 4671 casus,
1632 4662 1646 4671 _
1874 4596 2136 4671 Eastigio,
2173 4594 2426 4666 gravidus
2439 4605 2628 4671 _tutum
2651 4594 2878 4650 defende
2899 4595 3141 4671 periclis,

160 4662 417 4748 evertas
446 4666 688 4729 morbos,
725 4668 1004 4748 proprium
1051 4675 1144 4722 aut
1165 4662 1447 4748 'consume
1482 4662 1768 4735 periclum.
1877 4662 2157 4736 Nunc'ego
2177 4662 2341 4721 'nunc
2363 4666 2595 4721 rtristem
2636 4679 2855 4721 cernam
2882 4662 3186 4736 relinquere
3213 4677 3241 4706 ι
3267 4677 3460 4734 cogar.

161 4740 506 4813 Impendens
536 4751 725 4793 arcere
743 4737 892 4803 velis,
920 4738 1172 4808 viresque
1197 4742 1479 4808 potentum

1488 4860 2104 4893 α...----

1144 4963 1644 5027 EPITAPHIUM
1687 4959 2042 5023 GEROLDI
2087 4957 2412 5020 COMITIS
2443 4963 2494 5018 δ.

245 5108 398 5167 Mole
422 5107 662 5180 subihac
689 5107 869 5180 magni
897 5113 1181 5180 servantur
1207 5105 1448 5180 membra
1476 5103 1714 5170 Geroldi,
1795 5101 1846 5162 ἰ)
1872 5100 2110 5180 ρρρθι-ἱῇι
2139 5114 2280 5156 εωνο
2309 5096 2717 5180 Septembribus
2742 5109 2874 5180 ense
2902 5094 3176 5180 Kalendis.

165 5163 506 5261 musam
532 5163 872 5261 ’θεῖἐυηξιίξ
899 5178 989 5248 aui
1019 5163 1226 5243 viribus
1256 5177 1460 5261 θυῖεν,
1591 5244 1594 5246 ν
1701 5163 1768 5256 ⁷.
1881 5163 2270 5261 diaereses
2295 5163 3281 5261 θείὶῑιὲπξἐξίὶίξε.ίλξξι1εὲἓξ9εβξιῖἓὲξ

165 5236 487 5310 Danum-niis
513 5264 640 5304 vera
663 5236 1040 5318 Ecclesiae-pro
1062 5238 1194 5318 pace
1222 5236 1552 5318 peremptus,
1591 5244 1594 5246 ⁷
1761 5251 1768 5256 “
1880 5243 2137 5308 Abstulit,
2165 5236 2269 5296 liuc
2295 5240 2478 5295 retulit
2506 5239 2774 5308 dignoque
2800 5237 2889 5292 hic
2925 5236 3119 5292 clausit
3142 5237 3368 5291 honore.
3449 5277 3456 5306 τ

256 5391 286 5458 ξι
321 5376 564 5458 ξυνίετε
589 5375 818 5458 linquere
849 5373 1182 5458 d‘isjupctim.
1227 5453 1238 5458 Δ
1349 5440 1396 5458 ﬁ

1893 5371 2194 5458 79$}er
2239 5369 2434 5426 librum
2496 5370 2562 5425 de
2611 5368 2917 5426 Visionibus
2959 5364 3220 5433 Wettini,
3266 5369 3464 5458 supra,

251 5449 286 5488 ιι
333 5446 519 5510 Caesus
561 5454 644 5500 est
678 5443 736 5498 in
774 5443 1073 5503 certamine
1119 5453 1305 5501 contra
1349 5443 1605 5513 Hunnos,
1637 5459 1782 5502 anno
1896 5445 1999 5502 col.
2027 5443 2182 5498 1065.
2570 5489 2572 5491 ,
2889 5460 2892 5462 τ
3399 5497 3401 5499 ,
3440 5452 3450 5468 ⁸

521 5695 796 5756 Ρλτειοι..
843 5690 1067 5754 CXIV.
1511 5719 1516 5727 -
1715 5730 1718 5732 η
1757 5733 1760 5737 .
