4134 6428
1548 434 1881 445 ____..._..
2102 433 2241 443 __.._

1394 472 1449 473 κάκ
1490 472 1495 473 γ
1546 472 1594 485 7;
1670 482 1679 483 ί
1787 472 1824 484 ί-
1842 478 1851 481 _
1868 477 1907 483 4,,
1957 476 2161 488 ,η’-...μ
2174 472 2361 483 -νοο-..ο-
2380 474 2471 483 .—
2484 473 3345 485 m—‘—_'
3361 477 3435 486 '—'

536 649 2058 837 PATROLOGUE
2189 647 3353 827 EDITORUM

1528 994 2341 1109 PRIEFATIO.

386 1398 470 1455 De
504 1399 619 1455 vita
653 1407 711 1455 et
763 1397 995 1469 scriptis
1030 1394 1320 1470 Symeonis
1360 1395 1762 1467 Metaphrastzr,
1815 1392 2065 1463 Magistri
2101 1400 2157 1446 et
2194 1390 2533 1464 Logothetae,
2593 1391 2665 1445 ita
2712 1391 2904 1447 scribit
2950 1391 3060 1447 Leo
3101 1391 3335 1447 Allatius
3406 1394 3458 1448 in
3498 1409 3596 1449 sua

320 1486 577 1540 Diatriba
606 1487 670 1540 de
705 1485 1034 1555 Symeonum
1071 1484 1306 1553 scriptis,
1347 1497 1512 1553 quam
1544 1480 1686 1536 infra
1752 1495 1945 1552 magna
1976 1494 2043 1533 ex
2086 1488 2237 1549 parte
2277 1480 2523 1544 edemus,
2560 1488 2621 1533 ut
2661 1494 2764 1534 nos
2806 1481 2875 1533 ab
2909 1496 3078 1535 onere
3133 1481 3444 1537 elucidandi
3496 1483 3600 1538 do-

319 1574 558 1630 ctissimi
584 1573 685 1629 viri
710 1584 864 1646 gesta
888 1573 1191 1644 dispenset.

400 1662 482 1716 De
509 1672 669 1718 :etate
701 1676 809 1731 qua
862 1660 1103 1732 Symeon
1126 1659 1312 1716 floruit
1360 1660 1456 1716 diu
1486 1670 1542 1715 et
1567 1659 1769 1715 acriter
1794 1659 2148 1729 disputarunt
2185 1656 2286 1710 viri
2329 1655 2514 1725 periti,
2552 1654 2695 1709 inter
2745 1672 2883 1725 quos
2929 1654 3198 1717 Oudiuus,
3233 1656 3381 1710 nulla
3414 1658 3600 1712 bal-ita

324 1751 545 1812 ratione
558 1750 1014 1805 documentorum
1032 1748 1100 1804 ab
1117 1748 1316 1803 Allatio
1342 1749 1699 1820 prolatorum,
1714 1745 2125 1816 Metaphrasten
2165 1743 2366 1799 sacculo
2388 1757 2465 1797 stt
2496 1741 2698 1798 vixisse
2710 1742 3011 1798 contendit.
3036 1743 3102 1796 At
3125 1740 3361 1797 Joannes
3382 1744 3601 1798 Bollan—

324 1838 452 1900 dus,
486 1837 541 1891 in
570 1836 926 1891 celeberrima
954 1845 1011 1890 et
1038 1836 1407 1892 eruditissima
1433 1835 1759 1891 Prmfatione
1786 1849 1949 1904 quam
1968 1831 2232 1905 praemisit
2266 1830 2411 1884 Actis
2451 1829 2788 1897 Sanctorum,
2812 1832 2923 1900 jam
2957 1831 3168 1901 pridem
3191 1833 3603 1886 demonstrave-

328 1935 417 1980 rat
444 1924 773 1996 Symeonem
795 1923 1220 1993 Metaphrastem
1233 1923 1697 1980 subConstantini
1722 1919 2171 1993 Porphyrogeniti
2204 1917 2436 1989 imperio
2470 1917 2778 1987 scripsisse,
2817 1926 2870 1971 et
2889 1932 3014 1971 eum
3030 1917 3175 1972 circa
3203 1918 3415 1973 amitti
3450 1917 3601 1973 Vitas

330 2021 656 2067 sanctorum
690 2025 1026 2081 componere
1064 2011 1383 2081 incepisset,
1421 2011 1588 2065 vitam
1609 2011 1799 2066 saltem
1825 2024 1997 2080 usque
2012 2008 2081 2064 ad
2111 2024 2203 2063 an.
2224 2007 2331 2064 965
2353 2008 2707 2076 protraxisse,
2739 2021 2848 2075 quo
2867 2005 3125 2089 regnabat
3145 2004 3439 2067 Romanus,
3460 2007 3603 2059 Con-

329 2100 557 2154 stantini
589 2098 1043 2170 Porpliyrogeniti
1088 2099 1236 2154 ﬁlius
1267 2108 1323 2154 et
1380 2113 1687 2155 successor.
1722 2098 1781 2152 1d
1814 2107 2005 2168 postea
2045 2095 2297 2166 plurimis
2345 2093 2694 2149 documentis
2738 2092 3083 2148 conﬁrmavit
3131 2091 3244 2147 Leo
3268 2091 3500 2147 Allatius
3548 2094 3599 2146 in

332 2187 553 2242 laudata
582 2187 846 2250 Diatriba,
869 2187 1009 2242 adeo
1038 2195 1099 2242 ut
1122 2186 1190 2243 de
1217 2202 1350 2242 vera
1386 2194 1548 2245 aetate
1579 2185 1747 2255 hujus
1785 2184 2068 2255 scriptoris
2095 2184 2209 2254 jam
2240 2181 2389 2236 nulla
2423 2194 2715 2250 superesse
2742 2178 2916 2249 possit
2956 2178 3246 2235 dubitatio.

403 2274 643 2346 Symeon
672 2273 1069 2344 Metaphrastes
1094 2290 1205 2331 non
1228 2282 1442 2330 tantum
1471 2274 1723 2329 doctrina
1746 2284 1799 2329 et
1823 2273 2041 2342 scriptis
2068 2272 2283 2335 claruit,
2316 2268 2412 2324 sed
2435 2268 2602 2323 etiam
2635 2266 2959 2322 auctoritate
2984 2274 3042 2320 et
3064 2265 3298 2336 publicis
3326 2282 3448 2338 qua:
3479 2283 3602 2337 ges-

329 2362 403 2415 sit
430 2362 773 2417 muneribus.
805 2362 888 2416 Ad
926 2362 1212 2432 primarias
1235 2362 1381 2417 enim
1418 2361 1637 2432 imperii
1679 2359 1970 2416 Orientalis
2005 2359 2297 2427 dignitates
2334 2363 2640 2427 promotus,
2661 2354 2875 2425 negotia
2906 2352 3226 2425 gravissima
3257 2356 3433 2424 perite
3494 2367 3603 2408 tra-

329 2450 531 2516 ctavit,
559 2459 615 2505 et
643 2449 790 2504 bono
818 2450 1047 2520 publico
1076 2451 1351 2519 sapienter
1383 2457 1439 2503 et
1470 2448 1703 2505 feliciter
1738 2448 2030 2504 consuluit.

404 2536 513 2591 Sed
543 2536 690 2607 quod
717 2537 784 2591 ad
822 2551 940 2592 rem
971 2545 1216 2593 nostram
1251 2537 1488 2593 maxime
1512 2537 1660 2601 facit,
1684 2537 1900 2592 laudem
1925 2546 2193 2593 summm
2209 2545 2291 2589 est
2310 2543 2598 2590 assecutus
2623 2535 2749 2589 dum
2778 2533 2922 2588 vires
2948 2532 3150 2603 ingenii
3176 2547 3369 2589 omnes
3402 2533 3456 2588 in
3487 2535 3603 2589 col-

328 2624 589 2696 ligendis,
604 2624 957 2696 corrigendis,
971 2624 1341 2680 scribendiset
1356 2623 1586 2680 edendis
1603 2622 1740 2680 Vitis
1751 2623 2076 2681 Sanctorum
2094 2611 2377 2694 impendit.
2397 2609 2563 2696 Egre
2574 2614 2786 2680 ferebat
2803 2636 3020 2692 nempe,
3034 2624 3165 2677 Acta
3181 2632 3501 2694 martyrum,
3513 2621 3573 2675 Vi
3587 2651 3605 2661 -

332 2721 419 2767 tas
439 2711 539 2767 SS.
557 2712 941 2769 Confessorum
962 2721 1018 2768 et
1035 2711 1312 2785 Virginum
1327 2714 1443 2769 sive
1457 2713 1528 2769 ob
1542 2714 1817 2783 abjectum
1842 2727 1952 2783 quo
1980 2710 2178 2780 scripta
2196 2709 2413 2767 fuerant
2428 2713 2651 2784 stylum,
2672 2710 2792 2766 sive
2817 2710 2887 2766 ob
2903 2710 3240 2766 intermistas
3258 2714 3604 2766 narrationes

328 2814 531 2870 parum
555 2799 868 2862 credibiles,
893 2799 1090 2870 partim
1117 2800 1337 2873 negligi,
1378 2800 1574 2871 partim
1603 2799 1904 2866 contemni,
1925 2807 1981 2855 et
2012 2800 2097 2855 sui
2127 2798 2287 2855 oﬂicii
2321 2816 2445 2857 esse
2475 2802 2690 2870 putavit
2719 2813 2814 2854 eas
2830 2798 2899 2853 ad
2927 2797 3212 2854 meliorem
3249 2798 3479 2855 formam
3511 2816 3601 2852 rc-

330 2887 559 2953 ducere,
585 2896 646 2942 ut
677 2901 707 2941 a
739 2885 988 2943 ﬁdelibus
1010 2886 1064 2941 in
1090 2888 1270 2958 pretio
1306 2888 1489 2944 denuo
1508 2888 1842 2943 haberentur
1869 2897 1927 2944 et
1953 2887 2021 2943 ab
2052 2887 2308 2943 omnibus
2332 2887 2659 2943 Christianis
2685 2887 2889 2957 passim
2925 2887 3264 2957 legerentur.

405 2973 518 3030 [tes
547 2974 600 3030 ei
632 2989 731 3046 pro
765 2974 904 3030 votis
925 2974 1093 3031 cessit
1123 2992 1141 3043 ;
1184 2974 1504 3031 incredibile
1532 2974 1679 3031 enim
1719 2984 1805 3031 est
1838 2983 2098 3047 quantam
2125 2973 2323 3030 famam
2354 2974 2457 3031 sibi
2484 2973 2541 3029 in
2581 2974 2685 3029 hoc
2709 2987 2876 3044 opere
2902 2972 3285 3043 prosequendo
3312 2987 3599 3044 compara-

327 3063 495 3129 verit,
529 3070 907 3133 quantumque
937 3062 1244 3134 profectum
1284 3063 1626 3135 spiritualem
1673 3064 1880 3135 pepqu
1910 3062 2223 3120 Christiano
2275 3062 2381 3117 hac
2423 3061 2658 3117 lectione
2711 3061 3103 3131 procuraverit.
3146 3061 3229 3117 Ab
3286 3069 3446 3118 aetate
3494 3079 3602 3133 qua

332 3149 584 3221 scripsit,
613 3150 830 3207 codices
852 3149 967 3207 fere
986 3150 1261 3207 innumeri
1281 3150 1516 3207 confecti
1534 3161 1685 3217 sunt,
1714 3152 1772 3207 in
1793 3149 1993 3222 quibus
2014 3150 2154 3208 Vitae
2187 3150 2515 3206 Sanctorum
2538 3166 2605 3207 ex
2633 3150 2877 3207 editione
2906 3149 3026 3221 ejus
3052 3148 3341 3222 descripta:
3371 3161 3521 3217 sunt,
3548 3163 3606 3208 et

329 3237 538 3307 ubique
561 3236 784 3292 fuerunt
812 3246 1143 3311 propagatae.
1185 3239 1441 3294 Summas
1456 3239 1507 3294 ei
1536 3239 1727 3295 laudes
1750 3239 1999 3296 tribuunt
2041 3254 2157 3295 non
2207 3248 2416 3296 tantum
2449 3239 2680 3296 Michael
2715 3237 2950 3305 Psellus,
2996 3239 3090 3309 qui
3140 3240 3442 3296 centesimo
3480 3249 3605 3312 post

330 3326 518 3395 ipsum
548 3324 826 3381 scribebat
869 3340 1035 3391 anno,
1064 3335 1121 3382 et
1157 3341 1284 3382 eum
1310 3326 1446 3382 viris
1491 3326 1858 3382 sanctissimis
1885 3327 2001 3383 lere
2027 3327 2284 3397 aequavit,
2317 3327 2413 3382 sed
2456 3334 2724 3396 prmterea
2751 3337 3004 3383 auctores
3053 3325 3369 3398 quicunque
3418 3343 3603 3383 rerum

330 3413 481 3469 illius
522 3412 788 3483 temporis
820 3413 1065 3468 notitiam
1094 3413 1404 3484 posteritati
1434 3413 1878 3470 transmiserunt.

400 3499 571 3554 Fama
602 3496 892 3571 Symeonis
930 3498 1307 3570 Metapbrastae
1336 3500 1576 3570 primum
1601 3501 1889 3557 obscurari
1921 3502 2088 3573 capit
2133 3501 2332 3558 saeculo
2356 3517 2469 3566 xvi,
2507 3517 2631 3558 cum
2678 3501 2945 3563 haeretici.
2973 3501 3142 3558 cultui
3167 3510 3483 3558 sanctorum
3514 3503 3601 3557 in-

332 3584 501 3650 femi,
541 3585 596 3640 in
629 3584 1045 3640 celeberrimum
1096 3584 1407 3642 Grecorum
1444 3587 1876 3659 bagiographum
1923 3604 1991 3644 ex
2026 3588 2295 3643 industria
2340 3587 2657 3644 debacchati
2689 3597 2836 3654 sunt,
2866 3598 2926 3643 ut
2953 3590 3285 3659 praecipuum
3322 3599 3600 3646 auctorem

330 3672 579 3727 Vitarum
613 3673 828 3727 illarum
863 3672 918 3726 in
944 3674 1144 3743 quibus
1168 3674 1401 3729 virtutes
1420 3685 1736 3731 sanctorum
1770 3676 2114 3731 extolluntur
2146 3685 2202 3731 et
2232 3674 2414 3729 cultus
2441 3689 2632 3729 eorum
2656 3676 3093 3739 commendatur,
3132 3676 3186 3730 in
3227 3685 3601 3747 contemptum

330 3760 693 3825 adducerent,
734 3770 787 3815 et
816 3760 896 3816 sic
928 3770 1168 3817 veterem
1212 3760 1471 3819 Ecclesiae
1500 3764 1785 3820 catholica:
1807 3764 2114 3821 doctrinam
2149 3764 2218 3817 de
2252 3763 2609 3818 veneratione
2647 3765 2854 3818 sanctis
2889 3764 3198 3819 exhibenda
3230 3763 3443 3819 facilius
3471 3767 3605 3819 abo-

331 3848 481 3903 leren
490 3856 532 3903 t.

410 3934 805 3990 iL-ereticornm
836 3934 1333 3992 machinationibus
1352 3936 1519 3992 invite
1542 3936 1676 3992 favit
1702 3938 1888 3993 schola
1921 3938 2009 3992 illa
2030 3938 2541 4009 hypercriticorum,
2565 3953 2685 4007 quae
2704 3937 2907 3992 saeculo
2925 3953 3034 3991 xvii
3065 3937 3121 3991 in
3144 3936 3317 3992 Gallia
3335 3946 3462 3993 nata
3486 3947 3598 4004 est,

334 4033 395 4079 et
423 4024 481 4077 in
522 4022 896 4079 discernendis
931 4025 1183 4096 genuinis
1225 4025 1569 4083 documentis
1599 4041 1630 4081 a
1670 4026 1841 4091 falsis,
1864 4025 2168 4098 suppositis
2195 4034 2289 4080 aut
2315 4024 2591 4094 corruptis
2619 4023 2734 4079 fere
2765 4033 2932 4080 totam
2980 4039 3205 4094 operam
3235 4038 3392 4080 suam
3457 4026 3603 4080 utili-

338 4122 426 4166 ter
459 4112 767 4168 collocavit.
794 4112 994 4168 Metam
1025 4123 1208 4170 autem
1245 4115 1588 4185 pertransiit,
1630 4116 1758 4171 dum
1789 4131 1934 4171 exeo
1956 4114 2214 4185 carpendi
2267 4124 2480 4170 veteres
2538 4113 2732 4168 ardore
2790 4114 3036 4184 abrepta,
3095 4113 3498 4184 Metaphrasten
3547 4124 3604 4168 et

339 4202 482 4256 alios
526 4202 820 4256 nonnullos
854 4203 1019 4258 medii
1051 4205 1154 4259 arvi
1181 4203 1739 4275 scriptorcsinjuriis,
1772 4205 2032 4260 conviciis
2060 4213 2116 4258 et
2141 4210 2460 4272 contemptu
2509 4202 2582 4256 ita
2613 4200 2817 4265 aﬂecit,
2850 4216 2913 4255 ac
2957 4201 3000 4255 si
3035 4201 3095 4267 iu_
3140 4200 3358 4269 scriptis
3405 4216 3597 4255 eorum

334 4290 476 4343 nihil
508 4290 638 4354 veri,
666 4290 805 4343 nihil
831 4290 949 4344 sani
979 4307 1202 4362 prorsus
1227 4292 1580 4362 reperiretur.
1608 4292 1665 4345 Si
1695 4307 1792 4347 eos
1805 4293 2016 4357 audias,
2053 4291 2287 4362 Symeou
2315 4301 2503 4345 noster
2530 4291 2585 4344 in
2630 4289 2926 4345 vendendis
2947 4289 3145 4343 fabulis
3175 4298 3323 4344 totus
3350 4297 3435 4344 est
3466 4305 3598 4352 ;ve-

335 4386 451 4431 tera
483 4386 844 4432 monumenta
893 4379 1138 4449 corrupit
1183 4389 1238 4433 et
1267 4380 1647 4449 perturbavit;
1683 4380 1965 4435 mendacia
2010 4379 2265 4434 historica
2302 4379 2587 4432 innumera
2613 4377 2891 4448 congessit
2926 4395 2942 4442 ;
2972 4376 3175 4430 nullam
3200 4390 3427 4445 prorsus
3479 4390 3598 4429 me-

333 4474 490 4518 retur
529 4464 689 4517 fidem
724 4480 741 4528 ;
775 4464 898 4518 libri
930 4466 1049 4534 ejus
1090 4467 1250 4535 quasi
1304 4468 1605 4522 na'niarum
1654 4467 1957 4537 farragines
2009 4483 2038 4521 a
2077 4468 2192 4519 viro
2231 4467 2393 4521 docto
2429 4474 2486 4519 et
2523 4466 2701 4535 perito
2730 4465 3022 4533 abiiciendi
3051 4472 3199 4519 sunt.
3665 4455 3668 4458 ’

408 4551 538 4605 llaec
568 4551 753 4606 omnia
808 4562 1006 4621 praeter
1041 4556 1324 4608 veritatem
1373 4554 1515 4609 dicta
1557 4564 1702 4616 sunt,
1737 4564 1793 4609 et
1821 4555 1876 4609 in
1922 4555 2309 4609 detrimentum
2355 4553 2595 4608 historia:
2635 4560 2691 4607 et
2715 4551 2978 4607 doctrina:
3031 4566 3219 4606 sacra}.
3273 4549 3598 4619 Quanquam

336 4639 488 4694 enim
531 4638 769 4710 Symcon
799 4638 1392 4711 Metaphrastes,quod
1414 4642 1662 4696 omnium
1709 4642 2021 4697 mortalium
2068 4656 2189 4697 sors
2215 4651 2319 4704 est,
2364 4641 2418 4694 in
2449 4639 2720 4709 aliquibus
2760 4638 3044 4702 erraverit,
3080 4647 3138 4693 et
3178 4638 3463 4693 veritatem
3507 4647 3601 4692 aut

333 4724 692 4795 ignoravetit,
726 4732 824 4777 aut
844 4740 907 4779 ex
942 4735 1096 4793 parte
1126 4724 1346 4790 laeserit,
1372 4734 1553 4780 tamen
1580 4725 1862 4780 indubium
1892 4738 1979 4782 est
2006 4729 2126 4795 ejus
2162 4728 2439 4797 diligentia
2470 4727 2636 4780 multa
2667 4735 2849 4779 vetera
2873 4726 3199 4780 documenta
3229 4736 3441 4780 servata
3465 4726 3599 4780 fuis-

335 4826 418 4869 se.
450 4828 572 4881 qua:
602 4826 766 4866 secus
790 4811 1105 4881 periissent,
1134 4827 1236 4867 nec
1264 4828 1388 4867 eum
1416 4811 1698 4868 mendacia
1730 4814 1998 4869 scientem
2018 4814 2301 4884 scripsisse
2331 4825 2507 4868 autcx
2532 4812 2750 4883 ingenio
2780 4810 2978 4866 fabulis
3010 4811 3323 4866 indulsisse.
3346 4811 3386 4864 E
3410 4824 3600 4867 contra

336 4913 404 4952 ex
434 4899 544 4953 hoc
581 4898 762 4969 capite
792 4913 823 4951 a
857 4899 1136 4953 veteribus
1174 4899 1444 4966 laudatur,
1470 4900 1614 4970 quod
1649 4915 1680 4954 e
1708 4900 1847 4954 Vitis
1868 4900 2196 4955 Sanctorum
2226 4901 2524 4956 oscitanter
2550 4899 2790 4969 scriptis,
2815 4899 2982 4953 multa
3016 4898 3280 4954 miracula
3303 4899 3598 4955 incredibi-

332 4984 430 5051 lia,
465 4984 904 5039 narratiunculas
954 4984 1315 5049 futilissimas,
1355 4996 1410 5042 et
1452 4988 1695 5058 prodigia
1746 4996 2001 5056 suspecta
2034 4999 2128 5043 aut
2180 4989 2467 5045 manifeste
2494 4989 2616 5043 ficta
2654 4988 2975 5050 resecuerit,
3025 4995 3080 5044 et
3104 4989 3324 5044 easdem
3364 4990 3600 5061 dignimi

332 5073 511 5126 forma
563 5070 814 5145 ediderit.
850 5071 983 5137 Quae
1002 5073 1143 5143 stylo
1175 5074 1367 5130 humili
1396 5076 1481 5130 vel
1539 5075 1757 5145 abjecto
1814 5076 2134 5145 composita:
2190 5077 2424 5142 fuerant,
2457 5078 2573 5147 ipse
2594 5074 2755 5147 stylo'
2784 5076 3074 5132 ammniori
3121 5077 3445 5147 descripsit;
3478 5094 3599 5146 quae

333 5160 653 5233 prolixitate
676 5159 837 5215 taedio
867 5161 1057 5215 lectori
1095 5176 1217 5218 esse
1271 5164 1567 5223 debebant.
1601 5165 1667 5218 ad
1704 5164 2012 5219 breviorem
2040 5166 2412 5220 narrationem
2453 5165 2729 5219 contraxit
2762 5183 2775 5219 :
2821 5165 2958 5220 adeo
2987 5174 3049 5219 ut
3087 5164 3245 5236 longe
3267 5165 3422 5235 plura
3444 5180 3599 5219 rese-

334 5249 539 5310 cnerit,
590 5261 753 5317 quam
807 5246 877 5302 de
922 5262 1023 5302 suo
1044 5249 1338 5315 addiderit,
1388 5250 1847 5321 quemadmodum
1898 5252 2009 5321 jam
2043 5253 2355 5307 observavit
2383 5251 2434 5306 J.
2467 5252 2793 5315 Bollandus;
2828 5268 2950 5322 qum
2973 5252 3203 5322 eleganti
3228 5252 3438 5306 calamo
3469 5267 3600 5306 exa-

330 5348 470 5392 rata!
500 5344 660 5390 erant
688 5336 919 5390 intactas
941 5338 1180 5392 servavit
1203 5348 1259 5394 et
1279 5339 1595 5395 describere
1625 5339 1773 5394 fecit.
1796 5339 1854 5393 In
1877 5340 1945 5393 iis
1976 5347 2160 5395 autem
2201 5338 2552 5409 perficiendis
2577 5354 2685 5393 non
2731 5338 2928 5393 famam
2967 5337 3255 5407 scripturis
3302 5353 3599 5409 proseque-

336 5426 524 5489 batur,
552 5424 648 5479 sed
676 5422 1099 5478 aediﬁcationem
1142 5425 1380 5482 fidelium
1411 5444 1426 5495 ;
1453 5442 1565 5481 non
1594 5427 1662 5481 de
1705 5427 2098 5483 conservandis
2122 5428 2361 5497 antiquis
2389 5427 2763 5482 monumentis
2797 5426 2849 5478 in
2870 5440 3031 5479 usum
3047 5425 3349 5494 peritorum
3376 5427 3599 5481 critico-

334 5529 461 5569 rum
517 5512 901 5580 subsequentis
933 5512 1133 5575 aetatis,
1176 5514 1270 5569 sed
1295 5516 1364 5569 de
1392 5514 1758 5586 propagandis
1804 5515 2033 5570 utilibus
2082 5515 2234 5569 libris
2255 5522 2311 5568 et
2334 5514 2405 5569 de
2451 5513 2876 5568 christianarum
2907 5511 3172 5567 virtutum
3195 5514 3476 5579 exercitio,
3506 5532 3602 5584 per

336 5600 717 5669 exemplorum
750 5597 1200 5668 prredicationem
1227 5603 1603 5657 conﬁrmando
1628 5601 1791 5657 unice
1828 5603 2122 5675 cogitabat.

407 5687 571 5754 Quod
612 5685 847 5756 Symeon
877 5685 1278 5756 Metaphrastes
1309 5691 1378 5745 ad
1426 5690 1736 5762 augendum
1756 5692 1965 5746 cultum
2019 5692 2351 5746 Sanctorum
2393 5688 2520 5743 olim
2557 5688 2751 5744 fecisse
2779 5689 2999 5761 legitur,
3038 5690 3090 5744 id
3137 5691 3600 5759 subsequentibus

336 5775 574 5840 mulis,
594 5789 698 5828 non
720 5774 843 5829 sine
870 5774 1088 5845 piorum
1116 5778 1378 5848 applausu
1396 5777 1645 5838 fecerunt
1661 5780 1762 5835 viri
1785 5778 1929 5836 docti
1953 5787 2008 5834 et
2029 5779 2126 5849 pii,
2151 5778 2295 5833 inter
2317 5793 2460 5849 quos
2484 5779 2769 5832 nominare
2793 5780 2969 5849 placet
2990 5777 3253 5834 Iacobum
3273 5778 3340 5833 de
3369 5776 3599 5848 Voragi-

660 5870 938 5932 Ριτιιοι.
970 5869 1104 5951 τϐκ.
1149 5874 1365 5934 CXIV.

3204 5874 3234 5931 1
