4134 6418
548 397 621 462 "ll
1756 407 2161 467 EDITORUM
2211 406 2623 468 l’llt’EFATlO.
3763 399 3830 463 12

557 525 652 575 ne,
685 508 902 565 Petrqu
933 512 999 568 de
1031 512 1332 582 Natalihus,
1354 517 1748 585 'Lipomanum.
1779 517 2026 580 Sui-ium,
2063 512 2508 568 liibadeueiram.
2543 513 2927 584 llosm-ydntu,
2957 511 3275 566 Bollaudum
3299 525 3423 564 cum
3445 507 3627 574 sociis,
3665 506 3826 579 Gyry,

561 608 618 652 et
655 597 926 653 Albanum
963 600 1165 663 Butler,
1198 605 1290 673 qui
1326 621 1538 669 omnes,
1563 605 1628 659 ad
1678 621 1870 668 unum,
1907 604 2127 676 vestigia
2161 603 2448 674 Sytueonis
2480 603 2857 674 Metaphrastze
2901 601 3095 666 secuti,
3122 600 3267 672 plebi
3309 600 3632 656 Christiana
3658 597 3821 668 pluri-

564 699 712 738 mum
741 688 856 740 suis
887 687 1108 758 scriptis
1133 691 1480 760 profuerunt.

633 797 906 853 Cmterum
961 799 1165 858 habent
1199 811 1253 858 et
1283 804 1385 874 ipsi
1429 804 1674 860 historici
1729 815 1784 861 et
1807 806 1907 860 viri
1941 807 2142 870 critici,
2187 809 2330 862 unde
2380 804 2632 877 Sjmconi
2673 803 3054 874 llotaphrastze
3091 803 3291 872 gratias
3337 810 3501 872 agant
3539 819 3552 853 :
3596 814 3743 862 nam,
3769 809 3832 856 ut

563 886 756 943 merito
792 889 1048 946 observat
1071 891 1138 946 ll.
1171 891 1235 948 P.
1269 893 1580 949 Honoratus
1608 910 1638 948 a
1671 893 2072 950 Sancta-Maria
2097 895 2150 948 in
2189 893 2644 950 Observationibus
2671 892 2742 946 ad
2782 891 2990 962 regulas
3019 891 3246 952 critices,
3273 903 3504 958 quarum
3555 887 3799 958 fragmen

563 985 675 1029 tum
703 975 841 1031 infra
864 978 1109 1045 edemus,
1143 980 1243 1050 ipsi
1276 981 1592 1048 Tillemont,
1617 982 1828 1046 Baillet,
1852 981 2094 1054 Launoy,
2124 990 2244 1038 acta
2281 997 2311 1036 a
2345 980 2615 1053 Symeone
2659 978 3029 1048 Metaphraqe
3075 984 3288 1030 servata
3339 975 3562 1029 laudare
3619 989 3826 1044 cogun‘

562 1069 650 1116 tur
673 1072 726 1118 et
743 1063 966 1120 laudant
997 1076 1090 1130 ;et
1119 1083 1188 1122 ne
1209 1068 1564 1139 sibimetipsis
1608 1068 1987 1124 contradicere
2057 1078 2152 1124 aut
2221 1070 2604 1141 Metaphrastze
2646 1067 2849 1137 aliquid
2895 1065 3110 1120 deferre
3138 1065 3448 1129 videantur,
3500 1078 3566 1118 ea
3603 1063 3827 1117 laudant

560 1153 664 1207 sub
693 1155 916 1210 nomine
953 1155 1099 1212 Surii
1137 1167 1232 1212 aut
1262 1157 1530 1226 Bollandi,
1577 1160 1672 1230 qui
1721 1159 1909 1215 eadem
1962 1160 2095 1215 Acta
2121 1177 2149 1214 a
2183 1158 2552 1229 Metaphraste
2580 1165 2808 1224 accepta
2841 1153 2957 1208 suis
3005 1151 3420 1212 collectionibus
3453 1152 3825 1205 inseruerunt.

559 1239 610 1292 J.
647 1239 942 1297 Bollandus
965 1253 1170 1307 autem,
1213 1246 1594 1316 hypercriticis
1620 1247 1739 1302 istis
1762 1247 1988 1317 atquior,
2011 1247 2298 1318 Symeonis
2329 1245 2711 1315 lllctaphrastre
2754 1241 3114 1311 patrocinium
3148 1249 3337 1308 aperte
3375 1239 3604 1308 suscipit
3640 1246 3696 1292 et
3720 1238 3830 1291 lau-

563 1326 687 1380 dem
758 1329 1002 1398 ejusdem
1055 1331 1286 1386 candide
1343 1333 1668 1402 proclamat.
1735 1333 2029 1404 Postquam
2095 1334 2242 1389 enim
2289 1333 2343 1386 in
2395 1329 2717 1386 Pratlatione
2771 1328 2916 1382 Actis
2975 1326 3292 1380 Sanctorum
3360 1327 3640 1396 praemissa
3674 1323 3830 1379 dehi-

564 1423 612 1468 ta
646 1417 893 1470 encomia
951 1418 1186 1474 Eusebio
1207 1418 1528 1475 Caesariensi
1565 1420 1871 1486 tribuisset,
1897 1421 1969 1476 ita
1997 1421 2067 1477 de
2096 1423 2365 1493 Symeone
2391 1420 2611 1476 disserit
2638 1436 2650 1472 :

640 1571 656 1598 ι
695 1548 989 1607 laudabile
1036 1552 1260 1608 Eusebii
1298 1553 1538 1608 studium
1593 1554 1684 1610 alii
1719 1555 1980 1626 deinceps
2007 1555 2223 1610 imitati.
2267 1553 2674 1610 Celeberrimos
2702 1567 2768 1606 eo
2801 1551 2852 1604 in
2891 1563 3091 1619 genere
3131 1547 3366 1619 Symeon
3413 1545 3828 1616 Metaphrastes,

551 1637 657 1705 qui
687 1646 741 1690 et
783 1638 1084 1708 Logothcta
1118 1640 1318 1707 dictus,
1349 1641 1420 1696 ab
1461 1641 1682 1706 illustri,
1705 1659 1872 1714 quam
1900 1641 2510 1712 Constantinopolitano
2533 1641 2588 1694 in
2625 1639 2827 1708 palatio
2867 1637 3056 1708 gessit,
3080 1637 3364 1707 dignitate.
3428 1634 3504 1689 De
3544 1635 3704 1704 cujus
3728 1634 3832 1690 viri

561 1730 743 1785 a'tate,
775 1725 900 1778 vitae
937 1724 1211 1785 instituto.
1254 1726 1748 1790 lucubrationibus,
1778 1730 1904 1806 quia
1941 1730 2113 1783 multa
2138 1744 2425 1800 perperam
2475 1728 2681 1798 scripta
2714 1742 2743 1782 a
2773 1727 2908 1781 viris
2937 1727 3103 1781 etiam
3152 1741 3263 1778 non
3299 1723 3554 1789 indm-tis,
3592 1723 3832 1778 breviter

561 1811 746 1867 dicere
771 1813 1052 1868 constitui.
1091 1813 1331 1870 rEtatem
1374 1815 1492 1886 ipse
1535 1831 1690 1873 suam
1733 1818 1939 1874 indicat
1968 1819 2022 1872 in
2061 1817 2179 1873 Vita
2205 1819 2262 1872 S.
2297 1817 2644 1872 'l‘beoctistes
2675 1814 2902 1876 Leshize,
2939 1829 3101 1884 quam
3130 1829 3162 1866 ι
3189 1811 3514 1866 Novembris
3543 1810 3825 1865 dabimus.

562 1899 710 1953 Illius
740 1899 876 1956 Viue
907 1909 1189 1957 auctorem
1232 1917 1355 1958 esse
1389 1903 1814 1974 Metaphrasten,
1853 1921 1962 1960 non
1995 1905 2164 1960 alium
2213 1904 2526 1976 quempiam
2557 1917 2887 1974 anonymum
2919 1901 3261 1969 scriptorem,
3315 1899 3509 1970 probat
3545 1897 3657 1953 Leo
3683 1897 3831 1952 Alia-

565 1990 672 2041 tius
700 1989 1020 2044 testimonio
1055 1990 1338 2047 Michaelis
1359 1991 1544 2060 l‘selli,
1579 2009 1610 2048 e
1631 1995 1791 2064 cujus
1819 1995 1923 2049 ode
1951 1995 1985 2049 5
2035 1995 2090 2050 in
2141 1993 2197 2048 Ml

2198 1998 2548 2066 etaphrasten
2581 1996 2683 2051 ista
2717 1993 2910 2050 recitat
2938 2011 2952 2048 :
2998 1993 3071 2046 Τὸ
3105 1991 3322 2060 πρῶτόν
3356 2009 3451 2044 σου
3485 1990 3830 2061 σύγγραμμα

562 2077 627 2126 ἐκ
660 2075 916 2146 προνοίας
948 2077 1139 2148 οεῖκῆς
1172 2081 1268 2134 καὶ
1299 2081 1518 2152 ὁμιλίας
1544 2081 1738 2150 γέγονε
1767 2081 1863 2135 τοῦ
1902 2083 2047 2156 ἱεροῦ
2084 2084 2392 2155 πρεσϐύτου
2427 2085 2521 2138 καὶ
2559 2081 2851 2154 μοναστοῦ,
2884 2079 3108 2150 Συμεὼν
3137 2080 3419 2141 Θεσπέσιε,
3463 2078 3523 2134 ὃν
3571 2080 3630 2130 ἐν
3665 2079 3832 2148 Πάρῳ

561 2167 626 2233 τῇ
661 2166 810 2234 νήσῳ
839 2164 1211 2237 τεθεώρηκας.
1271 2167 1456 2224 Prima
1516 2179 1610 2223 tua
1671 2171 2044 2224 commentatio
2077 2187 2142 2225 ea:
2189 2173 2370 2227 divina
2421 2171 2750 2242 providentia
2780 2179 2830 2224 et
2867 2169 3128 2239 colloquio
3151 2169 3292 2239 facta
3326 2175 3400 2220 est
3445 2167 3588 2220 sacri
3614 2166 3753 2219 senis
3781 2175 3830 2218 et

564 2253 824 2318 solitarii,
865 2253 1095 2324 Symeon
1115 2256 1454 2312 admirabilis
1481 2273 1634 2329 quem
1662 2258 1720 2311 in
1747 2257 1889 2312 Paro
1923 2259 2097 2312 insula
2129 2259 2324 2314 vidisti.
2363 2259 2584 2314 Plenius
2629 2258 2680 2312 id
2716 2255 3046 2326 colloquium
3108 2255 3159 2308 in
3206 2253 3554 2308 Theoctistes
3604 2251 3832 2324 virginis

565 2337 680 2393 Vita
715 2340 966 2396 refertur.
1021 2341 1190 2398 Addit
1219 2341 1463 2400 Psellus:
1532 2343 1722 2411 Ἀξεως
1754 2345 2065 2417 ὲξύμνησας
2092 2347 2192 2416 τῆς

2215 2347 2448 2412 Λεσϐιας
2477 2346 2544 2400 τὰ
2569 2345 2798 2418 λαμπρὰ
2829 2346 2924 2398 καὶ
2950 2344 3070 2396 Θεῖα
3100 2341 3459 2410 ἀγωνίσματα
3497 2340 3829 2410 Θεοκτίστης

561 2429 660 2497 τῆς
690 2428 882 2494 ὅντως,
922 2431 1212 2499 ἀγγελικὸν
1249 2433 1448 2504 μικροῦ
1503 2433 1598 2488 καὶ
1649 2433 1942 2504 ἀσώματον
1977 2437 2193 2489 τελεσὰε

2196 2453 2277 2508 της
2329 2435 2622 2504 πανσὸφως
2671 2433 2734 2487 τὸ
2768 2431 3092 2502 πολίτευμα.
3153 2430 3258 2484 Pro
3293 2430 3553 2500 dignitate
3591 2430 3828 2484 laudasti

563 2517 762 2572 Lesbia:
794 2518 1026 2573 illustria
1081 2529 1130 2574 et
1183 2521 1362 2575 divina
1398 2523 1694 2576 certamina
1753 2539 1872 2577 vere
1931 2523 2195 2579 Theoctist.

2200 2542 2236 2580 re
2288 2522 2367 2591 (id
2394 2531 2480 2577 est
2526 2537 2556 2576 a
2590 2519 2702 2576 Deo
2740 2519 3066 2589 fabricatae),
3107 2533 3223 2588 qua:
3261 2517 3561 2586 angelicum
3594 2534 3757 2587 prope
3783 2527 3832 2572 et

561 2607 924 2676 incorporeum
963 2609 1086 2662 vitae
1119 2609 1332 2663 modum
1357 2610 1630 2679 sapienter
1653 2611 1842 2665 tenuit.
1893 2611 2010 2676 Qua
2058 2627 2190 2667 vero
2217 2609 2508 2668 occasione
2547 2609 2600 2662 in
2633 2607 2834 2662 Parum
2861 2607 3097 2671 venerit,
3128 2614 3185 2660 et
3215 2605 3578 2661 sanctissimae
3605 2606 3836 2678 virginis

563 2697 820 2766 prazclara
861 2696 1104 2752 facinora
1139 2713 1205 2751 ex
1231 2698 1562 2753 anachoreta
1602 2696 1881 2763 didicerit,
1915 2698 2032 2768 ipse
2066 2699 2195 2755 indit

2201 2706 2273 2756 :at
2335 2697 2779 2768 Mctaphrastes:
2839 2695 3125 2766 Γενομένῳ
3179 2694 3270 2764 μοι
3333 2710 3463 2747 ποτε
3519 2693 3670 2748 κατὰ
3743 2692 3833 2748 τὸν

562 2780 744 2850 Πάρον
772 2797 786 2812 ·
833 2782 1033 2850 γέγονα
1074 2781 1152 2844 δὲ,
1190 2782 1282 2835 καὶ
1314 2781 1426 2854 γὰρ
1471 2783 1566 2836 ἐπὶ
1601 2783 1828 2854 Κρήτην
1861 2783 2106 2838 διέπλεον
2137 2785 2241 2838 ὑπὸ
2269 2786 2363 2840 τοῦ
2401 2784 2708 2857 μακαρίτου
2760 2784 2990 2846 Λέοντος
3029 2783 3211 2836 ἐκεῖσε
3246 2781 3524 2850 πεμφθεὶς
3547 2819 3564 2845 ,
3614 2781 3838 2844 Λέοντός

561 2886 708 2939 φημι
738 2869 833 2922 τοῦ
864 2869 1123 2940 εὐτυχοῦς
1154 2870 1326 2934 ὅντως
1356 2871 1642 2942 βασιλέως,
1676 2874 1769 2925 καὶ
1794 2871 1896 2944 τὴν
1933 2873 2192 2943 εὐτυχίαν
2252 2873 2542 2943 Ῥωμαίων
2576 2872 2654 2942 τῷ
2688 2871 2847 2942 τάφῳ
2884 2870 3262 2939 ἀναθὰψαντος
3287 2885 3302 2899 ο
3349 2869 3567 2938 ὲπεμπὸ
3587 2887 3696 2943 μην
3747 2869 3844 2924 καὶ

564 2957 1104 3029 συστρατρευόμενος
1148 2957 1394 3029 Ἠμερίῳ
1437 2959 1515 3030 τῷ
1537 2960 1703 3024 πάνυ,
1747 2959 1823 3026 τῷ
1869 2963 2370 3031 στρατηγικωτάτῳ
2419 2959 2646 3031 δηλαδὴ,
2715 2960 2812 3012 καὶ
2859 2958 3081 3028 ἄρχοντι
3136 2957 3232 3012 τοῦ
3262 2975 3320 3010 τε
3356 2957 3559 3028 δρόμου
3613 2959 3705 3012 καὶ
3741 2956 3838 3012 τοῦ

563 3045 753 3098 στόλου
785 3045 986 3107 παντὸς
1016 3044 1050 3114 ἢ
1078 3045 1204 3112 τόγε
1246 3045 1614 3116 ἀληθέστερον
1664 3047 1760 3100 καὶ
1795 3047 1977 3100 αὐτῶν
2027 3049 2207 3101 εἰπεῖν
2242 3048 2350 3100 τῶν
2388 3047 2610 3102 παθῶν·
2644 3047 2738 3100 καὶ
2787 3045 2872 3098 ἵνα
2909 3045 2984 3116 μὴ
3015 3045 3076 3099 τδ
3115 3045 3327 3098 πολλῶν
3354 3045 3652 3116 ἐγκωμίων
3680 3045 3832 3109 ἄξιον

561 3134 664 3202 τῆς
721 3131 1075 3202 στρατηγίας’
1111 3131 1322 3184 ἐκείνου
1361 3132 1642 3203 πάρεργον
1665 3133 2058 3203 ποιησάμενος,
2117 3135 2210 3188 καὶ
2243 3134 2416 3205 μικρὰ
2455 3135 2646 3188 τούτου
2683 3133 2946 3204 μνησθεὶς
2974 3133 3228 3204 ἀτιμάσω
3256 3132 3346 3186 τὸν
3383 3133 3578 3204 ἄνδρα,
3613 3134 3708 3186 ἐπὶ
3744 3131 3835 3186 τὸν

563 3221 848 3292 παροῦσαν
895 3222 1034 3284 τέως
1083 3220 1344 3274 ὑπόθεσιν
1397 3217 1550 3290 εἶμι,
1619 3221 1830 3274 ἐκείνου
1887 3223 2028 3277 κατὰ
2059 3225 2252 3296 καιρὸν
2293 3225 2739 3296 μνησθησῦμενος
2771 3239 2784 3255 ο
2822 3223 3154 3294 ἔστελλόμην
3208 3221 3498 3294 τοιγαροῦν
3533 3221 3696 3276 τοῦτο
3737 3221 3836 3292 μὲν

563 3311 759 3380 ἐκείνῳ
791 3308 1314 3380 συστρατευόμενος,
1372 3310 1465 3362 καὶ
1509 3309 1978 3381 προϐιῧαζόμενος
2013 3313 2092 3376 εἰς
2127 3317 2322 3384 πεῖραν
2361 3312 2754 3386 στρατηγικὴν,
2791 3307 2878 3364 οἵα
2923 3311 3105 3374 πῶλος
3159 3311 3348 3382 μητρὶ,
3406 3309 3542 3377 πρὸς
3595 3310 3664 3363 τὰ
3710 3327 3839 3379 γεν-

567 3398 824 3452 ναιότατα
855 3397 950 3451 τοῦ
984 3396 1460 3468 στρατηγημάτων
1492 3399 1804 3469 συγχαίρων
1837 3415 1851 3429 ·
1902 3399 2045 3453 οὓτω
2078 3401 2188 3471 γὰρ
2211 3397 2282 3473 ἦν
2311 3400 2619 3472 μακαρίτου
2663 3419 2762 3471 μου
2793 3399 3058 3470 βασιλέως
3091 3400 3307 3462 σκοπός·
3342 3397 3502 3452 τοῦτο
3546 3399 3643 3453 καὶ
3673 3411 3838 3469 πρεσ-

567 3487 862 3556 ϐευῦμενος
889 3484 1024 3554 προς
1055 3485 1184 3548 τοὺς
1213 3484 1305 3537 τὸν
1333 3485 1560 3556 Κρήτην
1591 3485 1816 3556 ἔχοντας
1849 3488 2118 3558 Ἄραϐας.
2151 3489 2199 3543 (2·

2205 3505 2283 3542 um
2320 3489 2610 3559 aliquando
2641 3490 2697 3541 in
2733 3488 2872 3542 Paro
2906 3503 3070 3542 essem
3100 3486 3274 3541 insula
3303 3501 3322 3540 :
3367 3487 3445 3557 fui
3474 3499 3679 3550 autent,
3713 3501 3837 3540 nam

563 3575 618 3627 in
641 3571 796 3628 Creta
827 3573 1147 3642 navigabant
1177 3589 1210 3627 a
1250 3571 1422 3627 Leone
1449 3573 1616 3628 beatae
1655 3576 1922 3630 memoria:
1949 3592 2008 3630 eo
2038 3577 2227 3631 missus
2253 3593 2272 3639 ;
2301 3575 2472 3631 Leone
2509 3577 2728 3648 inquam
2761 3577 2854 3630 illo
2889 3581 3005 3631 vet'e
3036 3577 3316 3648 fortunato
3355 3575 3706 3642 imperatore,
3748 3573 3840 3641 qui

566 3664 742 3728 ipsam
771 3659 1130 3715 Romanorum
1161 3660 1467 3732 felicitatem
1497 3677 1671 3716 secum
1693 3661 1901 3718 ridetur
1937 3665 1994 3717 in
2017 3665 2316 3734 sepulcrum
2357 3663 2617 3718 intulisse.
2652 3663 2904 3718 Mittebar
2929 3673 3108 3717 autem
3137 3661 3466 3716 militaturus
3494 3677 3617 3715 cum
3651 3660 3842 3714 claris-

567 3751 702 3803 simo
749 3749 842 3803 illo
893 3747 1147 3806 Himerio.
1179 3758 1364 3819 utpote
1415 3750 1640 3804 ducendi
1673 3753 1934 3805 exercitus
1967 3753 2306 3820 peritissimo,
2343 3751 2524 3806 Dromi
2569 3754 2814 3823 pra'fecto
2872 3751 3028 3815 (sive
3059 3751 3357 3822 Logotheta
3388 3755 3429 3820 ),
3460 3752 3554 3820 qui
3583 3751 3838 3805 universa!

568 3837 726 3891 classi
752 3837 1068 3905 imperabat,
1099 3847 1216 3900 aut,
1252 3847 1308 3890 ut
1344 3838 1722 3904 veriusdicam,
1759 3839 1887 3908 ipsis
1915 3842 2082 3894 animi
2106 3839 2584 3910 perturbationibus
2609 3855 2627 3893 .'
2654 3841 2744 3893 sed
2767 3855 2832 3892 ne
2875 3839 3054 3892 multis
3101 3837 3425 3908 efferendum
3475 3835 3724 3890 laudibus
3765 3835 3834 3889 il-

569 3926 670 3980 lius
701 3925 950 3994 peritiam
980 3924 1102 3979 belli
1121 3925 1532 3980 administrandi
1556 3925 1723 3980 obiter
1756 3927 2043 3998 attingens,
2078 3928 2178 3982 levi
2198 3928 2312 3997 ejus
2356 3929 2502 4000 facta
2531 3930 2810 3992 mentione,
2839 3928 3057 3982 dedecus
3076 3928 3124 3981 ei
3146 3927 3320 3996 potius
3347 3925 3529 3980 videar
3559 3925 3832 3986 inussisse,

567 4013 638 4066 ad
663 4013 988 4082 propositam
1029 4014 1231 4067 interea
1277 4013 1640 4067 narrationem
1684 4014 1859 4079 redeo,
1887 4015 1954 4069 de
1985 4031 2044 4069 eo
2077 4017 2424 4085 opportunius
2468 4018 2707 4071 dicturus
2739 4017 2902 4070 alias.
2931 4015 3183 4070 Mittebar
3211 4016 3376 4087 igitur
3399 4015 3596 4081 partim
3624 4029 3741 4066 cum
3776 4029 3835 4066 eo

568 4102 917 4163 militaturus,
949 4110 1000 4154 et
1024 4101 1094 4154 ad
1128 4100 1485 4170 imperatoriae
1500 4101 1636 4154 artis
1661 4101 2030 4156 documentum
2060 4105 2280 4175 aliquod
2309 4108 2710 4176 promovendus,
2745 4116 2800 4160 ut
2825 4107 3074 4178 equuleus
3111 4103 3270 4158 matri
3293 4101 3442 4164 solet,
3471 4101 3541 4154 ad
3571 4101 3833 4170 pra-clara

567 4192 682 4262 ejus
712 4199 1098 4262 stratagemata
1129 4190 1375 4245 assiliens
1411 4190 1488 4259 (id
1517 4190 1656 4244 enim
1686 4191 1946 4260 praecipue
1975 4191 2240 4264 Augustus
2292 4195 2618 4266 spectabat);
2651 4196 2849 4264 partim
2888 4203 2946 4248 ut
2972 4192 3042 4248 ad
3067 4193 3271 4246 Arabas
3297 4188 3510 4245 Cretam
3543 4189 3835 4244 obtinentes

568 4281 827 4350 legatione
857 4281 1119 4350 fungerer.
1159 4275 1350 4333 Varias
1381 4277 1656 4332 Himerius
1685 4277 1985 4348 Logotheta
2016 4281 2395 4350 expeditiones
2423 4283 2644 4338 navales
2667 4281 3173 4350 Leoneimperante
3215 4277 3478 4346 suscepit,
3503 4276 3682 4330 donec
3710 4285 3833 4330 tan-

567 4367 692 4422 dem
721 4367 787 4421 ad
819 4366 1042 4421 Samum
1075 4366 1307 4420 insulam
1345 4379 1534 4420 mense
1566 4363 1789 4421 Octobri
1819 4382 1966 4422 anno
2002 4368 2100 4422 9H
2137 4369 2402 4426 adversus
2448 4385 2545 4426 ccc
2587 4370 2964 4442 Agarenorum
3011 4381 3180 4421 naves
3217 4365 3507 4420 infeliciter
3539 4364 3836 4419 commisso

565 4454 774 4524 praelio,
808 4461 1097 4524 propterea
1140 4455 1209 4507 ab
1241 4452 1548 4508 Alexandro
1592 4453 1944 4523 imperatore,
1988 4453 2191 4511 Leonis
2230 4456 2420 4524 fratre,
2461 4459 2516 4512 in
2549 4457 2876 4528 Calvporum
2916 4453 3314 4509 monasterium
3362 4451 3654 4523 relegatus,
3686 4451 3836 4506 haud

567 4545 730 4616 longo
759 4550 886 4612 post
913 4550 1159 4610 tempore
1200 4539 1461 4596 aerumnis
1489 4539 1776 4596 confectus
1795 4541 1950 4596 obiit.
1982 4542 2155 4609 Quam
2193 4545 2282 4600 hic
2311 4546 2708 4616 Metaphrastes
2735 4551 3002 4599 memorat
3028 4541 3452 4612 expeditionem,
3502 4539 3592 4594 cui
3625 4548 3682 4594 ct
3717 4540 3835 4610 ipse

569 4628 906 4694 interfuerit,
942 4643 1005 4682 ea
1035 4627 1254 4683 videtur
1274 4643 1437 4698 quant
1461 4626 1818 4698 Curopalates
1845 4637 1900 4684 et
1927 4629 2208 4688 Cedrenus
2231 4634 2450 4688 tradunt
2472 4632 2776 4688 confectam
2807 4630 2998 4685 decem
3033 4639 3161 4684 ante
3190 4627 3392 4683 Leonis
3417 4626 3629 4681 obitum
3649 4627 3831 4689 annis,

564 4737 690 4778 cum
741 4721 978 4792 Symeon
1015 4717 1346 4772 secretarius
1377 4718 1395 4786 (
1424 4717 1516 4787 qui
1545 4717 1688 4772 idem
1720 4718 1836 4788 ipse
1855 4718 2246 4788 Metaphrastcs
2273 4721 2490 4776 videtur
2513 4719 2725 4788 fuisse)
2757 4729 2976 4774 centum
3010 4719 3129 4772 auri
3175 4717 3340 4772 libras
3368 4731 3398 4769 a
3447 4713 3834 4788 llhodophyllo

560 4811 912 4867 Cubiculario
968 4808 1022 4862 iu
1063 4807 1259 4862 itinere
1297 4806 1539 4870 relictas,
1579 4805 1744 4861 Leoni
1791 4806 2072 4877 Tripolitte
2123 4821 2388 4880 apostata:
2422 4811 2594 4878 dedit,
2638 4827 2708 4866 ne
2754 4809 3204 4866 Thessalonicam
3255 4814 3468 4877 captam
3504 4812 3779 4861 everteret
3816 4823 3829 4858 :

563 4904 708 4973 quod
742 4903 887 4956 illius
928 4900 1131 4955 factum
1163 4900 1232 4955 ita
1263 4907 1474 4972 gratum
1511 4900 1614 4954 luit
1645 4900 1984 4970 imperatori,
2025 4909 2084 4955 ut
2116 4915 2242 4954 eum
2272 4900 2560 4970 patricium
2593 4910 2648 4954 et
2682 4899 2916 4969 primum
2949 4895 3304 4951 secretarium
3345 4893 3700 4949 renuntiarit.

641 5061 658 5092 ι
682 5039 802 5095 Non
832 5045 953 5094 erat
983 5046 1116 5092 tunc
1149 5021 1440 5091 admodum
1478 5047 1606 5090 natu
1651 5047 1945 5107 prm't'tzltts
1975 5037 2388 5106 Mctaphrastcs,
2426 5045 2486 5089 ut
2507 5035 2601 5104 qui
2637 5032 3000 5104 imperatoriae
3027 5031 3244 5087 virtutis
3288 5029 3596 5085 tirocinium
3627 5040 3830 5096 ponere

563 5129 667 5185 sub
695 5135 952 5183 veterano
977 5123 1432 5192 duccjuhcretur.
1458 5124 1642 5178 Fuerit
1688 5133 1818 5178 tunc
1851 5140 1915 5177 xx
1958 5133 2054 5178 aut
2108 5140 2219 5179 xxu
2275 5137 2544 5177 annorum
2575 5137 2589 5185 ;
2632 5119 2995 5190 potuitigitur
3023 5118 3089 5174 a-.l
3115 5133 3320 5172 annum
3357 5115 3561 5169 Cluisti
3605 5113 3711 5168 957
3736 5127 3833 5172 aut

564 5222 670 5280 960
701 5221 866 5274 vitam
893 5217 1093 5273 deinde
1139 5215 1464 5286 producere.
1501 5218 1676 5285 Atque
1722 5215 1794 5268 ita
1827 5215 1930 5269 sub
1967 5214 2330 5270 Constantino
2391 5212 2878 5284 Porphyrogcnito,
2905 5210 3105 5266 Leonis
3156 5210 3286 5274 lilio,
3318 5218 3429 5262 tum
3481 5206 3829 5261 Thcoctistcs

565 5309 754 5373 vitam,
802 5316 917 5362 tum
945 5305 1048 5360 alia
1079 5305 1422 5360 diversorum
1449 5313 1568 5358 acta
1591 5317 1715 5358 eum
1741 5301 2096 5356 elucubrasse
2131 5311 2342 5357 certum
2371 5301 2589 5355 videtur
2617 5316 2630 5363 ;
2660 5315 2794 5359 non.
2843 5307 2901 5352 ut
2926 5299 3155 5353 Allatius
3184 5296 3392 5358 scribit,
3437 5295 3539 5347 sub
3576 5292 3757 5346 Leone
3774 5302 3832 5348 et

563 5393 960 5452 Constantino:
987 5406 1109 5444 nam
1127 5391 1180 5444 in
1210 5392 1309 5446 hac
1327 5389 1446 5445 Vita
1473 5389 1708 5445 Leonem
1726 5387 1927 5443 diserte
1953 5391 2043 5442 τὸν
2070 5389 2402 5460 μακαρίτην,
2430 5390 2596 5460 felicis
2627 5391 2915 5451 memoriaz,
2934 5387 3188 5458 appellat,
3218 5401 3325 5456 qua
3345 5382 3557 5436 ratione
3582 5381 3728 5451 loqui
3761 5382 3830 5438 de

567 5481 797 5537 mortuis
825 5481 1086 5535 solemus.
1126 5479 1182 5534 Si
1211 5496 1271 5534 ea
1301 5481 1476 5550 prima
1512 5485 1631 5553 ejus
1661 5477 2078 5538 commentatio~
2103 5478 2226 5540 fuit,
2255 5479 2391 5533 nihil
2433 5479 2598 5549 igitur
2639 5479 2740 5532 sub
2793 5477 2973 5532 Leone
2999 5474 3238 5544 scripsit,
3271 5472 3414 5542 quod
3453 5470 3676 5538 quidem
3709 5469 3831 5527 edi-

563 5571 707 5626 derit
739 5570 790 5622 in
812 5569 1010 5624 lucem.
1047 5567 1236 5639 Neque
1271 5569 1578 5624 Alexandro
1606 5585 1786 5626 rerum
1813 5569 2056 5638 potiente
2105 5566 2180 5621 ita
2205 5565 2424 5621 laudare
2447 5566 2748 5622 Himerium
2777 5580 2944 5620 ausus
2969 5572 3136 5619 esset.
3177 5559 3455 5628 Praecipue
3473 5557 3720 5627 publicas
3745 5571 3832 5611 res

567 5667 800 5712 tractare
831 5657 932 5711 sub
965 5656 1147 5710 Leone
1179 5656 1369 5726 cmpit.
1394 5654 1528 5712 Nam
1558 5673 1705 5721 cum,
1733 5667 1794 5713 ut
1817 5657 2027 5713 Psellus
2055 5663 2308 5715 testatur,
2351 5653 2546 5710 illustri
2573 5663 2734 5710 natus
2761 5651 2986 5715 familia,
3029 5647 3382 5721 amplissimis
3407 5645 3608 5716 opibus
3639 5644 3832 5698 alllue-

563 5755 671 5809 rct,
704 5745 992 5800 excelleret
1021 5743 1349 5798 eruditionis
1398 5743 1561 5808 fatua,
1605 5756 1768 5815 atque
1811 5746 2087 5818 egregium
2129 5747 2240 5802 illic
2269 5747 2576 5817 prudentia:
2624 5745 2907 5815 specimen
2954 5743 3215 5802 dedisset,
3270 5743 3422 5794 tanta
3461 5735 3721 5804 deinceps
3774 5734 3826 5787 in

567 5834 737 5906 gratia
777 5834 1040 5904 sapientis
1073 5831 1418 5902 imperatoris
1466 5831 1590 5900 fuit,
1617 5843 1673 5888 ut
1700 5834 1843 5903 quod
1874 5832 2064 5890 Parius
2109 5835 2200 5890 ille
2232 5833 2533 5891 monachus
2587 5831 2939 5902 praedixerat,
2984 5842 3228 5884 summos
3287 5824 3549 5894 deinceps
3591 5823 3828 5876 honores
