4134 6464
316 442 385 507 13
1547 446 1957 509 EDITORUM
2001 449 2399 511 PRI‘EFATIO
3551 455 3619 519 14

317 556 386 612 sit
411 566 761 612 consecutus
794 574 811 623 ;
844 573 993 629 quos
1043 558 1309 615 industria
1344 558 1628 630 singulari,
1677 560 1802 623 ﬁde,
1839 560 2123 629 gravitate,
2168 563 2457 630 modestia,
2490 564 2820 621 liberalitate
2866 567 3073 638 gessit:
3108 581 3230 637 quae
3260 566 3445 622 omnia
3477 584 3620 638 pra--

321 647 471 702 dicat
499 646 739 703 Psellus.

399 777 419 809 ε
460 760 567 813 His
606 759 702 814 ille
736 760 1012 817 doctrinae
1046 760 1388 831 fortunaeque
1416 762 1684 831 przesidiis
1716 772 1968 827 ornatus,
2019 779 2143 818 cum
2200 772 2454 821 cerneret
2498 774 2553 821 et
2594 766 2827 838 gloriosa
2878 775 3052 839 marty
3083 783 3176 821 um
3206 769 3533 831 certamina,
3566 780 3622 825 et

325 848 747 903 monachorum
796 849 1096 919 praeclaras
1149 849 1593 917 exercitationes,
1637 850 1708 906 ita
1736 850 1990 921 imperite
2044 851 2364 907 etinornate
2391 853 2618 911 traditas
2653 868 2775 909 esse
2819 852 3033 917 litteris,
3067 862 3125 910 ut
3155 848 3309 910 m'ulti
3344 872 3413 910 ne
3440 856 3621 926 legere
3702 890 3709 898 .

325 935 554 1005 quidem
585 950 683 990 eas
702 936 929 1002 vellent,
963 938 1185 1008 quidam
1213 937 1378 992 etiam
1404 937 1517 992 risu
1554 939 1919 1009 exciperent;
1951 939 2176 996 meliora
2203 951 2385 997 autem
2413 942 2633 1009 afferre,
2675 942 2813 997 alios
2853 951 3079 1013 propter
3107 944 3275 1001 animi
3311 944 3620 1000 socordiam

329 1023 503 1083 nolle,
534 1022 675 1076 alios
703 1022 850 1092 quod
869 1039 1012 1093 opus
1028 1033 1175 1079 esset
1196 1024 1447 1079 immensi
1488 1026 1676 1091 studii,
1708 1036 1756 1080 et
1795 1028 1880 1081 cui
1912 1044 1976 1082 ne
2002 1036 2114 1082 tota
2153 1030 2364 1099 quidem
2397 1032 2499 1085 viri
2532 1031 2969 1101 vitaz'suﬁ‘ecerit,
2996 1046 3105 1086 non
3138 1046 3323 1103 posse,
3357 1033 3615 1102 juvenife,

331 1120 395 1165 ut
427 1110 579 1165 idem
609 1109 825 1165 Psellus
848 1111 1061 1175 scribit,
1081 1112 1392 1183 aggreditur
1412 1113 1644 1183 facinus,
1670 1115 1751 1167 uel
1779 1114 1984 1184 felicem
2013 1117 2187 1185 potius
2214 1121 2471 1174 actionem
2511 1137 2672 1190 quam
2706 1119 2883 1174 nullus
2915 1120 3146 1173 omnium
3175 1120 3334 1191 gessit
3358 1120 3620 1191 feciliter;

331 1216 427 1269 per
484 1216 654 1268 quam
704 1198 797 1254 ille
850 1198 1017 1254 evasit
1074 1200 1272 1253 clarior
1317 1199 1560 1255 omnibus
1595 1201 1688 1268 qui
1731 1212 1850 1255 sunt
1881 1201 2094 1272 ubique,
2131 1207 2377 1273 eruditis,
2402 1218 2451 1263 et
2490 1208 2593 1262 Deo
2621 1210 2949 1263 consecravit
2982 1225 3045 1263 ea
3074 1225 3192 1280 qua:
3223 1218 3346 1263 sunt
3381 1210 3619 1263 omnium

332 1286 1133 1357 pulcherrima,martyrumque
1160 1287 1458 1340 certamina
1495 1295 1544 1340 et
1565 1304 1768 1349 cursus,
1812 1297 1859 1342 et
1907 1294 2287 1348 monachorum
2325 1295 2702 1351 abstinentiam
2750 1307 2911 1367 atque
2960 1298 3274 1364 patientiam
3313 1299 3518 1353 ornavit
3556 1317 3619 1353 ac

334 1376 631 1429 decoravit.
688 1375 755 1430 Et
783 1374 954 1429 multa
992 1374 1215 1443 quidem
1249 1374 1339 1429 ille
1369 1390 1435 1430 ac
1466 1390 1660 1446 magna
1681 1384 1845 1431 tantae
1899 1378 1976 1432 rei
2018 1381 2341 1451 peragendae
2378 1382 2693 1453 adjumcnta
2744 1384 2983 1439 habebat
3011 1399 3075 1439 ac
3098 1385 3370 1455 praesidia.
3413 1386 3620 1441 Auctor

334 1463 590 1531 praeclari
631 1462 845 1518 consilii
879 1461 1115 1532 ipsemet
1144 1460 1321 1516 fuerat
1346 1462 1643 1531 imperator
1665 1462 1797 1533 (Leo
1832 1464 2098 1530 fortassis,
2119 1468 2224 1522 etsi
2254 1483 2321 1523 eo
2359 1470 2654 1538 superstite
2677 1486 2790 1524 rem
2823 1472 2969 1526 serio
2994 1472 3212 1543 aggredi
3245 1472 3621 1543 non’potucrit

336 1550 604 1621 sinit-‘0".
632 1558 729 1603 aut
756 1549 877 1619 ejus
907 1547 1054 1603 ﬁlius
1103 1548 1521 1611 Constantinus.
1549 1549 1785 1619 hnjusve
1813 1566 1968 1606 socer
2026 1553 2354 1627 Romanus),
2394 1558 2623 1612 aderant
2669 1546 2995 1614 hortatores
3025 1560 3243 1630 plurimi
3280 1578 3295 1625 ;
3350 1562 3614 1617 librorum

332 1636 595 1708 egregius
622 1646 936 1706 apparatus,
978 1635 1393 1693 amanuensium
1421 1635 1836 1707 scribarumque
1880 1642 2080 1710 copia:
2125 1660 2231 1698 una
2261 1644 2504 1700 defuisse
2538 1646 2775 1708 videtur,
2820 1656 3048 1717 propter
3112 1649 3357 1715 assidua,
3417 1650 3619 1719 quibus

332 1734 594 1793 praeerat,
619 1724 935 1794 reipublicae
977 1724 1215 1795 negotia,
1249 1739 1372 1794 quae
1400 1724 1709 1796 collegisset
1756 1741 1821 1781 ac
1883 1729 2144 1787 dictasset
2202 1734 2625 1805 recognoscendi
2672 1734 2924 1789 facultas.
2954 1733 3200 1790 Tandem
3235 1744 3468 1790 mortem
3492 1738 3619 1792 vitae

333 1822 770 1867 conscntaneam
788 1818 1140 1876 consecutus,
1161 1811 1245 1866 Ad
1263 1811 1429 1866 Deum
1444 1814 1703 1879 ascendit,
1724 1813 1904 1883 inquit
1922 1814 2063 1870 idem
2079 1825 2292 1883 auctor,
2317 1828 2365 1872 et
2383 1820 2526 1888 apud
2551 1818 2671 1873 illos
2683 1819 2827 1873 ducit
2847 1820 3051 1883 choros,
3115 1835 3339 1890 quorum
3374 1836 3545 1874 mores
3568 1828 3617 1875 et

334 1902 504 1954 vitam
531 1900 615 1953 hic
641 1900 1081 1969 circumscripsit.
1135 1900 1279 1955 Nam
1303 1900 1385 1955 uel
1406 1901 1465 1954 in
1487 1900 1594 1969 ﬁne
1622 1903 1872 1963 ostendit,
1889 1908 2097 1972 qualem
2116 1906 2283 1960 vitam
2307 1907 2517 1977 egisset.
2553 1904 2678 1960 Non
2710 1907 2848 1960 enim
2874 1922 2992 1960 eum
3019 1905 3180 1961 veluti
3206 1906 3491 1961 abscissum
3525 1916 3618 1962 aut

334 1988 570 2041 divisum
588 1988 750 2057 fuisse
774 1989 956 2042 dicunt
984 1989 1025 2041 ii
1050 1989 1143 2060 qui
1185 1989 1427 2043 viderunt
1459 2005 1478 2042 :
1504 1989 1597 2042 sed
1617 1990 1895 2044 videbatur
1920 1986 2082 2042 veluti
2102 2004 2134 2041 a
2162 1988 2394 2059 quodam
2416 1988 2627 2043 uinculo
2657 1988 2879 2044 liberari
2899 1997 2949 2044 et
2978 1989 3145 2044 hilari
3184 1998 3316 2043 nutu
3342 2005 3397 2043 se
3433 2000 3618 2044 exten-

334 2078 464 2130 dere
489 2077 564 2130 ad
587 2076 833 2129 ducentes
853 2076 1088 2145 angelos,
1116 2085 1164 2130 et
1190 2077 1577 2147 quodammodo
1626 2078 1855 2147 seipsttm
1887 2077 2098 2133 tradere
2121 2079 2360 2143 illorum,
2381 2080 2642 2144 manibus,
2692 2089 2752 2133 ut
2784 2081 2887 2134 cito
2923 2081 3208 2153 emigraret
3243 2096 3270 2135 e
3320 2096 3553 2150 corpore.
3592 2099 3609 2130 ι

408 2165 576 2231 Cum,
614 2165 834 2221 favente
854 2165 967 2236 jam
1002 2166 1138 2236 preli
1170 2167 1525 2232 fecunditate,
1555 2168 1624 2223 de
1654 2169 1973 2240 colligendis
1997 2176 2052 2225 et
2083 2167 2446 2238 propagandis
2470 2165 2612 2222 Vitis
2658 2166 2986 2222 Sanctorum
3026 2168 3267 2237 primum
3315 2168 3615 2239 cogitatum

337 2263 447 2316 est,
486 2253 841 2309 doctissimus
868 2253 1120 2324 Aloysius
1163 2253 1519 2325 Lipomanus,
1579 2257 1872 2327 cpiscopus
1894 2255 2250 2321 Veronensis,
2270 2254 2684 2310 translationem
2710 2252 2960 2309 Latinam
2992 2254 3243 2310 Vitarum
3282 2270 3313 2310 a
3345 2255 3619 2327 Symeone

336 2340 715 2411 Mctapbraste
737 2341 1010 2395 editarum
1042 2341 1144 2395 sibi
1166 2344 1497 2412 procuravit.
1525 2341 1769 2415 Ingentis
1818 2343 2171 2400 Collectionis
2209 2358 2323 2396 sua:
2362 2351 2569 2397 tomum
2601 2342 2840 2412 primum
2867 2357 2959 2398 an.
2986 2342 3116 2398 1551
3145 2342 3200 2397 in
3227 2342 3500 2413 publicam
3529 2343 3616 2397 lu-

337 2445 461 2485 cem
489 2429 662 2483 misit.
696 2427 871 2483 'l‘omo
899 2436 1085 2484 autem
1122 2427 1186 2491 V,
1218 2430 1310 2500 qui
1337 2446 1426 2484 an.
1466 2431 1609 2487 1556
1638 2431 1858 2502 prodiit,
1900 2429 2050 2486 Vitas
2088 2429 2668 2501 Sanctorum‘quorum
2698 2430 2833 2485 festa
2864 2431 2919 2484 in
2957 2431 3273 2494 Novembri,
3302 2431 3611 2500 Decembri,

337 2517 614 2573 Januario
640 2525 697 2572 et
727 2515 1026 2572 Februario
1053 2516 1428 2585 celebrantur,
1451 2534 1481 2573 a
1515 2519 1885 2590 Metapbraste
1905 2519 2034 2574 olim
2067 2516 2255 2574 Graaee
2285 2518 2538 2588 scriptas,
2561 2527 2616 2572 et
2636 2532 2814 2588 nuper
2838 2534 2868 2572 a
2897 2517 3169 2575 Gentiano
3202 2517 3438 2574 [lerveto
3471 2519 3620 2574 Lati-

340 2621 446 2660 nas
471 2605 652 2660 factas
673 2602 931 2658 inseruit.
955 2601 1161 2659 Tomus
1188 2604 1277 2671 Vl,
1298 2606 1392 2676 qui
1414 2622 1562 2662 anno
1586 2608 1725 2663 1558
1748 2608 1932 2663 editus
1952 2614 2061 2671 est,
2093 2604 2249 2661 Vitas
2272 2604 2601 2661 Sanctorum
2626 2605 2776 2673 Maii,
2805 2606 2975 2672 Junii,
3011 2604 3160 2671 Julii,
3183 2606 3432 2678 Augusti,
3479 2606 3619 2678 Sepo

340 2691 577 2747 tembris
603 2701 660 2747 et
678 2689 930 2745 Octobris
955 2705 987 2745 a
1016 2688 1387 2762 Metaphraste
1416 2694 1672 2750 collectas
1696 2695 1965 2750 continet.
2016 2694 2078 2748 In
2123 2703 2272 2749 tomo
2302 2691 2396 2747 Vll
2459 2694 2733 2749 habentur
2765 2693 2903 2750 Vitae
2962 2694 3290 2750 Sanctorum
3341 2692 3522 2749 Martii
3565 2702 3623 2750 et

344 2782 558 2853 Aptilis
576 2796 609 2836 a
630 2780 1001 2851 Metaphraste
1021 2789 1282 2837 mutuatae
1309 2792 1363 2837 et
1388 2798 1419 2837 a
1448 2782 1509 2838 F.
1535 2782 1990 2840 ZinoVeronensi
2012 2780 2067 2837 in
2095 2780 2346 2837 Latinam
2376 2781 2622 2854 linguam
2656 2782 3051 2853 interpretatae,
3083 2791 3281 2852 prater
3304 2782 3458 2838 Vitas
3485 2796 3624 2854 quas

339 2870 687 2927 ccodicibus
718 2869 1036 2925 monasterii
1084 2868 1253 2926 Grazci
1316 2870 1820 2943 Cryptae-Ferrataz,
1883 2886 2055 2944 prope
2097 2869 2351 2936 Romam,
2401 2869 2457 2923 in
2508 2867 2764 2924 Latinum
2834 2869 3189 2924 transtulerat
3245 2870 3307 2923 D.
3370 2870 3622 2928 Sirletus.

341 2957 526 3025 liuius
584 2956 932 3012 collectionis
979 2964 1164 3011 tomus
1221 2956 1333 3011 Vlll
1384 2967 1440 3013 et
1498 2959 1724 3015 ultimus
1754 3000 1770 3025 ,
1822 2971 2040 3017 mortuo
2065 2956 2180 3028 jam
2208 2956 2429 3028 Aloysio
2456 2955 2782 3027 Lipomano,
2842 2972 2990 3011 anno
3016 2956 3157 3011 1560
3190 2956 3374 3011 editus
3397 2966 3502 3012 est.

416 3041 601 3097 Tanto
626 3050 813 3095 autem
840 3040 1086 3095 omnium
1114 3041 1383 3111 applausu
1413 3041 1663 3098 collectio
1684 3043 1775 3097 illa
1805 3053 2032 3115 excepta
2061 3053 2168 3112 est,
2193 3054 2255 3100 ut
2276 3043 2608 3102 Laurentius
2639 3043 2856 3110 Surius,
2888 3045 3295 3100 Carthusianus
3323 3044 3628 3102 Colonien-

340 3131 441 3195 sis,
462 3130 579 3199 jam
610 3128 800 3196 multis
828 3127 988 3183 libris
1006 3126 1167 3184 editis
1194 3140 1384 3194 notus,
1408 3130 1474 3184 A.
1506 3129 1793 3201 Lipomani
1810 3133 2036 3204 vestigia
2062 3149 2337 3205 premens,
2369 3149 2569 3188 novant
2598 3133 2979 3189 collectionem
3008 3132 3258 3188 Vitarum
3296 3132 3626 3190 Sanctorum

340 3217 663 3289 composuit
704 3217 761 3270 in
809 3231 916 3287 qua
941 3214 1094 3271 Vitas
1120 3232 1151 3271 a
1196 3215 1468 3289 Symeone
1498 3217 1866 3289 llletaphraste
1896 3222 2071 3279 editas
2111 3223 2249 3283 Vitis
2278 3222 2606 3279 Sanctorum
2629 3224 2888 3281 Ecclesia:
2907 3220 3589 3281 Occidentalisimmiscuit
3608 3264 3624 3289 ,

344 3323 513 3378 quam
547 3322 647 3362 sex
676 3305 840 3361 tomis
873 3304 929 3358 in
958 3303 1088 3361 folio
1111 3306 1569 3377 comprehensam
1601 3308 1669 3363 ab
1699 3324 1845 3365 anno
1870 3310 2004 3366 1570
2034 3312 2100 3367 ad
2130 3328 2223 3370 an.
2257 3312 2401 3368 1575
2430 3312 2623 3368 edidit.

421 3399 595 3454 Porro
615 3414 721 3454 nec
760 3400 876 3469 ipse
898 3396 1096 3453 Surius
1116 3398 1268 3455 Vitas
1298 3399 1439 3466 illas,
1478 3412 1640 3472 prout
1669 3404 1732 3458 in
1752 3405 2034 3462 codicibus
2073 3407 2441 3474 habebantur,
2474 3408 2678 3464 clausis
2720 3408 2896 3464 oculis
2920 3407 3314 3479 imprimendas
3343 3422 3466 3465 esse
3493 3424 3626 3465 cen-

344 3489 459 3544 suit
488 3504 507 3553 ;
538 3487 634 3542 sed
662 3487 716 3540 in
746 3487 980 3558 gratiam
1002 3487 1292 3554 lectorum,
1325 3499 1387 3544 ut
1415 3489 1534 3560 ipse
1563 3490 1825 3558 declarat,
1848 3494 2148 3551 nonnullas
2191 3497 2527 3559 emendavit.
2571 3496 2830 3560 correxit,
2863 3496 3159 3564 contraxit,
3194 3510 3267 3551 ne
3314 3497 3627 3566 prolixitate

346 3577 524 3631 nimia
556 3575 777 3632 aedium
804 3574 1087 3642 afferrent,
1104 3584 1201 3635 aut
1229 3577 1456 3633 insulsis
1477 3579 1888 3637 narrationibus
1916 3586 2247 3657 quandoque
2305 3585 2639 3642 intermixtis
2698 3600 2843 3640 verae
2886 3584 3152 3649 historiae,
3212 3583 3398 3639 ﬁdeles
3451 3583 3627 3639 ofl‘ett-

347 3665 573 3720 derent.
3541 3666 3544 3671 .

424 3753 628 3809 Prima:
656 3751 802 3808 Surii
846 3752 1071 3810 editioni
1117 3770 1245 3811 mox
1289 3756 1532 3812 secunda
1558 3758 1847 3832 successit,
1896 3774 2018 3830 quae
2043 3776 2168 3817 cum
2195 3759 2263 3815 ad
2296 3758 2460 3815 ﬁnem
2504 3758 2715 3814 mensis
2763 3757 2913 3812 Junii
2951 3773 3043 3812 an.
3082 3757 3220 3812 1578
3261 3756 3622 3826 pervenisset.

350 3846 481 3917 pius
511 3846 691 3901 editor
720 3844 917 3901 Surius
947 3863 978 3901 e
1004 3847 1116 3903 vita
1157 3849 1429 3921 migravit.
1461 3848 1708 3905 Aliorum
1740 3859 1797 3905 et
1827 3849 2134 3921 praesertim
2167 3845 2357 3903 Jacobi
2403 3844 2676 3901 Mosandri
2707 3842 2966 3899 Carthus.
3003 3842 3196 3897 Colon.
3257 3857 3387 3896 cura
3423 3842 3624 3899 deinde

353 3936 606 4008 perfecta
630 3944 733 4001 est,
769 3935 956 3992 addito
977 3936 1255 3992 volumine
1280 3935 1396 4004 Vll,
1433 3953 1542 4008 quo
1564 3937 1702 3994 Vita:
1734 3937 2059 3994 Sanctorum
2090 3936 2330 4000 omissae,
2351 3932 2796 4004 Martyrologium
2828 3932 3036 3987 Adonis
3082 3939 3137 3986 et
3170 3929 3383 3986 Indices
3419 3932 3626 4003 copiosi

351 4023 875 4106 continenturzlloc
893 4025 1150 4080 volumen
1182 4026 1383 4096 prodiit
1403 4040 1494 4080 an.
1523 4025 1680 4082 1586.

429 4112 557 4167 Mox
585 4127 779 4167 recusa
798 4120 884 4167 est
910 4109 1152 4168 Venetiis
1180 4128 1270 4167 an.
1302 4112 1458 4175 1581,
1495 4112 1785 4168 duodecim
1817 4112 1999 4177 tomis,
2036 4129 2130 4169 sex
2162 4111 2532 4168 voluminibus
2556 4110 2610 4164 in
2637 4110 2789 4165 folio.

432 4200 551 4255 Etsi
586 4199 861 4271 diligentia
890 4198 1036 4255 Surii
1063 4201 1117 4255 in
1149 4201 1488 4271 corrigendis
1537 4210 1592 4256 et
1631 4200 2023 4257 contrahendis
2064 4203 2202 4258 Vitis
2238 4201 2565 4257 Sanctorum
2588 4217 2619 4256 a
2645 4199 2834 4255 multis
2872 4197 3091 4252 laudata
3122 4197 3338 4260 fuisset,
3372 4197 3627 4253 nonnulli

355 4302 551 4346 tamen
575 4288 677 4343 viri
714 4303 907 4361 graves
934 4298 991 4344 et
1018 4289 1162 4344 docti
1195 4289 1298 4360 ipsi
1318 4288 1450 4344 vitio
1498 4298 1776 4345 verterant
1834 4290 1981 4360 quod
1999 4290 2199 4362 stylutn
2227 4289 2527 4361 genuinum
2551 4297 2862 4351 auctorum,
2897 4294 2959 4341 ut
2992 4294 3053 4339 ut
3071 4284 3421 4351 incultorum,
3453 4299 3517 4338 ex
3536 4301 3627 4339 ar-

356 4378 538 4433 bitrio
566 4384 852 4439 mutasset,
892 4391 955 4432 ac
983 4376 1210 4445 proinde
1247 4375 1564 4448 originalem
1598 4376 1886 4432 veritatem
1926 4378 2233 4433 alterasset.
2267 4376 2564 4447 Propterea
2599 4375 2821 4446 quando
2856 4371 3109 4429 collectio
3153 4371 3386 4427 Suriana
3433 4382 3627 4443 quarto

349 4469 471 4538 jam
497 4466 654 4537 prelo
677 4465 964 4520 commissa
993 4472 1099 4530 est,
1124 4463 1363 4519 editores
1383 4464 1580 4536 stylum
1611 4464 1993 4535 primigenium
2023 4474 2307 4521 auctorum
2335 4464 2540 4535 ubique
2569 4464 2949 4524 restituerunt,
2980 4469 3038 4515 et
3075 4458 3367 4515 nonnullas
3401 4460 3569 4519 Vitas.
3594 4477 3625 4516 τι

355 4554 526 4609 Surio
554 4553 811 4614 omissas,
845 4551 1151 4606 collectioni
1182 4552 1531 4608 addiderunt.
1568 4551 1695 4608 llaec
1722 4563 1914 4622 quarta
1939 4554 2129 4615 editio,
2165 4569 2326 4623 quam
2358 4550 2407 4605 J.
2432 4553 2726 4607 Bollandus
2759 4551 2973 4606 tertiam
2998 4549 3257 4620 appellat,
3283 4546 3481 4618 prodiit
3513 4548 3621 4604 Co-

355 4644 526 4697 lonia:
555 4658 649 4697 an.
681 4638 837 4702 1618,
868 4638 967 4693 Xll
997 4639 1107 4692 vol.
1139 4639 1193 4693 in
1220 4640 1374 4695 folio.

433 4731 689 4801 Longum
731 4739 878 4784 esset
902 4744 1195 4784 recensere
1224 4738 1478 4787 auctores
1518 4730 1610 4801 qui
1633 4747 1700 4787 ex
1749 4729 2072 4785 collectione
2101 4729 2271 4791 Surii,
2314 4744 2378 4784 ac
2426 4728 2659 4798 proinde
2691 4726 2976 4798 Symeonis
3030 4725 3433 4796 Metaphrastte,
3477 4726 3630 4782 Vitas

353 4820 694 4875 Sanctorum
720 4818 803 4873 vel
832 4818 1064 4887 alicujus
1095 4819 1333 4890 regionis
1363 4819 1448 4874 vel
1473 4819 1705 4889 alicujus
1727 4827 1902 4874 status
1925 4818 2217 4888 peculiaris
2253 4823 2666 4885 excerpserunt,
2691 4822 2747 4868 et
2772 4814 2826 4867 in
2853 4828 3009 4867 usum
3037 4813 3275 4866 ﬁdelium
3307 4814 3447 4882 typis
3479 4828 3628 4868 cotu-

355 4909 662 4963 miserunt.
695 4903 821 4960 Fuit
870 4906 1017 4960 enim
1049 4907 1165 4962 hazc
1195 4907 1444 4962 collectio
1472 4907 1641 4962 veluti
1692 4905 2001 4961 communis
2028 4905 2337 4960 aurifodina
2378 4919 2441 4959 ev
2479 4919 2583 4973 qua
2628 4903 3007 4971 unusquisque
3038 4916 3165 4971 pro
3206 4900 3496 4956 commodo
3527 4915 3628 4956 suo

356 4997 662 5051 thesaurus
688 5012 707 5046 ς
724 4994 902 5055 ﬂ’odit.
928 4994 1217 5061 Nunquam
1245 5003 1424 5050 tamen
1449 4995 1754 5067 contigitut
1780 4995 1919 5049 Vitae
1950 4993 2279 5049 Sanctorum
2305 4992 2559 5047 Ecclesiae
2583 4989 2877 5046 Orientalis
2902 4990 3084 5061 lingua
3117 5004 3211 5044 sua
3231 4989 3481 5060 originali
3515 5005 3636 5044 om-

354 5101 466 5139 nes
494 5081 666 5137 simul
702 5082 1020 5137 ederentur.
1057 5082 1234 5137 Editae
1264 5092 1394 5138 sunt
1420 5083 1641 5152 quidem
1673 5083 1951 5137 nonnullae
1989 5081 2126 5137 Vita:
2156 5081 2342 5136 Grazce
2365 5080 2631 5140 Venetiis,
2655 5079 2749 5133 sed
2772 5078 3095 5148 plerumque
3131 5077 3404 5132 translata:
3446 5077 3500 5130 in
3534 5076 3638 5129 lin-

359 5187 531 5241 gnam
558 5169 805 5225 Grmcam
838 5169 1213 5225 vernaculam.
1240 5168 1549 5226 Cotelerius
1586 5179 1643 5225 et
1672 5170 2019 5225 Montfaucon
2054 5185 2216 5225 unam
2261 5179 2317 5225 et
2340 5171 2564 5224 alteram
2605 5167 2793 5222 Grazce
2824 5175 2879 5222 et
2910 5165 3100 5220 Latine
3126 5180 3156 5219 e
3182 5163 3461 5219 codicibus
3499 5178 3634 5225 mss.

362 5259 691 5313 ediderunt.
716 5257 912 5311 Plures
942 5257 1205 5311 debemus
1234 5258 1398 5312 sociis
1456 5256 1847 5320 Bollandianis,
1870 5256 1962 5327 qui
1999 5257 2067 5311 de
2117 5255 2344 5311 edendis
2392 5256 2578 5310 Graece
2608 5262 2662 5309 et
2689 5253 2888 5308 Latine
2907 5251 3043 5306 Vitis
3068 5266 3098 5303 a
3127 5249 3493 5318 Metaphraste
3522 5250 3635 5304 col-

360 5345 533 5399 lectis
563 5344 851 5399 consilium
882 5353 1274 5413 conceperant,
1309 5344 1407 5400 sed
1434 5344 1564 5399 illud
1596 5344 1661 5399 ad
1696 5345 1902 5399 exitum
1955 5360 2236 5413 nunquam
2280 5344 2670 5414 perduxerunt.
2699 5340 2956 5395 Nondum
2981 5345 3159 5393 exstat
3198 5336 3360 5408 igitur
3386 5338 3638 5394 collectio

366 5431 628 5485 Vitarum
666 5430 855 5486 Grazee
881 5431 1210 5501 scriptarum
1241 5447 1363 5502 qua:
1398 5447 1520 5486 cum
1561 5432 1768 5488 Latinis
1797 5433 1905 5486 ulla
1935 5432 2149 5487 ratione
2181 5431 2414 5487 conferri
2445 5430 2635 5501 possit.

444 5518 609 5573 Dolet
636 5517 687 5573 J.
707 5518 1007 5574 Bollandus
1036 5521 1183 5590 quod
1209 5529 1318 5575 tam
1344 5535 1533 5591 paucae
1566 5521 1701 5575 Viue
1731 5519 1829 5574 SS.
1869 5520 2182 5575 Grmcorum
2220 5520 2484 5575 hactenus
2508 5518 2667 5573 edita:
2699 5515 2827 5572 sint.
2858 5517 2933 5573 fta
2967 5518 3114 5573 enim
3143 5518 3333 5574 scribit
3361 5537 3373 5573 :

452 5626 473 5658 ι
503 5604 613 5660 Sed
627 5608 695 5662 de
721 5607 1112 5678 lletaphrastae
1132 5618 1293 5664 aetate
1315 5610 1382 5664 ad
1418 5611 1523 5665 hoc
1547 5609 1887 5679 propositum
1916 5618 2163 5664 nostrum
2204 5609 2318 5679 jam
2354 5607 2487 5660 satis
2512 5621 2578 5660 ac
2608 5604 2843 5660 fortasse
2863 5605 3113 5660 nimium.
3131 5605 3283 5660 Illius
3311 5603 3463 5676 operi
3486 5605 3640 5661 addi-

366 5704 461 5751 tas
484 5709 653 5751 cssea
683 5698 1095 5769 posterioribus
1118 5697 1268 5751 Vitas
1297 5699 1664 5753 recentiorum
1693 5699 2014 5753 Sanctorum
2038 5705 2224 5751 monet
2252 5694 2537 5749 Baronius.
2573 5696 2643 5747 At
2675 5693 2819 5763 quod
2848 5693 2902 5747 in
2930 5694 3301 5764 antiquiorum
3334 5694 3476 5763 apud
3512 5708 3637 5749 eum

374 5780 520 5838 Vitis
550 5798 932 5855 saepenumero
951 5784 1198 5840 declaret
1222 5785 1533 5854 scriptorse
1560 5786 1773 5850 eadem,
1801 5802 1905 5855 qua
1925 5786 2023 5844 illi.
2043 5786 2245 5839 vixisse
2273 5792 2453 5844 artate,
2482 5782 2856 5837 causamidem
2885 5781 3323 5852 sapientissimus
3346 5779 3639 5835 cardinalts

372 5871 564 5938 tradit,
586 5875 734 5943 quod
762 5874 887 5929 vita:
913 5884 1219 5926 sanctorum
1242 5888 1343 5926 non
1373 5873 1570 5939 fuerint
1594 5864 1955 5942 ut'plurimum
1989 5890 2020 5925 a
2043 5870 2401 5941 .lfetnp/traste
2433 5870 2762 5939 conscriptm,
2791 5873 2881 5924 sed
2904 5869 3138 5922 collecta:
3163 5878 3393 5932 tantum,
3427 5866 3639 5920 ordine-
