4134 6422
577 417 646 485 i5
1713 451 1730 477 ι
1767 419 2177 480 'EDlTORUM
2219 417 2641 478 PREFATIO.
3773 401 3838 466 16

571 551 672 607 que
697 550 791 604 per
821 534 1059 606 singulos
1085 549 1284 588 menses
1322 533 1619 602 dispositw.
1656 534 1953 605 Digessisse
1987 551 2111 590 eum
2138 534 2286 588 Vitas
2311 534 2377 588 ad
2410 534 2658 589 ordinem
2688 535 2962 588 mensium
2995 532 3184 589 scribit
3218 531 3381 586 etiam
3415 531 3710 588 Autbertus
3736 531 3838 586 Mi-

574 642 736 680 rarus.
768 625 896 680 Mihi
922 641 1028 680 non
1061 627 1252 696 liquet.
1282 624 1468 679 Potuit
1506 626 1557 679 id
1583 625 1722 679 alius
1759 625 2032 694 quispiam
2066 633 2275 693 postea.
2302 621 2656 688 Antiquiores
2680 620 2853 684 Vitas,
2877 637 3016 691 quas
3055 621 3335 691 eleganter
3369 621 3703 690 compositas
3745 635 3836 675 re-

573 709 732 777 perit,
757 710 1120 780 transcripsit,
1147 720 1363 764 servata
1391 709 1554 764 etiam
1596 709 1826 778 pristina
1854 717 2140 762 auctorum
2168 708 2378 776 phrasi,
2419 717 2516 762 aut
2548 707 2756 762 modice
2781 707 3128 777 interpolata.
3172 706 3490 778 Perspieere
3515 708 3568 762 id
3604 709 3732 763 licet
3766 722 3833 760 ex

573 794 694 850 Vita
725 795 782 850 S.
816 795 1104 868 Symeonis
1139 795 1346 868 Stylitaa
1377 811 1405 849 ν
1433 795 1696 850 Januarii.
1729 796 1887 865 cujus
1926 809 2176 865 magnam
2209 805 2419 864 partem
2453 811 2482 849 e
2513 795 2848 850 Theodoreti
2893 795 3184 853 Philotheo
3229 797 3459 867 accepit,
3495 796 3743 866 pauculis
3766 796 3834 851 ad

569 884 927 939 attentionem
955 885 1374 948 conciliandam,
1419 886 1666 955 aptiusve
1695 883 2100 938 connectendas
2129 883 2385 950 periodos
2406 883 2731 950 into-rjectis.
2761 883 2907 938 Alias
2929 899 2994 939 ex
3021 884 3236 956 integro
3268 885 3594 954 composuit.
3624 885 3694 940 At
3725 900 3834 938 non

568 990 911 1043 qttu‘cunque
933 974 988 1028 in
1011 974 1216 1030 Graecis
1237 974 1522 1030 codicibus
1550 972 1904 1044 reperiuntur
1939 971 2091 1036 Viue,
2126 986 2204 1025 eze
2252 971 2516 1024 continuo
2540 971 2921 1042 Metaphrastre
2979 971 3124 1026 fetus
3161 987 3284 1026 esse
3327 972 3617 1026 censendus
3657 981 3788 1026 sunt
3818 991 3833 1036 ;

573 1060 671 1113 nisi
703 1061 935 1116 velimus
958 1077 1084 1116 eum
1121 1071 1172 1116 et
1201 1063 1412 1133 priores
1445 1062 1613 1127 Vitas,
1647 1070 1707 1115 ut
1735 1069 1894 1115 erant
1922 1059 2048 1113 olim
2071 1057 2306 1128 scriptae,
2338 1059 2600 1113 retulisse
2626 1059 2678 1113 in
2711 1075 2870 1114 suum
2895 1075 3053 1129 opus,
3079 1068 3135 1114 et
3165 1075 3336 1114 novas
3359 1060 3680 1114 earumdem
3703 1075 3834 1114 san-

567 1160 778 1204 ctorum
805 1167 834 1204 a
855 1167 912 1204 se
930 1152 1273 1207 elucubratas
1301 1151 1598 1206 addidisse.
1646 1147 1782 1203 Nam
1805 1147 2166 1217 quorumdam
2197 1143 2550 1212 Sanctorum,
2586 1157 2644 1202 ut
2680 1147 2911 1202 Joannis
2945 1149 3230 1219 Galybitze,
3261 1167 3330 1204 xv
3356 1149 3624 1215 Januarii,
3666 1149 3827 1205 Joan.

571 1237 991 1308 lileemosynard
1022 1255 1171 1300 χχιιι,
1201 1238 1383 1294 Xenes
1411 1241 1527 1293 sive
1552 1235 1799 1291 Eusebiae
1830 1249 1976 1297 xxiv,
1997 1232 2185 1303 plures
2208 1236 2562 1306 reperiuntur
2590 1238 2795 1292 Graecae
2815 1235 2974 1303 Viue,
3007 1253 3240 1308 quarum
3269 1253 3432 1294 unam
3459 1252 3581 1293 esse
3603 1253 3633 1292 a
3664 1237 3832 1294 Meta-

569 1327 790 1394 phraste
821 1326 1156 1382 elaboratam
1191 1325 1491 1381 verisimile
1519 1333 1625 1380 est.

645 1433 662 1464 ι
698 1413 890 1485 Magno
931 1414 1500 1470 Ecclesiazcatholicaa
1537 1413 1909 1467 emolumento
1931 1426 2096 1480 opera
2121 1409 2524 1480 Metaphrastae,
2556 1422 2652 1467 aut
2690 1423 2840 1469 certe
2870 1429 3008 1484 quas
3053 1413 3156 1468 sub
3203 1413 3324 1484 ejus
3365 1413 3590 1469 nomine
3631 1413 3838 1482 reperit

562 1502 782 1557 Griecas
805 1512 1132 1557 sanctorum
1163 1501 1441 1564 historias,
1475 1499 1667 1554 Latine
1695 1515 1724 1554 a
1744 1497 1908 1553 Petro
1927 1498 2225 1553 Francisco
2247 1497 2408 1561 Zino,
2440 1499 2711 1554 Gentiano
2739 1499 2994 1566 Hcrveto,
3017 1500 3308 1556 Guilielmo
3343 1498 3542 1554 Sirleto
3567 1500 3704 1556 verti
3733 1515 3834 1554 cu-

561 1592 700 1644 ravit
737 1590 988 1660 Aloysius
1023 1588 1374 1659 Lipomanus,
1403 1587 1698 1658 episcopus
1746 1584 2084 1640 Veronensis
2117 1602 2133 1640 :
2180 1602 2412 1655 quarum
2479 1589 2682 1646 multas
2741 1589 2796 1644 in
2841 1605 3000 1645 suum
3031 1605 3171 1661 opus
3201 1589 3396 1644 Surius
3433 1588 3729 1652 transtulit,
3777 1596 3837 1642 ut

558 1676 809 1746 sequenti
837 1675 1180 1748 paragrapho
1209 1676 1409 1730 dicam.
1443 1674 1609 1744 Atqui
1642 1687 1823 1742 neque
1858 1687 2052 1727 omnes
2077 1671 2457 1742 Metaphrastee
2480 1674 2618 1733 Vita:
2651 1678 2815 1733 editae
2847 1679 3030 1734 adhuc
3107 1686 3236 1732 sunt
3290 1679 3452 1748 (nam
3503 1678 3724 1732 citatam
3772 1675 3832 1729 ὃ.

559 1762 845 1833 Symeonis
872 1764 1076 1835 Stylitze
1115 1762 1312 1826 Vitam,
1346 1777 1511 1833 quam
1571 1769 1787 1816 constat
1819 1776 1848 1814 a
1880 1759 2248 1828 Metaphraste
2303 1766 2588 1836 scriptam,
2619 1769 2854 1838 primum
2901 1785 3052 1824 nunc
3081 1770 3186 1824 edo
3222 1769 3266 1836 );
3290 1779 3346 1824 et
3367 1769 3491 1824 alite
3536 1767 3728 1822 Latine
3767 1769 3836 1821 ab

558 1853 700 1910 aliis,
731 1852 906 1921 iisque
939 1851 1243 1922 praeclaris,
1271 1850 1433 1905 editae
1456 1848 1802 1913 auctoribus,
1837 1847 1923 1902 vel
1946 1846 2089 1916 apud
2114 1845 2331 1905 Grzecos
2355 1853 2438 1906 vel
2467 1852 2520 1906 in
2567 1853 2776 1909 Latinis
2801 1856 2966 1911 etiam
3011 1855 3362 1910 bibliothecis
3387 1854 3592 1910 Graecae
3617 1862 3838 1908 sancto-

561 1956 680 1994 rnm
714 1939 961 1993 historize.
993 1939 1188 1993 latent.
1221 1938 1330 1992 llas
1355 1952 1476 2008 ego,
1503 1935 1549 1990 si
1577 1936 1723 1990 Deus
1740 1935 1905 1990 vitam
1927 1942 1982 1988 et
2006 1933 2151 1989 vires
2185 1935 2418 2003 dederit,
2446 1939 2550 1995 hoc
2569 1956 2737 2010 opere
2763 1943 3038 2005 absoluto,
3072 1941 3270 2013 quiain
3292 1942 3618 2012 quibusdam
3659 1940 3836 1996 inter-

559 2029 808 2096 pretibus
833 2035 1132 2097 perpetuus
1164 2026 1386 2097 quidam
1448 2024 1806 2079 hellenismus
1832 2032 1888 2077 et
1920 2022 2228 2078 obscuritas
2257 2020 2534 2077 fastidium
2565 2023 2754 2080 lectori
2789 2025 2968 2090 aﬂ‘ert,
2995 2027 3175 2098 cogito
3207 2027 3622 2082 Graeco-Latine
3645 2027 3830 2088 edere,

561 2134 686 2170 eum
734 2132 872 2171 nova
903 2131 932 2170 a
958 2131 1044 2170 me
1085 2115 1458 2170 elucubranda
1502 2112 1993 2183 interpretatione;
2040 2110 2144 2164 nisi
2171 2108 2292 2179 quis
2320 2124 2426 2177 me,
2456 2126 2557 2166 nec
2613 2125 3032 2186 repugnantem,
3065 2125 3394 2180 antevertat,
3421 2124 3514 2168 aut
3564 2121 3713 2168 certe
3755 2113 3836 2166 la-

552 2205 710 2259 .horis
742 2213 894 2274 parte.
918 2203 1166 2258 sublevet
1191 2201 1482 2256 nonnullas
1518 2209 1777 2256 accurate
1819 2201 2226 2266 interpretatus.
2265 2196 2332 2250 Et
2358 2197 2557 2253 multas
2593 2209 2706 2253 tum
2773 2201 2904 2256 olim
2974 2201 3309 2273 Rosweydns
3363 2202 3678 2272 collegerat,
3718 2207 3832 2253 tum

555 2309 656 2364 ego
687 2294 754 2347 ab
781 2292 973 2347 amicis
1025 2301 1213 2362 postea
1270 2289 1477 2360 accepi,
1505 2304 1734 2360 quarum
1777 2288 2022 2358 quaedam
2071 2284 2261 2339 Latine
2295 2285 2477 2340 adhuc
2500 2302 2608 2341 non
2639 2297 2879 2344 exstant.
2911 2289 3082 2346 Video
3127 2300 3306 2345 tamen
3355 2289 3620 2360 plurimas
3655 2288 3834 2343 adhuc

559 2382 692 2436 mihi
723 2383 935 2443 deesse,
968 2395 1104 2450 quas
1129 2378 1320 2434 Latine
1343 2378 1489 2434 citati
1523 2385 1649 2432 ante
1675 2386 1928 2431 auctores
1957 2382 2238 2428 verterunt
2269 2389 2282 2438 ;
2318 2387 2519 2443 easque
2549 2391 2712 2446 spero
2735 2394 2822 2434 me
2857 2379 3066 2435 interea
3090 2394 3212 2435 esse
3249 2379 3657 2434 confecturum.

637 2491 654 2522 ι
688 2471 842 2536 Quod
872 2471 1088 2526 illirzeus
1132 2485 1197 2523 ex
1237 2469 1436 2524 Molani
1467 2483 1570 2522 ms.
1591 2465 1918 2522 bibliotheca
1947 2459 2551 2532 tradit,Metaphrasten
2573 2464 2717 2520 Vitas
2735 2477 3038 2521 sanctorum
3067 2461 3356 2523 Orien'alis
3393 2466 3652 2521 Ecclesia:
3677 2466 3836 2520 colle-

555 2563 692 2630 gisse
721 2575 918 2628 easque
941 2559 1081 2612 solas
1109 2559 1162 2612 in
1193 2557 1496 2614 Graecorum
1545 2555 1775 2610 ecclesiis
1800 2552 1922 2624 legi,
1979 2559 2275 2618 utrumque
2307 2549 2502 2606 falsum
2533 2562 2637 2608 est.
2673 2551 3010 2620 Promiscue,
3033 2557 3125 2626 qui
3168 2554 3368 2624 ubique
3409 2565 3684 2610 terrarum
3747 2555 3832 2609 vi-

552 2663 706 2710 .xme,
739 2656 1054 2702 sanctorum
1085 2654 1202 2701 acta
1219 2645 1437 2716 collegit
1467 2643 1878 2713 Metaphrastes,
1907 2639 2034 2693 licet
2059 2635 2333 2706 prmcipue
2367 2635 2728 2695 Orientalium
2752 2652 3040 2698 assecutus
3068 2643 3174 2697 sit:
3201 2658 3305 2698 nec
3337 2643 3465 2698 sola:
3495 2657 3578 2698 ea:
3607 2644 3660 2696 in
3679 2640 3832 2696 Grac-

554 2752 746 2789 eorum
792 2735 1041 2790 ecclesiis
1070 2735 1350 2803 leguntur,
1384 2749 1519 2804 quas
1547 2732 1640 2786 ille
1690 2727 2019 2799 composuit.
2056 2725 2168 2778 imo
2195 2739 2383 2794 pauere
2417 2727 2645 2783 omnino
2668 2771 2683 2795 ,
2721 2739 2781 2784 ut
2808 2746 2874 2785 ex
2913 2729 3131 2785 Menaeis
3158 2730 3497 2795 Graecorum,
3527 2731 3600 2786 de
3631 2731 3833 2801 quibus

555 2833 766 2892 postea,
801 2823 1253 2878 fitmanil‘estum.
1293 2820 1350 2875 Si
1391 2821 1444 2876 id
1480 2821 1596 2875 vult
1627 2818 1893 2880 Molanus,
1934 2829 2167 2885 quorum
2207 2821 2524 2868 sanctorum
2567 2817 2700 2871 Acta
2744 2818 3026 2889 collegerit
3056 2817 3472 2889 Metaphrastes,
3513 2834 3709 2873 eorum
3748 2817 3832 2872 vel

560 2914 776 2966 recitari
821 2913 1055 2984 elogium
1087 2912 1306 2982 aliquod
1341 2911 1423 2966 vel
1452 2909 1774 2966 memoriam
1803 2907 1997 2962 saltem
2011 2901 2278 2960 celebrari
2305 2901 2359 2954 in
2383 2902 2568 2958 divino
2604 2904 2784 2959 oﬂicio
2813 2921 2845 2960 a
2869 2905 3095 2972 Graecis,
3119 2921 3228 2961 non
3260 2905 3312 2961 id
3341 2905 3556 2961 inﬂcior
3581 2924 3593 2960 :
3623 2912 3680 2960 at
3711 2905 3830 2975 plu-

557 3000 824 3054 rimorum
857 3001 1035 3071 agitur
1066 2999 1350 3061 memoria,
1378 3013 1614 3070 quorum
1648 3007 1770 3052 acta
1798 3010 1906 3050 non
1939 2992 2190 3048 videatur
2231 2989 2322 3045 ille
2367 2992 2732 3065 descripsisse
2767 3013 2782 3061 ;
2821 3005 2917 3050 aut
2947 3011 3080 3051 sane
3127 2995 3458 3051 immensum
3491 2994 3658 3066 plane
3689 2994 3833 3048 illius

547 3105 694 3159 opus
713 3088 834 3155 fuit,
860 3088 1016 3158 cujus
1044 3087 1268 3141 minima
1299 3088 1479 3142 adhuc
1502 3086 1572 3142 sit
1601 3101 1728 3155 pars
1762 3084 1930 3138 edita.
1959 3101 1976 3133 ι
2008 3080 2286 3134 llactenus
2312 3082 2362 3138 J.
2393 3082 2706 3139 Bollandus.

600 3195 819 3264 .ltaque
843 3208 1028 3263 operre
1085 3191 1324 3263 pretium
1359 3201 1508 3248 esset
1540 3191 1584 3246 si
1617 3207 1743 3245 mox
1776 3189 1913 3246 Vitae
1959 3195 2278 3250 sanctorum
2311 3207 2342 3247 a
2371 3188 2749 3260 Metaphraste
2779 3189 2908 3246 olim
2951 3189 3217 3257 collectae,
3273 3189 3465 3245 critice
3494 3203 3524 3244 e
3555 3188 3838 3246 codicibus

561 3280 954 3351 manuscriptis
983 3280 1074 3351 qui
1110 3279 1268 3335 multi
1299 3287 1429 3334 sunt
1459 3286 1514 3334 et
1534 3278 1798 3349 insignes,
1825 3278 1878 3332 in
1921 3279 2196 3349 publicam
2216 3283 2396 3338 lucem
2423 3279 2744 3335 ederentur.
2790 3279 3007 3334 Etenim
3041 3279 3206 3334 hodie
3232 3287 3383 3334 tanta
3410 3286 3496 3332 est
3520 3276 3590 3332 in
3631 3275 3834 3333 codici-

547 3371 664 3424 bus
691 3369 1082 3439 manuscriptis
1112 3367 1366 3424 conlusio
1389 3375 1448 3422 ut
1479 3365 1616 3422 Vitae
1637 3383 1668 3422 a
1695 3367 2060 3439 Metaphraste
2089 3371 2314 3442 scripta:
2337 3369 2425 3424 vix
2479 3366 2716 3422 discerni
2755 3365 2968 3436 possint
2999 3366 3068 3421 ab
3099 3366 3166 3420 iis
3185 3381 3323 3436 quas
3368 3365 3694 3421 emendavit
3720 3375 3842 3419 tan-

550 3468 697 3523 tinn,
733 3458 816 3513 vel
849 3457 1088 3528 integras
1115 3455 1425 3512 describere
1455 3455 1624 3520 fecit;
1659 3472 1730 3512 ne
1755 3458 1944 3528 loquar
1967 3459 2035 3514 de
2054 3459 2119 3516 iis
2158 3474 2282 3530 quae
2337 3464 2460 3528 post
2491 3455 2704 3510 obitum
2731 3457 2872 3526 ejus,
2914 3455 3229 3510 collectioni
3263 3453 3508 3526 ejusdem
3555 3455 3624 3510 ab
3665 3454 3841 3509 aliena

550 3559 722 3598 manu
754 3545 821 3600 ad
851 3545 1158 3615 augendum
1192 3543 1448 3598 volumen
1475 3543 1697 3598 inserta:
1722 3542 1964 3599 fuerunt.
2005 3545 2230 3604 Certum
2263 3558 2346 3604 est
2375 3547 2534 3603 hodie
2559 3547 2662 3600 sub
2683 3546 2906 3601 nomine
2940 3545 3324 3616 Metaphrasta:
3341 3545 3678 3615 quandoque
3703 3557 3832 3614 pro-

555 3633 688 3686 lerri
715 3630 870 3690 Vitas
919 3649 1057 3704 quas
1099 3631 1500 3702 Metaphrastes
1528 3647 1640 3686 non
1666 3631 1841 3702 tetigit
1896 3648 2000 3688 nec
2032 3636 2170 3693 vidit
2204 3651 2469 3708 unquam.

625 3749 695 3805 Ut
723 3747 1074 3820 deplorandae
1097 3745 1224 3802 huic
1249 3745 1561 3802 confusioni
1595 3746 1773 3818 aliqua
1817 3764 1885 3802 ex
1924 3758 2080 3820 parte
2109 3751 2425 3808 mederetur
2448 3750 2558 3807 Leo
2595 3750 2824 3806 Ailatius
2854 3751 3119 3822 triplicem
3143 3750 3380 3808 confecit
3413 3751 3743 3822 catalogum,
3774 3749 3830 3803 in

553 3856 786 3914 quorum
819 3838 999 3910 primo
1033 3835 1386 3908 posuit'Vitas
1410 3851 1547 3907 quas
1581 3837 1752 3891 editio
1776 3835 2033 3904 Suriana,
2059 3841 2227 3896 veluti
2251 3849 2469 3894 auctare
2491 3839 2850 3909 Memphi-oste
2886 3839 3120 3910 scriptas
3145 3840 3362 3910 profert.
3392 3837 3448 3892 In
3479 3838 3722 3893 secundo
3745 3853 3829 3891 rc-

552 3929 788 3992 eensuit,
821 3927 1006 3984 Graace
1020 3924 1348 3997 proferendo
1371 3925 1588 3991 titulum
1611 3925 1896 3980 etinitium
1932 3926 2272 3998 singularum
2305 3928 2573 3995 Vitarum,
2613 3928 2768 3984 Vitas
2793 3945 2954 3999 quas,
2984 3936 3198 3983 attento
3223 3929 3362 4000 ston
3387 3935 3439 3983 et
3469 3927 3686 3982 dicendi
3733 3941 3826 3998 ge-

554 4034 706 4084 nere,
741 4015 1121 4086 Metaphrastze
1156 4025 1307 4068 certo
1329 4013 1536 4069 certius
1567 4027 1676 4066 non
1703 4029 1828 4069 esse
1853 4016 2133 4070 credebat.
2160 4017 2222 4071 ln
2265 4017 2426 4071 tertio
2449 4017 2697 4086 catalogo
2729 4015 3021 4084 descripsit
3044 4015 3262 4068 titulum
3309 4023 3364 4068 et
3411 4013 3628 4068 initium
3679 4014 3827 4069 Vita-

556 4124 675 4162 rum
727 4121 882 4176 quas,
937 4112 1147 4158 attento
1199 4101 1474 4156 scribendi
1537 4115 1756 4172 genere,
1788 4117 1816 4156 a
1877 4102 2249 4174 Metaphraste
2297 4105 2632 4176 compositas
2673 4120 2795 4161 esse
2833 4112 2950 4158 erat
2977 4117 3296 4172 persuasus.
3340 4100 3634 4170 Triplieem
3681 4102 3829 4158 hunc

553 4195 862 4264 catalogum
907 4191 1142 4260 reperiet
1173 4188 1426 4243 eruditus
1479 4188 1652 4243 lector
1709 4188 1873 4256 infra,
1937 4191 1992 4244 in
2047 4192 2287 4248 Diatriba
2321 4194 2499 4248 Allatii
2531 4197 2600 4248 de
2629 4191 2920 4264 Symconis
2951 4189 3339 4260 Memphi-asta:
3368 4189 3611 4258 scriptis.

625 4281 842 4339 Utiliter
869 4279 1033 4335 etiam
1062 4276 1272 4333 consuli
1307 4284 1564 4346 poterunt
1595 4274 1784 4332 Daniel
1817 4275 2007 4334 Nessel
2033 4279 2126 4350 qui
2153 4281 2206 4334 in
2249 4280 2646 4353 Supplemento
2685 4279 3178 4335 Lambecianorum
3211 4278 3279 4332 de
3323 4277 3658 4335 bibliotheca
3697 4278 3830 4334 Vin-

553 4367 859 4424 dohonensi
883 4364 1427 4426 commentariorum,
1469 4379 1590 4434 pag.
1631 4363 1754 4426 109,
1787 4379 1816 4419 e
1852 4365 2133 4424 codicibus
2165 4387 2300 4427 mss.
2336 4373 2642 4443 catalogum
2681 4370 2856 4426 texuit
2887 4369 3132 4423 Vitarum
3167 4383 3398 4438 quarum
3430 4367 3827 4439 Metaphrastes

551 4467 744 4514 auctor
771 4457 1026 4523 habetur,
1051 4465 1106 4510 et
1134 4454 1203 4508 Μ.
1248 4452 1521 4508 Ilanckius
1559 4453 1649 4523 qui
1670 4453 1726 4508 in
1750 4469 1916 4524 Opere
1961 4473 2061 4511 suo
2095 4459 2157 4512 de
2201 4457 2558 4530 Scriptoribus
2601 4457 2932 4528 Byzantinis,
2959 4455 3268 4524 indice_||l,
3299 4457 3364 4511 ad
3416 4471 3604 4512 vocem
3652 4461 3827 4512 Meta-

552 4549 814 4617 phrastes,
848 4544 1126 4616 octoginta
1155 4550 1365 4612 septem
1391 4541 1530 4596 vitas
1559 4553 1810 4597 recenset
1833 4558 1859 4595 a
1893 4541 2263 4614 Metaphraste
2281 4547 2634 4618 compositas.

623 4633 751 4689 Haec
772 4633 956 4688 omnia
981 4631 1164 4688 futuro
1186 4629 1380 4685 editori
1411 4629 1614 4684 auxilio
1643 4646 1766 4686 esse
1797 4639 2074 4701 poterunt.

620 4747 942 4817 Quanquam
993 4744 1154 4800 nobis
1191 4743 1258 4799 ad
1286 4759 1354 4812 ea
1382 4743 1624 4799 subsidia
1677 4749 2098 4816 properantibus
2124 4765 2245 4818 qure
2285 4749 2386 4804 sub
2417 4749 2672 4804 manibus
2713 4749 3004 4814 habemus,
3055 4748 3193 4804 nihil
3239 4749 3615 4818 prmstandum
3664 4750 3829 4806 fuerit

547 4837 716 4900 aliud,
742 4850 908 4906 quam
935 4842 996 4889 ut
1014 4831 1164 4887 Vitas
1185 4849 1320 4903 quas
1352 4831 1564 4896 Surius,
1585 4832 1880 4890 Bollandus
1903 4845 1957 4890 et
1977 4836 2068 4890 alii
2093 4837 2342 4892 nonnulli
2369 4837 2470 4892 viri
2493 4836 2638 4892 docti
2667 4853 2698 4892 a
2729 4835 3097 4908 Metaphraste
3142 4836 3478 4906 compositas
3507 4839 3824 4900 ediderunt,

548 4927 602 4978 in
623 4941 789 4978 unum
808 4923 975 4978 veluti
1005 4937 1206 4992 corpus
1224 4922 1500 5001 colligere,
1523 4932 1578 4978 et
1609 4920 1794 4978 Graece
1825 4932 1919 4977 aut
1953 4923 2144 4979 Latine
2176 4927 2458 4992 recedere,
2481 4935 2638 4996 prout
2672 4925 2910 4980 nobisin
2933 4923 3091 4979 libris
3123 4924 3408 4994 impressis
3430 4929 3822 4990 occurrebant,

550 5009 938 5086 praetermissis
970 5010 1038 5064 iis
1061 5011 1250 5079 qucein
1279 5009 1666 5086 Metaphraste,
1701 5011 1788 5065 vel
1809 5013 1952 5082 apud
1985 5011 2649 5086 Metaphrastenreperiri
2673 5013 3235 5086 dicebantur,_utpote
3259 5028 3383 5084 qua!
3417 5015 3488 5070 ab
3509 5031 3575 5071 eo
3610 5018 3828 5086 scriptae

542 5082 714 5138 fuisse
755 5097 864 5135 non
895 5089 1210 5142 censentur,
1265 5082 1540 5136 voluimus
1585 5090 1792 5148 tamen,
1823 5097 1933 5136 non
1970 5082 2154 5152 parvis
2183 5085 2465 5152 expensis,
2488 5082 2716 5139 textum
2745 5083 2996 5139 Graecum
3033 5082 3289 5138 Vitarum
3307 5100 3443 5154 quas
3491 5086 3688 5140 Surius
3723 5082 3830 5142 'aut

547 5169 587 5226 Β
621 5169 838 5225 llandus
887 5169 1078 5224 Latine
1114 5176 1325 5223 tantum
1367 5170 1533 5225 veluti
1569 5183 1735 5238 opera
1759 5169 1931 5240 ipsius
1963 5172 2350 5241 Metaphrastae
2375 5174 2748 5244 protulerunt,
2792 5189 2822 5229 e
2861 5173 3145 5228 codicibus
3176 5174 3566 5242 manusciiptis
3606 5190 3826 5242 eruere,

544 5272 600 5314 ct
631 5267 832 5314 nostra:
879 5256 1107 5312 editioni
1167 5255 1489 5326 Patrologiw
1523 5254 1724 5310 Greece:
1751 5256 2014 5325 inserere,
2046 5276 2155 5330 quo
2183 5263 2284 5316 viri
2315 5263 2517 5317 eruditi
2550 5264 2814 5334 majorem
2851 5262 3087 5317 fructum
3119 5277 3151 5317 e
3205 5263 3356 5317 libris
3404 5278 3489 5316 no.
3512 5263 3612 5318 tris
3653 5267 3828 5332 perci-

547 5348 716 5416 piant,
747 5347 1052 5417 nnliusque
1087 5346 1393 5417 intelligant
1419 5353 1757 5416 quantopere
1784 5347 1943 5402 llOJiS
1975 5349 2123 5404 cordi
2153 5350 2225 5404 sit
2251 5365 2441 5405 eorum
2480 5350 2702 5406 utilitati
2763 5351 2820 5406 in
2858 5351 3116 5406 omnibus
3136 5349 3443 5405 consulere.
3485 5349 3658 5406 Porro
3693 5354 3828 5408 Viue.

544 5445 860 5491 sanctorum
897 5451 1018 5506 qua:
1057 5433 1458 5504 Metaphrasten
1493 5448 1604 5488 non
1632 5433 1837 5489 habent
1865 5445 2167 5504 auctorem,
2212 5439 2316 5496 etsi
2365 5440 2422 5495 in
2453 5441 2779 5498 collectione
2817 5439 3062 5512 ejusdem
3097 5447 3286 5510 postea
3333 5437 3560 5496 inserta:
3599 5441 3823 5502 fuerint.

545 5524 686 5592 apud
721 5523 966 5588 Surium,
1002 5521 1327 5578 Bollandum
1361 5533 1417 5578 et
1438 5523 1573 5578 alios
1606 5523 1708 5594 legi
1734 5533 2017 5594 poterunt.

627 5623 759 5689 Quae
781 5625 848 5678 ad
876 5625 1097 5681 laudem
1132 5633 1186 5680 et
1209 5625 1586 5682 defensionem
1616 5625 1904 5698 Symeonis
1943 5625 2321 5700 Metaphrastm
2381 5628 2538 5683 initio
2564 5628 2726 5698 hujus
2763 5627 3103 5684 Praal‘ationis
3141 5624 3407 5684 diximus,
3441 5621 3696 5679 suﬂicere
3725 5627 3814 5678 vi-

557 5711 756 5765 dentur
788 5711 854 5765 ad
892 5712 1159 5768 arcendos
1185 5714 1546 5784 sycophantas
1572 5723 1628 5769 et
1679 5715 2090 5786 hypercriticos.
2124 5713 2344 5771 Juvabit
2370 5723 2550 5771 tamen
2578 5715 2666 5768 hic
2713 5715 2946 5770 recitare
2971 5712 3278 5784 apologiam
3309 5710 3599 5781 Symeonis
3646 5709 3806 5766 Meta-

557 5798 792 5864 pltrasla‘
823 5815 924 5868 qua
949 5797 1189 5854 Joannes
1219 5799 1512 5856 Bollandus
1541 5801 1814 5872 judicium
1843 5803 2064 5860 Roherti
2093 5803 2405 5860 Beliarmini
2431 5818 2587 5872 aequo
2607 5802 2852 5858 severius
2883 5811 3186 5871 temperare
3210 5807 3441 5854 conatus
3466 5808 3570 5859 est.
