4134 6426
312 400 369 462 Π
1533 403 1761 463 Ε’ΒΙΤΟ
1770 405 1873 463 illi
1881 407 1934 464 lli

1975 407 2389 469 PREFATIO.
3518 411 3585 469 "3

388 531 404 561 ι
457 511 537 564 De
575 509 968 579 hletaphrasta:
994 525 1164 580 porro
1196 510 1454 579 operibus
1481 512 1553 566 ita
1601 512 1788 567 scribit
1825 513 2181 568 Bellarminus
2207 534 2220 567 :
2248 514 2389 568 Illud
2425 524 2597 567 autem
2634 523 2709 567 est
2736 514 3137 581 observandum,
3164 532 3193 567 α
3228 512 3580 581 Metapltraste

310 600 535 661 scripms
565 599 734 669 fuisse
768 597 1028 651 historias
1062 596 1126 651 de
1160 598 1286 652 Vitis
1319 608 1624 652 sanctorum
1654 600 1836 653 multis
1869 602 2068 655 additis
2106 618 2172 655 ex
2195 604 2408 670 proprio
2437 602 2664 671 ingenio,
2715 619 2818 654 non
2850 612 2903 653 ut
2938 618 3019 654 res
3040 611 3199 671 gesta)
3220 603 3456 672 fuerunt,
3493 606 3582 654 sed

312 705 346 740 υ
407 690 520 757 geri
557 694 847 755 potuerunt
881 703 901 740 :
943 685 1094 740 addit
1136 684 1519 755 Metapltrastes
1549 687 1715 742 multa
1747 689 2012 758 colloquia
2059 689 2164 742 sive
2197 690 2445 759 dialogos
2475 700 2768 757 martyrum
2822 705 2939 741 cum
2991 688 3429 758 persecutoribus,
3477 689 3585 741 ali-

309 793 446 839 quos
488 776 652 827 etiam
679 776 1050 829 conversiones
1086 776 1379 829 astantium
1432 790 1759 847 paganorum
1796 778 1850 831 in
1887 787 2036 831 tanto
2069 793 2309 842 numero,
2344 789 2400 831 ut
2434 777 2766 831 incredibiles
2813 776 3092 831 videantur
3121 794 3138 832 :
3178 776 3399 845 denique
3419 777 3586 828 mira-

311 866 437 914 cula
471 866 711 932 p'urima
743 871 792 915 et
831 862 1072 915 maxima
1104 863 1162 915 in
1208 862 1476 917 eversione
1511 865 1823 931 templorum
1855 874 1904 918 et
1937 863 2222 930 idolorum,
2249 876 2297 919 et
2324 866 2377 918 in
2410 866 2669 919 occisione
2695 875 3110 931 persecuturum,
3160 880 3384 933 quorum
3434 865 3599 916 nulla

314 964 389 1005 est
421 953 621 1006 mentio
653 951 795 1022 apud
820 958 1017 1007 veteres
1050 951 1347 1007 historicos.
1369 951 1576 1007 Vellem
1603 953 1787 1007 mitius
1816 955 1884 1008 de
1929 953 2047 1007 viro
2069 968 2265 1023 magno
2312 953 2398 1007 vir
2455 953 2724 1007 maximus
2767 951 3201 1022 pronuntiasset.
3252 950 3412 1006 Unde
3442 966 3575 1005 cou-

316 1052 426 1095 s'at
454 1056 585 1094 eum
615 1056 727 1094 non
762 1048 951 1095 vetera
976 1047 1226 1095 secutum
1244 1053 1365 1094 esse
1396 1041 1797 1095 monumenta?
1827 1039 2091 1096 Omisisse
2137 1039 2320 1110 potius
2365 1040 2558 1107 multa,
2585 1055 2709 1109 qua:
2745 1056 2856 1093 non
2895 1039 3121 1093 omnino
3154 1038 3430 1108 probaret,
3465 1041 3587 1092 exi-

317 1130 502 1191 dim-1,
534 1144 699 1198 quam
742 1129 953 1199 aliquid
985 1128 1262 1185 addidisse
1286 1144 1352 1184 ex
1388 1129 1610 1199 preprio
1640 1129 1879 1200 ingenio.
1914 1127 2184 1184 Retulerit
2212 1139 2394 1184 tamen
2440 1129 2496 1183 in
2525 1144 2657 1183 suos
2691 1129 3121 1183 commentarios
3167 1127 3391 1196 aliquid,
3432 1128 3583 1196 quod

316 1232 442 1269 cum
480 1216 726 1283 probatis
754 1223 1004 1270 veterum
1037 1214 1257 1270 Patrum
1288 1215 1510 1285 scriptis
1558 1217 1740 1270 minus
1797 1231 2099 1286 congruere
2143 1218 2411 1281 videatur,
2450 1220 2611 1273 homo
2654 1228 2793 1284 erat,
2838 1219 2952 1275 fa'lli
3014 1227 3245 1288 poterat.
3300 1216 3585 1285 Colloquia

318 1312 622 1372 martyrum
658 1317 783 1356 cum
805 1301 1248 1371 persecutoribus
1276 1302 1419 1357 unde
1444 1311 1659 1356 constat
1681 1302 1863 1357 habita
1898 1319 2005 1357 non
2030 1319 2150 1360 esse
2171 1306 2194 1359 ?
2214 1305 2573 1375 Amplilicarit
2613 1323 2677 1362 ea
2707 1323 2839 1362 sane
2869 1308 2937 1361 ad
2970 1306 3263 1377 legentium
3289 1305 3582 1359 utilitatem

315 1410 382 1445 ac
407 1391 746 1459 voluptatem
780 1406 794 1444 :
825 1390 949 1460 quis
976 1389 1099 1460 jure
1128 1389 1180 1444 id
1204 1390 1568 1461 reprehendat
1597 1390 1615 1442 .7
1646 1405 1713 1443 an
1740 1398 1823 1444 est
1864 1390 2151 1460 quisquam
2184 1393 2275 1460 qui
2306 1393 2356 1445 id
2391 1407 2502 1446 non
2555 1393 2832 1463 permittat
2882 1392 3190 1447 historico?
3218 1392 3373 1446 Livio
3421 1402 3584 1445 caue-

318 1480 509 1549 risque
544 1479 672 1533 licet
691 1477 890 1533 ducum
921 1478 1197 1533 orationes
1220 1492 1349 1533 suos
1377 1478 1445 1533 ad
1474 1478 1719 1546 praelium
1752 1478 2154 1533 adhortantium
2191 1482 2540 1545 concinnare,
2578 1495 2733 1535 sacro
2766 1479 3017 1550 scriptori
3062 1496 3172 1535 non
3217 1480 3411 1535 licebit
3468 1494 3584 1549 my-

317 1566 484 1619 steria
512 1574 712 1619 nostra:
747 1564 1028 1635 religionis
1058 1564 1351 1635 gentilibus
1382 1564 1601 1632 tradita,
1626 1565 1977 1635 ipsorumque
2003 1566 2317 1621 confutatas
2371 1568 2819 1637 superstitiones,
2848 1567 3175 1637 explicatius
3220 1582 3529 1636 proponere
3560 1567 3582 1616 ?

319 1655 455 1707 Nam
490 1668 688 1722 magno
729 1667 966 1707 numero
1010 1667 1309 1707 conversos
1340 1652 1408 1707 ad
1439 1652 1601 1707 [idem
1626 1661 1890 1719 nostram,
1930 1654 2059 1708 visis
2080 1669 2201 1722 qua:
2229 1655 2401 1708 sancti
2441 1663 2718 1724 patrarent
2754 1654 3057 1715 miraculis,
3102 1669 3385 1723 nunquam
3418 1655 3579 1722 equi-

313 1741 447 1796 dem
483 1756 605 1794 sum
641 1739 947 1796 admiratus
975 1756 989 1793 :
1019 1739 1111 1811 qui
1150 1740 1294 1794 enim
1319 1740 1520 1809 alioqui
1546 1749 1623 1794 tot
1647 1756 1710 1796 ac
1733 1749 1898 1796 tanta:
1933 1741 2233 1811 provinciae
2264 1741 2477 1796 tantillo
2503 1749 2749 1812 tempore
2772 1741 2969 1810 subiici
2997 1740 3217 1797 Christo
3249 1739 3583 1811 potuissent?

318 1827 585 1881 miracula
617 1826 823 1893 omnia,
857 1826 1025 1881 etiam
1049 1840 1169 1896 qua:
1200 1842 1346 1881 nunc
1368 1827 1522 1894 nunt,
1551 1827 1595 1882 si
1622 1828 1735 1883 suis
1775 1829 2186 1883 commentariis
2222 1829 2640 1899 insererentqui
2681 1830 2842 1885 modo
2874 1828 3273 1884 ecclesiasticas
3313 1826 3574 1882 historias

316 1917 594 1981 scribunt,
631 1922 835 1985 quanta
879 1913 1213 1985 singularum
1245 1914 1415 1969 moles
1446 1915 1772 1970 exsisteret!
1804 1925 2066 1985 quantum
2100 1915 2421 1971 offensionis
2464 1917 2691 1973 haberet
2729 1926 2893 1988 atque
2924 1917 3146 1973 fastidiit
3186 1915 3372 1987 Neque
3401 1916 3575 1979 nulla,

320 2020 504 2075 neque
527 2005 712 2059 omnia
738 2012 986 2071 narrant,
1014 2004 1110 2059 sed
1131 2004 1377 2074 quaedam
1395 2003 1631 2058 maxime
1659 2004 1890 2058 illustria
1912 2004 1993 2060 vel
2019 2006 2239 2059 testium
2278 2005 2616 2070 celebritate,
2649 2005 2734 2060 vel
2760 2006 3041 2061 consecuti
3072 2004 3286 2060 fructus
3325 2004 3583 2073 amplitu-

319 2094 470 2146 dine.
514 2091 664 2147 ldem
692 2098 942 2147 veterum
962 2090 1204 2146 studium
1225 2090 1329 2146 fuit
1354 2109 1367 2144 :
1394 2091 1485 2161 qui
1536 2100 1823 2161 propterea
1870 2088 2189 2162 frequenter
2226 2092 2450 2146 tradunt
2493 2093 2660 2146 multa
2684 2102 2740 2147 et
2782 2108 2998 2164 magna,
3040 2093 3105 2146 ad
3139 2100 3456 2147 sanctorum
3490 2093 3578 2145 vel

322 2179 638 2234 testandam
662 2193 726 2235 ac
746 2178 1143 2235 munerandam
1178 2176 1548 2244 sanctitatem,
1578 2179 1665 2233 vel
1693 2179 1839 2234 dicta
1868 2182 2261 2245 conﬁrmanda,
2291 2182 2432 2236 edita
2460 2198 2581 2237 esse
2616 2182 2801 2237 divina
2835 2184 3036 2238 virtute
3077 2182 3361 2246 miracula,
3407 2196 3585 2249 neque

321 2268 494 2321 ullum
515 2274 701 2320 tamen
725 2273 1177 2321 commemorant.
1206 2265 1337 2320 Atsi
1358 2266 1481 2335 quis
1502 2281 1570 2320 ex
1601 2264 1847 2335 professo
1865 2270 2036 2325 sancti
2069 2270 2369 2341 eujuspiam
2396 2270 2684 2324 historiam
2703 2271 2936 2341 scribat},
2972 2269 3110 2325 nihil
3141 2285 3265 2323 eum
3304 2269 3588 2338 praeterire

318 2356 578 2409 consulto
616 2356 697 2408 fas
718 2364 824 2416 est,
859 2354 1003 2423 quod
1036 2354 1106 2410 sit
1132 2355 1200 2410 ab
1223 2370 1290 2409 eo
1310 2354 1520 2409 dictum
1546 2364 1640 2409 aut
1670 2355 1875 2411 factum
1914 2357 2195 2427 praeclare,
2220 2367 2314 2412 aut
2340 2359 2462 2427 ejus
2493 2372 2654 2413 causa
2706 2368 3019 2429 susceptum
3054 2373 3082 2411 a
3116 2356 3456 2420 mortalibus,
3490 2368 3589 2410 aut

316 2442 563 2512 denique
589 2451 864 2513 patratum
899 2457 931 2497 a
967 2442 1099 2499 Deo.
1139 2461 1159 2494 ι
1196 2442 1474 2499 Hactenus
1499 2443 1548 2498 J.
1584 2442 1894 2499 Bollandns.

392 2531 613 2585 Addere
641 2544 930 2600 possemus
946 2530 1186 2601 Dionysii
1215 2529 1420 2585 Petavii
1444 2532 1770 2586 sententiam
1795 2547 1899 2601 qua
1931 2533 2216 2588 haereticos
2253 2534 2344 2603 qui
2403 2530 2502 2588 SS.
2536 2534 2725 2589 Patres
2778 2534 3081 2604 increpant,
3137 2535 3281 2604 quod
3302 2533 3584 2588 historiam

318 2619 526 2673 Christi
563 2618 864 2674 Salvaluris
895 2618 1184 2675 rhetoricis
1214 2619 1429 2675 artibus
1453 2620 1790 2684 ornaverint,
1850 2620 2146 2691 redarguit,
2192 2623 2468 2691 sapienter
2513 2608 2816 2677 admonens
2845 2633 2901 2678 et
2930 2624 3184 2694 mysteria
3218 2621 3494 2692 religionis
3534 2632 3590 2676 (ιι

321 2710 458 2762 Acta
482 2715 803 2763 sanctorum
816 2707 942 2778 jure
970 2706 1163 2763 merito
1190 2723 1220 2762 a
1251 2708 1568 2764 doctoribus
1590 2708 1846 2763 Ecclesiae
1872 2709 2055 2763 ornari
2087 2723 2269 2778 posse,
2293 2709 2422 2763 dum
2452 2724 2517 2764 ea
2537 2724 2658 2779 quae
2682 2708 2824 2763 facta
2855 2724 2975 2764 esse
2999 2710 3317 2775 creduntur,
3355 2711 3436 2763 vel
3473 2709 3586 2763 ﬁeri

320 2796 642 2849 debuerunt
690 2802 787 2848 aut
835 2802 1156 2864 potuerunt,
1195 2795 1361 2850 veluti
1392 2794 1534 2850 facta
1560 2804 1876 2856 narrantur,
1910 2796 2208 2850 dummodo
2255 2796 2394 2850 nihil
2438 2805 2713 2851 asseratur
2746 2797 2890 2866 quod
2926 2797 3142 2853 veritati
3193 2805 3289 2851 aut
3345 2796 3593 2851 historiae

320 2882 624 2937 manifeste
680 2890 968 2953 repugnet.
1028 2882 1283 2938 Profecto
1330 2883 1564 2951 Symeon
1624 2882 2015 2955 Metaphrastes
2063 2881 2206 2937 hanc
2259 2883 2521 2953 regulam,
2567 2897 2598 2937 a
2630 2883 3035 2937 recentioribus
3095 2897 3243 2953 saepe
3287 2891 3592 2950 servatam,

318 2972 468 3041 quod
507 2972 680 3026 sciam
708 2985 996 3041 nunquam
1019 2979 1437 3043 praetergressus
1457 2981 1559 3027 est.
1589 2972 1708 3026 Non
1739 2981 1824 3027 est
1860 2972 2024 3043 igitur
2053 2970 2198 3041 quod
2225 2970 2347 3040 quis
2375 2984 2443 3026 eo
2477 2985 2545 3026 ex
2571 2972 2750 3041 capite
2776 2986 2901 3026 eum
2925 2980 3135 3042 carpat.

393 3062 535 3116 Cum
560 3074 730 3131 supra
765 3059 1005 3115 dicerem
1034 3060 1240 3115 nullam
1280 3068 1496 3116 exstare
1530 3060 1776 3116 Vitarum
1804 3061 2125 3117 Sanctorum
2159 3058 2345 3115 Graece
2362 3060 2685 3128 scriptarum
2712 3060 3110 3125 collectionem,
3143 3075 3264 3130 quae
3292 3076 3416 3115 cum
3445 3060 3589 3115 Lati~

321 3147 416 3205 nis
444 3146 870 3203 collectionibus
903 3146 1141 3202 conferri
1170 3148 1366 3218 possit,
1407 3147 1678 3204 insinuavi
1717 3148 2007 3205 nonnullas
2039 3149 2389 3205 collectiones
2419 3148 2635 3204 Graecas
2655 3149 2923 3205 exsistere
2958 3150 3101 3221 typis
3139 3150 3457 3220 impressas,
3494 3152 3587 3205 sed

320 3236 431 3290 illa:
451 3242 725 3305 quantum
752 3234 887 3300 scio,
930 3250 1043 3290 non
1065 3234 1252 3307 lingua
1274 3234 1461 3292 Gratca
1482 3236 1702 3291 litterali
1725 3276 1740 3301 ,
1788 3235 1884 3290 sed
1919 3237 2104 3308 lingua
2140 3236 2327 3292 Graeca
2380 3238 2671 3294 vernacula
2729 3237 2891 3293 edita:
2917 3250 3067 3293 sunt.
3101 3238 3194 3292 Sic
3229 3253 3321 3294 ex.
3355 3254 3436 3308 gr.
3480 3254 3591 3307 pra:

323 3326 587 3380 manibus
616 3322 890 3379 habemus
924 3324 1179 3378 volumen
1202 3322 1457 3394 exiguum
1493 3323 1566 3378 ita
1605 3323 1926 3394 inscriptum

1957 3340 1972 3378 :
2008 3323 2221 3378 Βιϐλίων
2254 3323 2589 3395 καλούμενον
2618 3324 2874 3397 Ἰεέκλογὴ,
2908 3326 3073 3397 ἤγουν
3126 3327 3370 3396 μερικῶν
3418 3327 3588 3394 ἁγίων

323 3410 433 3480 βίοι
461 3413 513 3465 ot
543 3410 869 3484 ὡραιότεροι
893 3410 989 3464 τοῦ
1026 3411 1457 3482 Μεταφραστοῦ,
1496 3411 1973 3484 μεταφρασθέντες
2006 3413 2070 3466 ὲκ
2095 3413 2195 3480 τῆς
2220 3412 2330 3464 τῶν
2372 3412 2639 3483 Ἑλλήνων
2668 3414 2748 3477 εἰς
2783 3414 2880 3483 τὴν
2911 3414 3097 3483 κοινὴν
3131 3413 3410 3467 διάλεκτον
3438 3414 3592 3484 παρὰ

334 3501 609 3568 Ἀγαπξου
639 3498 901 3571 μοναχοῦ,
964 3517 1021 3554 κ.
1081 3517 1132 3555 τ.
1164 3500 1215 3554 λ.
1274 3500 1334 3552 ὲν
1389 3499 1615 3571 Βενετίᾳ
1652 3501 1854 3571 ,αχμ6’.
1916 3499 1966 3555 Id

1958 3500 1973 3554 l
2006 3507 2090 3553 est
2128 3518 2140 3553 :
2180 3498 2409 3552 Libellus
2434 3501 2523 3570 qui
2547 3509 2767 3554 vocatur
2813 3500 3001 3572 Ecloge
3043 3518 3134 3555 seu
3218 3501 3590 3555 nonnullorum

323 3598 635 3643 sanctorum
656 3587 1108 3658 vitwpulcltriores
1130 3587 1534 3656 aMetaphraste
1556 3589 2033 3655 contposilcc,quas
2053 3603 2079 3640 ε
2101 3586 2281 3656 lingua
2318 3584 2502 3642 Crtcca
2558 3590 2614 3641 in
2650 3589 2849 3642 idioma
2913 3589 3253 3645 vernaculum
3319 3589 3589 3642 transtulit

324 3677 568 3744 Agapius
580 3675 862 3741 diaconus,
885 3665 993 3729 etc.
1016 3674 1113 3728 12°
1137 3674 1357 3729 Venetiis
1377 3672 1535 3729 1642.
1558 3674 1673 3728 lIoe
1688 3671 1964 3728 volumine
1984 3675 2337 3729 continentur
2357 3675 2598 3745 quinque
2618 3675 2750 3731 Vitae
2766 3684 2998 3742 tantum,
3022 3677 3279 3732 videlicet
3298 3676 3354 3731 S.
3370 3677 3590 3744 Josephi

325 3765 574 3831 Pancali,
591 3764 851 3831 S.Alexii,
867 3763 921 3819 S.
938 3762 1116 3819 Patris
1136 3761 1431 3834 Onuphrii,
1449 3771 1652 3818 sanctae
1674 3763 1862 3818 matris
1886 3761 2174 3830 Eupraxiae
2191 3771 2244 3815 ct
2265 3760 2577 3830 martyrium
2603 3761 2659 3816 S.
2682 3763 3050 3817 Pantaleonis.
3075 3762 3268 3833 Ecloge
3290 3763 3377 3816 illa
3394 3762 3592 3815 deinde

327 3864 515 3917 aucta,
536 3868 683 3908 anno
707 3852 862 3918 1664,
883 3864 938 3908 et:
966 3853 1324 3922 sequentibus
1347 3852 1505 3907 annis
1520 3852 1666 3907 edita
1686 3860 1769 3906 est
1787 3850 1989 3921 pluries
2013 3847 2273 3901 Venetiis.
2303 3847 2504 3902 Ultima
2541 3864 2703 3917 quam
2730 3849 2982 3903 novimus
3014 3849 3183 3904 editio
3212 3852 3473 3918 impressa
3510 3860 3594 3902 est

328 3938 586 3994 Venetiis
615 3955 704 3994 an.
738 3940 896 4004 1855,
924 3940 1029 3994 hoc
1063 3939 1222 3994 titulo
1250 3956 1265 3992 :
1298 3938 1451 4004 Νέος
1479 3936 1844 4006 παράδεισος
1872 3934 1960 4003 ἤτε

1960 3953 2006 3989 9t
2044 3933 2214 4002 λόγοι
2248 3933 2523 4003 διάφοροι
2550 3935 2651 3988 καὶ
2686 3934 2817 4000 βίοι
2843 3936 3030 4005 ἁγίων
3050 3936 3119 3989 ἐκ
3146 3937 3252 3990 τοῦ
3284 3941 3592 4006 Maras-apa-

327 4026 496 4080 στοῦ
528 4025 871 4097 Συμεῶνος,
895 4028 983 4090 εις
1006 4025 1121 4094 τὴν
1152 4025 1370 4093 κοινὴν
1396 4022 1692 4093 ἡμετέραν
1739 4020 2057 4075 διάλεκτον
2094 4021 2719 4091 μεταγλωττισθέντες
2764 4021 2882 4092 μὲν
2910 4023 3070 4092 παρὰ
3104 4023 3382 4094 Ἀγαπίου
3402 4040 3595 4093 μονα-

326 4114 450 4185 χοῦ
482 4113 592 4169 τοῦ
623 4115 873 4183 Κρητός.
902 4113 1031 4168 Νῦν
1062 4112 1130 4167 δὲ
1157 4108 1335 4177 αὖθις
1359 4111 1735 4175 τυπωθέντες
1760 4113 1849 4175 εὶς
1886 4110 2104 4178 κοινὴν
2164 4107 2286 4163 τῶν
2336 4109 2672 4178 ὀρθυδόξων
2726 4110 3040 4180 ὠφέλειαν,
3081 4113 3231 4182 μετὰ
3271 4113 3374 4166 τοῦ
3405 4126 3595 4181 προσ-

330 4204 601 4270 ήκοντος
627 4204 902 4269 πίνακος,
940 4201 998 4255 4⁸
1020 4202 1091 4255 ἐν
1119 4200 1366 4266 Βενετίᾳ
1396 4198 1553 4253 1855.
1583 4195 1853 4252 Volumen
1878 4197 1962 4251 ho¢

1979 4219 1981 4247 :
2010 4197 2255 4253 continet
2284 4195 2434 4253 Vitas
2459 4196 2785 4253 Sanctorum
2817 4207 2871 4253 et
2896 4197 3222 4254 Sanctarum
3252 4201 3611 4271 septuaginta.

327 4292 603 4362 quinque,
634 4298 833 4361 praeter
860 4289 1234 4344 narrationem
1262 4285 1561 4357 imperialis
1590 4294 1646 4340 et
1678 4285 2057 4355 patriarcbalis
2081 4288 2399 4342 monasterii
2438 4288 2547 4342 τοῦ
2578 4289 2969 4345 Βατοπεδίου.

404 4381 650 4447 Quaestio
678 4388 762 4435 est
789 4378 918 4435 olim
936 4378 1159 4450 agitata,
1186 4390 1290 4431 nec
1319 4374 1613 4431 hodiedum
1643 4375 1819 4430 soluta
1856 4393 1868 4427 :
1903 4373 2099 4429 Utrum
2136 4370 2370 4443 Symeon
2403 4371 2800 4442 Metaphrastes
2834 4375 3116 4445 scripserit
3139 4377 3593 4431 commentarium

331 4471 390 4522 in
428 4469 784 4540 Evangeliutn
821 4466 878 4522 S.
915 4466 1097 4530 Lucae,
1130 4463 1358 4520 necne?
1392 4463 1530 4517 Sunt
1567 4462 1660 4532 qui
1690 4470 1943 4518 asserunt
1970 4460 2275 4529 fragmenta
2304 4474 2426 4528 quae
2455 4460 2558 4515 sub
2598 4461 2824 4516 nomine
2869 4461 3251 4533 Metaphrasta!
3292 4463 3343 4516 in
3376 4463 3597 4517 Catenis

329 4556 560 4609 Patrum
581 4561 881 4610 occurrunt
906 4560 1160 4623 excerpta
1211 4565 1333 4605 esse
1363 4563 1394 4604 e
1425 4548 1561 4605 .Vitis
1576 4546 2021 4611 sanctorum,sed
2047 4547 2502 4601 commentarium
2525 4548 2845 4603 continuum
2874 4549 2931 4603 in
2964 4550 3312 4622 Exangelium
3340 4551 3398 4604 S.
3434 4551 3597 4606 Luca:

332 4641 725 4711 Metaphrastze
756 4641 967 4695 nullum
988 4639 1269 4695 exstitisse
1299 4651 1561 4706 unquam.
1594 4633 1706 4690 Hac
1733 4634 1801 4689 de
1831 4649 1889 4689 re
1914 4633 2176 4703 quidquid
2214 4635 2305 4699 sit,
2347 4635 2647 4705 fragmenta
2704 4635 3089 4707 Metaphrastaa
3121 4639 3382 4707 inscripta
3418 4639 3471 4693 in
3506 4653 3602 4692 ca-

333 4741 463 4785 tena
498 4730 557 4783 in
588 4731 646 4784 S.
665 4728 867 4785 Lucam
894 4742 1059 4798 quam
1094 4723 1313 4780 Nicetas
1331 4722 1624 4778 Serronins
1654 4721 1855 4776 szecnlo
1889 4736 1941 4774 XI
1997 4721 2328 4791 composuit,
2361 4738 2635 4793 quamque
2666 4740 2766 4778 suo
2810 4724 2931 4786 loco
2953 4726 3199 4792 edemus,
3233 4727 3321 4780 hic
3368 4737 3596 4796 praeter-

331 4819 629 4886 mittimus,
658 4832 729 4873 ne
757 4815 1056 4887 allquando
1081 4820 1264 4868 actum
1302 4825 1462 4882 agere
1507 4808 1805 4872 videamur,
1838 4816 1933 4861 aut
1971 4816 2221 4862 catenam
2263 4809 2591 4879 abrmnpere
2625 4826 2905 4881 cogamur.
2942 4813 3144 4867 Eadem
3174 4819 3365 4867 catena
3415 4815 3597 4867 conti-

334 4916 428 4962 net
460 4906 764 4978 fragmenta
795 4903 1033 4976 plurima
1063 4897 1287 4955 Joannis
1318 4897 1642 4961 Geotnetrat,
1675 4910 1796 4963 qua:
1846 4894 2048 4962 pariter
2096 4896 2151 4948 in
2182 4903 2374 4950 eatena
2418 4896 2628 4967 integra
2681 4897 2784 4952 sub
2826 4897 3051 4952 nomine
3093 4898 3297 4954 Nicetae
3353 4900 3597 4955 Serronii

329 4993 548 5050 edenda
577 4993 681 5049 sub
711 5007 859 5047 anno
882 4988 1027 5044 1090
1062 4985 1161 5056 legi
1192 4992 1470 5055 poterunt.

410 5081 549 5137 Vitis
590 5088 908 5137 sanctorum
940 5074 1351 5143 subsequuntur
1383 5079 1582 5125 caetera
1610 5086 1775 5140 Opera
1810 5070 2094 5142 Symconis
2125 5070 2524 5142 Mclapln'asla),
2578 5074 2776 5143 quibus
2816 5089 2913 5143 pro
2942 5076 3401 5133 necessitateaut
3449 5078 3599 5132 utili-

331 5178 445 5227 tate
469 5168 692 5228 lectoris
716 5161 1026 5240 peculiaria
1065 5158 1268 5215 monita
1302 5157 1690 5228 praemisimus.

2950 5259 3066 5313 J—B.
3109 5259 3179 5312 M.

2723 5376 2758 5424 ll
2779 5379 2793 5396 ‘
2815 5378 2826 5393 ‘
2853 5380 2867 5395 ⁸
2893 5382 2906 5396 ⁸
2933 5377 2947 5392 ⁶
2976 5376 3008 5427 9
3041 5376 3240 5444 Aprilis
3272 5375 3429 5431 1861.
