4134 6412
663 415 700 423 .-
715 411 1038 424 .μον-
1071 412 1672 422 -δ-ᾘσμήρ
1707 416 1795 424 κ...-

564 410 700 440 nc.
715 411 1038 424 mm
1071 412 1672 422 __.-_—__—-—_.—
1707 416 2125 426 __.________________
2137 417 2150 425 _
2242 417 2267 424 _
2278 417 2300 426 ,,
2375 416 2380 424 ,

953 911 1732 1004 SCRIPTOBUM
1806 915 2120 1002 SYME

2242 915 2424 1003 NIS
2497 917 3410 1009 ΜΕΤΑΡΗΒΑΞΤίΕ

1441 1133 1534 1196 (Ex
1563 1132 1766 1193 Allatio,
1805 1134 1876 1184 De
1899 1136 2186 1196 Symeonum
2208 1128 2424 1194 scriptis.
2450 1131 2590 1182 Paris
2637 1131 2776 1193 166t,
2813 1133 2906 1192 4°.)

620 1483 734 1558 [24}
769 1483 876 1542 Sed
918 1486 1030 1556 jam
1077 1500 1164 1538 me
1212 1497 1367 1539 vocat
1415 1485 1478 1539 ad
1510 1497 1592 1543 se.
1638 1483 1796 1550 cujus
1833 1483 1916 1536 vel
1963 1483 2130 1537 solius
2160 1487 2204 1543 A
2235 1486 2404 1540 multa
2455 1486 2658 1540 addidit
2685 1502 2750 1541 ea:
2787 1489 3001 1558 proprio
3033 1489 3274 1561 ingenio,
3308 1504 3411 1542 non
3442 1497 3498 1542 ut
3535 1503 3616 1541 res
3653 1497 3812 1559 gesta:

546 1574 714 1646 gratia
744 1573 861 1630 haec
887 1582 1073 1629 nostra
1108 1572 1348 1628 Diatriba
1375 1573 1620 1628 instituta
1648 1581 1733 1627 est
1751 1572 1988 1643 Symeon
2014 1572 2126 1628 Me-

547 1667 873 1736 taphrastes,
906 1675 1020 1721 tum
1059 1667 1284 1733 virtute,
1315 1677 1433 1722 tum
1481 1667 1700 1738 scriptis
1747 1666 1883 1721 ultra
1930 1665 2125 1720 huma-

544 1773 674 1814 num
719 1769 939 1830 captum
987 1759 1341 1824 admirabilis,
1393 1775 1501 1830 quo
1555 1759 1642 1814 vel
1681 1758 1798 1814 solo
1841 1756 2128 1812 fraudibus

543 1853 986 1908 adversariorum
1021 1861 1344 1908 corruentes
1375 1853 1633 1908 Ecclesiae
1656 1859 1943 1906 structurae
1994 1848 2126 1902 soli-

547 1946 748 2000 dentur
797 1955 854 2002 et
901 1945 1300 2002 sustineantur.
1333 1943 1513 2000 Pietas
1565 1944 1700 1999 tanti
1754 1942 1878 2004 viri,
1927 1941 2126 2010 scripta

548 2035 949 2106 elegantissima
974 2075 990 2098 ,
1023 2037 1237 2092 labores
1283 2035 1706 2108 ingeniosissimi
1733 2074 1749 2100 ,
1777 2034 1973 2104 vigiliae
2019 2041 2127 2086 tam

552 2128 736 2191 utiles,
795 2127 1010 2182 animus
1053 2127 1334 2192 sincerus,
1381 2141 1579 2192 verax,
1625 2123 1842 2178 mentiri
1888 2121 2125 2182 nescius,

551 2219 893 2272 stomachum
948 2218 1116 2272 movit
1173 2217 1481 2284 htcreticis;
1523 2233 1632 2272 non
1685 2214 1965 2286 patiuntur
2019 2222 2126 2267 tam

553 2319 804 2380 patenter
829 2325 926 2366 sua
959 2309 1264 2381 praestringi
1289 2325 1316 2362 a
1343 2307 1458 2381 [25]
1491 2318 1642 2363 tanto
1680 2307 1945 2377 scriptore
1971 2321 2128 2360 men-

554 2403 731 2459 dacia.
763 2401 903 2469 Quid
934 2403 1102 2474 ergo?
1124 2401 1474 2472 Dejiciendus
1497 2411 1581 2457 est
1608 2401 1676 2455 de
1708 2399 1879 2470 gradu
1911 2397 2128 2452 :dimo-

543 2494 765 2551 'vendus
791 2511 859 2551 ex
889 2495 1150 2567 dignitate
1181 2516 1193 2550 :
1226 2495 1450 2551 vilescat
1481 2513 1494 2548 :
1529 2493 1624 2548 ﬁat
1655 2507 1798 2548 unus
1826 2506 1891 2546 ex
1925 2490 2082 2545 trivio
2113 2507 2125 2542 :

557 2585 906 2643 insimuletur
949 2587 1336 2643 inconstantia:
1403 2585 1672 2641 mendacii
1705 2625 1719 2646 ,
1769 2581 2128 2652 negligentiae,

555 2679 896 2750 ignorantiae;
921 2687 1150 2750 negetur
1172 2679 1248 2734 illi
1269 2677 1569 2752 ingenium,
1593 2675 1854 2737 studium,
1879 2671 2128 2736 facultas,

550 2769 840 2838 judicium.
869 2767 960 2825 Sic
988 2769 1192 2826 homini
1229 2769 1468 2824 demitur
1500 2767 1653 2822 fides.
1683 2764 1788 2822 Ubi
1817 2765 2133 2832 incorrupta

553 2861 690 2918 fides
727 2877 834 2917 non
875 2871 977 2928 est,
1008 2862 1300 2918 credulitas
1348 2870 1464 2926 est,
1518 2855 2013 2918 inconsiderantia,
2051 2864 2131 2908 tc-
2167 2835 2207 2892 Β

556 2956 800 3010 meritas.
839 2955 918 3012 Ne
959 2965 1162 3012 temere
1188 2957 1432 3012 dicamur
1459 2955 1714 3020 credere,
1747 2969 1818 3008 ne
1846 2963 2131 3022 perperam

557 3047 744 3114 lidere,
773 3048 979 3104 dictum
1015 3048 1183 3104 veluti
1233 3048 1456 3104 dubium
1488 3045 1945 3107 examinandum,
1985 3041 2132 3112 judio

556 3139 816 3206 candum,
849 3141 908 3197 in
947 3140 1202 3196 examine
1255 3149 1362 3194 tam
1414 3139 1582 3200 vario.
1637 3147 1690 3193 et
1741 3152 1932 3208 parum
1977 3148 2134 3203 aequo

556 3247 669 3288 non
725 3233 959 3288 deerunt
1013 3230 1281 3287 machina:
1338 3231 1403 3285 ad
1461 3229 1818 3285 refellendum
1871 3247 1883 3282 :
1939 3227 2131 3282 saltem

557 3324 784 3381 fraudes
812 3333 870 3380 et
892 3322 1002 3380 doli
1033 3323 1214 3377 locum
1239 3322 1540 3387 invenient,
1569 3329 1624 3375 et
1651 3319 1880 3374 reddent
1909 3315 2136 3387 legentis

557 3419 801 3474 animum
837 3430 1163 3486 suspensum
1199 3424 1255 3468 et
1295 3413 1539 3468 anxium.
1571 3410 1710 3466 Hinc
1743 3410 1922 3466 omnis
1961 3410 2136 3463 haere-

559 3509 795 3564 ticorum
853 3508 908 3560 in
965 3506 1384 3576 liletaphrastem
1443 3504 1826 3561 maledicentia
1881 3501 2132 3564 elllttxit;

558 3615 669 3671 quo
693 3600 910 3655 tandem
942 3599 1092 3654 lucro
1109 3599 1133 3652 ?
1151 3599 1526 3655 consideretur
1551 3599 1828 3654 Gesnerus
1855 3596 1910 3650 in
1935 3594 2138 3650 Biblio-

562 3694 741 3748 theca.
795 3691 1022 3766 ngeon
1077 3691 1692 3761 Constantinopolitanus
1752 3688 2137 3761 Ludimagister

562 3787 772 3840 circiter
803 3803 972 3843 annos
1005 3788 1191 3842 abhinc
1229 3789 1477 3842 ducentos
1502 3787 1789 3856 composuit
1820 3783 1997 3840 Cratce
2025 3786 2136 3836 Me-

564 3881 874 3947 tstpltrases,
932 3882 988 3936 id
1049 3890 1154 3948 est,
1200 3879 1350 3935 Vitas
1403 3888 1704 3934 sanctorum
1750 3893 1868 3949 qua:
1917 3875 2136 3948 singulis

563 3973 821 4028 mensibus
862 3975 1076 4044 proprie
1115 3975 1378 4046 leguntur.
1413 3971 1780 4042 llospinianus
1819 3969 1893 4024 De
1925 3968 2142 4038 templis

565 4063 756 4118 scribit
801 4063 962 4118 Illum
995 4065 1153 4134 fuisse
1191 4063 1452 4116 trivialem
1481 4060 1938 4130 Constantinopoli
1975 4059 2140 4114 Ludi-

2234 1581 2473 1650 fuerunt,
2521 1583 2610 1635 sed
2649 1590 2705 1636 ut
2747 1583 2860 1652 geri
2903 1592 3207 1650 potuerunt.

2303 1671 2726 1744 Expendantur,
2778 1673 2874 1728 sed
2917 1673 3122 1743 judicio
3169 1671 3518 1742 prudentium
3572 1670 3806 1741 singula.

2230 1764 2566 1837 Μὰγιστρος,
2607 1763 2887 1833 Magister,
2925 1779 3123 1818 nomen
3161 1764 3216 1818 in
3246 1763 3382 1816 Aula
3420 1762 3809 1830 imperatorum

2230 1854 2512 1926 dignitatis
2538 1862 2701 1924 atque
2731 1853 2915 1916 cilicii,
2951 1854 3180 1922 ejusque
3214 1852 3358 1906 inter
3384 1851 3486 1904 alia
3523 1851 3806 1920 praecipui,

2231 1955 2486 2017 tanquam
2538 1947 2630 2016 qui
2685 1946 2872 2000 titulos
2919 1946 3021 2001 sibi
3064 1945 3398 2010 vindicaret,
3441 1943 3810 2012 περιφανοῦς,

2231 2047 2287 2092 et
2319 2037 2706 2111 περιϐλέπτου,
2739 2037 2881 2090 inter
2913 2037 3167 2108 patricios
3203 2037 3379 2092 locum
3410 2036 3669 2102 haberet,
3700 2035 3814 2089 imo

2232 2149 2396 2203 supra
2445 2130 2666 2186 eosdem
2711 2129 3024 2190 haberetur,
3081 2128 3133 2182 in
3181 2127 3428 2182 conciliis
3462 2127 3705 2189 sederet,
3743 2125 3814 2178 ad

2233 2222 2584 2280 sustinendos
2631 2223 2685 2276 in
2733 2221 3057 2290 baptismate
3104 2219 3492 2290 imperatorum
3540 2216 3683 2272 ﬁlios
3713 2217 3816 2271 ad-

2233 2321 2582 2378 scisceretur,
2615 2313 3088 2383 consanguinitate
3120 2310 3437 2365 eorumdem
3467 2309 3814 2380 iungeretur,

2234 2405 2570 2478 ignoratione
2601 2419 2786 2458 rerum
2823 2401 3138 2458 Graecarum
3185 2401 3238 2455 in
3286 2399 3773 2470 Ludi-Magistrum
3799 2439 3816 2466 ,

2233 2509 2288 2555 et
2311 2499 2357 2556 si
2389 2499 2496 2554 diis
2531 2499 2710 2568 placet
2735 2505 2791 2552 et
2820 2495 3178 2567 Hospiniano,
3213 2493 3495 2548 trivialem.

2317 2593 2438 2662 lpse
2489 2592 2582 2648 hic
2631 2591 2874 2653 demum,
2923 2605 2992 2644 ne
3047 2588 3250 2643 nimius
3287 2588 3412 2649 sim,
3455 2583 3584 2652 quid
3633 2583 3704 2642 de
3750 2596 3820 2637 ea

2237 2687 2503 2756 dignitate
2531 2684 2814 2754 scripserit
2849 2681 3244 2738 Constantinus
3273 2677 3818 2748 Porphyrogenneta,

2238 2779 2332 2847 qui
2367 2779 2509 2833 hanc
2539 2778 2680 2832 bene
2709 2776 2849 2831 scire
2879 2784 3112 2844 poterat,
3162 2774 3215 2826 in
3253 2772 3370 2825 Vita
3407 2769 3586 2824 Basilii
3636 2768 3819 2822 Mace-

2237 2871 2419 2934 donis,
2450 2869 2592 2940 quod
2622 2883 2732 2924 non
2786 2869 2857 2922 ita
2910 2867 3130 2923 obvium
3187 2866 3274 2924 sit.
3321 2863 3574 2917 referam.
3623 2859 3825 2914 Narrat

2239 2963 2506 3034 siquidem
2541 2961 2632 3016 ille
2669 2961 2738 3015 de
2763 2959 3001 3014 Basilio:
3035 2958 3146 3028 Τῆς
3189 2957 3246 3010 δὲ
3285 2953 3542 3026 προνοίας
3577 2950 3824 3020 ἀγούσης

2237 3057 2329 3109 τὸν
2403 3053 2684 3107 Βασίλειον
2747 3051 3072 3122 εὐμηχάνως
3143 3047 3278 3118 πρὸς
3333 3049 3469 3113 ὅπερ
3519 3041 3822 3104 ἐϐούλετο,

2237 3148 2440 3210 εὐθέως
2485 3145 2622 3217 μετὰ
2657 3144 2755 3215 τὴν
2785 3146 2850 3196 ὲκ
2880 3143 2980 3210 τῆς
3006 3141 3295 3210 στρατείας
3330 3135 3676 3206 ὑποστροφὴν
3699 3130 3825 3204 ['26]

2241 3241 2560 3294 υἱοπςιεῖται
2593 3236 2780 3291 τοῦτον
2832 3237 2862 3289 ὁ
2911 3231 3186 3305 βασιλεύς.
3233 3230 3530 3298 Ἐτύγχανε
3573 3225 3682 3294 γὰρ
3715 3241 3824 3276 κα-

2242 3330 2426 3396 θάπαξ
2478 3331 2686 3394 οἰκείας
2737 3331 2901 3400 γονῆς
2946 3327 3212 3398 ἀμοιρῶν,
3281 3324 3376 3377 καὶ
3415 3321 3518 3390 τῆς
3566 3319 3674 3373 τῶν
3714 3335 3824 3388 μα-

2241 3424 2482 3493 γίστρων
2553 3421 2956 3492 ὑπερλάμπρας
3000 3420 3168 3488 τιμῆς
3230 3414 3392 3480 ἀξιοῖ.
3438 3411 3557 3480 Ἐφ’
3621 3401 3697 3462 ὧν
3755 3409 3821 3476 τῇ

2245 3515 2516 3587 βασκανίᾳ
2561 3513 2898 3585 ῥηγνύμενος
2939 3513 2967 3564 ὁ
3009 3509 3302 3579 λογοοέτης
3349 3503 3676 3576 Συμϐἀτιος,
3727 3501 3824 3554 καὶ

2239 3611 2308 3664 τὰ
2336 3610 2484 3680 ἑξῆς.
2525 3608 2897 3664 Verumtamen
2947 3603 3276 3676 providentia
3305 3607 3502 3674 ferente
3533 3595 3820 3653 Basiliam,

2241 3705 2310 3755 ad
2345 3701 2420 3765 id,
2453 3701 2593 3771 quod
2623 3698 2813 3752 libebat
2840 3696 3131 3764 aptissime,
3156 3692 3298 3746 illico
3326 3699 3439 3760 post
3481 3687 3632 3742 illam
3671 3699 3824 3737 exer-

2243 3795 2549 3848 citationcm
2597 3801 2646 3845 et
2695 3792 2943 3855 reditum,
2974 3790 3260 3858 imperator
3289 3783 3529 3838 eumdem
3562 3793 3656 3846 pro
3687 3776 3820 3843 ﬁlio,

2247 3885 2385 3955 quod
2419 3885 2525 3952 ipse
2557 3881 2726 3934 nullos
2759 3881 2950 3934 liberos
2988 3877 3244 3940 habebat,
3275 3880 3528 3942 adoptat,
3563 3879 3610 3922 et
3652 3867 3826 3938 magi-

2243 3988 2473 4031 strorum
2503 3973 2845 4045 prtefulgente
2881 3971 3142 4042 dignitate
3171 3966 3502 4021 condecorat.
3537 3962 3632 4016 His
3679 3977 3828 4013 rum-

2245 4069 2390 4140 pitur
2408 4067 2610 4121 inuidia
2637 4064 2901 4136 logotlteta
2942 4060 3265 4130 Symbatius,
3301 4065 3409 4110 etc.
3446 4052 3825 4121 Magistrorurn

565 4158 899 4228 magistrum,
955 4157 1346 4210 mendaciorum
1398 4155 1665 4226 Legendus
1707 4155 2010 4223 scripsisse.
2047 4169 2137 4204 nec
2168 4174 2208 4227 ο
2246 4161 2480 4234 dignitas
2508 4177 2572 4216 ea
2618 4167 2724 4220 est,
2774 4165 2832 4212 ut
2882 4170 2984 4210 nec
3012 4154 3080 4208 ab
3111 4147 3456 4219 imperatoris
3489 4145 3612 4199 ﬁliis
3650 4143 3827 4212 negti-

565 4249 796 4320 amplius
857 4250 1046 4304 abhinc
1075 4250 1311 4304 ducentis
1349 4249 1532 4320 viguiti
1588 4249 1741 4302 annis
1771 4248 1980 4302 vixisse.
2033 4245 2135 4300 Ca-

567 4343 851 4398 saubonus
881 4343 936 4397 in
964 4341 1256 4398 Baronium
1281 4341 1506 4398 exercit.
1537 4341 1623 4405 l6,
1653 4356 1806 4394 num.
1833 4339 1936 4395 95:
1969 4336 2142 4392 Meta-

571 4435 836 4500 phrastaz,
885 4433 975 4504 qui
1022 4433 1187 4487 vitam
1254 4441 1303 4487 et
1356 4448 1439 4486 res
1488 4439 1662 4502 gestas
1713 4428 1938 4501 Longini
1993 4429 2144 4482 istius

571 4525 804 4594 scripsit,
833 4533 1042 4578 tantum
1081 4523 1360 4578 tribuimus
1403 4541 1497 4578 nos
1525 4532 1783 4594 quantum
1816 4523 1865 4577 ei
1906 4521 2144 4582 debetur,

573 4616 664 4686 qui
715 4614 990 4686 diligentia
1035 4629 1262 4680 summa,
1305 4615 1396 4670 sed
1425 4615 1632 4684 judicio
1666 4614 1811 4668 nullo
1855 4615 1911 4668 in
1942 4629 2004 4666 ea
2033 4611 2144 4666 col-

573 4707 792 4762 lectione
815 4707 881 4760 sit
910 4715 1150 4760 uct'satus
1182 4721 1200 4758 :
1237 4723 1400 4778 neque
1425 4707 1584 4762 aliter
1611 4705 1874 4761 Baronius
1891 4705 2106 4775 judicat
2126 4743 2142 4769 ,

571 4797 774 4868 quoties
808 4795 1030 4850 intendit
1057 4796 1292 4850 animum
1321 4797 1498 4866 :‘quod
1528 4796 1736 4850 utinam
1763 4811 1968 4864 semper
1992 4795 2146 4864 fecis-

568 4899 668 4947 set.
699 4887 783 4944 Ne
810 4890 923 4944 alia
955 4888 1070 4944 loca
1102 4887 1216 4958 ejus
1241 4891 1527 4960 proferam,
1550 4889 1607 4943 in
1633 4888 1819 4960 quibus
1839 4887 2147 4957 Metapltra-

569 4989 693 5042 stes,
729 4989 786 5034 ut
819 4980 1045 5034 anilium
1075 4996 1213 5047 sape
1241 4979 1540 5052 fabularum
1567 4981 1946 5036 hamaxarium
1973 4995 2145 5033 seuere

569 5074 838 5145 castigat:
868 5074 924 5126 in
968 5073 1067 5127 ltac
1091 5073 1312 5128 historia
1363 5091 1466 5128 non
1517 5082 1720 5129 constat
1767 5074 1879 5142 ipse
1917 5073 2035 5127 sibi.
2081 5071 2145 5128 Et

567 5181 724 5219 num.
762 5164 865 5219 96:
893 5165 1108 5219 Primus
1141 5166 1277 5219 enim
1313 5165 1452 5236 quod
1485 5167 1693 5228 quidem
1721 5165 1873 5218 Itodie
1902 5165 2104 5218 sciatur
2128 5205 2143 5228 ,

567 5255 970 5324 Metaphrastes,
1030 5256 1256 5325 scriptor
1306 5256 1496 5326 oppido
1551 5271 1760 5321 recens,
1817 5263 1865 5308 et
1917 5267 2146 5322 perswpe

568 5348 916 5412 vanissimas,
967 5365 1293 5421 magnusque
1333 5348 1634 5418 fabularum
1677 5347 1902 5400 anilium
1931 5360 2146 5398 consar-

2247 4261 2484 4325 geretur,
2515 4249 2610 4306 sed
2639 4249 2708 4306 ad
2737 4263 2855 4304 eam
2887 4245 3055 4300 veluti
3087 4242 3216 4313 quid
3249 4239 3560 4301 sublimius,
3593 4251 3657 4290 ex
3689 4234 3831 4288 infe—

2247 4345 2391 4398 riore
2426 4342 2816 4410 imperatorum
2849 4335 2944 4389 lilii
2977 4335 3201 4404 gradum
3243 4329 3506 4384 facerent.

2322 4437 2416 4490 Illa
2449 4433 2540 4504 qui
2575 4431 2799 4495 dicunt,
2832 4441 3003 4498 quare
3051 4439 3158 4478 non
3215 4419 3452 4492 produnt
3503 4412 3830 4472 auctorem?

2249 4527 2406 4598 Apud
2432 4539 2602 4596 quem
2635 4520 2933 4578 invenere?
2963 4529 3020 4573 et
3067 4516 3344 4571 invenisse
3393 4523 3680 4566 necessum
3721 4513 3826 4572 est,

2250 4595 2312 4674 ni
2359 4595 2487 4673 suas
2529 4613 2929 4676 meditationes,
2979 4619 3036 4663 et
3073 4623 3183 4662 non
3240 4621 3352 4660 rem
3389 4611 3594 4671 gestam
3630 4595 3830 4652 litteris

2249 4709 2535 4764 mandant.
2588 4703 2726 4759 Vide
2757 4701 2888 4773 quid
2935 4701 3006 4755 de
3040 4695 3286 4768 magistri
3335 4691 3600 4762 dignitate
3652 4687 3830 4741 disse-

2251 4813 2380 4857 runt
2409 4800 2672 4864 Codinus,
2707 4793 2966 4850 l'listorici
3007 4791 3122 4854 alii,
3152 4799 3208 4846 et
3239 4787 3582 4842 Glossatores
3613 4779 3814 4836 Graecos

2254 4893 2498 4949 Barbari.
2529 4891 2596 4945 Et
2633 4897 2692 4943 ut
2737 4885 2992 4942 acerbius
3021 4881 3320 4944 insaniant,
3373 4877 3598 4932 audiant
3645 4881 3702 4929 et
3744 4869 3832 4926 di-

2251 4993 2426 5047 scant,
2445 4992 2560 5037 tum
2581 4983 2802 5036 demum
2825 4979 3082 5038 fremant,
3112 4971 3532 5042 Metaphrastem
3557 4965 3830 5022 Constan-

2249 5074 2477 5146 tinopoli
2511 5082 2692 5127 ortum
2740 5068 2936 5124 illustri
2983 5065 3225 5130 familia,
3271 5071 3596 5128 summoque
3631 5066 3832 5124 genere

2248 5143 2574 5236 prognatum
2595 5202 2610 5226 ,
2646 5159 2851 5216 divitiis
2891 5156 3282 5220 abundantem,
3315 5153 3382 5207 ab
3413 5143 3832 5217 imperatoribus

2249 5256 2414 5312 variis
2433 5251 2785 5325 dignitatibus
2811 5249 3238 5306 condecoratum
3260 5288 3274 5311 ,
3307 5259 3414 5298 non
3442 5239 3685 5312 potuisse
3709 5249 3832 5290 esse

2251 5346 2344 5400 imi
2390 5343 2634 5400 subsellii
2681 5341 2856 5396 virum
2877 5379 2893 5406 ,
2921 5339 3096 5394 multo
3141 5338 3323 5392 minus
3350 5329 3632 5386 Trivialem
3666 5325 3832 5380 Ludi-

569 5441 795 5506 cinator,
827 5440 940 5510 ejus
965 5442 1043 5495 rei
1063 5419 1328 5495 meminit.
1363 5440 1428 5496 Et
1455 5439 1594 5496 alius
1621 5458 1634 5495 :
1679 5439 1818 5494 Vitas
1844 5447 2144 5492 sanctorum
2173 5460 2225 5520 D
2255 5439 2588 5511 magistrum.
2623 5434 2853 5490 Michael
2884 5432 3094 5488 Psellus
3142 5425 3403 5484 Encomio
3435 5424 3488 5478 in
3537 5419 3787 5500 eumdem
3815 5431 3826 5465 :

573 5531 863 5586 translatas
895 5530 1090 5586 Latine
1149 5533 1288 5600 apud
1322 5531 1704 5600 Lipomanum,
1733 5540 1782 5585 et
1811 5528 2028 5585 Surium
2055 5528 2144 5582 Ita-

571 5623 785 5689 ltcmus;
823 5624 912 5678 sed
963 5623 1194 5692 plurima
1248 5626 1304 5677 in
1358 5624 1423 5676 iis
1480 5623 1714 5694 fabulose
1757 5621 1952 5691 scripta
1998 5629 2141 5674 sunt.

577 5713 775 5783 Nempe
815 5711 1218 5786 Metaplirastes,
1255 5725 1308 5769 ut
1343 5713 1694 5769 Bellarminus
1733 5715 1998 5768 verissime
2032 5716 2107 5768 uit
2134 5753 2149 5780 ,

2254 5509 2364 5586 Καὶ
2377 5531 2503 5597 τόγε
2529 5525 2882 5596 Θαυμασιώτε
2893 5542 3004 5596 ρον,
3024 5523 3120 5576 καὶ
3147 5519 3227 5574 διὸ
3253 5516 3454 5588 μᾶλλον
3480 5512 3547 5566 ἄν
3571 5528 3656 5574 τις
3689 5509 3832 5562 ὲκεῖο

2257 5640 2347 5675 νον
2381 5621 2738 5690 θαυμάσειεν,
2772 5618 2854 5671 ὅτι
2876 5617 2974 5670 καὶ
2999 5614 3194 5684 γένους
3224 5606 3282 5664 εὖ
3317 5607 3478 5678 ἔχων,
3512 5605 3606 5658 καὶ
3635 5601 3704 5653 τὰ
3733 5601 3832 5659 tif;

2257 5711 2515 5776 εὐκλείας
2545 5713 2758 5765 οἴκοθεν
2789 5705 3148 5778 κεκτημένοςν
3183 5700 3341 5772 βαθεῖ
3374 5715 3435 5752 τε
3488 5691 3708 5762 πλούτῳ
3739 5705 3832 5740 κν
