4134 6426
280 376 417 471 ειίίέ
971 410 1074 471 DE
1116 411 1460 470 scrupus
1502 412 1880 471 SYMEUNIS
1922 415 1942 470 ι

2047 413 2122 470 l‘A
2135 413 2501 471 PHRAS'I‘AE
2543 413 2805 471 DLlTRl
2818 412 2911 471 BA
2928 459 2942 473 .
3536 407 3607 465 92

292 518 438 592 μῶν,
468 516 578 572 καὶ
610 514 737 573 οἷον
768 518 944 585 ἄντις
978 522 1116 592 πρὸς
1140 523 1422 577 παίδευσιν
1436 523 1917 595 ἅποκνήσειενροί

2046 542 2131 578 am
2166 524 2314 596 longe
2360 527 2570 595 quidem
2617 529 2681 580 ab
2725 544 2784 580 eo
2830 526 2998 593 abfuit
3030 540 3047 577 :
3074 525 3164 578 sed
3214 540 3374 592 neque
3422 532 3609 575 vestam

295 616 403 685 γὰρ
434 615 703 666 πλεῖστοι
740 613 1004 684 ἀφορμὴν
1032 615 1128 667 τοῦ
1157 614 1426 680 πλουτεῖν,
1446 615 1634 687 ὥσπερ
1657 617 1747 670 τὸν
1760 617 1918 684 λόγον

2046 623 2253 675 nutans,
2304 630 2465 681 neque
2515 614 2719 684 aliquid
2760 615 3030 668 dimittens
3071 614 3135 667 de
3177 611 3606 681 magniﬁcentia,

276 6262 307 6265 ν,
338 6250 457 6273 “51L:
496 6252 583 6271 ,κενέ

208 6282 223 6289 ⁵
237 6303 242 6306 ,
297 6270 461 6308 84..“-
470 6282 501 6303 η’
512 6274 591 6301 “3";

219 6305 252 6316 _.
440 6306 443 6307 ,
484 6306 487 6307 ,
550 6302 591 6313 ί.

217 6345 220 6348 ,
265 6313 344 6340 ⁵-5-
365 6309 440 6344 £4
465 6317 492 6346 .‘-.

145 6347 164 6360 ν
369 6357 382 6382 ,·
433 6345 478 6378 Χ
511 6356 563 6379 δ-
604 6368 613 6373 μ

302 705 574 767 τιθέασιν,
619 702 728 775 οὐχ
749 705 837 757 ἵνα
873 706 1138 777 ἐπήϐολοι
1164 707 1275 760 τῶν
1322 707 1654 779 κρειττόνων
1687 710 1919 776 γένοιντ’

311 802 398 862 ἂν,
428 796 551 850 ἀλλ’
589 797 748 860 ὅπως
800 800 914 862 τοῖς
954 798 1207 868 ματαίοις
1258 802 1747 871 ἐπεντρυφήσωσι,
1803 819 1915 854 παι

318 892 628 963 ρασκευαῖς
667 892 886 952 ἐκεῖνος
912 893 1032 954 ταῖς
1058 892 1210 960 παρὰ
1238 882 1338 962 τῆς
1360 891 1562 956 ἔξωθεν
1587 894 1759 963 τύχης
1784 894 1920 964 πρὸς

319 981 653 1053 φιλοσοφίαν
691 981 986 1051 ἐκέχρητο.
1022 981 1112 1044 Et,
1149 982 1288 1035 Ἀλλ’
1318 985 1530 1046 ἐκεῖνος
1581 985 1680 1054 οὐχ
1713 984 1920 1049 οὕτως·

321 1075 525 1128 πολλοῦ
543 1091 609 1141 γε
637 1075 736 1126 καὶ
757 1074 864 1136 δεῖ,
892 1073 1028 1127 ἀλλὰ
1052 1077 1188 1144 μήτε
1208 1075 1307 1145 τὴν
1328 1075 1531 1146 ἐσθῆτα
1554 1077 1919 1146 μεταλλάξας,

329 1166 471 1239 μήτε
504 1166 601 1220 τοῦ
635 1165 1099 1236 μεγαλοπρεποῦς
1152 1167 1441 1236 καθυφεὶς,
1500 1170 1640 1239 μήτε
1679 1169 1740 1222 τὸ
1766 1173 1922 1236 γένος

328 1259 613 1328 ἀτιμάσας
638 1260 762 1320 ταῖς
787 1257 1070 1322 τοιαύταις
1085 1261 1483 1330 καινοτομίαις,
1515 1264 1655 1332 μήτε
1686 1261 1920 1324 πλάσας.

334 1351 369 1419 ἢ
404 1350 770 1419 μεταπλάσας
798 1349 1088 1414 ὑποθέσεις
1131 1350 1439 1414 πολιτικὰς,
1473 1354 1613 1422 μήτε
1642 1352 1924 1423 τηνάλλως

336 1444 842 1515 σοςιστευσάμενος
870 1445 938 1515 τῇ
978 1444 1075 1512 μὲν
1106 1444 1215 1498 ἀπὸ
1248 1443 1343 1497 τοῦ
1372 1444 1564 1513 γένους
1615 1445 1923 1516 φιλοτιμίᾳ,

339 1535 447 1605 ὕλῃ
483 1535 620 1605 πρὶς
656 1535 719 1587 τὸ
758 1535 819 1591 εὖ
873 1537 1049 1589 ποιεῖν
1114 1533 1574 1609 πολυαρκεστάτη
1629 1536 1923 1607 ἐχρήσατο,

337 1626 444 1697 τὴν
468 1626 527 1679 δὲ
572 1626 677 1679 ἀπὸ
706 1627 816 1682 τῶν
854 1626 1198 1697 μαθημάτων
1244 1627 1446 1699 ἀρετὴν
1471 1627 1728 1699 ἀφορμὴν
1760 1628 1926 1693 εὐθὺς

336 1720 472 1791 ἔσχε
506 1721 986 1793 μεγαλοπρεπείας
1011 1739 1070 1775 τε
1093 1722 1190 1776 καλ⁷
1204 1701 1614 1794 λαμπρότητος.
1637 1723 1927 1777 Βασιλεῦσι

335 1802 451 1883 γὰρ
474 1812 781 1884 ἐπέραστος
797 1814 1061 1884 γεγονὼς,
1096 1814 1167 1870 τὰ
1188 1816 1500 1887 τιμιώτατα
1536 1817 1647 1870 τῶν
1669 1817 1806 1870 ὅλων
1834 1835 1928 1870 πι-

340 1903 624 1968 στεύεται,
654 1904 716 1957 τὸ
747 1904 850 1974 μὲν
883 1906 1052 1975 ἐγγὺς
1079 1906 1302 1961 ἑστάναι
1320 1908 1415 1962 τοῦ
1443 1910 1688 1980 βήματος
1712 1910 1800 1964 διὰ
1832 1910 1929 1980 τὴν

340 1995 588 2060 σύνεσιν,
624 1995 723 2067 τὴν
751 1997 808 2050 δέ
831 1996 933 2066 τῆς
959 1998 1235 2063 πολιτείας
1262 1999 1555 2070 διοίκησιν,
1583 2002 1674 2056 διά
1699 2019 1760 2055 τε
1827 2004 1927 2075 τὴν

342 2088 448 2157 τῆς
474 2088 695 2158 φύσεως
723 2090 1164 2161 ἐπιτηδειότητα,
1197 2094 1291 2145 καὶ
1318 2092 1415 2163 τὴν
1447 2093 1559 2148 τῶν
1583 2097 1929 2165 πραγμάτων

343 2180 704 2251 ἐπιμέλειαν·
738 2181 835 2234 καὶ
864 2181 1058 2253 πρῶτα
1083 2183 1184 2253 μὲν
1207 2186 1326 2248 ταῖς
1345 2186 1784 2257 μυστικωτέραις
1831 2189 1930 2256 ἐφ-

342 2272 578 2341 εστήκει
620 2272 730 2325 τῶν
759 2273 1036 2343 πράξεων,
1075 2275 1167 2328 καὶ
1187 2277 1301 2340 τοῖς
1340 2276 1679 2347 ἀπορρήτοις
1711 2276 1932 2347 βουλεύ-

345 2380 488 2432 μασι
545 2366 806 2427 κοινωνὸς
869 2368 1233 2437 παρειστήκει
1300 2369 1413 2429 τοῖς
1473 2368 1930 2437 συμϐουλεύουσι.

355 2454 518 2508 Ἐπεὶ
551 2454 608 2507 δὲ
645 2457 678 2527 ή
708 2456 802 2509 τοῦ
819 2458 1022 2528 τρόπου
1048 2458 1232 2540 πίστις
1262 2460 1320 2512 ἐν
1339 2460 1551 2524 τούτοις
1573 2459 1763 2514 τοῦτον
1792 2463 1927 2533 ἐκή-

346 2544 505 2615 ρυξε,
540 2546 681 2612 μετᾶ
708 2546 818 2599 τῶν
848 2546 1059 2601 ἀδύτων
1091 2548 1297 2613 καὶτὰς
1332 2551 1604 2620 κοσμικὰς
1644 2555 1935 2622 φροντίδας

349 2637 671 2705 συνείληφε,
703 2637 781 2702 ὡς
819 2641 983 2693 αὐτὸν
1034 2641 1364 2712 γεγενῆσθαι
1406 2642 1734 2710 είσαγγελέα
1766 2661 1826 2697 τε
1858 2644 1938 2715 τῷ

347 2728 651 2799 κρατοῦντι
679 2729 787 2784 τῶν
823 2730 1045 2796 ἔξωθεν,
1079 2732 1174 2786 καὶ
1199 2733 1504 2801 ἐξαγγελέα
1534 2733 1642 2787 τῶν
1670 2734 1765 2788 τοῦ
1796 2753 1935 2806 κρα-

347 2823 582 2888 τοῦντος
610 2827 726 2888 τοῖς
754 2824 975 2890 ἔξωθεν.
1001 2826 1114 2879 Καὶ
1144 2821 1211 2895 ἦν
1242 2826 1446 2879 ιῖισανελ⁵
1471 2825 1670 2895 δεσμὸς
1699 2829 1800 2897 τῆς
1815 2827 1941 2881 διοι-

347 2916 574 2985 κήσεως
594 2914 852 2985 ἀκριϐής.
887 2915 994 2969 Τοῦ
1020 2916 1117 2986 μὲν
1141 2912 1234 2970 οὖν
1258 2916 1489 2986 ἡλιακοῦ
1511 2916 1801 2984 κύκλουζτὺ
1833 2920 1934 2989 μὲν

348 3006 509 3060 ἐστιν
531 3005 783 3075 ἑτέρωθι,
823 3006 885 3058 τὸ
910 3006 966 3059 δὲ
1001 3007 1139 3076 πρὸς
1166 3009 1336 3076 ἡμᾶς,
1362 3009 1570 3071 ἐκεῖνος
1622 3007 1679 3061 δέ
1710 3009 1739 3061 ό
1773 3010 1940 3073 αὐτὸς

347 3100 479 3163 ὅλος
498 3094 570 3171 ἦν
600 3098 699 3151 καὶ
726 3098 802 3168 τῷ
828 3097 1039 3169 βασιλεί
1084 3099 1181 3152 καὶ
1217 3103 1330 3163 τοῖς
1363 3101 1705 3171 πράγμασιν.
1726 3101 1943 3173 ’Ὠσπερ

2024 719 2116 756 nec
2159 705 2465 774 hnjusmodi
2502 706 2821 759 novitatibus
2863 721 3024 776 genus
3068 704 3318 758 dedecore
3354 702 3617 770 afﬁciens,

2024 811 2187 865 neque
2215 797 2391 850 civiles
2422 814 2617 851 causas
2646 798 2848 868 ﬁngens
2882 808 2931 853 et
2964 798 3224 866 reﬁngens
3245 838 3258 860 ,
3294 810 3457 865 neque
3490 794 3611 847 ina-

2025 888 2160 939 niter
2185 889 2405 958 fungens
2433 904 2645 942 munere
2671 891 2912 954 rhetoris,
2944 891 3149 961 generis
3193 890 3402 956 quidem
3431 888 3617 941 decore

2024 982 2270 1035 utebatur
2299 985 2510 1036 omnino
2539 985 2606 1051 ad
2653 983 3102 1055 benefaciendum,
3135 985 3383 1039 virtutem
3411 992 3613 1045 autem,

2024 1090 2183 1142 quam
2232 1072 2334 1127 sibi
2384 1085 2668 1143 paraverat
2714 1091 2741 1130 e
2785 1076 3103 1146 disciplinis,
3151 1075 3334 1128 habuit
3374 1074 3615 1145 protinus

2025 1165 2350 1218 occasionem
2393 1166 2688 1235 splendoris
2733 1176 2781 1220 et
2832 1167 3268 1237 magnificentiw.
3303 1167 3447 1221 Nam
3497 1181 3613 1218 cum

2025 1258 2433 1325 imperatoribus
2462 1261 2709 1314 evasisset
2753 1261 3029 1327 amabilis,
3074 1262 3188 1332 ejus
3221 1261 3344 1330 ﬁdei
3375 1260 3620 1313 commit~

2029 1358 2209 1401 (untur
2224 1365 2340 1418 qua:
2355 1359 2507 1403 erant
2523 1352 2759 1404 omnium
2774 1352 2921 1405 maxi
2928 1368 3007 1405 me
3024 1350 3359 1405 honorabilia
3377 1391 3391 1415 ,
3430 1359 3485 1403 ut
3528 1348 3619 1415 qui

2028 1458 2185 1511 prope
2215 1442 2452 1495 tribunal
2476 1451 2638 1495 staret
2668 1452 2880 1512 propter
2911 1444 3271 1512 sapientiam;
3324 1439 3622 1511 reipublica:

2030 1543 2207 1588 autem
2239 1534 2763 1588 administrationem
2794 1546 3007 1604 propter
3035 1536 3234 1605 ingenii
3275 1534 3547 1589 solertiam
3575 1541 3624 1586 ct

2032 1644 2205 1681 rerum
2246 1643 2432 1680 curam
2475 1627 2758 1694 acceperit.
2794 1627 2870 1680 Ac
2902 1627 3135 1696 primum
3167 1628 3380 1697 quidem
3407 1627 3624 1697 prwfuit

2032 1716 2184 1770 rebus
2213 1717 2380 1787 magis
2407 1716 2645 1779 arcanis,
2680 1725 2729 1769 et
2759 1717 3102 1770 secretiorum
3144 1716 3487 1769 consiliorum
3524 1717 3623 1786 fuit

2034 1807 2297 1876 particeps
2347 1822 2464 1860 cum
2527 1806 2976 1874 imperatoribus;
3021 1806 3150 1859 adeo
3205 1816 3261 1858 ut
3313 1805 3625 1873 imperaturi

1964 1882 2004 1937 Β
2034 1899 2362 1952 renuntiaret
2416 1914 2503 1962 ea,
2552 1913 2673 1968 qua:
2729 1897 3017 1968 aﬂ‘erebant
3077 1898 3242 1951 exteri
3268 1939 3281 1963 ,
3341 1906 3389 1951 et
3443 1912 3624 1949 rursus

2036 1992 2246 2055 exteris,
2276 2008 2362 2057 ea,
2393 2008 2511 2061 qua:
2554 1990 2780 2060 iubebat
2825 1991 3152 2060 imperator;
3190 2002 3247 2044 ut
3298 1997 3425 2044 esset
3467 1988 3626 2041 veluti

2041 2083 2307 2154 quoddam
2355 2093 2664 2136 accuratum
2694 2082 2961 2136 vinculum
3001 2083 3503 2136 administrationis.
3537 2084 3630 2133 lit-

2041 2194 2141 2248 que
2169 2177 2307 2230 orbis
2332 2176 2545 2246 quidem
2566 2175 2758 2229 solaris
2798 2192 2925 2245 pars
2963 2176 3174 2246 quidem
3213 2184 3289 2228 est
3320 2175 3472 2241 alibi,
3504 2190 3630 2242 pars

2039 2287 2158 2323 vero
2188 2280 2263 2323 est
2299 2269 2441 2338 apud
2471 2285 2562 2323 nos
2581 2285 2600 2333 ;
2631 2268 2722 2323 ille
2758 2284 2875 2321 vere
2903 2277 3044 2321 totus
3076 2277 3194 2320 erat
3227 2267 3369 2332 apud
3401 2266 3633 2332 impera-

2043 2375 2232 2429 torem,
2277 2376 2324 2419 et
2357 2366 2413 2418 in
2450 2366 2576 2433 ipsis
2613 2366 2856 2435 negotiis.
2888 2363 3157 2428 Quomodo
3199 2364 3338 2415 enim
3387 2363 3629 2430 superius

2040 2459 2355 2527 signiﬁcavit
2387 2459 2590 2520 oratio,
2621 2456 2868 2511 versatile
2911 2465 2961 2510 et
3010 2457 3082 2509 ad
3123 2457 3297 2510 omnia
3334 2468 3635 2508 accommo-

2045 2552 2230 2605 datum
2264 2549 2445 2602 habuit
2497 2549 2793 2619 ingenium,
2829 2548 2959 2600 adeo
2988 2556 3042 2599 ut
3081 2546 3229 2615 prius
3271 2544 3631 2606 consultaret,

2046 2652 2094 2696 et
2126 2651 2436 2711 aperaretur
2473 2657 2560 2700 ea.
2591 2654 2708 2709 qua:
2733 2626 2978 2691 consulta
3003 2639 3237 2708 fuerant,
3270 2647 3327 2690 ut
3354 2635 3632 2690 Barbaros

2048 2732 2232 2801 procul
2268 2732 2605 2801 propulsaret
2638 2747 2669 2783 (ι
2701 2729 2897 2799 ﬁnibus
2944 2728 3324 2792 Romanorum,
3364 2728 3498 2781 alios
3537 2745 3633 2780 an-

2048 2833 2149 2877 tem
2186 2831 2481 2892 superaret,
2525 2830 2619 2874 aut
2665 2821 2845 2889 copiis,
2887 2830 2980 2872 aut
3009 2819 3233 2884 artibus,
3270 2828 3320 2872 et
3356 2830 3534 2888 gentes
3579 2820 3635 2871 in

2047 2933 2200 2970 suam
2239 2917 2493 2986 redigeret
2535 2922 2885 2979 potestatem;
2929 2912 3348 2982 temporibusque
3389 2921 3436 2965 et
3483 2914 3638 2965 rebus

2050 3008 2365 3064 dexterrime
2404 3008 2482 3060 uti
2507 3015 2699 3076 posset,
2746 3006 2883 3075 quod
2910 3013 3207 3057 mutaretur
3244 3005 3455 3074 quando
3491 3019 3636 3074 opor-

2051 3103 2226 3166 tebat,
2271 3101 2408 3168 quod
2464 3101 2804 3153 innovaretur
2847 3097 3059 3168 quando
3112 3099 3450 3165 expediebat,
3499 3100 3639 3167 quod

350 3197 469 3262 γὰρ
506 3191 602 3244 καὶ
632 3189 841 3243 ἄνωθεν
869 3191 897 3243 ὁ
920 3191 1078 3257 λόγος
1116 3191 1305 3243 τοῦτον
1349 3191 1673 3263 ἐγνώρισεν,
1737 3210 1940 3246 παντο-

2049 3197 2287 3251 eamdem
2319 3203 2544 3249 servaret
2571 3192 2824 3262 speciem,
2865 3193 3075 3263 quando
3110 3191 3300 3245 bonum
3342 3190 3634 3257 videbatur.

350 3282 549 3346 δέπῶς
596 3277 711 3352 εἶχε
737 3283 837 3352 τῆς
888 3281 1124 3351 φύσεως.
1155 3283 1238 3334 Τὰ
1290 3282 1389 3353 μὲν
1421 3284 1946 3356 προϐουλεύσασθαι,

349 3378 427 3429 τὰ
453 3375 513 3429 δὲ
540 3374 655 3428 τῶν
686 3374 1073 3444 βουλευμάτων
1112 3374 1208 3428 καὶ
1236 3375 1713 3446 κατεργάσασθαι.
1742 3377 1950 3449 βαρϐά-

354 3485 490 3538 ρους
521 3484 584 3519 τε
612 3468 804 3539 πόρρω
834 3467 934 3536 τῆς
976 3466 1266 3538 Ῥωμαίων
1298 3467 1624 3523 ἀπώσασθαι
1668 3470 1793 3540 γῆς,
1823 3471 1953 3534 τοὺς

350 3562 414 3615 δὲ
446 3561 543 3613 καὶ
576 3558 1143 3630 καταγωνίσασθαι.ἥ
1182 3559 1613 3629 στρατεύμασιν,
1653 3561 1687 3631 ἢ
1751 3563 1951 3632 τεχνὰ-

358 3667 592 3720 σμασιν,
620 3648 749 3718 ἔθνη
781 3666 838 3702 τε
874 3649 1210 3719 ὕποποιῆσαι
1241 3651 1336 3703 καὶ
1379 3651 1572 3719 στῆναι
1598 3651 1775 3718 δεξιὸς
1811 3654 1948 3723 πρὸς

354 3744 492 3805 τοὺς
521 3742 747 3812 καιροὺς
787 3744 884 3795 καὶ
910 3742 979 3796 τὰ
1013 3742 1340 3813 πράγματα,
1371 3741 1448 3813 τῷ
1482 3745 1947 3815 μεταϐεϐλῆσθαι,

358 3840 454 3892 ὅτε
508 3834 650 3901 δέον,
683 3834 760 3906 τῷ
792 3836 1187 3906 καινοτομῆσαι
1234 3836 1324 3889 ὅτε
1380 3837 1684 3909 συμφέρον,
1739 3839 1817 3908 τῷ
1853 3838 1952 3910 τὴν

358 3927 546 3997 αὐτὴν
573 3927 812 3998 τηρῆσαι
871 3926 1035 3989 ἰδέαν,
1067 3928 1155 3979 ὅτε
1183 3925 1299 3999 [27]
1331 3927 1494 3981 τοῦτο
1536 3929 1702 3983 καλὸν
1728 3928 1950 3996 δόξειεν.

371 4019 487 4074 Καὶ
527 4018 620 4071 ἐπὶ
652 4017 862 4081 τούτοις
895 4018 1014 4072 οὐδὲ
1042 4019 1283 4090 χαρίτων
1308 4020 1538 4091 ἄμοιρος
1567 4023 1595 4074 ὁ
1619 4020 1781 4092 ἀνὴρ,
1814 4021 1952 4075 ἀλλὰ

367 4111 688 4182 κατήρτυτο
715 4110 865 4181 αὐτῷ
895 4110 1032 4181 πρὸς
1063 4112 1244 4164 πᾶσαν
1274 4113 1510 4184 σπουδὴν
1536 4113 1953 4185 μετ’ἐμμελοῦς

370 4203 622 4269 παιδιᾶς,
643 4203 735 4256 καὶ
757 4204 789 4274 ή
812 4202 1037 4271 γλῶσσα
1055 4203 1148 4256 καὶ
1178 4205 1458 4274 ἡδιάνοια.
1494 4206 1952 4279 Μεγαλοπρεπῶς

362 4294 428 4349 δὲ
472 4295 617 4366 ἔχων
650 4296 743 4347 καλ⁵
770 4295 869 4366 τῆς
909 4295 1105 4364 στολῆς
1127 4298 1221 4349 καὶ
1258 4297 1351 4349 τοῦ
1378 4299 1659 4368 σχήματος
1710 4299 1825 4369 ἅμα
1858 4301 1953 4352 καὶ

366 4388 467 4443 τοῦ
494 4388 848 4458 βαδίσματος,
879 4388 1216 4458 ἅντήλλαττε
1243 4388 1304 4441 τὸ
1322 4385 1454 4461 ἦθος
1492 4390 1628 4461 πρὸς
1653 4390 1714 4443 τὸ
1760 4391 1951 4459 φαινό-

371 4499 563 4553 μενον,
589 4480 844 4552 ἐπίχαρίς
861 4497 920 4533 τε
951 4482 1028 4533 ὣν
1058 4481 1153 4535 καὶ
1182 4479 1240 4534 εὖ
1271 4482 1530 4552 πρόσιτος
1566 4483 1661 4536 καὶ
1720 4483 1954 4537 αὐτόθεν

2049 3286 2152 3344 Sed
2183 3305 2347 3359 neque
2376 3296 2490 3342 erat
2523 3288 2600 3341 vir
2630 3301 2812 3355 expers
2833 3286 3133 3356 gratiarum
3163 3293 3213 3339 et
3240 3284 3498 3353 leporum,
3546 3286 3639 3337 sed

2049 3380 2120 3433 ad
2144 3396 2347 3433 omnem
2377 3378 2605 3448 leporem
2630 3385 2679 3431 et
2700 3378 2934 3448 gratiam
2956 3376 3321 3431 convenienter
3349 3374 3636 3430 docendam

2047 3473 2327 3541 composite
2376 3480 2491 3526 erat
2533 3475 2579 3525 ei
2627 3471 2808 3541 lingua
2857 3471 3115 3523 instructa
3146 3479 3194 3523 et
3243 3470 3473 3522 animus.
3506 3467 3637 3523 Cum

2052 3574 2231 3617 autem
2263 3573 2391 3617 esset
2424 3564 2471 3616 ei
2502 3563 2814 3634 magniﬁcus
2842 3573 2891 3616 et
2926 3563 3152 3615 amictus
3173 3572 3219 3615 et
3245 3560 3456 3614 habitus
3479 3560 3640 3613 simul

2054 3674 2171 3711 eum
2198 3659 2421 3721 incessu,
2467 3673 2636 3711 mores
2666 3673 2870 3726 quoque
2902 3656 3142 3710 mutabat
3191 3658 3262 3709 ad
3304 3656 3357 3709 id
3396 3653 3534 3725 quod
3561 3655 3639 3707 vi-

2053 3751 2309 3812 debatur,
2361 3758 2416 3801 ut
2453 3748 2543 3818 qui
2596 3756 2729 3801 esset
2775 3748 3040 3816 gratiosus
3090 3754 3139 3799 et
3179 3746 3450 3814 aﬁ'abilis,
3494 3754 3541 3798 et
3583 3762 3642 3798 eo

2051 3842 2166 3909 ipso
2209 3855 2385 3892 omnes
2425 3839 2701 3893 subridens
2751 3838 2823 3890 ad
2865 3853 2920 3889 se
2963 3837 3285 3889 attrahebat.
3327 3834 3443 3906 [28]
3492 3834 3639 3889 Prae-

2053 3941 2196 3984 terea
2247 3937 2425 3983 autem
2478 3944 2640 3982 manu
2689 3944 2893 3998 quoque
2961 3928 3176 3982 minime
3229 3938 3343 3980 erat
3400 3943 3593 3997 parcus
3627 3969 3639 3986 ,

2051 4031 2229 4092 utpote
2259 4025 2395 4091 quod
2425 4021 2547 4075 dum
2582 4036 2663 4074 res
2713 4022 3085 4085 extenderent,
3138 4036 3319 4087 nempe
3367 4020 3564 4073 divitia:
3594 4028 3643 4072 et

2051 4114 2312 4169 voluntas.
2369 4112 2611 4168 Habebat
2663 4123 2841 4167 autem
2874 4114 2949 4166 ita’
3001 4128 3205 4183 quoque
3260 4121 3315 4166 ut
3372 4110 3643 4182 oportebat

2053 4209 2318 4264 nonnullis
2346 4225 2561 4278 prorsus
2592 4224 2656 4262 ex
2686 4208 2773 4275 iis,
2807 4215 2902 4261 etc.
2942 4205 3006 4260 Et
3053 4206 3106 4259 in
3140 4205 3380 4271 Canone,
3413 4205 3528 4260 Odc
3570 4205 3604 4259 5
3626 4219 3645 4258 :

2062 4299 2454 4369 Ἐνδιαπρέσᾷας
2479 4300 2537 4351 ἐν
2566 4301 2764 4369 ἀρχαῖς
2793 4301 2914 4362 ταῖς
2942 4297 3042 4366 τῆς
3085 4297 3238 4351 κάτω
3300 4297 3632 4365 συγκλήτου,

2053 4390 2129 4453 ὡς
2159 4390 2297 4460 ἀνὴρ
2333 4388 2688 4460 βουληφόρος,
2729 4389 2790 4442 τὸ
2825 4389 3130 4459 πολίτευμα
3158 4388 3251 4442 τὸν
3295 4390 3388 4442 σὸν
3427 4389 3646 4461 ἐκτήσω

2055 4484 2112 4535 ἐν
2160 4483 2429 4551 οὐρανοῖς,
2483 4482 2577 4535 καὶ
2618 4482 2720 4553 τὴν
2778 4479 2891 4534 ἄνω
2956 4481 3262 4553 σύγκλητον
3304 4481 3643 4552 ἐκόσμησας.

365 4550 553 4629 iitwa
581 4550 793 4638 πάντας
813 4573 892 4644 τῷ
918 4573 1261 4644 μειδιάματι.
1279 4550 1405 4645 Είχε
1420 4575 1477 4628 δὲ
1509 4578 1603 4629 καὶ
1631 4577 1732 4644 τῆς
1764 4579 1942 4647 χειρὸς

2062 4570 2195 4626 Cum
2233 4571 2512 4626 claruisses
2547 4572 2600 4623 in
2630 4570 2934 4625 muneribus
2971 4571 3243 4641 inferioris
3287 4580 3505 4626 senatus
3534 4574 3643 4625 vel—

365 4668 634 4740 ἀφειδῶς,
671 4666 766 4720 δύο
814 4666 1024 4737 ταύτην
1076 4668 1529 4731 ἐπεκτεινόντων,
1589 4668 1823 4722 πλούτου
1864 4673 1957 4723 καὶ

366 4760 774 4834 προαιρέσεως.
827 4760 939 4812 Καὶ
968 4759 1259 4831 προέκειτό
1308 4776 1373 4828 γε
1407 4760 1553 4829 αὐτῷ
1588 4761 1956 4825 ύπτιάζουσα,

368 4858 468 4910 καὶ
493 4852 744 4923 ἐξήντλει
782 4852 1010 4923 ταύτης,
1060 4852 1251 4922 ὥσπερ
1279 4854 1343 4905 ἐκ
1370 4853 1614 4922 ποταμοῦ
1663 4853 1905 4923 δαψιλῶς
1929 4858 1956 4907 ὁ

368 4946 727 5019 βουλόμενος.
769 4939 899 5014 Εἶχε
937 4944 1036 5013 μὲν
1068 4937 1161 4997 οὖν
1206 4942 1349 4997 οὕτω
1389 4945 1563 4998 ταῦτα
1604 4946 1681 5016 τῷ
1743 4947 1959 5016 μεγάλῳ

366 5039 552 5107 τούτῳ
573 5036 750 5107 ἀνδρί.
809 5035 877 5091 Et
922 5037 1060 5105 quod
1105 5044 1178 5089 est
1232 5036 1602 5091 admirabilius
1640 5047 1688 5091 et
1748 5049 1962 5107 propter

368 5132 517 5206 quod
557 5129 712 5184 illum
764 5130 1026 5200 quispiam
1073 5130 1240 5201 magis
1276 5130 1434 5183 tuerit
1483 5130 1802 5192 admiratus,
1845 5147 1963 5184 cum

367 5231 512 5279 esset
540 5235 728 5293 genere
774 5219 975 5282 clarus,
1017 5227 1063 5272 et
1105 5235 1170 5272 ea:
1203 5218 1398 5271 illustri
1441 5218 1648 5286 familia
1681 5228 1867 5283 natus,
1902 5236 1965 5271 ac

371 5318 677 5373 abundaret
726 5314 948 5380 divitiis,
994 5325 1039 5368 et
1079 5316 1166 5379 iis,
1211 5331 1326 5385 quae
1363 5315 1656 5385 segniorem
1704 5314 1963 5385 effecerint

370 5407 678 5481 quempiam
707 5407 777 5460 ad
806 5405 1133 5475 disciplinas.
1169 5404 1320 5458 Multi
1350 5405 1490 5457 enim
1534 5404 1633 5457 sibi
1669 5400 1964 5473 proponunl

371 5500 676 5555 doctrinam
703 5508 754 5551 et
794 5496 1150 5569 eloquentiam
1197 5506 1450 5567 tanquam
1494 5512 1651 5564 opum
1688 5498 1964 5566 paranda-

375 5607 501 5644 rum
538 5590 844 5652 materiam,
904 5604 1008 5640 non
1064 5596 1119 5639 ut
1172 5596 1523 5657 assequuntur
1566 5604 1649 5649 ea,
1698 5603 1815 5657 qua:
1844 5597 1963 5641 sunt

375 5677 635 5744 meliora;
673 5678 767 5738 sed
826 5677 873 5730 ei
926 5678 1213 5740 studentes,
1263 5692 1327 5729 ne
1363 5691 1417 5728 se
1454 5691 1554 5727 non
1602 5675 1751 5728 rebus
1798 5676 1965 5730 noxiis

374 5769 648 5826 voluntate
708 5769 954 5838 expleant
1002 5782 1018 5818 :
1061 5767 1146 5820 ille
1213 5766 1443 5820 eaternis
1507 5767 1734 5836 fortuna:
1787 5767 1960 5820 admi-

380 5863 572 5918 niculis
611 5879 733 5916 usus
782 5859 971 5916 est-ad
1009 5860 1388 5930 philosophiam
1412 5900 1424 5923 ,
1462 5870 1565 5914 etc.
1611 5858 1713 5914 Sed
1747 5861 1834 5914 ille
1867 5878 1967 5914 non

2063 4665 2140 4718 uti
2200 4664 2554 4728 consiliarius,
2609 4664 3057 4717 conversationem
3123 4673 3272 4717 tuam
3315 4665 3536 4732 adeptus
3595 4681 3645 4715 es

2063 4756 2117 4808 in
2175 4755 2336 4819 coelis,
2400 4764 2447 4808 et
2497 4755 2819 4824 superiorem
2866 4753 3123 4808 Senatum
3169 4755 3455 4808 eaornasti.
3512 4754 3648 4808 Illud

2064 4865 2279 4920 quoque
2310 4849 2541 4904 observo
2599 4864 2664 4903 ex
2707 4848 2981 4903 Chrmico
3030 4846 3431 4910 Alexandrino,
3464 4846 3647 4900 Pauli-

2065 4957 2196 4996 num
2227 4940 2520 4996 Theodosii
2554 4939 2927 5009 imperatoris,
2962 4947 3017 4993 et
3068 4937 3316 4992 Eudocim
3353 4952 3646 5009 paranym-

2067 5035 2234 5104 phum
2269 5034 2502 5088 maxime
2535 5033 2676 5104 apud
2704 5032 2924 5087 eosdem
2950 5030 3289 5085 auctoritatis
3318 5030 3493 5085 virum
3528 5039 3647 5100 post

2066 5127 2198 5180 alias
2243 5126 2569 5196 dignitates,
2604 5125 2802 5195 quibus
2851 5124 3138 5195 insignitus
3182 5123 3390 5187 fuerat,
3427 5122 3647 5177 tandem

2066 5218 2231 5272 veluti
2291 5218 2535 5272 omnium
2600 5217 2879 5270 cumulum
2953 5215 3195 5285 magistri
3270 5222 3644 5267 consecutum.

2078 5310 2134 5361 Ὀ
2159 5309 2213 5361 δέ
2252 5308 2505 5378 βασιλεὺς
2555 5308 2836 5368 Θεοδόσιος
2871 5305 3129 5359 Παυλῖνον
3160 5304 3235 5366 ὡς
3282 5304 3436 5372 φίλον
3473 5303 3647 5358 αὐτοῦ

2068 5404 2162 5454 καὶ
2200 5403 2516 5471 μεσάσαντα
2553 5400 2634 5471 τῷ
2673 5401 2855 5468 γάμῳ,
2889 5400 2982 5450 καί
3009 5396 3438 5468 συναριστοῦντα
3461 5397 3647 5457 αὐτοῖς

2070 5494 2291 5563 ἐποίησε
2351 5491 2439 5545 διὰ
2471 5491 2653 5559 πάσης
2688 5489 2843 5553 ἀξίας
2885 5487 3079 5542 ἐλθεῖν.
3131 5488 3238 5540 Καὶ
3287 5483 3428 5555 μετὰ
3473 5482 3647 5537 ταῦτα

2071 5587 2414 5658 προηγάγετο
2439 5582 2599 5637 αὐτὸν
2641 5581 2965 5654 μάγιστρον.
2998 5582 3108 5635 Καὶ
3154 5579 3363 5650 ηὐξήθη
3396 5578 3472 5641 ὡς
3504 5578 3646 5647 ἔχων

2068 5677 2383 5749 ’παρρησίαν
2412 5677 2548 5744 πρὸς
2579 5678 2669 5728 τὸν
2702 5673 2928 5745 βασιλέα
2958 5673 3259 5733 Θεοδόσιον,
3297 5671 3391 5724 καὶ
3423 5669 3521 5739 τὴν
3542 5669 3649 5720 Αύ-

2070 5771 2325 5837 γούσταν,
2379 5769 2453 5832 ὡς
2499 5766 2862 5838 παράνυμφος
2904 5764 3083 5818 αὐτῶν
3134 5764 3445 5834 γενόμενος.
3496 5760 3647 5813 Pau-

2071 5860 2233 5914 linum
2279 5875 2399 5913 vero
2451 5868 2506 5913 ut
2561 5856 2822 5921 amicum,
2871 5864 2918 5907 et
2978 5855 3283 5923 nuptiarum
3341 5849 3653 5906 conciliato-
