4134 6418
496 377 567 438 ,(23
1801 377 1996 438 LEON
2006 379 2074 438 IS

2205 381 2416 439 LATII
3678 362 3757 430 24

500 501 634 548 rem,
671 484 1114 552 cmwictoremque
1149 482 1458 536 Theodosius
1489 481 1754 552 Augustus
1779 501 1872 552 per
1903 501 2082 538 omnes
2112 504 2153 552 Α
2183 489 2390 551 sitores,
2429 488 2814 556 interpntatns
2847 496 2928 539 est
2958 500 3066 537 non
3122 481 3284 544 male,
3313 478 3480 534 veluti
3513 487 3761 532 castren-

499 584 756 628 honorum
787 573 986 644 gradus
1009 590 1074 628 ac
1101 574 1386 644 dignitates
1414 575 1604 640 evexit,
1634 591 1696 628 ac
1721 583 1929 629 demum
1963 593 2078 628 ma-

501 669 725 739 gistrum
757 668 996 732 creauit;
1020 675 1070 720 et
1096 677 1284 720 auctus
1313 675 1410 727 est,
1441 675 1700 737 tanquam
1741 668 1832 736 qui
1851 676 2082 735 potesta-

503 773 607 815 tem
634 771 682 816 et
712 761 1013 816 libertatem
1057 761 1289 815 adeundi
1337 777 1455 814 cum
1505 763 1802 830 Augustum
1855 759 2083 813 Theodo-

501 856 660 921 sium,
695 866 806 910 tum
823 855 1141 926 Augustam,
1169 863 1226 907 ut
1255 854 1346 924 qui
1371 854 1648 907 amborum
1681 849 2081 920 paranymphus

503 950 695 1016 fuerat.
735 947 863 1003 Post
901 947 1035 1002 alias
1072 947 1368 1016 dignitates
1417 947 1794 1013 magistratum
1823 943 1991 1007 adiit,
2028 950 2080 996 el

503 1049 696 1094 auctus
722 1047 825 1094 est.
856 1041 896 1093 Δ
933 1039 1216 1096 vilioribus
1241 1039 1308 1094 ad
1349 1017 1650 1093 celebriora
1674 1078 1690 1103 ,
1731 1037 1777 1092 si
1824 1035 2082 1092 accresci-

504 1148 650 1199 mus,
683 1135 907 1206 gradum
958 1133 1209 1188 facimus.
1257 1131 1314 1187 Si
1365 1135 1482 1187 haec
1531 1131 1714 1184 munia
1763 1138 1893 1184 sunt
1939 1127 2084 1197 apud

508 1222 726 1280 Gratcos
754 1224 1136 1296 Ludimagistri
1155 1265 1170 1288 ,
1199 1223 1454 1292 illiusque
1481 1220 1750 1284 Triuialis,
1777 1234 1898 1290 qua:
1925 1227 2086 1272 erunt

507 1316 650 1386 apud
689 1332 812 1382 vos,
841 1315 1207 1386 Hospiniane,
1241 1315 1490 1378 comitis,
1519 1312 1765 1383 patricii,
1797 1311 2084 1366 ductorum

507 1409 811 1478 exercitus,
855 1426 920 1465 ac
961 1410 1178 1465 tandem
1233 1407 1508 1463 Caesaris?
1552 1404 1780 1459 Possem
1829 1403 1918 1457 hic
1971 1402 2087 1471 ipse

507 1501 685 1556 multo
716 1502 901 1572 plures
931 1519 1000 1558 ex
1047 1501 1242 1557 vestris
1287 1513 1594 1560 recensere,
1641 1495 1732 1566 qui
1777 1492 2088 1549 erudiendis

509 1594 694 1662 pueris
737 1594 988 1650 mercede
1035 1593 1295 1650 vilissima
1342 1606 1564 1666 operam
1603 1604 1758 1644 suam
1803 1587 2085 1646 locarunt,

510 1687 563 1738 in
600 1700 792 1754 magna
825 1695 1004 1738 tamen
1037 1683 1180 1754 apud
1212 1697 1308 1738 vos
1339 1679 1722 1744 aestimatione,
1759 1685 1815 1730 et
1852 1675 1978 1730 ﬁde.
2023 1673 2090 1728 Et

509 1789 568 1831 tn
601 1777 704 1833 hoc
731 1791 842 1832 uno
875 1777 1099 1831 nomine
1140 1772 1525 1844 Ludimagistri
1575 1767 1820 1824 Triuialis
1854 1764 2086 1837 ignomi-

509 1873 656 1925 niam
675 1909 692 1934 ,
722 1879 889 1940 atque
917 1868 1198 1924 infamiam
1234 1865 1616 1936 comparabis,
1655 1869 1712 1917 et
1740 1861 1808 1916 de
1830 1857 2091 1928 dignitate
2119 1851 2168 1910 B

510 1960 867 2018 deturbabis?
911 1959 1016 2015 alia
1057 1956 1448 2030 pessumdandi
1491 1953 1805 2012 Catholicos
1851 1946 2094 2004 ineunda

511 2053 598 2109 via
641 2063 746 2109 est.

541 2175 544 2178 η
581 2146 721 2203 Cum
756 2161 888 2202 vero
917 2161 1026 2200 non
1055 2143 1298 2216 magistri
1341 2149 1555 2198 tantum
1590 2141 1885 2212 dignitate,
1913 2135 2010 2191 sed
2041 2141 2096 2187 et

513 2237 830 2310 Logothene
857 2237 1253 2308 Metaphrastes
1279 2249 1467 2291 noswr
1491 2233 1727 2298 enituit,
1755 2245 1866 2286 non
1896 2227 1994 2284 abs
2039 2240 2097 2280 re

516 2333 703 2396 fuerit.
743 2333 788 2387 si
829 2329 1094 2386 nonnulla
1127 2343 1229 2384 nos
1259 2327 1422 2384 etiam
1465 2325 1780 2386 aderamus,
1831 2330 1890 2376 ut
1921 2316 2099 2390 digni-

515 2434 630 2481 tate
672 2423 836 2480 olbcii
882 2419 1174 2494 Symeonis
1215 2419 1537 2490 dignitatem
1588 2423 1738 2470 tanto
1775 2408 2097 2484 cognomine

515 2518 784 2574 illustrem
809 2513 1239 2585 conspiciamus.
1289 2509 1366 2564 Dc
1413 2505 1796 2564 Eeclesiastico
1825 2518 1936 2559 non
1977 2516 2099 2555 mo-

518 2621 634 2672 ror,
671 2613 884 2661 tantum
913 2602 982 2660 de
1009 2600 1256 2656 Palatino
1287 2596 1467 2652 ollicio
1498 2608 1676 2652 sermo
1718 2593 1810 2648 sit.
1859 2589 1936 2645 Illi
1991 2589 2100 2642 Lo-

519 2696 756 2770 gotheta‘.
808 2693 1028 2766 proprie
1075 2700 1233 2746 erant
1277 2690 1373 2760 qui
1427 2687 1672 2742 rationes
1712 2683 1961 2748 ﬁscales,
2011 2680 2098 2736 vel

521 2788 771 2860 publicas
809 2793 1183 2858 cognoscunt,
1233 2792 1286 2838 et
1326 2782 1635 2852 disceptant
1665 2797 1678 2833 :
1704 2785 2098 2848 sumptusque,

519 2879 610 2936 uel
663 2877 920 2934 introitus
975 2877 1050 2932 ita
1102 2875 1374 2946 dirigunt,
1437 2881 1498 2927 ut
1551 2867 1871 2941 reipublicae
1922 2865 2103 2937 potius

2187 582 2266 635 sis
2308 580 2552 650 pecunia:
2598 578 3003 647 dispensatores
3052 583 3106 629 et
3168 580 3472 626 curatores.
3519 566 3760 621 Tandem

2190 675 2409 729 labente
2443 671 2670 741 imperio
2693 669 2983 742 logotclha:
3015 681 3214 722 munus
3266 665 3336 720 ad
3385 663 3489 716 alia
3551 672 3766 730 quoque

2189 781 2415 820 munera
2476 765 2800 818 distractum
2831 771 2934 825 est,
2977 769 3032 815 et
3073 760 3244 828 prima
3279 757 3362 812 sui
3405 753 3615 824 origine
3637 751 3765 804 uni-

2189 875 2336 924 cum,
2395 857 2660 929 gliscente
2713 853 3024 925 principum
3086 851 3315 906 libidine
3374 849 3430 902 in
3498 844 3764 916 plurimos

2192 948 2443 1006 surculos
2494 946 2786 1001 divulsum.
2825 943 2964 998 Ilinc
3021 940 3164 995 ὁτοῦ
3213 937 3458 994 Γενικοῦ.
3521 935 3767 989 Incertus

2190 1043 2258 1096 de
2293 1039 2488 1094 ofﬁciis
2533 1035 2723 1106 palatii
2751 1032 3370 1103 Constantmopolitani,
3420 1028 3534 1082 Καὶ
3553 1027 3640 1079 τὸν
3674 1041 3768 1092 γε-

2192 1131 2340 1186 νικὸν
2388 1128 2684 1198 λογοθέτην
2739 1127 2950 1196 εἰσόρα.
2987 1123 3054 1178 Et
3096 1121 3393 1195 generalem
3456 1118 3770 1188 logotltetant

2192 1224 2446 1290 conspice.
2502 1221 2568 1276 Et
2609 1218 2897 1276 Matthaaus
2930 1216 3234 1272 monachus
3265 1213 3333 1268 de
3363 1211 3574 1272 iisdem,
3645 1205 3772 1259 Ἐπὶ

2190 1313 2468 1386 τραπέζης
2504 1311 2656 1366 ἄλλοι
2677 1326 2736 1364 τε
2762 1311 2800 1363 Γ
2803 1307 2984 1363 ενικοῦ
3000 1304 3311 1375 λογοθέτης.
3355 1302 3393 1355 Α
3447 1314 3626 1354 mensa
3676 1295 3772 1348 alii

2195 1405 2454 1478 generalis
2523 1403 2808 1476 logotheta.
2855 1401 2960 1454 Alii
3015 1404 3298 1454 verterunt
3343 1391 3524 1449 aerarii
3551 1403 3772 1460 genera—

2193 1501 2280 1554 lis.
2327 1499 2658 1554 Indumenta
2689 1489 3244 1554 dcscribitCodinus:
3279 1483 3463 1540 Τὸτοῦ
3483 1478 3769 1548 λογεθέτου

2191 1590 2286 1646 τοῦ
2320 1589 2542 1643 Γενικοῦ
2597 1588 2836 1644 σκιάδιον
2885 1583 3076 1639 λευκὸν
3106 1579 3320 1653 βλατῑον
3345 1575 3484 1648 μετὰ
3528 1569 3770 1644 μαργελ-

2193 1683 2342 1736 λίων.
2365 1682 2440 1734 Τὸ
2469 1679 2778 1736 Καΰσὰδιον
2817 1681 2880 1732 ὲκ
2899 1677 3006 1733 τῶν
3045 1673 3290 1744 συνήθως
3343 1665 3772 1736 πολιτευομένων

2197 1775 2446 1848 βλατιων.
2488 1773 2563 1826 Τὸ
2613 1771 2670 1825 δὲ
2705 1773 3038 1842 σκαράνικον
3077 1766 3442 1838 χρυσόλευκον
3503 1758 3774 1831 βλατινὸν,

2197 1865 2556 1937 συρματέἲνον
2581 1864 2704 1933 ἔχον
2727 1860 3038 1932 ἔμπροσθέν
3068 1875 3126 1912 τε
3161 1857 3258 1910 καὶ
3289 1852 3516 1909 ὄπισθεν
3558 1849 3656 1920 τὴν
3681 1851 3778 1902 τοῦ

2197 1959 2459 2031 βασιλέως
2513 1956 2696 2010 εἰκόνα
2728 1953 3078 2020 διαγὲλαστον
3112 1947 3300 2017 ὥσπερ
3330 1945 3422 2000 καὶ
3463 1940 3554 1998 τοῦ
3595 1941 3778 2011 Πριμε

2199 2025 2483 2120 μικηρίου,
2517 2045 2613 2098 καὶ
2641 2043 2770 2096 ἄνευ
2801 2039 3126 2094 δικανικὶον.
3157 2035 3458 2106 Logotheta:
3513 2025 3781 2101 generalis

2197 2137 2374 2192 wrarii
2427 2135 2592 2204 pileus
2620 2142 2694 2187 est
2739 2131 2890 2185 albus
2921 2143 3128 2198 pannus
3165 2141 3284 2177 cum
3317 2120 3606 2191 margeltis,
3638 2118 3733 2170 cab
3757 2145 3769 2155 ο

2197 2230 2410 2284 badium
2442 2244 2508 2282 ex
2561 2227 2650 2288 iis,
2681 2239 2798 2294 qua:
2860 2219 3126 2276 communi
3191 2231 3333 2268 ntere
3381 2211 3578 2284 gestari
3608 2209 3784 2263 solent

2197 2321 2536 2398 uestimentis.
2569 2317 2915 2372 Scaranicum
2940 2311 3088 2366 aurei
3116 2319 3162 2363 et
3189 2307 3292 2361 albi
3336 2303 3522 2358 coloris
3547 2310 3620 2354 est
3651 2317 3784 2369 pur-

2199 2394 2416 2486 pureum
2450 2422 2497 2466 et
2549 2409 2893 2480 fimbriatum,
2953 2403 3144 2458 habens
3197 2409 3319 2454 ante
3375 2407 3424 2450 et
3481 2406 3620 2449 retro
3675 2394 3786 2446 im-

2199 2507 2458 2571 peratoris
2481 2503 2766 2574 imaginem
2829 2497 3076 2570 pellucidi
3122 2495 3247 2548 vitri
3279 2487 3640 2546 consimilem:
3689 2501 3788 2538 cu-

2195 2601 2430 2672 jusmodi
2477 2599 2638 2653 etiam
2715 2605 2790 2650 est
2847 2591 3180 2648 scaranicum
3245 2581 3576 2640 Primicerii:
3641 2589 3792 2632 caret

2204 2702 2430 2762 sceptro.
2457 2688 2631 2759 Hujus
2657 2684 3000 2742 iunctionem
3032 2676 3366 2749 incognitam
3404 2687 3505 2728 suo
3535 2679 3794 2738 tempore

2204 2788 2377 2844 fuisse
2422 2783 2676 2856 perhibet
2717 2779 2862 2836 idem
2895 2775 3159 2840 Codinus,
3206 2769 3386 2826 Ἦτοῦ
3435 2762 3660 2821 Γενικοῦ
3693 2762 3796 2815 λο-

2204 2855 2435 2949 γοθέτουί
2481 2873 2756 2946 ὑπηρεσία
2796 2871 2858 2926 οὐ
2906 2867 3253 2939 γινώσκεται.
3297 2859 3569 2918 Generalis
3639 2855 3794 2949 logo-

521 2987 688 3044 qnatn
725 2973 1060 3042 privatorum
1097 2942 1234 3039 iura~
1263 2967 1570 3022 sustineant
1597 2983 1609 3020 :
1641 2978 1738 3018 eos
1765 2963 2102 3018 discussores

2207 2942 2360 3024 theta
2411 2942 2612 3020 manus
2666 2963 2964 3034 ignoratur.
3025 2956 3126 3012 Hic
3181 2950 3424 3008 Codinus
3479 2963 3510 3001 a
3549 2942 3794 3000 Meursio

521 3063 772 3123 nonnulli
793 3067 1138 3132 nuncupant.
1166 3058 1464 3130 Procopius
1482 3058 1579 3112 lib.
1597 3056 1669 3111 Ill
1688 3054 1822 3110 Belli
1840 3049 2058 3108 Gothici
2085 3067 2098 3102 :

522 3155 633 3214 Ἦν
653 3157 714 3212 ιι
741 3154 1093 3226 mmmam
1120 3170 1204 3216 τις
1250 3153 1308 3206 ἐν
1334 3149 1619 3220 Βυζαντίῳ
1658 3151 1772 3210 τοῖς
1816 3145 2100 3215 δημοσίοις
2127 3193 2171 3252 c

522 3251 768 3322 ἐφεστὼς
793 3249 1094 3318 λογισμοῖς,
1115 3243 1406 3314 λογοθέτην
1428 3242 1796 3312 ἑλληνίζοντες
1819 3239 1919 3308 τὴν
1934 3235 2100 3306 τιμὴν

522 3345 733 3415 ταύτην
756 3340 979 3396 καλοῦσι
1021 3339 1304 3408 Ῥωμαῖοι.
1335 3335 1636 3390 Alexander
1681 3349 1800 3388 vero
1837 3331 2105 3402 quispiam

523 3435 775 3507 Byzantii
827 3433 1002 3486 ration
1027 3431 1120 3485 bus
1164 3429 1384 3496 publicis
1432 3433 1699 3496 prwerat,
1751 3422 2100 3494 Logothetam

524 3529 708 3586 Greece
759 3523 1008 3581 vocabulo
1055 3522 1283 3577 Romani
1337 3528 1546 3575 vocant.
1595 3517 1736 3572 Hinc
1782 3511 2106 3581 Λογοθὲσιον

525 3617 822 3674 πολιτικῶν
871 3618 1090 3687 πόρων,
1122 3613 1268 3684 quod
1314 3608 1634 3682 Theophani
1681 3615 1800 3668 est,
1831 3613 1888 3659 ut
1935 3601 2106 3658 adno-

529 3711 662 3768 tavit
697 3710 1053 3772 Alemannus,
1095 3705 1315 3760 Γενικὸν
1349 3703 1676 3772 λογοθέσιον.
1723 3699 1790 3754 Et
1831 3695 2105 3766 Nicepho-

527 3819 620 3856 rus
668 3798 976 3870 patriarcha
1003 3837 1019 3862 ,
1066 3793 1352 3865 Δημοσίων
1380 3795 1566 3862 πόρων
1615 3787 1874 3858 λογιστὴν
1899 3787 1953 3839 in
1990 3781 2104 3855 [‘29]

526 3893 800 3950 breviario
859 3890 1144 3952 historico,
1179 3886 1434 3940 Θεόδοτον
1484 3884 1541 3938 δέ
1567 3899 1688 3937 τινα
1730 3878 1964 3950 μοναχὸν
2015 3875 2107 3944 ἑγ-

526 3985 772 4039 κλειστον
792 3983 855 4034 τὸ
889 3980 1152 4050 πρότερον
1170 3977 1312 4033 κατὰ
1333 3975 1404 4030 τὰ
1419 3973 1658 4046 Θρᾳκῶα
1675 3971 1771 4026 τοῦ
1796 3969 1984 4024 στενοῦ
2018 3967 2108 4020 λε-

527 4076 762 4146 γομένου
853 4072 1022 4142 πόρου
1097 4069 1382 4138 γεγονότα.
1450 4067 1558 4120 τῶν
1623 4063 1898 4135 δημοσίων
1961 4061 2107 4129 λογι·

529 4167 684 4239 στῆν,
735 4165 822 4219 -ὃν
865 4163 929 4217 τὸ
979 4160 1229 4232 δημῶδες
1301 4157 1598 4226 λογοοέτην
1663 4154 1908 4218 καλοῦσι,
1975 4151 2107 4204 καθ-

531 4261 762 4330 ίστησιν.
781 4257 926 4311 Idem
953 4270 1110 4325 porro
1135 4249 1462 4306 Theodorum
1479 4248 1760 4320 quemdam
1777 4245 2108 4308 monachum,

529 4352 620 4422 qui
669 4349 814 4420 prius
861 4348 918 4400 in
965 4345 1200 4400 Thracite
1242 4342 1437 4412 ﬁnibus
1467 4341 1538 4394 ad
1565 4340 1687 4409 freti
1713 4338 1994 4409 angustias
2023 4337 2106 4390 in-

529 4443 732 4498 clusam
773 4456 839 4494 ac
876 4437 1172 4493 solitariam
1201 4435 1366 4489 vitam
1409 4434 1654 4496 duxerat,
1712 4430 1908 4502 publici
1969 4446 2110 4484 wra-

2207 3060 2456 3132 vapu'm:
2478 3056 2748 3112 Meursius
2763 3051 3094 3122 a;Grctsero,
3111 3063 3181 3102 an
3209 3048 3372 3108 bene,
3399 3039 3647 3132 judicent
3669 3034 3763 3132 alii
3778 3075 3792 3088 .

2209 3120 2322 3223 Ego
2339 3149 2489 3205 vocis
2503 3120 2831 3214 γινώσκεται
2855 3136 3218 3211 signiﬁcatum
3236 3131 3386 3186 illum
3400 3140 3520 3183 esse
3535 3120 3768 3180 dixerim
3780 3159 3796 3184 ,

2211 3259 2312 3298 non
2343 3241 2505 3300 nosci.
2545 3252 2652 3293 non
2695 3249 2818 3291 esse
2861 3227 3145 3288 scilicetin
3169 3240 3309 3290 usu;
3365 3235 3430 3276 ea
3455 3216 3627 3280 enim,
3663 3227 3796 3282 quae

2208 3335 2493 3391 desierunt
2539 3343 2644 3383 nec
2673 3326 2726 3380 in
2758 3339 2861 3378 usu
2917 3329 3064 3382 sunt,
3130 3318 3275 3372 inter
3331 3311 3565 3367 aliorum
3624 3317 3792 3359 usum

2211 3425 2438 3483 minime
2485 3417 2738 3492 cognosci
2796 3415 3070 3471 dicuntur.
3127 3409 3276 3463 Alter
3329 3411 3447 3460 erat
3499 3395 3796 3464 λογοθέτης

2209 3520 2304 3575 τοῦ
2361 3488 2586 3589 δρόμουῖ
2632 3513 2902 3574 Incertus,
2949 3506 3007 3557 Ὀ
3035 3497 3337 3572 λογοθετῶν
3371 3497 3468 3550 σὺν
3497 3488 3650 3589 αἱ)τῇ
3675 3489 3790 3589 τοῖς

2209 3610 2306 3668 τοῦ
2328 3577 2554 3680 δρδμου.
2612 3605 2826 3672 Unaque
2853 3615 2970 3654 cum
2995 3613 3054 3650 eo
3079 3591 3338 3665 logotetha
3366 3601 3571 3642 cursus.
3606 3577 3790 3634 Vesti-

2211 3671 2396 3760 menta
2430 3671 2574 3755 illius
2616 3712 2684 3751 ex
2715 3671 2942 3752 Codino,
2975 3687 3048 3740 Τὸ
3073 3683 3165 3738 τοῦ
3214 3679 3496 3750 λογοοέτου
3535 3673 3634 3727 τοῦ
3670 3671 3793 3741 δρό-

2212 3813 2314 3868 μον
2346 3792 2606 3851 σκιάδιον,
2642 3783 2754 3841 οἷον
2814 3783 2875 3836 τὸ
2909 3779 3003 3833 τοῦ
3059 3776 3300 3848 μεγάλου
3345 3763 3783 3868 Χαρτουλαρῐοι).

2208 3882 2523 3940 Φακεωλῑδα
2544 3880 2602 3934 δὲ
2637 3877 2792 3946 φορεῖ
2817 3865 2972 3934 οὗτος
3000 3871 3095 3923 καὶ
3139 3860 3532 3934 ὀπιλονρίκιον,
3563 3857 3624 3909 οὐ
3685 3851 3792 3923 μὴν

2214 3944 2883 4048 σκαρὰνικονψοςιοηιειω
2914 3978 3098 4019 cursus
3122 3958 3290 4031 pileus
3317 3965 3392 4010 est
3415 3950 3587 4024 qualis
3615 3944 3794 4016 magni

2216 4037 2566 4127 Cha-rtularii.
2585 4037 2706 4117 Fert
2739 4059 2836 4114 iste
2865 4051 3207 4112 Phaceolium
3235 4055 3286 4102 et
3299 4042 3418 4118 ['50]
3443 4037 3793 4127 epiloricium,

2217 4171 2274 4216 at
2315 4175 2416 4212 non
2442 4153 2800 4211 scaranicum.
2835 4145 2900 4201 Et
2957 4159 3080 4215 cap.
3145 4139 3178 4196 5
3215 4155 3230 4192 :
3266 4137 3325 4190 Ὀ
3351 4131 3642 4201 λογοθὲτης
3697 4124 3792 4178 τοῦ

2215 4253 2416 4324 δρόμου
2467 4243 2580 4318 εἶχε
2615 4244 2713 4316 μὲν
2757 4239 2930 4296 πάλαι
3001 4233 3096 4290 καὶ
3146 4225 3302 4290 οὗτος
3320 4221 3628 4294 ὑπηρεσίαν
3662 4218 3794 4288 ἡμῖν

2215 4318 2641 4413 ἀνεστίγνωστον,
2671 4335 2766 4390 νῦν
2821 4332 2881 4388 δὲ
2919 4324 3196 4398 οὐδεμίαν.
3249 4318 3534 4391 Lagotheta
3613 4324 3796 4366 cursus

2217 4439 2342 4494 olim
2370 4412 2552 4490 habuit
2586 4427 2901 4502 [unctionem
2924 4417 3069 4476 nobis
3097 4412 3442 4485 incognitam,
3491 4421 3628 4460 nunc
3677 4417 3798 4456 vero

536 4535 604 4588 νίί
657 4534 966 4602 Ρνωῖθίιηηι
1013 4528 1302 4594 comam“:
1357 4543 1510 4596 ιιιιειη
1565 4494 1909 4593 Ῑιοέολίιεεαηι
1959 4522 2110 4592 vulgo
2144 4537 2188 4592 ι)
2221 4528 2448 4585 nullam.
2493 4494 2768 4590 Quidquid
2797 4507 2945 4570 dicat
2970 4509 3236 4570 Codinus,
3277 4499 3616 4558 iunctionem
3649 4494 3796 4548 illius

533 4629 863 4693 nuncupant.
916 4619 1006 4683 Et,
1047 4615 1270 4678 Τούτοις
1308 4615 1553 4686 ἡγεμόνα
1589 4613 1876 4682 ἐφίστησιν
1937 4611 2110 4664 Ἰωάν-

532 4735 632 4788 νης
687 4715 933 4768 διάκονον
973 4712 1068 4765 τὸν
1124 4709 1389 4779 Μεγάλης
1454 4707 1776 4776 ἐκκλησίας,
1832 4704 1928 4758 καὶ
1995 4703 2108 4756 τῶν

530 4808 806 4879 δημοσίων
867 4809 1049 4876 φόρων
1112 4801 1390 4872 λογιστὴν,-
1435 4799 1496 4853 ὃν
1545 4799 1836 4867 λογοθέτην
1895 4795 2111 4864 γενικὺν

531 4897 641 4954 οἶδε
667 4899 927 4966 καλεῖνὴ
995 4894 1278 4964 συνήθεια,
1349 4891 1666 4963 ὑπάρχοντα
1741 4888 1991 4958 ἐμφρονά
2045 4903 2109 4940 τε

533 4994 631 5046 καὶ
680 4991 942 5060 ἔμπειρον
1007 4985 1436 5055 καθιστάμενον,
1507 4982 1742 5037 Summa:
1787 4981 1974 5034 deinde
2031 4977 2109 5032 rei

531 5086 791 5138 Joannem
825 5080 1040 5151 perfecit
1074 5077 1282 5148 Magna:
1331 5073 1563 5129 ecclesia:
1612 5075 1915 5135 diaconum,
1942 5080 1992 5125 et
2015 5086 2110 5124 cu-

535 5187 770 5230 ratorem
821 5172 1150 5244 publicorum
1201 5166 1562 5238 vectigalium,
1621 5182 1776 5237 quem
1806 5163 2112 5236 generalem

537 5267 860 5338 logothetam
882 5263 1154 5334 appellare
1185 5259 1344 5332 vulgo
1374 5258 1563 5323 solent,
1588 5260 1762 5312 virum
1786 5261 2114 5326 prudentem,

536 5367 586 5414 et
615 5360 904 5412 multarunt
940 5371 1117 5408 rerum
1151 5352 1473 5422 experientia
1493 5349 1797 5419 praeditum.
1851 5345 2120 5404 Iustinia-

535 5465 641 5504 nus
682 5460 890 5519 postea,
951 5456 1008 5500 ut
1027 5445 1326 5514 Procopius
1351 5445 1513 5499 tradit
1541 5443 1596 5496 in
1659 5440 2002 5502 ἀνεκδότοις.
2025 5436 2115 5492 vi-

537 5555 630 5595 ros
659 5556 690 5594 a
737 5555 797 5593 se
845 5537 1111 5591 militibus
1157 5535 1504 5601 constitutos,
1564 5535 1655 5606 qui
1703 5549 1771 5589 ex
1813 5531 1964 5586 omni
2013 5529 2116 5584 ho-

543 5630 752 5685 minum
810 5643 1030 5698 genere,
1093 5642 1256 5696 quam
1328 5627 1621 5682 maximam
1683 5623 1976 5696 pecuniam
2064 5622 2118 5676 in

539 5719 733 5774 castris
755 5717 1089 5785 colligerent,
1126 5715 1439 5784 λογυῦἐτας,
1462 5717 1759 5787 logotltetas
1795 5713 2113 5786 appellavit.

544 5811 754 5884 Ὀνομα
791 5810 846 5863 δὲ
865 5809 1151 5880 λογοθέτας
1188 5809 1369 5873 αὑτοῖς
1407 5809 1577 5876 ἔθετο,
1617 5811 1953 5866 Αἱριιιωυικιε
1980 5807 2118 5864 Cen-

2218 4621 2378 4678 nohis
2435 4587 3156 4674 cohaenlavitNicephorus
3187 4593 3497 4668 patriarcha
3559 4589 3617 4644 in
3670 4587 3797 4641 bre-

2219 4676 2390 4768 uiario
2414 4703 2679 4762 historico
2705 4716 2720 4756 :
2753 4695 2862 4752 Τοῦ
2887 4695 2930 4748 δ’
2961 4689 3030 4766 ἦν
3063 4690 3337 4760 Ἀντίοχος
3371 4683 3469 4754 μὲν
3498 4684 3526 4734 ὁ
3557 4678 3666 4732 τῶν
3710 4676 3798 4744 δη-

2220 4799 2424 4873 μοσίων
2457 4791 2806 4868 πραγμάτων
2853 4787 2953 4850 τὰς
3002 4781 3344 4850 ὑπομνήσεις
3401 4772 3551 4842 αὐτῷ
3605 4770 3796 4824 διακο.

2217 4861 2416 4963 μίζων.
2450 4861 2758 4956 Λογοονέτην
2793 4880 2851 4934 δὲ
2898 4877 2993 4931 τοῦ
3021 4875 3225 4946 δρόμου
3264 4870 3362 4938 τὴν
3385 4867 3544 4933 ἀξίαν
3593 4865 3644 4916 οἱ
3669 4861 3798 4932 περὶ

2213 4957 2282 5038 τὰ
2321 4977 2570 5052 βασίλεια
2603 4973 2882 5030 καλοῦσιν.
2915 4969 2999 5025 Ea:
3027 4968 3090 5021 iis
3115 4963 3394 5018 Antiochus
3423 4957 3673 5029 magister
3695 4969 3803 5006 mc-

2215 5075 2416 5138 moriae,
2472 5079 2626 5142 quem
2661 5065 3038 5135 magistratum
3070 5059 3392 5132 logothetam
3441 5066 3644 5110 cursus,
3709 5043 3801 5116 qui

2215 5167 2274 5222 in
2293 5136 2421 5220 aula
2449 5136 2593 5228 sunt,
2609 5158 2886 5230 appellare
2906 5151 3261 5209 solent.Notat
3291 5145 3547 5203 Petavius
3566 5136 3804 5230 Λυγοδέ-

2216 5274 2318 5328 την
2344 5253 2440 5308 τοῦ
2460 5228 2694 5324 δρόμους
2743 5249 2848 5306 dici
2880 5247 2972 5304 hic
3000 5262 3030 5300 a
3055 5243 3398 5313 Niecphoro:
3435 5235 3540 5288 Τὸν
3569 5231 3677 5286 τῶν
3708 5228 3803 5296 δη-

2223 5322 2428 5418 μοσίων
2459 5322 2802 5414 ⁸ιιέρτιζγμάτων
2859 5340 2962 5404 τὰς
3007 5336 3348 5408 ὑπομνήσεις
3394 5322 3799 5394 διακομίζοντα.

2221 5439 2378 5506 Quod
2409 5437 2653 5509 magistri
2703 5433 2982 5490 memoriae
3037 5427 3320 5502 proprium
3369 5428 3508 5476 erat.
3564 5415 3668 5482 Qui
3745 5421 3802 5466 ut

2223 5505 2296 5585 est
2347 5529 2401 5582 in
2427 5505 2636 5584 Nolitia
2686 5525 2895 5594 imperii
2961 5517 3278 5578 Orientalis,
3309 5509 3686 5567 annotationes
3714 5505 3803 5560 di-

2223 5630 2350 5688 ctat,
2405 5622 2498 5675 hoc
2523 5630 2619 5686 est,
2667 5619 2957 5688 scripturas
2993 5619 3189 5674 breves,
3221 5609 3408 5680 quibus
3441 5621 3502 5658 ea
3534 5601 3806 5656 continen-

2223 5725 2328 5781 tur,
2371 5729 2488 5784 (μιαί
2549 5712 2800 5781 principis
2855 5707 3063 5763 nomine
3099 5708 3432 5764 statuuntur,
3460 5705 3554 5750 aut
3609 5689 3802 5759 confit"

2223 5818 2459 5872 utamur,
2487 5804 2577 5859 sed
2597 5813 2642 5858 et
2680 5802 2914 5872 precibus
2951 5795 3250 5868 respondet,
3295 5793 3386 5846 hoc
3415 5799 3510 5858 est,
3562 5795 3807 5856 responsa
