4134 6490
365 438 438 499 25
1087 439 1183 500 DE
1218 438 1563 499 SCRIPTIS
1602 436 1899 497 SYMEON
1914 437 1983 497 IS
2022 436 2599 496 METAPHRASTIE
2643 438 3032 497 DIATRIBA.
3604 442 3676 506 26

379 556 577 619 dictat,
628 570 756 625 qui:
795 557 1045 624 princeps
1082 553 1269 607 libellis
1286 553 1605 623 supplicibus
1650 553 1892 606 dederit:
1925 552 1996 605 ad
2028 560 2067 611 Α
2102 552 2305 621 primas
2354 561 2538 622 partes
2575 552 2871 616 sustineas,
2912 558 2967 606 et
3000 551 3151 622 gigas
3177 550 3294 621 ipse
3322 552 3464 608 inter
3514 556 3681 612 mini-

384 650 494 701 ha'c
540 648 859 715 diplomata
910 648 984 701 ad
1029 648 1344 702 currendum
1371 646 1581 699 nomine
1634 645 1889 713 principis
1915 644 1996 698 vel
2098 659 2217 700 mos
2245 645 2574 714 pumiliones
2600 646 2686 701 vel
2736 645 2947 700 balaena
2988 645 3131 698 inter
3161 645 3402 701 minutos
3443 648 3681 716 piscicu-

388 740 645 809 magistri
698 740 992 809 oﬂiciorum
1041 741 1172 793 dare
1222 736 1457 791 muneris
1510 737 1747 807 ejusdem
1786 736 1909 804 fuit,
1962 753 1994 788 a
2096 737 2179 793 los
2228 737 2487 803 videaris,
2552 737 2788 807 dignitas
2835 737 2951 805 ipsa
2996 737 3153 791 nihili
3206 738 3497 807 pendatur.
3542 740 3681 797 llinc

392 846 499 901 quo
569 827 875 899 λογοθέτης
903 825 999 881 τοῦ
1051 827 1254 897 δρόμου
1305 826 1477 879 dictus
1510 835 1605 880 est.
1639 825 1856 880 Tertius
1888 834 1971 879 est

2095 830 2240 885 inter
2267 829 2441 885 ollicia
2481 830 2691 900 palatii,
2724 829 2933 883 utinam
2969 829 3134 884 etiam
3185 829 3243 883 in
3293 831 3679 888 ecclesiasticis

405 922 471 975 '0
498 920 801 989 loyollétn;
829 920 944 973 τῶν
988 918 1304 972 οίκειακῶν.
1336 917 1535 972 Rerum
1581 918 1971 971 domesticarun

2094 921 2417 975 muneribus
2463 919 2664 974 malum
2707 920 2811 973 hoc
2853 919 3032 974 locum
3075 934 3186 974 non
3216 921 3521 983 habuisset,
3560 922 3677 976 Ma-

401 1015 697 1085 logotlseta.
730 1014 1003 1078 Incertus,
1041 1013 1100 1066 '0
1116 1012 1226 1065 τῶν
1252 1009 1547 1064 οἰκειακῶν
1573 1009 1866 1079 Μγοθέτης
1894 1012 1971 1080 ἀρε

2092 1011 2180 1083 gni
2213 1026 2414 1066 nomen
2469 1012 2691 1082 potiori,
2726 1020 2785 1066 ut
2830 1011 2904 1066 ita
2954 1012 3155 1077 dicam,
3188 1012 3243 1066 in
3288 1028 3351 1066 ea
3393 1012 3677 1069 iunctione

401 1108 571 1177 χέτω.
629 1105 1053 1160 Domesticorum
1120 1103 1377 1172 logotlteta
1415 1110 1636 1169 pra'eat.
1706 1099 1994 1154 Mattha'n:
2090 1119 2413 1159 concessum
2457 1114 2561 1160 est.
2597 1104 2680 1157 Ne
2707 1103 2917 1174 singula
2951 1103 3207 1168 referam,
3237 1104 3342 1161 fuit
3365 1117 3419 1160 et
3447 1106 3675 1177 Magnus

406 1198 670 1267 Πραίτωρ
700 1196 797 1249 τοῦ
819 1197 1015 1267 δήμου,
1062 1193 1353 1247 οἰκειακῶν
1387 1191 1524 1262 ὁμοῦ
1574 1194 1603 1246 ὁ
1678 1192 1968 1259 λογοθέτης

2092 1194 2390 1262 Logotheta
2460 1208 2572 1248 non
2624 1192 2834 1248 tantum
2889 1194 3236 1260 auctoritate,
3301 1197 3397 1250 sed
3440 1197 3671 1251 vestium

405 1288 618 1343 Praetor
641 1289 846 1357 populi,
877 1285 1277 1339 domesticorum
1300 1284 1458 1337 simul
1491 1282 1772 1353 logotheta.
1823 1282 1990 1338 Com—
2089 1285 2253 1337 etiam
2292 1283 2598 1353 insignibus
2635 1284 2970 1353 spectabilis.
3003 1284 3264 1348 Codiuus,
3297 1287 3372 1339 Τὺ
3428 1287 3522 1340 τοῦ
3578 1305 3676 1358 με·-

408 1388 608 1450 pctunt
639 1379 714 1433 illi
742 1377 1098 1448 phaceolium
1164 1384 1220 1431 et
1248 1375 1589 1446 epiloricium
1625 1384 1814 1430 etnon
1866 1390 1971 1433 sca

2088 1374 2256 1441 γάλου
2319 1373 2608 1441 λογοθέτου
2674 1375 2923 1445 φόρεμα,
2978 1377 3097 1447 ἦτοι
3142 1377 3207 1429 τό
3269 1393 3331 1429 τε
3383 1378 3627 1431 σκιάδιον
3653 1419 3668 1444 ,

406 1471 676 1525 ranicum.
727 1469 986 1535 Codinus,
1034 1468 1114 1522 Τὰ
1154 1468 1251 1521 τοῦ
1307 1466 1596 1535 λογοθέτου
1622 1465 1731 1518 τῶν
1775 1467 1984 1519 οίκεια-
2086 1463 2148 1516 τὸ
2197 1463 2508 1531 καὸὅάδιον,
2560 1465 2651 1518 καὶ
2690 1464 2752 1517 τὸ
2799 1467 3148 1535 σκαράνικον,
3180 1461 3271 1520 οἶα
3301 1468 3371 1520 τὰ
3395 1467 3488 1523 τοῦ
3515 1478 3668 1539 πρω-

404 1562 520 1616 κῶν
551 1561 847 1631 φακεωλὶς,
880 1560 977 1614 καὶ
1030 1560 1383 1633 ἑπιλορίκιον,
1426 1560 1487 1612 οὒ
1511 1562 1617 1629 μὴν
1667 1557 1723 1610 δὲ
1774 1557 1983 1628 σκαράο
2086 1555 2467 1626 τοστράτορος,
2520 1556 2670 1609 οὐδὲν
2701 1556 2761 1609 δὲ
2794 1558 3318 1626 φέρειδικαονίκιον.
3360 1560 3542 1631 Magni
3562 1560 3668 1614 Lo-

401 1670 576 1708 νικον.
607 1654 770 1709 Caret
827 1652 1110 1708 iunctione
1142 1670 1155 1706 :
1192 1651 1360 1719 idem,
1433 1650 1492 1705 '0
1544 1650 1652 1703 τῶν
1694 1648 1971 1703 oluerunt?»

2086 1649 2311 1719 gotltette
2329 1649 2647 1719 gestamina,
2680 1649 2777 1702 hoc
2813 1658 2887 1702 est
2914 1648 3106 1717 pileus,
3138 1652 3452 1706 cabbadium
3478 1662 3526 1707 et
3548 1670 3667 1706 sca-

400 1744 700 1813 λογοθέτης
754 1744 854 1798 οὐκ
899 1743 1014 1813 ἔχει
1043 1742 1348 1815 ὑπηρεσίαν
1395 1741 1537 1796 τινά.
1601 1739 1887 1810 Logotlteta
1909 1756 1971 1794 re

2087 1743 2329 1797 ranicum
2344 1742 2473 1796 nihil
2493 1743 2558 1796 ab
2575 1741 2679 1807 Itis,
2695 1757 2813 1811 qua:
2829 1743 3228 1809 protostratoris
3244 1753 3366 1796 sunt
3392 1744 3662 1813 differunt;

398 1834 690 1907 familiaris
706 1833 909 1887 nullam
935 1832 1091 1886 habet
1115 1832 1456 1904 functionem.
1485 1828 1747 1895 Quartus,
1778 1830 1806 1880 ὁ
1826 1827 1971 1897 λογο-

2087 1851 2180 1889 nec
2230 1836 2331 1905 fert
2377 1842 2662 1904 sceptrum.
2712 1833 2896 1888 Pileus
2952 1834 3163 1888 scilicet
3217 1833 3399 1888 colore
3436 1849 3659 1899 aureus,

398 1895 564 1995 δέτης
588 1924 682 1978 τοῦ
705 1895 1125 1996 στρατιωτικοῦ.
1157 1923 1444 1994 Logothela
1466 1920 1762 1976 castrensis.
1796 1895 1971 1976 lucer-

2083 1938 2141 1985 et
2166 1927 2739 1992 coccineus,clavatus
2765 1926 2973 1996 absque
3001 1926 3235 1979 amboue
3272 1944 3285 1979 :
3314 1926 3660 1980 scaranicum

399 2028 514 2083 tus,
575 2016 867 2086 λογοθέτην
922 2016 1029 2088 ὅρα
1065 2033 1155 2087 μοι
1211 2017 1315 2071 κάν
1367 2013 1750 2085 στρατιώταις.
1807 2015 1971 2088 Lago-

2081 2033 2329 2084 aureum,
2363 2026 2420 2073 et
2464 2017 2817 2081 coccineum,
2854 2024 2912 2071 et
2968 2015 3321 2079 ﬁmbriatum,
3372 2015 3661 2072 continens

398 2113 602 2165 tinctam
629 2110 902 2163 considera
935 2109 1252 2162 etiaminter
1266 2106 1479 2161 milites.
1498 2104 1808 2173 Mattheus,
1837 2107 1898 2159 ’0
1921 2108 1979 2163 δὲ
2081 2117 2236 2181 parte
2267 2109 2540 2163 anteriore
2578 2106 2966 2175 imperatorem
3004 2113 3264 2169 stantem,
3298 2116 3445 2160 retro
3474 2114 3660 2161 autem

393 2202 495 2257 τοῦ
530 2200 925 2273 στρατιωτικοῦ
954 2200 1258 2268 καταλόγου
1323 2198 1639 2269 λογοθέτης.
1692 2200 1971 2269 Logothela

2081 2202 2365 2258 sedentem
2426 2197 2483 2253 in
2548 2198 2750 2253 throno
2811 2217 2825 2253 :
2897 2198 3223 2253 cabbadium
3277 2212 3613 2266 purpureum
3642 2236 3658 2260 ,

392 2311 520 2350 vero
560 2294 812 2348 militaris
860 2292 1113 2363 catalogi.
1150 2290 1468 2364 Logothetze
1496 2295 1772 2349 exercitus
1797 2302 1978 2364 gesta-
2080 2295 2165 2350 vel
2188 2294 2348 2364 quale
2377 2310 2444 2350 ex
2478 2290 2878 2350 consuetudine
2918 2290 3174 2347 voluerit.
3206 2289 3494 2344 Matthacus
3537 2304 3660 2344 mo-

395 2388 549 2443 mina
616 2394 747 2440 sunt
772 2384 1115 2455 phaceolium
1143 2394 1199 2439 et
1227 2384 1589 2454 epiluricium,
1643 2398 1698 2442 at
1726 2402 1834 2441 non
1861 2401 1979 2441 Sca-
2079 2387 2312 2451 nachus,

393 2479 669 2534 ranicum.
715 2477 987 2545 Codinus,
1022 2475 1106 2530 Τὰ
1164 2476 1258 2530 τοῦ
1314 2476 1608 2547 ὶογοθέτου
1651 2479 1746 2532 τοῦ
1799 2495 1966 2548 στρα-

2185 2477 2296 2548 Ϊῆς
2311 2476 2368 2529 δὲ
2385 2475 2641 2548 δευτέρας
2672 2473 2848 2548 μέγας
2876 2473 3020 2538 δοὺξ,
3062 2474 3235 2548 μέγας
3260 2471 3578 2548 δομεστικός
3598 2487 3657 2524 τε

389 2568 655 2633 τιωτικοῦ
702 2569 987 2640 φορέματα
1047 2568 1342 2637 φακεωλὶς,
1410 2569 1504 2622 καὶ
1617 2568 1971 2641 ὲπιλορίκιον,

391 2662 452 2686 -.9.
483 2662 593 2686 --L-.
621 2663 710 2686 --..‘.
752 2659 1118 2686 _.-_-.L.....-...
1155 2659 1473 2686 n..II..m-..-
1531 2660 1673 2686 2112.--
1727 2661 1946 2686 ...ἷκε-ιι.

2194 2542 2713 2615 ’θ’πρωτοστρὰτωρ
2736 2544 2999 2612 πέφυκεν.
3018 2548 3045 2598 ὁ
3064 2542 3263 2611 ⁷Μέγας
3295 2542 3587 2613 λογοθέτης

2185 2616 2371 2681 Μέγας
2407 2615 2919 2686 στρατοπεδάρχης,
2943 2608 3030 2686 ὧν
3055 2613 3259 2686 ἐρυθρά
3291 2614 3360 2686 τά
3386 2613 3585 2677 πτύλα,

387 2662 455 2716 οὐ
483 2662 594 2731 μὴν
621 2663 715 2714 καὶ
751 2659 1119 2729 σκαράνικονε
1154 2659 1475 2730 nullumque
1530 2660 1678 2717 illius
1727 2661 1962 2716 ministe-

2181 2659 2854 2758 Ᾰὶὲιῇᾦῖιᾶόξὲίι⁷ςρἔίῖιῐῑὲἆ
2863 2659 2936 2737 ἴδ
2945 2659 3275 2757 ᾙέεῖἕξᾶἵρῖυ
3297 2659 3478 2753 {levi};

392 2755 541 2810 rium
589 2752 860 2825 agnoscit.
912 2751 972 2807 '0
1021 2753 1318 2825 λογοθέτης
1338 2753 1436 2808 τοῦ
1465 2755 1862 2826 στρατιωτικοῦ
1884 2756 1975 2808 οὐ·

383 2848 586 2917 δεμίαν
624 2846 932 2916 ὑπηρεσίαν
989 2846 1126 2917 εχει.
1155 2844 1393 2912 Quintus
1420 2855 1526 2913 est,
1554 2846 1845 2916 λογοθέτης
1866 2846 1974 2900 τῶν

382 2937 626 3006 ἁγελῶν.
663 2935 762 2992 Rei
799 2936 1066 3007 pecuaria
1120 2935 1407 3008 logotlteta.
1438 2935 1704 3002 Incertus,
1727 2939 1836 2991 Καὶ
1863 2937 1973 2991 τῶν

381 3001 608 3096 aiam”
660 3001 954 3096 λογοόἑτης
1025 3001 1255 3080 εἰσίτω..
1291 3025 1360 3080 Et
1411 3042 1660 3096 pecorum
1706 3026 1971 3097 logotheta

383 3120 614 3142 .-_._--_.
669 3116 951 3142 υ-..ι..,....-
1014 3115 1308 3142 suum---
1347 3116 1557 3142 ,μην-η.
1618 3118 1641 3142 ε
1671 3133 1728 3142 --
1773 3118 1946 3142 ιη-.-

2248 3002 2358 3055 Καὶ
2382 3003 2446 3071 δὴ
2475 3004 2593 3072 μετ’
2628 3001 2791 3057 αὑτὸν
2824 3001 2915 3055 τὸν
2945 3002 3110 3056 καλὸν
3138 3002 3445 3075 Μετοχίτην

2248 3072 2567 3141 Λογοθετῶν
2600 3071 2864 3142 μέγιστον
2883 3076 3076 3141 σοφίας
3095 3073 3271 3142 λῆξιν,

380 3120 636 3172 introeat.
669 3116 976 3179 Matthaeus,
1014 3115 1308 3187 λογοθέτης
1342 3116 1578 3186 ἀγελῶν,
1614 3118 1643 3171 ὃ
1669 3133 1730 3172 τε
1770 3118 1971 3172 δικαιο-

2248 3115 2532 3214 ῐᾶῥᾶῧξὲἆ
2546 3115 3265 3214 ἓῷῖέᾶἷὲᾠῖὰῖἱᾶὲὲῥὲζ

384 3208 595 3280 φύλαξ.
621 3207 909 3280 Logotlteta
934 3208 1192 3277 pecudum
1219 3218 1269 3264 et
1299 3209 1511 3279 jurium
1566 3218 1761 3265 custos.
1815 3210 1969 3265 Illius

384 3306 610 3354 habitus
657 3304 921 3354 Codinus.
959 3303 1042 3354 Τὰ
1102 3303 1196 3354 τοῦ
1238 3303 1528 3354 λογοθέτου
1578 3303 1687 3354 τῶν
1732 3304 1964 3354 ἀγελῶν.

2255 3207 2357 3266 Ἦν
2380 3211 2553 3283 δῶρον
2582 3207 2734 3282 αὑτῷ
2769 3207 3117 3284 συνανέχοντι
3140 3207 3341 3281 κράτος

2252 3281 2422 3347 Ἀναξ
2446 3285 2475 3337 ό
2497 3282 2750 3354 λαμπρὸς
2775 3282 3048 3354 παρέσχεν
3081 3284 3440 3354 Ἀνδρόνικος.

2075 2799 2283 2855 Pileum
2339 2814 2591 2865 aureum,
2642 2806 2699 2853 et
2753 2800 3072 2855 coccineum
3113 2798 3260 2855 dono
3308 2799 3497 2855 datum
3550 2799 3657 2854 Lo-

2073 2894 2305 2969 gothctaz
2335 2894 2404 2949 ab
2427 2893 2758 2963 imperatore
2790 2891 3110 2948 Andronico
3148 2892 3321 2947 refert
3350 2895 3601 2948 lacertus
3636 2910 3650 2946 :

379 3306 610 3362 habitus
657 3304 921 3369 Codinus,
959 3303 1042 3358 Τά
1102 3303 1196 3356 τοῦ
1238 3303 1528 3372 λογοθέτου
1578 3303 1687 3358 τῶν
1732 3304 1965 3372 ἀγελῶν,

374 3396 661 3468 φακεωλὶς
706 3395 804 3449 καὶ
834 3394 1190 3465 ἐπιλορίκιον,
1216 3396 1292 3459 ὡς
1312 3396 1384 3449 τὰ
1403 3394 1499 3449 τοῦ
1526 3395 1816 3466 λογοθέτου
1866 3396 1963 3449 τοῦ

2074 3400 2414 3471 Nicephorus
2465 3397 2735 3470 Gregoras
2797 3397 3007 3455 Ilistor.
3073 3398 3171 3455 lih.
3235 3415 3326 3466 vr,
3384 3398 3462 3453 De
3528 3397 3651 3453 blu-

375 3487 804 3560 στρατιωτικοῦ,
826 3487 886 3540 οὺ
906 3486 1012 3558 μὴν
1022 3488 1117 3541 καὶ
1146 3485 1507 3557 σκαράνικον.
1532 3487 1829 3559 Logothette
1851 3504 1969 3559 gre-

2074 3494 2281 3550 zalonis
2335 3490 2513 3562 Magni
2582 3490 2901 3561 Logotheue
2963 3490 3152 3560 pileo:
3191 3489 3271 3542 Δι’
3324 3488 3361 3544 ἃ
3420 3488 3488 3559 δὴ
3556 3490 3652 3542 καὶ

374 3598 508 3654 gum
558 3578 1002 3649 pltaceoliurnoet
1061 3578 1408 3649 epiloricium,
1466 3580 1648 3652 qualia
1697 3580 1969 3653 logotheta:

2074 3586 2235 3657 τιμήν
2284 3600 2406 3638 τινα
2457 3582 2661 3652 ταύτην
2725 3581 2883 3653 ἔσχεν
2948 3581 3229 3652 ἐξαίρετον
3320 3580 3482 3650 μόνον
3542 3580 3651 3633 τῶν

376 3674 664 3736 exercitus,
684 3672 776 3726 sed
799 3672 1076 3726 scaranico
1092 3687 1195 3725 non
1212 3672 1403 3726 utitur.
1420 3670 1625 3727 Praeter
1645 3673 1745 3728 hos
1761 3672 1970 3729 addunt

2074 3673 2239 3728 πάλαι
2285 3672 2347 3726 τὸ
2403 3672 2590 3741 ὅμοιον
2643 3670 2791 3740 αὐτῷ
2827 3670 3235 3742 προειληφότων
3290 3668 3507 3739 ἀξίωμα
3554 3687 3651 3722 κα-

373 3772 600 3821 sestum
626 3763 735 3817 τῶν
789 3762 1091 3835 Σεκρέτων,
1139 3779 1479 3817 arcanorum.
1533 3763 1680 3819 Illius
1720 3763 1970 3819 meminit

2074 3765 2312 3832 λύπτραν
2325 3766 2511 3832 φορεῖν
2527 3762 2618 3815 ἐπὶ
2635 3761 2877 3832 κεφαλῆς
2898 3761 3313 3833 χρυσοκοκκίνῳ
3342 3759 3460 3831 [52]
3483 3778 3650 3813 κεκα-

374 3857 544 3910 Anna
590 3854 875 3910 Comnena
901 3855 996 3911 lib.
1032 3869 1097 3910 ιι.
1147 3853 1368 3910 Μοειιιε
1416 3854 1470 3909 in
1498 3855 1751 3910 manucle
1799 3856 1965 3910 Com-

2074 3858 2353 3927 λυμμὲνην
2373 3854 2654 3925 ὲνδύματι,
2669 3857 2792 3908 ὅσον
2805 3855 2866 3908 τὸ
2882 3854 2995 3908 ἅνω
3012 3855 3107 3906 καλ⁵
3126 3854 3263 3925 πρὸς
3291 3857 3357 3923 τῇ
3379 3852 3648 3924 πυραμίδι

373 3963 532 4002 neno
554 3947 649 4003 lib.
671 3963 782 4002 vn:
814 3948 901 4009 Ὠς
934 3948 970 4017 ἡ
998 3946 1243 4000 Λατίνων
1262 3945 1509 4017 βούλεται
1537 3946 1688 4016 φωνὴ
1712 3948 1966 4015 Καγγελ-
2066 3953 2168 4018 τῆς
2235 3945 2557 4016 ἐπιφανείας
2616 3944 2767 4015 χῦμα
2825 3947 2884 3998 ὲν
2936 3944 3111 4016 τούτῳ
3166 3944 3649 4015 παραλλάττουσαν

374 4037 594 4107 λάριον,
619 4036 696 4100 ὡς
720 4034 768 4089 δ’
800 4036 1059 4107 Ἕλληνες
1090 4035 1297 4090 εἷποιεν
1316 4035 1626 4107 λογοθέτην,
1655 4037 1717 4092 Ut
1740 4035 1965 4090 Lalino-
2072 4042 2219 4114 μόνῳ
2246 4040 2337 4094 τοῦ
2365 4038 2757 4110 παραπλησίαν
2815 4033 2957 4092 εἶναι
3014 4037 3269 4105 καθάπαξ
3315 4041 3383 4109 τῇ
3419 4036 3527 4090 τῶν
3550 4036 3646 4091 τοῦ

376 4145 501 4183 nm
553 4144 676 4181 uoce
720 4128 1033 4197 exprimitur
1090 4126 1459 4191 cancellarius,
1489 4136 1544 4180 ut
1594 4125 1764 4181 Graeci
1820 4127 1963 4181 dice-

2074 4134 2331 4205 βασιλέως
2357 4130 2619 4200 ἐγγόνων,
2669 4132 2753 4185 ὅτι
2804 4132 2880 4202 μὴ
2910 4132 3006 4185 καὶ
3028 4130 3128 4202 τὴν
3154 4130 3307 4184 κάτω
3337 4130 3430 4182 καὶ
3460 4129 3645 4198 κοίλην

372 4228 515 4285 rent,
544 4218 825 4289 logotheta.
852 4218 1092 4274 Joannes
1107 4217 1410 4273 Cinnamus
1440 4217 1686 4273 Historiae
1702 4219 1962 4274 Romana:

2074 4227 2390 4296 ἐπιφάνειαν
2436 4219 2551 4293 εἶχε
2584 4220 2905 4285 κυκλίσκοις
2961 4220 3395 4290 πεποικιλμένην
3457 4235 3648 4288 χρυσο-

368 4309 473 4364 lib.
497 4326 553 4364 IV
571 4307 692 4381 [51]
711 4309 778 4363 de
795 4308 1069 4365 Richardo
1100 4310 1255 4364 Antri
1280 4308 1506 4364 domino
1536 4310 1700 4365 verba
1719 4310 1925 4366 faciens
1945 4327 1959 4364 :

2074 4318 2280 4382 ειδέσιν,
2306 4313 2445 4368 ἀλλὰ
2472 4313 2621 4367 λείαν
2649 4311 2867 4375 τέλεως.
2898 4310 3095 4376 Quibus
3142 4311 3204 4364 de
3229 4311 3402 4364 causis
3422 4309 3644 4363 eximius

380 4403 477 4466 Ὠς
521 4403 583 4455 δὲ
622 4401 734 4454 τῶν
767 4402 949 4456 πυλῶν
998 4402 1460 4473 ἀλογιστήσαντες
1516 4402 1869 4466 Γιΰενάτζιόν
1900 4421 1960 4457 τε

2074 4413 2112 4466 ei
2145 4410 2243 4464 soli
2276 4426 2309 4462 a
2341 4408 2600 4462 veteribus
2629 4406 2719 4475 qui
2746 4406 2928 4458 cadent
2976 4419 3189 4457 munere
3216 4403 3381 4472 functi
3432 4403 3642 4473 fuerant

364 4494 507 4548 αὐτὸ
532 4492 796 4564 ὁμολογία
826 4492 1001 4564 ἔσχεν,
1047 4496 1139 4548 καὶ
1171 4494 1301 4565 περὶ⁹
1328 4496 1438 4548 τῶν
1470 4493 1674 4549 λοιπῶν
1706 4499 1959 4567 προσιόν-

2074 4503 2146 4555 hic
2173 4501 2336 4554 Itonos
2374 4508 2450 4553 est
2490 4498 2722 4562 habitus,
2752 4505 2808 4549 ut
2840 4494 3138 4563 calyptram
3168 4495 3221 4547 in
3257 4494 3428 4562 capite
3460 4508 3642 4562 panno

364 4602 465 4647 τες
494 4585 847 4650 ἐσκέπτοντο,
901 4584 1106 4656 κόμησί
1150 4602 1211 4638 τε
1263 4585 1462 4651 ἄλλοις,
1497 4586 1593 4640 καί
1628 4586 1692 4656 δὴ
1752 4587 1953 4659 καὶτῷ

2074 4609 2320 4662 ωιιτριιτα,
2372 4599 2421 4646 el
2472 4606 2605 4645 auro
2648 4590 2929 4642 intertexto
2964 4587 3350 4640 circumdatam
3393 4593 3640 4655 gestaret,

361 4675 676 4744 Γυλιέλμου
727 4673 1110 4745 καντζηλαρίῳ
1161 4674 1526 4744 συγγεγονὼς,
1574 4675 1634 4729 ὃν
1666 4675 1957 4748 λογοθέτην

2074 4694 2323 4755 quatenus
2365 4699 2576 4737 sursum
2606 4681 2791 4751 vergit,
2815 4687 2864 4732 et
2895 4678 2963 4731 ad
2994 4679 3324 4746 pyramidem
3348 4675 3643 4746 superﬁciei

360 4767 516 4822 εἴποι
549 4766 616 4821 ἄν
645 4783 728 4830 τις
769 4764 1062 4837 ἑλληνίζων
1084 4765 1246 4837 ἀνὴρ,
1294 4765 1386 4819 ἐπὶ
1413 4767 1615 4837 Τράνιν
1643 4769 1741 4822 σὺν
1771 4768 1957 4834 αὐτοῖς

2074 4777 2341 4839 funditur;
2384 4776 2440 4828 in
2486 4775 2581 4828 hoc
2607 4790 2711 4827 uno
2740 4773 2805 4827 ab
2851 4771 3235 4838 imperatorum
3276 4769 3457 4822 liberis
3495 4768 3643 4836 (ti/Ie-

359 4855 558 4930 ἦλθεν,
585 4857 663 4920 ὡς
685 4857 935 4910 αὐτοϐοεὶ
962 4858 1062 4928 τὴν
1084 4858 1241 4911 πόλιν
1294 4859 1766 4931 ἀναρπασόμενος.
1827 4859 1958 4916 Cum

2074 4879 2284 4931 rentem,
2322 4868 2460 4938 quod
2493 4882 2597 4920 non
2643 4868 2801 4920 etiam
2827 4869 3127 4939 inferiorem
3167 4872 3215 4917 ct
3249 4877 3429 4914 cavam
3458 4874 3643 4927 supcr-

362 4970 492 5007 σεῖο
519 4959 688 5018 Ροηω
708 4951 851 5004 "bis
878 4967 1069 5020 Ρανωη
1089 4962 1243 5006 caule
1271 4952 1682 5014 σαειοάίνειιιιιν.
1715 4951 1955 5008 Ιιιυεηα-
2060 4961 2229 5029 ﬁciem
2264 4959 2487 5013 habebat
2530 4958 2745 5013 circulis
2794 4948 3007 5013 auratis
3045 4956 3335 5019 variatam,
3364 4952 3453 5006 sed
3483 4966 3639 5020 pror-

363 5045 507 5098 tium
558 5043 730 5112 ipsum
763 5042 818 5095 in
847 5042 1081 5111 ejusdem
1136 5043 1295 5112 ﬁdem
1316 5061 1372 5099 se
1397 5044 1618 5100 dedidit.
1681 5042 1816 5098 "inc
1860 5061 1956 5115 pro

2074 5069 2149 5106 ius
2173 5026 2354 5106 levem.
2371 5049 2538 5106 Porro
2574 5049 3110 5122 logotltctmolﬁcium
3126 5047 3387 5103 discimus
3406 5060 3471 5099 ex
3487 5042 3641 5098 Codi-

362 5135 693 5204 occupandis
740 5136 946 5188 caeteris
974 5150 1091 5188 cum
1131 5136 1407 5190 comitibus
1437 5135 1582 5200 aliis,
1609 5152 1810 5191 necnon
1835 5137 1950 5193 Gu-

2074 5160 2152 5204 ῑιο.
2180 5142 2240 5197 '0
2255 5144 2427 5214 μέγας
2439 5143 2727 5213 λογοθέτης
2738 5143 3010 5197 διατάττει
3025 5140 3091 5194 τά
3105 5140 3254 5210 παρὰ
3269 5138 3361 5191 τοῦ
3376 5133 3641 5206 βασιλέως

363 5226 539 5281 lielnti
581 5224 924 5289 cancellario,
972 5241 1125 5295 quem
1156 5225 1469 5296 logotltetam
1501 5227 1683 5282 Grteca
1710 5228 1826 5297 quis
1849 5228 1954 5283 lin-

2074 5234 2500 5305 ὶποστελλόμενα
2536 5236 2935 5307 προστάγματα
2971 5235 3062 5289 καὶ
3090 5226 3474 5300 Χρυσόσουλλα
3500 5226 3636 5295 πρός

364 5337 478 5389 gaa
514 5318 848 5386 expresserit,
905 5317 1186 5372 concilium
1214 5319 1403 5384 inibat,
1441 5328 1489 5373 et
1518 5320 1736 5374 Tranim
1791 5337 1953 5392 usque

2074 5343 2117 5379 τε
2144 5327 2340 5398 ῥῆγας,
2374 5327 2722 5392 σουλτάνους,
2755 5329 2850 5381 καὶ
2887 5324 3189 5394 τοπάρχας,
3222 5320 3315 5374 καὶ
3345 5316 3505 5370 τοῦτο
3536 5316 3636 5387 μὲν

359 5428 489 5466 cum
552 5409 659 5464 illis
678 5409 949 5480 processit,
982 5411 1134 5480 quasi
1186 5412 1360 5480 primo
1389 5412 1588 5481 impetu
1650 5417 1831 5467 urbem
1859 5414 1939 5467 di-

2074 5418 2189 5471 ’διον
2235 5417 2332 5471 τοῦ
2381 5418 2619 5489 μεγάλου
2675 5416 2958 5484 λογοθέτου
3000 5414 3348 5484 ὑπηρέτημα.
3413 5409 3635 5479 Magnus

360 5512 615 5573 τεριαηιε
644 5503 846 5573 fuisset.
2057 5505 2319 5577 logotlteta
2377 5506 2607 5575 disponit
2639 5505 2799 5559 missa
2839 5505 3116 5570 mandata,
3158 5509 3206 5555 et
3254 5498 3637 5570 chrysobullas,

435 5598 584 5651 Ante
614 5597 716 5651 hoc
738 5609 933 5650 omnes
959 5600 1078 5648 erat
1098 5592 1325 5666 Magnus
1362 5595 1642 5666 logothela
1667 5613 1681 5651 :
1715 5610 1781 5652 eo
1802 5598 1948 5652 enim
2053 5614 2142 5651 seu
2165 5614 2357 5651 aureas
2388 5597 2611 5659 litteras,
2645 5595 2716 5649 ad
2743 5613 2905 5667 reges,
2952 5599 3211 5657 sultanos,
3253 5591 3552 5659 toparcltas,
3586 5599 3633 5641 ut

357 5705 491 5743 cum
525 5687 782 5758 pessimis
834 5683 1085 5739 moribus
1134 5700 1425 5756 congressa
1483 5695 1568 5739 cst
1597 5686 1856 5743 adulandi
1886 5689 1951 5743 li—
2053 5695 2148 5746 hoc
2178 5708 2366 5747 munus
2393 5694 2666 5764 proprium
2693 5702 2767 5748 est
2809 5692 2989 5763 magni
3022 5690 3313 5761 logotltetw.
3351 5687 3421 5743 Ut
3451 5687 3633 5741 vidca-

356 5778 515 5844 hido,
542 5786 598 5833 ut
629 5778 684 5833 ni
718 5791 980 5847 magnum
1007 5783 1063 5829 et
1112 5775 1376 5830 eximium
1427 5777 1481 5829 in
1518 5776 1711 5831 olliciis
1746 5780 1945 5836 adsua-
2055 5794 2163 5850 tur,
2222 5786 2681 5854 quemadmodum
2740 5787 2904 5841 etiam
2969 5782 3246 5837 adnotavit
3296 5778 3583 5834 Grctserus
3611 5813 3627 5839 ,

361 5880 474 5940 tur,
502 5870 677 5929 ollicia
734 5868 857 5942 ipsa
907 5866 1191 5936 sordeam,
1222 5876 1277 5922 et
1310 5867 1363 5921 ni
1412 5868 1463 5922 in
1515 5868 1776 5938 dignitate
1834 5873 1946 5944 ipsa
2051 5874 2415 5933 Cancellarios
2451 5877 2596 5947 apud
2626 5876 2847 5932 Latinos
2895 5875 2961 5930 ad
2994 5871 3255 5928 amussim
3292 5868 3621 5941 exprimere.
