4134 6432
491 393 564 457 27
1532 403 1536 415 '
1795 399 2074 459 LEONIS
2114 400 2418 460 ALLATII
3685 406 3758 470 98

496 505 638 562 Hinc
677 522 785 562 non
844 507 982 562 male
1023 522 1051 562 a
1088 507 1274 562 Niccta
1321 516 1376 562 et
1407 509 1686 562 (liunatuo
1725 512 2070 575 observatur,
2105 517 2149 571 Α
2180 511 2334 582 isque
2375 513 2639 576 Trivialis,
2689 527 2812 567 esse
2861 512 3056 582 potuit,
3083 512 3334 584 judicent
3381 515 3492 579 alii,
3544 518 3638 574 sed
3665 519 3759 589 qui

495 598 855 654 cancellarios
881 599 988 654 dici
1026 599 1332 669 Iogotbetas
1367 617 1395 654 a
1425 600 1649 656 Griecis.
1699 603 1776 658 De
1805 604 2074 658 cancula-

2179 607 2518 677 perspiciunt
2542 623 2637 662 cor
2667 607 2988 677 sapientiae;
3018 623 3143 661 nam
3181 606 3377 662 furiata
3414 620 3598 665 mente
3628 627 3760 666 cou-

498 689 582 744 rio
643 691 811 744 multa
847 691 1201 747 Casaubonus
1255 694 1310 746 in
1369 695 1614 748 Flavium
1669 695 1984 766 Vopiscum,
2021 706 2076 751 et
2178 699 2294 760 citi,
2334 699 2520 753 omnia
2555 699 2960 754 inconsiderate
2979 699 3271 753 blaterant.

497 781 670 837 multo
701 783 856 852 plura
901 782 1221 840 Salmasius.
1277 785 1634 854 Logotbetam
1669 791 2077 859 prastereajus-

2252 793 2563 862 thuanam
2583 792 2794 846 ratione
2811 790 3038 844 trivialis
3053 789 3448 862 Ludimagister
3467 791 3631 848 fuerit
3648 793 3759 859 ille,

493 872 790 944 iurandum
846 891 876 930 a
905 891 1049 932 novo
1098 877 1427 946 imperatore
1465 881 1714 950 accipere
1769 881 1826 935 in
1878 884 2080 952 templo
2165 883 2338 952 I-ujus
2363 883 2658 938 auctoritas
2680 892 2732 938 el
2763 881 3053 936 celebritas
3073 889 3220 937 tanta
3241 881 3343 937 luit
3365 891 3424 938 ut
3443 884 3688 954 quotidie
3708 885 3762 938 in

496 966 948 1033 Blacheruarum,
981 985 1046 1023 ex
1111 969 1299 1024 Niccta
1358 972 1413 1024 in
1467 971 1715 1036 Manuele
1771 975 2080 1029 Commeno

499 1061 593 1116 lib.
628 1062 682 1126 5,
713 1063 1013 1132 eademque
1049 1063 1311 1134 dignitate
1357 1065 1543 1135 plures
1583 1067 1774 1121 eodem
1833 1076 2080 1134 tempore

499 1153 668 1208 fuisse
723 1165 1039 1220 exornatos,
1095 1171 1158 1212 ex
1201 1156 1585 1213 Cantacuzeno
1614 1159 1708 1213 lib.
1753 1177 1791 1228 ι,
1829 1176 1950 1231 cap.
1989 1161 2078 1226 14,

499 1245 811 1300 observavit
880 1247 1168 1302 Meursius.
1234 1249 1302 1303 Et
1385 1265 1482 1304 nos
1554 1266 1772 1320 quoque
1829 1253 2079 1308 animad-

499 1336 766 1392 vertimus
797 1353 828 1392 a
882 1339 1154 1394 minorum
1187 1341 1588 1411 logothelarum
1629 1343 1806 1397 ofﬁcio
1858 1344 1924 1398 ad
1960 1359 2078 1398 ma-

497 1427 636 1497 joris
677 1414 1072 1500 nonnunquam
1118 1433 1344 1502 gradum
1395 1431 1580 1498 fuisse,
1609 1436 1756 1502 quod
1786 1433 1854 1488 de
1903 1433 2084 1490 Theo-

501 1519 638 1574 doro
669 1520 960 1577 Metechita
1009 1532 1196 1578 narrat
1223 1523 1467 1579 Codinus
1505 1543 1517 1580 :
1548 1526 1652 1580 Τὸν
1685 1523 1778 1580 οὖν
1805 1528 2082 1600 Θεόδωρον

507 1611 598 1664 τὸν
634 1614 942 1684 Μετοχίτην
971 1613 1263 1685 λογοθέτην
1287 1616 1420 1670 ὄντα
1446 1616 1540 1670 τοῦ
1588 1618 1806 1686 γενικοῦ
1852 1621 1882 1673 ὁ
1927 1618 2084 1690 βασι-

499 1703 624 1768 λεὺς
663 1705 996 1776 Ἀνδρόνικος
1021 1707 1132 1761 τῶν
1150 1708 1531 1778 Παλαιολόγων
1551 1712 1580 1764 ὁ
1602 1710 1816 1782 πρῶτος
1843 1713 2084 1781 τιμήσας

501 1797 675 1866 μέγαν
703 1797 994 1870 λογοθέτην
1025 1800 1348 1872 πεποίηκεν,
1385 1800 1444 1863 ὃς
1466 1803 1560 1854 καὶ
1590 1797 1657 1870 ἦν
1685 1802 1968 1874 ὑπερέχων
1988 1801 2083 1856 τοῦ

2181 975 2453 1039 ecclesiis,
2503 975 2720 1045 publice
2749 974 2950 1043 scripta
2995 975 3141 1030 illius
3175 976 3486 1044 legerentur
3536 977 3601 1032 ad
3628 994 3763 1034 con-

2183 1067 2444 1122 ﬁrmanda
2497 1067 2770 1138 dogmata.
2805 1081 3098 1136 rerumque
3150 1065 3348 1122 seriem
3381 1068 3760 1122 stabiliendam

2185 1160 2240 1214 in
2280 1159 2527 1214 Concilio
2569 1175 2601 1213 a
2638 1158 2890 1213 Patribus
2946 1159 3323 1226 laudarentur,
3367 1161 3764 1230 sententiaeque

2184 1267 2294 1306 sua:
2316 1250 2560 1306 veritatis
2576 1251 2791 1321 pondus
2808 1251 3050 1306 additum
3075 1251 3475 1312 existimarent.
3499 1252 3542 1306 si
3572 1253 3762 1306 eadem

2183 1358 2305 1412 quae
2321 1352 2377 1397 et
2397 1341 2522 1410 ipsi,
2541 1342 2691 1394 illum
2714 1341 3015 1396 asseruisse
3030 1341 3501 1396 demonstrassent
3517 1341 3539 1394 ?
3554 1340 3765 1396 Paucos

2184 1450 2248 1488 ex
2275 1433 2693 1504 quamplurimis
2747 1433 3005 1497 referam,
3055 1442 3106 1488 et
3171 1443 3231 1488 ut
3272 1444 3594 1504 praeteream
3643 1451 3764 1504 qum

2185 1524 2395 1580 Pscllus
2449 1523 2517 1579 de
2579 1539 2645 1579 eo
2706 1523 2880 1579 elIuse
2939 1524 3290 1594 prosequitur
3337 1523 3394 1578 in
3461 1524 3603 1578 illius
3651 1525 3762 1578 En-

2185 1617 2385 1680 comio,
2430 1616 2657 1670 alferam
2705 1616 2969 1672 nonnulla
3003 1631 3069 1672 ex
3109 1615 3302 1670 eodem
3357 1615 3411 1669 in
3465 1615 3763 1684 Tropariis.

2187 1706 2288 1762 Σοῦ
2341 1710 2454 1772 τοῖς
2501 1706 2669 1770 Θείοις
2727 1707 2933 1778 χείλεσι
2983 1707 3142 1778 χάρις
3165 1707 3334 1776 πολλὴ
3365 1707 3617 1778 ἐξεχύθη,
3676 1709 3769 1760 καὶ

2188 1800 2377 1869 σοφίας
2409 1799 2652 1870 ἔμψυχον
2681 1799 2781 1870 τῆς
2835 1799 3095 1853 ἀκτίστου
3145 1800 3378 1868 γέγονας
3430 1801 3768 1871 οἰκητήριον,

501 1888 742 1958 μεγάλου
773 1891 1269 1962 στρατοπεδάρχου,
1289 1892 1396 1946 ὑπὸ
1414 1892 1505 1946 τὸν
1540 1895 1986 1965 προτοστράτορα
2001 1895 2080 1950 δέ.
2117 1875 2155 1928 Β
2185 1891 2263 1956 ὡς
2287 1891 2460 1964 πυρὸς
2484 1889 2706 1964 γλώσσῃ
2738 1890 3154 1961 διαστομωθεὶς,
3185 1891 3325 1955 ὄσιε,
3364 1892 3422 1946 tv
3447 1894 3560 1954 τοῖς
3591 1892 3770 1959 λόγοις

500 1979 824 2036 Theodorum
853 1984 1036 2054 itaque
1062 1982 1407 2040 Metochitam
1427 1987 1609 2041 aerarii
1633 1987 1828 2055 publici
1855 1987 2085 2059 logothe-

501 2083 614 2128 tam
643 2091 761 2128 cum
809 2077 1097 2145 imperator
1129 2077 1458 2132 Andronicus
1507 2094 1572 2132 ex
1620 2079 1936 2150 Palwologis
1991 2081 2085 2134 hoc

502 2168 710 2223 nomine
742 2169 944 2238 primus
990 2170 1248 2224 honorare
1309 2171 1681 2238 constituisset,
1717 2189 1974 2244 magnum
2004 2172 2085 2226 lo-

501 2259 766 2330 gothetam
799 2262 940 2332 fecit,
971 2263 1062 2333 qui
1106 2272 1154 2316 et
1179 2265 1380 2332 priores
1428 2279 1620 2334 magno
1648 2266 2084 2334 stratopedarcha

416 2353 424 2362 ‘
501 2349 730 2417 tenebat,
779 2353 871 2406 sed
915 2370 1017 2408 non
1049 2364 1450 2421 protostratore.
1483 2354 1620 2412 Vide
1653 2353 1950 2427 Gregoram
1989 2357 2084 2412 lli-

503 2450 640 2499 stor.
671 2443 763 2499 lib.
789 2460 909 2509 vm,
937 2461 1060 2516 cap.
1089 2447 1176 2502 l9.

577 2535 687 2590 Sed
727 2551 872 2599 cum,
917 2549 977 2592 ut
1022 2539 1132 2608 jam
1188 2540 1444 2606 vidimus,
1483 2541 1777 2613 logotbetaa
1833 2543 1967 2598 varii
2023 2560 2088 2601 ac

505 2625 705 2682 diversi
745 2628 968 2695 fuerint,
1033 2631 1258 2686 dubium
1298 2647 1421 2688 esse
1479 2633 1700 2702 poterit,
1759 2632 2086 2705 Symeonem

505 2719 654 2774 hunc
681 2729 930 2776 nostrum
960 2721 1292 2794 logotbetam
1323 2724 1390 2779 ad
1425 2741 1722 2794 quemnam
1761 2742 1829 2781 ex
1868 2725 1977 2781 illis
2001 2742 2090 2783 re-

506 2809 651 2867 ferre
680 2812 999 2870 debeamus.
1032 2815 1150 2871 Non
1183 2815 1376 2871 dubito
1407 2817 1683 2874 hominem
1723 2817 2090 2886 prudentissi-

509 2920 657 2959 mum
697 2921 798 2976 pro
825 2907 1240 2977 opportunitate
1283 2923 1468 2962 rerum
1500 2907 1553 2962 in
1580 2919 1774 2964 senatu
1820 2908 2090 2965 Constan-

510 2995 872 3067 tinopolitano
905 2999 1152 3054 diversas
1185 2999 1500 3056 functiones
1519 3001 1771 3066 subiisse,
1803 3009 1857 3056 et
1883 3001 2090 3070 Optime

509 3088 886 3144 administrata
913 3091 1198 3160 provincia
1231 3105 1260 3145 a
1305 3091 1613 3148 minoribus
1640 3095 1708 3148 ad
1741 3093 1944 3162 majora
1976 3092 2090 3147 olli-

511 3179 596 3235 cia
627 3180 835 3235 aditum
858 3183 963 3236 sibi
987 3183 1300 3253 aperuisse;
1327 3186 1472 3254 quod
1499 3185 1664 3240 tradit
1685 3186 1851 3240 etiam
1881 3185 2092 3243 Psellus
2119 3222 2160 3278 ρ

510 3270 564 3324 in
595 3272 841 3342 ejusdem
872 3277 1145 3330 encomio.
1187 3276 1324 3332 llinc
1361 3277 1615 3332 existimo
1645 3293 1769 3333 eum
1804 3286 2090 3351 tantopere

509 3363 808 3434 scriptione
847 3367 1029 3422 valere
1058 3383 1087 3422 a
1138 3369 1417 3440 logotbeta
1450 3385 1665 3437 cursus,
1693 3373 1837 3442 quod
1867 3374 1922 3427 in
1963 3389 2089 3428 ora-

512 3456 753 3512 tionilms
773 3459 842 3515 ab
868 3461 988 3530 ipso
1012 3477 1077 3516 ex
1109 3463 1367 3533 operibus
1396 3465 1506 3520 divi
1533 3465 1715 3521 Basilii
1745 3467 2088 3524 concinnatis

511 3549 787 3617 praefixum
803 3552 928 3624 legi,
955 3556 1022 3608 ad
1048 3556 1226 3627 magni
1258 3557 1546 3628 logolhelte
1575 3559 1892 3630 dignitatem
1907 3576 2090 3616 ascen-

509 3641 672 3698 disse.
708 3643 889 3711 Adde,
938 3654 999 3701 ut
1039 3649 1334 3718 plurimum
1370 3650 1660 3723 logotheta:
1712 3651 1830 3723 [33I
1885 3669 2086 3708 nomen

511 3734 633 3793 sine
661 3735 766 3790 alia
799 3737 1076 3794 additionc
1113 3739 1406 3810 prolatum,
1447 3756 1703 3814 maguum
1733 3743 1892 3798 nobis
1937 3744 2088 3816 logo-

508 3825 715 3882 tbetam
756 3828 1020 3886 indicare.
1063 3831 1142 3887 Ne
1194 3831 1248 3886 in
1307 3835 1574 3906 exemplis
1600 3835 1969 3906 producendis
2003 3836 2088 3890 ni-

509 3917 650 3974 mius
679 3919 802 3988 sim,
851 3923 1084 3994 legimus
1125 3925 1326 3996 passim
1366 3926 1582 3998 Georgii
1622 3929 1951 3999 Acropolitae
2005 3930 2088 3985 10-

507 4014 742 4082 gotbetze
801 4014 1122 4072 cbronicum
1165 4035 1179 4072 :
1233 4017 1288 4072 in
1332 4033 1399 4073 eo
1453 4018 1584 4074 licet
1630 4020 1811 4075 Dousa
1861 4021 2084 4088 haereat,

509 4102 723 4174 sibique
760 4103 908 4161 haud
939 4107 1075 4164 satis
1109 4121 1452 4180 compertum
1499 4127 1622 4168 esse
1673 4111 1934 4177 fateatur,
1978 4129 2088 4185 quo

509 4211 737 4253 munere
765 4214 829 4254 ex
877 4199 995 4257 istis
1023 4204 1300 4271 omnibus,
1337 4221 1460 4276 quae
1497 4223 1661 4277 supra
1688 4222 2087 4264 commemora-

507 4285 706 4354 vimus,
745 4288 1047 4362 logothetes
1093 4293 1358 4368 Georgius
1408 4295 1630 4354 functus
1673 4300 1765 4366 sit,
1800 4302 1981 4372 magni
2012 4309 2091 4357 ta-

509 4393 635 4435 men
661 4381 953 4454 logothetae
982 4388 1233 4442 functum
1287 4403 1354 4444 ex
1391 4390 1559 4446 altera
1598 4391 1964 4460 eiusdemmet
1993 4393 2088 4448 Hi-

508 4472 692 4529 storia:
739 4475 1017 4533 additionc
1068 4479 1336 4537 hactenus
1361 4481 1588 4548 inedita,
1621 4491 1834 4538 certum
1866 4493 1971 4551 est;
2009 4485 2087 4540 illi

2189 1981 2584 2053 ὑπερηύγασας
2612 1996 2627 2012 ⁸
2661 1981 2772 2036 τῶν
2829 1981 3150 2036 ἀποστόλων
3183 1997 3247 2035 τε
3277 1982 3372 2036 καὶ
3401 1982 3510 2036 τῶν
3537 1983 3770 2052 ἀθλοφό-

2189 2091 2301 2146 ρων
2329 2075 2398 2128 τὰ
2429 2074 2756 2144 σκάμματα.
2789 2075 2886 2130 καὶ
2919 2075 3034 2145 βίον
3076 2074 3169 2129 τὸν
3203 2075 3489 2144 ίσάγγελον
3513 2077 3771 2142 ἀσκητῶν

2189 2165 2422 2221 ἑκάστου
2449 2164 2773 2236 διέγραψας,
2803 2165 2898 2221 καὶ
2943 2165 3039 2220 νῦν
3093 2169 3434 2240 συνοικήτωρ
3482 2169 3771 2239 γενόμενος

2187 2261 2300 2322 τοῖς
2329 2259 2388 2311 tv
2411 2258 2647 2329 οὐρανῷ,
2685 2257 2914 2330 Τριάδος
2957 2260 3074 2328 φῶς
3123 2258 3184 2314 τὸ
3221 2259 3522 2330 ἀνέσπερον
3553 2260 3772 2331 βλέπεις

2190 2349 2580 2422 ἀγαλλόμενος.
2612 2350 2698 2413 Ει,
2735 2351 3083 2422 Ὀρθοδοξίας
3133 2352 3318 2422 ὀδηγὲ,
3351 2352 3638 2418 εὐσεϐείας
3692 2355 3775 2409 δι-

2189 2442 2428 2497 δάσκαλε
2469 2443 2563 2496 καὶ
2619 2443 2973 2514 σεμνότητος,
3023 2442 3125 2514 τῆς
3165 2443 3494 2515 οἰκουμένης
3524 2445 3775 2516 φωστὴρ,

2189 2537 2299 2591 τῶν
2325 2537 2686 2606 λογογράφων
2741 2537 3099 2594 θεόπνευστον
3145 2539 3595 2612 ὲγκαλλώπισμα,
3632 2543 3778 2614 λύρα

2191 2629 2280 2684 τοῦ
2312 2629 2654 2697 Πνεύματος,
2683 2632 2804 2695 ταῖς
2835 2630 3076 2702 διδαχαῖς
3121 2648 3217 2684 σου
3269 2633 3480 2694 πάντας
3506 2633 3779 2703 φωτίσας,

2192 2719 2417 2792 Συμεὼν
2448 2721 2632 2793 Πάτερ
2692 2721 2870 2793 ήμῶν,
2929 2723 3199 2793 πρέσϐευε
3256 2725 3478 2796 Χριστῷ
3527 2727 3602 2798 τῷ
3656 2728 3782 2800 Θεῷ

2192 2813 2435 2885 σωθῆναι
2489 2813 2587 2877 τὰς
2633 2813 2812 2886 ψυχὰς
2868 2815 3044 2885 ἡμῶν.
3083 2817 3169 2882 Et,
3224 2817 3362 2880 Not;
3414 2817 3634 2892 ὀξύτητι
3681 2822 3783 2876 καὶ

2193 2904 2550 2976 καθαρότητι,
2577 2905 2671 2958 καὶ
2703 2905 3051 2976 λαμπρότητι
3085 2905 3202 2976 βίον
3244 2907 3303 2960 τὸ
3348 2910 3533 2980 νοερόν
3564 2927 3624 2962 σε
3658 2911 3784 2979 (piis;

2194 2997 2530 3070 καθωράῖσε,
2576 2997 2671 3050 καὶ
2716 2998 2837 3060 ταῖς
2881 2997 2994 3050 τῶν
3037 2997 3212 3066 λόγων
3251 2999 3557 3065 καλλοναῖς,
3593 3004 3621 3055 ὀ
3641 3001 3785 3067 Θεός

2196 3105 2256 3142 σε
2285 3088 2642 3159 ἐχαρίτωσεν.
2701 3087 2788 3153 Et,
2836 3087 3170 3160 Μελῳδικῶς
3220 3091 3402 3145 πιστοί
3434 3091 3789 3158 συνελθόντες

2195 3181 2609 3252 εὐφημήσωμεν
2668 3180 2870 3244 πάντες
2925 3181 3170 3247 ὲπαξίοις
3219 3183 3386 3254 ᾠδαῖς
3449 3183 3542 3238 τὸν
3605 3185 3786 3256 μέγαν

2197 3272 2334 3326 Θεοῦ
2397 3271 2707 3345 θεράποντα
2767 3268 3056 3344 Συμεῶνα,
3113 3274 3207 3328 τὸν
3257 3273 3412 3344 ἅγιον
3461 3276 3788 3349 λογοθέτην,

2143 3431 2153 3439 ἢ
2195 3365 2256 3420 δν
2283 3367 2314 3438 ή
2342 3365 2579 3436 Χριστοῦ
2624 3363 2926 3436 Ἐκκλησία
2965 3367 3230 3438 φωστῆρα
3282 3367 3661 3438 πεπλούτηκεν
3687 3371 3792 3425 ἐπὶ

2199 3460 2302 3529 γῆς
2354 3459 2467 3522 τοῖς
2525 3456 2871 3522 διδασκάλοις
2914 3457 3197 3529 Πατράσιν
3246 3459 3620 3531 ὲκλάμψαντα,
3685 3462 3790 3516 σὺν

2197 3553 2407 3616 τούτοις
2432 3551 2542 3622 γὰρ
2591 3549 2810 3620 ψάλλων
2865 3551 3158 3615 ἀπαύστως
3205 3553 3448 3624 Χριστῷ,
3505 3557 3682 3624 φωτός
3722 3573 3789 3609 τε

2197 3642 2370 3696 ἀϊδίου
2404 3641 2781 3713 πληρούμενος
2818 3642 3103 3712 συγχαίρει
3135 3643 3454 3714 πρεσϐεύων
3479 3644 3617 3716 ὑπὲρ
3643 3646 3790 3700 πάν-

2196 3752 2305 3788 των
2327 3733 2506 3805 ἡμῶν.
2551 3735 2642 3800 Ει,
2675 3734 2947 3804 Εὑγενοῦς
2978 3734 3387 3808 ἀνεϐλάστησας
3435 3737 3590 3808 ῥίζης
3631 3737 3792 3808 ῥόδον

2195 3827 2601 3900 κατάῤῥυθρον,
2632 3827 2978 3899 βεϐαμμένον
3024 3828 3213 3898 χάρισι
3237 3831 3360 3892 ταῖς
3385 3828 3478 3884 τοῦ
3527 3829 3792 3900 Πνεύμα-

2196 3934 2310 3984 τος,
2343 3917 2440 3971 καὶ
2469 3917 2596 3981 τοὺς
2627 3917 2852 3982 πιστοὺς
2886 3917 3214 3982 ὲνωδίασας,
3247 3918 3446 3988 ὀσμαῖς
3487 3934 3791 3988 συγγραμ-

2200 4011 2385 4080 μάτων
2417 4026 2511 4063 σου
2539 4009 2876 4076 ἀποστόλων,
2903 4010 3156 4082 ἀθλητῶν
3177 4011 3271 4064 καὶ
3298 4008 3462 4065 ὁσίων
3498 4011 3566 4064 τὰ
3598 4011 3750 4081 σκάμ
3777 4040 3792 4051 -

2199 4125 2344 4180 ματα
2381 4107 2802 4179 συνταξάμενος,
2836 4101 2912 4162 ὧν
2945 4107 3040 4161 καὶ
3092 4106 3375 4176 σύστοιχος
3424 4105 3612 4175 ὤφθης
3660 4105 3792 4158 θεο-

2197 4200 2418 4272 φάντωρ
2450 4199 2698 4272 Συμεὼν,
2743 4201 2954 4274 τρυφῆς
2987 4201 3044 4253 tv
3080 4199 3210 4270 χλόῃ
3246 4203 3311 4267 τῇ
3363 4199 3420 4250 tv
3449 4197 3625 4269 δρόσῳ
3665 4196 3792 4270 [54]

2198 4292 2588 4364 σκηνούρ..νος.
2606 4292 3006 4348 Extuisdioinis
3021 4291 3179 4346 labiis
3222 4292 3402 4362 gratia
3423 4291 3590 4345 multa
3621 4292 3792 4360 eﬂusa

2196 4395 2290 4453 est,
2305 4397 2351 4442 et
2369 4387 2647 4458 sapienth
2666 4388 2961 4441 animatum
2975 4386 3227 4441 increatce
3244 4386 3418 4456 {actus
3445 4401 3499 4438 es
3513 4385 3794 4438 habitacuo

2197 4478 2498 4544 lum,veluti
2519 4480 2654 4550 ignis
2675 4479 2856 4552 lingua
2881 4479 3146 4544 diductus,
3175 4478 3506 4548 confessorin
3523 4476 3792 4530 sermoni-

505 4578 742 4636 namquc
772 4569 1068 4642 praeﬁgitur
1099 4589 1112 4625 :
1166 4573 1232 4626 Ἢ
1259 4573 1507 4642 παροῦσα
1532 4576 1759 4647 χρονικὴ
1789 4577 2078 4649 συγγραφή

2195 4571 2288 4625 bus
2297 4587 2456 4640 super
2471 4572 2777 4642 abundeque
2791 4569 3559 4641 resplenduisti,apostolorum
3573 4577 3622 4623 et
3637 4585 3722 4622 ma
3731 4585 3789 4621 r-

503 4653 600 4710 τοῦ
635 4661 872 4729 μεγάλου
899 4661 1183 4733 λογοθέτου
1229 4667 1322 4721 τοῦ
1366 4669 1749 4739 ’Δκροπολίτου
1807 4671 1977 4738 ἐστὶν,
2027 4671 2086 4738 ὃς

503 4745 688 4802 ἔκτισε
740 4752 802 4806 τὸ
855 4757 1216 4828 μοναστήριον
1275 4760 1375 4830 τῆς
1448 4761 1638 4830 Ἀγίας
1693 4761 1788 4816 τοῦ
1848 4763 2086 4834 Χριστοῦ

519 4841 890 4910 Ἀναστάσεως
938 4865 953 4878 ο
1005 4851 1247 4921 περιέχει
1305 4837 1363 4906 δὲ
1408 4853 1476 4907 τά
1533 4853 1676 4918 μετὰ
1728 4855 1828 4925 τὴν
1862 4853 2085 4909 ἅλωσιν.

504 4930 743 4989 Praesens
763 4937 1006 4992 chronica
1037 4943 1342 5011 compositio
1387 4946 1568 5016 magni
1598 4945 1874 5018 logothetcr
1917 4937 2084 5002 Acro-

499 5025 680 5094 polita:
705 5039 800 5096 est,
837 5033 928 5101 qui
957 5034 1236 5104 aediﬁcavit
1265 5040 1639 5093 monasterium
1665 5037 1874 5094 Sancta:
1895 5039 2090 5096 Christi

502 5118 917 5180 Rcsurrectionis
941 5142 960 5180 :
1004 5129 1233 5182 continet
1253 5145 1371 5183 vero
1393 5146 1511 5201 quae
1544 5140 1662 5201 post
1711 5144 1942 5200 captam,
1975 5142 2084 5187 etc.

503 5213 720 5272 Ethazc
775 5217 996 5288 quidem
1047 5219 1458 5286 adnotaveram,
1493 5233 1784 5293 antequam
1842 5223 2090 5278 luculen-

503 5305 712 5364 tissima
759 5319 815 5364 et
844 5311 1162 5368 doctissima
1217 5312 1407 5370 Jacobi
1461 5313 1645 5370 Goarii
1698 5315 1755 5370 in
1791 5314 2086 5387 Georgium

504 5395 774 5454 Codinum
827 5402 895 5457 de
927 5402 1118 5459 oﬂiciis
1169 5405 1357 5462 Palatii
1397 5405 1804 5463 Commentaria
1851 5408 2088 5478 prodiis-

505 5500 647 5544 sent.
675 5492 833 5548 Nunc
860 5503 1040 5550 autem
1084 5505 1371 5568 postquam
1418 5499 1506 5554 illa
1535 5500 1679 5556 edita
1725 5508 1872 5566 sunt,
1915 5500 2089 5570 petito

505 5581 576 5647 ab
607 5582 673 5636 iis
707 5583 972 5654 quidquid
1011 5598 1095 5642 est
1142 5588 1194 5642 iu
1244 5587 1567 5659 antiquitate
1601 5592 1670 5647 de
1728 5592 1832 5646 hoc
1867 5593 2089 5662 negotio

506 5673 870 5729 reconditum.
923 5675 1133 5732 Habent
1165 5678 1278 5744 illa,
1313 5681 1459 5749 quod
1487 5679 1634 5736 sitim
1663 5681 1817 5736 sedet
1867 5689 1921 5736 et
1950 5681 2088 5736 desi-

506 5764 715 5820 derimn
761 5769 996 5838 expleat.
1057 5771 1160 5826 Tot
1218 5773 1378 5842 igitur
1430 5776 1705 5846 tantisque
1736 5775 2090 5844 dignitatibus

507 5868 699 5914 auctus
748 5858 980 5932 Syrucon
1047 5875 1263 5930 noster,
1331 5867 1604 5937 quomodo
1661 5867 2086 5937 Ludimngister,

2191 4672 2365 4734 tgrum
2397 4664 2714 4729 certamina,
2768 4672 2818 4718 et
2860 4664 3022 4718 vitam
3084 4680 3189 4718 non
3221 4661 3532 4718 dissimilem
3585 4661 3786 4731 angelis

2189 4766 2491 4810 ascetarum
2541 4756 2952 4828 uniuscujusque
3008 4754 3354 4824 descripsisti,
3412 4761 3460 4806 et
3497 4767 3635 4805 nunc
3677 4768 3783 4805 una

2191 4863 2308 4902 cum
2349 4847 2452 4902 illis
2477 4848 2722 4902 habitans
2773 4849 2830 4902 in
2859 4847 3003 4910 ccelo,
3041 4846 3258 4900 Triadis
3294 4844 3474 4898 lumen
3519 4843 3784 4914 exstingui

2191 4942 2423 4994 nescium
2453 4941 2707 5010 conspicis
2734 4941 2992 5010 gaudens.
3028 4937 3116 5003 Et,
3153 4937 3327 4992 Recta:
3358 4937 3480 4998 ﬁdei
3515 4937 3645 4999 dux,
3675 4937 3786 5004 pie-

2190 5035 2317 5089 tatis
2345 5035 2596 5104 magister
2623 5042 2672 5088 et
2713 5031 3058 5098 verecundia,
3087 5039 3357 5085 terrarum
3387 5029 3528 5084 orbis
3581 5029 3778 5088 lumen,

2187 5127 2505 5196 scriptorum
2560 5125 2866 5180 entheatum
2918 5131 3314 5190 ornamentum,
3355 5122 3476 5193 lyra
3528 5118 3780 5188 Spiritus,

2193 5217 2298 5272 tuis
2329 5217 2796 5288 prwdicationibus
2824 5232 3006 5270 omnes
3033 5214 3371 5281 illuminans,
3405 5211 3633 5282 Symcon
3671 5209 3782 5263 Pa-

2193 5318 2272 5363 ter
2291 5319 2484 5376 noster,
2511 5325 2727 5379 precare
2760 5309 2928 5364 Deum
2961 5307 3252 5375 Christum,
3277 5315 3336 5360 ut
3363 5305 3558 5358 anima:
3591 5311 3784 5357 nostra:

2191 5401 2481 5458 salventur.
2521 5400 2608 5469 Et,
2638 5401 2828 5458 Mentis
2877 5403 3124 5456 acumine
3147 5409 3196 5456 et
3230 5399 3486 5470 puritate,
3525 5405 3574 5451 et
3594 5395 3744 5466 splen
3766 5423 3785 5434 φ

2191 5499 2319 5553 dore
2349 5498 2471 5551 vita
2499 5495 2856 5550 intellectuale
2885 5495 3061 5552 lumen
3091 5504 3141 5549 te
3171 5491 3470 5556 exornavit,
3501 5499 3549 5544 et
3580 5505 3782 5545 sermo-

2193 5607 2319 5644 num
2353 5590 2713 5645 nenustatibus
2745 5589 2882 5646 Deus
2921 5598 2971 5644 te
3014 5587 3307 5657 insignivit.
3345 5585 3432 5651 Et,
3476 5585 3543 5640 Πι
3565 5585 3634 5640 lci
3669 5600 3782 5639 mo-

2192 5681 2464 5737 dulatione
2483 5681 2663 5751 ﬁdeles
2684 5683 3042 5737 convenientes
3065 5679 3384 5735 celebremus
3405 5695 3585 5732 omnes
3609 5673 3784 5747 dignis

2194 5776 2434 5830 cantibus
2493 5792 2743 5846 magnum
2801 5775 2896 5830 Dei
2937 5789 3146 5829 servant
3196 5770 3508 5842 Symeonem
3538 5776 3782 5823 sanctum

2196 5867 2532 5938 logothetam,
2591 5884 2740 5935 quem
2781 5865 2980 5921 Christi
3014 5863 3248 5920 Ecclesia
3299 5875 3555 5934 tanquam
3602 5859 3784 5914 tamen
