4134 6424
346 404 422 469 Ξθ
1016 411 1112 470 DE
1152 412 1499 472 SCRIP'l‘lS
1530 416 1909 477 SYMETHIS
1954 421 2530 485 ΜΕΤΑΡΙΙΒΑΞΤᾹΞ
2582 429 2972 493 ΒΙΑΤΒΙΒΑ.
3579 439 3650 501 30

353 518 582 619 possedit
629 519 687 571 in
715 529 890 580 terra.
933 537 1043 575 una
1082 539 1200 576 cum
1234 523 1358 577 aliis
1409 524 1657 580 Patribus
1687 529 1961 598 splendore
1990 538 2034 593 Α
2066 550 2179 586 neat
2221 536 2395 601 illum,
2454 544 2546 609 qui
2598 540 2967 611 Metapbrases
3015 547 3276 616 prteclare
3339 566 3520 619 campo
3552 555 3649 607 nit.

354 626 454 664 suo
479 608 847 665 illustrantem
868 630 889 678 ;
913 630 1033 668 cum
1064 616 1145 669 liis
1176 618 1312 669 enim
1345 616 1576 685 psallens
1606 620 1963 675 indesinenter
2066 624 2210 680 Satis
2232 628 2397 698 igitur
2431 608 2498 686 sit
2527 635 2630 699 hic,
2667 608 2756 705 qui
2787 637 2840 689 in
2870 608 3112 693 sanctum
3153 639 3350 695 Lucam
3395 608 3657 699 commen-

360 704 597 771 Christo,
654 715 705 760 et
739 706 967 762 luminis
1023 709 1331 778 sempiterni
1392 712 1620 781 repletus
1669 722 1960 785 congaudet
2067 717 2204 770 tario
2234 717 2309 771 ita
2339 704 2687 779 existimavit.
2710 722 3034 782 Theodorus
3064 727 3352 784 Balsamon
3382 732 3437 785 in
3470 732 3654 788 Cano-

361 812 525 851 orans
552 812 653 867 pro
677 797 831 853 nobis
856 800 1122 853 omnibus.
1146 799 1235 860 Et.
1259 800 1440 855 Nobili
1469 803 1650 856 radice
1672 814 1944 873 prognata;

2064 824 2188 863 netu
2221 811 2290 865 65
2328 811 2672 883 Trullanum,
2727 819 2904 890 Χάρις
2965 820 3151 875 τοίνυν
3215 822 3293 892 τῷ
3367 827 3651 899 μακαρίτῃ

362 903 420 943 es
443 905 563 942 rosa
594 889 889 942 rubicunda
912 931 927 955 ,
975 891 1162 961 gratiis
1188 888 1421 956 Spiritus
1456 892 1676 962 inferta,
1712 903 1761 944 et
1784 892 1944 961 fidem

2056 899 2438 973 Μεταφραστῇ
2474 903 2552 973 τῷ
2584 906 2651 957 τὰ
2688 888 3004 979 μαρτυρικὰ
3060 910 3204 984 ὑπὲρ
3248 888 3654 984 τῆς-ἀληθείας

364 982 637 1035 suavitate
666 981 897 1050 replens,
952 981 1199 1036 odoribus
1236 991 1452 1037 tuarum
1499 984 1944 1053 compositionum

2066 993 2368 1062 σκάμματα
2419 995 2635 1060 πολλοῖς
2682 998 2868 1060 πόνοις
2912 1000 3009 1052 καὶ
3059 981 3249 1072 ἱδρῶσι
3303 981 3655 1059 οιατακαλλύ·

367 1073 755 1144 apostolorum,
810 1084 1106 1145 martyrum
1156 1085 1206 1128 et
1254 1077 1604 1147 confessorum
1666 1076 1944 1130 certamine

2056 1099 2237 1149 ναντι,
2286 1087 2368 1149 εις
2411 1084 2580 1156 ὖμνον
2609 1088 2745 1142 Θεοῦ
2799 1093 2893 1144 καὶ
2938 1091 3097 1157 δόξαν
3151 1096 3512 1160 αίωνίζουσιν
3543 1100 3652 1152 τῶν

366 1168 681 1224 edisserens.
708 1183 933 1237 quorum
958 1179 1008 1220 et
1043 1182 1254 1221 consors
1285 1169 1457 1237 factus
1498 1184 1575 1228 es.
1604 1184 1782 1222 rerum
1825 1168 1961 1223 divi-
2064 1175 2235 1245 ἁγίων
2263 1178 2581 1248 μαρτύρων,
2617 1180 2812 1252 Magna
2858 1185 3039 1256 itaque
3071 1186 3233 1241 Beato
3267 1188 3648 1255 Metapltrasta:

369 1274 566 1310 narum
583 1258 844 1327 expositos
864 1258 1114 1327 Symeon,
1131 1257 1449 1312 deliciarum
1462 1259 1516 1311 in
1535 1258 1796 1326 gramine,
1820 1258 1959 1328 quod
2065 1270 2269 1339 agenda
2301 1279 2377 1324 est
2405 1273 2605 1341 gratia,
2651 1277 2742 1344 qui
2790 1287 3090 1346 martyrum
3114 1295 3209 1348 pro
3236 1282 3456 1334 veritate
3482 1293 3653 1335 cena-

366 1351 426 1402 in
442 1365 560 1403 rore
573 1359 645 1403 est
661 1350 930 1402 habitans.
948 1349 1264 1420 Hippolytus
1277 1347 1576 1404 Thebanus
1592 1350 1646 1403 in
1661 1350 1956 1405 Chronico:

278 1454 281 1455 '
381 1436 829 1508 ’Δριθμουμένων
857 1438 916 1491 δὲ
971 1438 1084 1492 τῶν
1132 1438 1399 1506 περιόδων
1443 1438 1737 1510 ἐπληρώθη
1769 1441 1803 1509 ἡ
1866 1439 1957 1493 δε-

366 1530 517 1601 κάτη
570 1530 819 1598 περίοδος
866 1531 926 1582 ὲν
955 1527 1034 1599 τῷ
1087 1532 1608 1602 πεντακισχιλιοστῷ
1643 1531 1961 1602 τριακοστῷ

364 1621 602 1691 εἰκοστῷ
620 1620 750 1675 ἔτει.
787 1620 1135 1692 ’Δρξαμὲνης
1162 1622 1221 1677 δὲ
1244 1622 1345 1692 τῆς
1376 1623 1678 1691 ἑνδεκάτης
1701 1623 1954 1692 περιόδου

369 1712 512 1782 ρπς¹
577 1713 672 1783 ἐτη
701 1712 1003 1784 παρῆλθον,
1050 1714 1144 1767 καὶ
1172 1714 1467 1785 ἐσαριιώθη
1500 1715 1530 1766 ό
1554 1715 1761 1785 Κύριος
1796 1713 1956 1785 ἡμῶν

360 1804 580 1875 Ἰησοῦς
622 1804 879 1876 Χριστὸς,
926 1804 1004 1869 ὼς
1034 1806 1069 1876 ἡ
1101 1804 1286 1876 βίϐλος
1316 1804 1409 1858 τοῦ
1434 1806 1824 1875 Νικομηδείας,
1860 1807 1955 1858 καὶ

2064 1361 2207 1414 mina
2236 1378 2337 1416 non
2366 1363 2478 1417 sine
2504 1365 2684 1419 multis
2714 1366 2980 1421 laboribus
3009 1379 3058 1423 et
3083 1371 3359 1426 sudoribus
3382 1376 3651 1429 exornavit

2063 1454 2135 1506 ad
2170 1453 2267 1507 Dei
2301 1454 2535 1520 laudem,
2584 1469 2633 1511 et
2669 1471 2987 1515 sanctorum
3037 1475 3333 1535 martyrum
3374 1483 3650 1535 perennent

2061 1545 2307 1616 gloriam.
2374 1549 2638 1605 Macarius
2695 1552 3167 1610 llieromonachus
3222 1558 3277 1611 in
3334 1561 3651 1616 collectione

2061 1651 2332 1692 canonum
2366 1654 2486 1708 cap.
2520 1640 2663 1694 HM:
2694 1643 2868 1695 Πόσου
2902 1643 3085 1699 τοίνυν
3125 1646 3273 1710 ἄξιος
3309 1649 3376 1700 ἂν
3411 1650 3496 1718 εἴη
3546 1668 3652 1720 μα·

2061 1729 2333 1799 καρισμοῦ
2358 1731 2387 1783 6
2418 1729 2721 1800 Θαυμάσιος
2748 1733 2992 1803 Συμεὼν,
3030 1737 3058 1789 6
3085 1735 3148 1788 τὸ
3180 1757 3185 1761 θ
3218 1737 3506 1791 καλεῖσθαι
3534 1742 3652 1794 Με-

2062 1823 2381 1894 ταφραστὴς
2408 1824 2776 1896 διαφερόντως
2808 1828 2919 1879 τῶν
2952 1828 3128 1881 ἄλλων
3169 1831 3645 1901 ἀπενεγκάμενος,

358 1897 462 1950 τοῦ
490 1895 895 1965 Μεταφραστοῦ
923 1897 1191 1968 περιέχει.
1240 1895 1623 1951 Enumerando
1670 1899 1835 1969 igitur
1859 1898 1944 1951 hat

2059 1915 2087 1967 6
2119 1917 2185 1985 τῇ
2217 1891 2474 1986 ἐπιπνοίᾳ
2642 1917 2798 1985 άγίου
2838 1919 3159 1989 Πνεῦματος
3202 1920 3269 1973 τὰ
3318 1891 3426 1973 τιῦν
3460 1891 3648 1990 ’ἁγίων

359 1994 607 2058 periodos
665 1994 868 2048 decium
901 1996 1161 2062 completa
1199 2007 1275 2048 est
1311 2010 1452 2048 anno
1500 1994 1659 2049 5520.
1699 1995 1777 2049 De
1805 1995 1951 2049 ince-

359 2097 457 2154 pta
476 2096 658 2140 autem
676 2086 955 2140 undecima
973 2086 1185 2154 periodo
1205 2086 1305 2141 186
1358 2088 1486 2139 anni
1502 2087 1767 2151 abierunt,
1791 2097 1839 2141 et
1855 2087 1953 2140 ltu-

359 2195 585 2232 manam
597 2188 846 2231 naturam
860 2179 1032 2232 induit
1054 2177 1307 2233 Dominus
1332 2190 1505 2233 noster
1524 2178 1676 2233 Jesus
1692 2178 1952 2242 Christus,

359 2280 419 2324 ut
456 2272 590 2325 liber
613 2270 1061 2335 Nicomediensis,
1088 2280 1138 2325 et
1182 2271 1563 2339 Memphi-astes
1613 2271 1822 2326 habent.
1860 2275 1950 2333 Et,

361 2365 479 2416 Καὶ
506 2361 703 2417 παθὼν
735 2363 825 2418 διὰ
883 2363 985 2432 τὴν
1005 2363 1283 2434 ἡμετέραν
1319 2363 1614 2434 σωτηρίαν,
1650 2366 1717 2434 τῇ
1751 2369 1836 2431 κγ’
1855 2363 1952 2417 τοῦ

359 2455 615 2523 Μαρτίου
646 2453 813 2525 μηνὸς
842 2452 1188 2525 ἐσταυρώθη,
1209 2457 1274 2525 τῇ
1307 2456 1386 2508 κδ’
1410 2455 1609 2525 ἐτάφη,
1641 2457 1738 2510 καὶ
1763 2460 1830 2528 τῇ
1873 2454 1955 2509 κε’

361 2546 577 2614 ἀνέστη
608 2546 795 2617 ἡμέρᾳ
816 2546 1035 2618 πρώτῃ,
1059 2548 1309 2599 τουτέστι
1341 2548 1620 2617 κυριακῇ,
1654 2548 1729 2611 ὼς
1776 2550 1806 2601 ὁ
1836 2549 1951 2603 Με-

359 2637 686 2707 ταφραστὴς
714 2638 885 2707 δηλοῖ,
909 2640 1005 2691 καὶ
1036 2639 1069 2707 ὴ
1090 2637 1267 2707 βίϐλος
1291 2637 1388 2691 τοῦ
1432 2638 1822 2708 Νικομηδείας.
1881 2638 1950 2693 Ει

362 2738 588 2799 propter
615 2740 853 2783 nostram
879 2729 1107 2785 salutem
1139 2739 1356 2785 mortem
1415 2746 1602 2799 passus
1641 2731 1713 2786 25
1764 2731 1951 2786 Martii

361 2824 469 2893 fuit
507 2822 653 2875 cruci
681 2821 899 2893 afﬁxus,
933 2823 1022 2876 die
1056 2822 1128 2877 24
1156 2823 1412 2892 sepultus,
1444 2833 1494 2878 et
1550 2823 1621 2878 25
1664 2826 1954 2880 resurrexit

357 2912 450 2967 die
480 2914 682 2982 prima,
715 2914 970 2967 nimirum
1020 2913 1321 2978 Dominica,
1379 2914 1520 2969 velut
1568 2915 1953 2986 Metaphrastes

359 3014 413 3059 et
467 3003 885 3059 .V'icomediensis
933 3005 1232 3062 declarant.
1294 3005 1362 3061 Et
1392 3009 1720 3064 sententiam
1777 3010 1954 3065 Meta-

356 3097 605 3167 phrastae
636 3097 859 3167 praefert
886 3098 1006 3153 aliis
1059 3098 1329 3166 Patribus,
1372 3116 1534 3170 quem
1564 3117 1673 3156 non
1708 3102 1826 3157 sine
1854 3119 1953 3157 ve-

359 3187 656 3243 neratione
698 3189 984 3243 nominat:
1035 3189 1176 3258 Ἒγὼ
1222 3190 1280 3243 δὲ
1315 3191 1576 3263 πείθομαι
1608 3195 1723 3257 τοῖς
1769 3193 1947 3261 λόγοις

354 3279 459 3333 τοῦ
522 3282 717 3350 κυρίου
761 3282 1005 3352 Συμεών.
1075 3282 1337 3353 Equidem
1388 3285 1500 3356 ipse
1558 3287 1715 3354 ﬁdem
1779 3287 1947 3341 habeo

353 3374 633 3427 καρπαίαν
662 3374 863 3428 domini
898 3373 1190 3445 Symeonis.
1236 3374 1347 3431 Leo
1381 3375 1770 3447 Centaripinus
1795 3378 1946 3434 Orat.

352 3465 417 3519 in
462 3481 721 3537 magnum
756 3472 1069 3537 apostolum
1108 3469 1369 3525 Jacobum
1422 3471 1669 3527 Zebedmi
1716 3472 1887 3528 ﬁlium
1930 3493 1943 3529 :

353 3556 590 3629 τέθηπα
617 3559 727 3630 γάρ
768 3560 1140 3627 ὑποτοπάσας,
1172 3561 1294 3627 πῶς
1328 3563 1575 3618 τοσοῦτοι
1606 3564 1946 3631 λυκάϐαντες

354 3653 766 3722 σπαρῳχήκασι
795 3653 891 3706 καὶ
920 3652 1273 3725 λογογράφοι,
1314 3655 1410 3709 καὶ
1439 3657 1673 3728 ἵστορες,
1704 3658 1945 3729 μάλιστα

350 3740 413 3793 δὲ
439 3744 468 3794 6
496 3742 674 3810 μέγας
699 3743 807 3797 τῶν
843 3743 1251 3817 Μεταφράσεων
1280 3752 1632 3820 συγγραφεὺς
1684 3752 1832 3821 ἀμνη
1843 3751 1942 3820 μό-

350 3849 546 3887 νευτον
566 3834 713 3889 οὕτω
733 3838 1195 3908 παραλελοιπότες
1233 3839 1332 3912 τὴν
1351 3843 1411 3895 ὲν
1433 3842 1708 3914 ὑπερῴοις
1742 3845 1941 3908 ἀϊδίοις

347 3924 604 3996 τοῦνομα
634 3931 1026 4001 γεγραμμένον
1058 3934 1139 3994 είς
1189 3932 1532 3989 ἀδιάλειπτον
1568 3937 1761 4006 ἔχοντα
1805 3939 1942 4009 μνή-

354 4035 489 4087 μην.
526 4018 781 4074 Admiror
814 4038 1042 4094 namque
1086 4026 1348 4095 quomodo
1374 4037 1448 4080 tot
1480 4030 1635 4082 annis
1686 4029 1936 4094 decursis,

347 4125 521 4179 neque
559 4112 859 4189 scriptores,
900 4131 1065 4186 neque
1104 4117 1362 4183 historici,
1415 4127 1466 4173 et
1511 4121 1782 4190 praecipue
1817 4138 1937 4175 ma-

347 4219 487 4274 gnus
516 4204 611 4258 ille
647 4209 1052 4276 Metapltraseon
1081 4221 1406 4280 compactor,
1437 4215 1514 4269 sic
1548 4216 1688 4269 hunc
1720 4217 1774 4270 in
1802 4234 1940 4272 sem-

344 4297 573 4364 piternis
620 4300 901 4353 cenaculis
946 4302 1215 4357 indelebili
1276 4307 1530 4360 memoria
1592 4308 1938 4377 descriptum,

341 4386 563 4441 silentio
589 4399 984 4456 praetereuntes,
1025 4390 1190 4448 ullam
1231 4395 1375 4450 illius
1404 4399 1719 4452 memoriam
1762 4410 1937 4467 poste-

341 4479 426 4533 ris
459 4477 582 4551 [55]
612 4480 956 4552 reliquerunt.
1380 4488 1428 4541 κθ

2064 2007 2361 2077 μαρτύρων
2388 2007 2531 2077 ὑπὲρ
2565 2007 2824 2076 ἀληθείας
2859 2010 3160 2081 σκάμματα
3215 2012 3429 2076 πολλοῖς
3463 2014 3650 2084 ἱδρῶσι

2058 2097 2154 2150 καὶ
2189 2097 2372 2160 πόνοις
2405 2098 2897 2169 συγγραψάμενος,
2929 2099 3025 2154 καὶ
3070 2099 3301 2170 δυνάμει
3338 2100 3518 2169 λόγου,
3553 2102 3649 2154 καὶ

2060 2190 2223 2259 σοφία
2260 2188 2530 2251 καλλύνας
2573 2193 2651 2253 είς
2706 2189 2876 2261 ὕμνον
2924 2190 3020 2245 τοῦ
3055 2193 3259 2265 Κυρίου
3294 2193 3647 2264 ήμῶνῚησοῦ

2058 2281 2320 2351 Χριστοῦ,
2359 2283 2452 2336 καὶ
2490 2283 2649 2350 δόξαν
2684 2285 3104 2351 διαιωνίζουσαν
3137 2286 3247 2339 τῶν
3300 2287 3440 2357 ὑπὲρ
3481 2286 3646 2341 αὑτοῦ

2057 2374 2446 2444 ἠγωνισμένων
2500 2377 2670 2445 ἁγίων
2710 2377 3034 2450 μαρτύρων·
3091 2377 3186 2432 καὶ
3243 2382 3351 2432 πᾶν
3411 2379 3648 2448 δυσσεϐῆ

2056 2467 2384 2538 ἀπορράψας
2412 2469 2608 2540 στόμα,
2641 2471 2736 2522 καὶ
2781 2471 2905 2541 μηδ’
2938 2470 3194 2541 ἡντινοῦν
3230 2471 3503 2542 πρόφασιν
3533 2474 3646 2543 ἀμ-

2057 2559 2303 2628 φιϐολίας
2352 2564 2466 2625 τοῖς
2521 2562 2775 2633 εὐσεϐέσι
2808 2563 3147 2619 καταλιπών.
3210 2562 3419 2629 Quanto
3466 2566 3648 2634 itaque

2058 2654 2216 2708 laude
2260 2655 2449 2725 dignus
2499 2656 2600 2709 erit
2653 2655 2986 2711 admirabilis
3048 2655 3296 2728 ngeon,
3343 2658 3434 2728 qui
3471 2658 3644 2712 Meta—

2055 2745 2285 2813 phrasta:
2333 2746 2432 2800 sibi
2485 2763 2673 2801 nomen
2702 2758 2828 2801 ante
2859 2749 2996 2803 alios
3035 2749 3380 2820 singulariter
3411 2750 3648 2804 vindica-

2053 2837 2148 2900 vit,
2188 2846 2239 2888 et
2272 2835 2469 2904 afflatu
2516 2836 2748 2905 Spiritus
2784 2840 2957 2892 sancti
3003 2850 3309 2893 sanctorum
3346 2850 3647 2912 martyrum
3707 2871 3714 2878 -

2053 2946 2148 2996 pro
2183 2931 2403 2984 veritate
2443 2932 2734 2985 certamina
2767 2933 2946 2987 multis
2970 2934 3251 2988 sudoribus
3285 2945 3335 2987 et
3378 2934 3646 2991 laboribus

2054 3023 2403 3086 concinnavit,
2447 3034 2495 3077 et
2550 3024 2757 3078 dicendi
2788 3025 3046 3096 facultate
3101 3038 3149 3080 et
3187 3027 3448 3095 sapientia
3487 3045 3643 3082 exor-

2055 3116 2195 3168 navit
2227 3116 2281 3168 in
2316 3115 2525 3169 laudem
2582 3115 2794 3171 Domini
2848 3119 3013 3173 nostri
3048 3117 3172 3173 Jesu
3216 3118 3435 3185 Cltristi,
3460 3130 3509 3174 et
3530 3121 3644 3191 glo-

2053 3207 2189 3259 riam
2230 3208 2608 3261 indesinentem
2652 3219 2973 3275 sanctorum,
3014 3212 3104 3281 qui
3130 3228 3227 3282 pro
3261 3228 3320 3266 eo
3347 3214 3642 3267 certamina

2048 3299 2342 3359 subierunt.
2393 3309 2740 3371 martyrum:
2774 3302 3058 3370 impiorum
3108 3320 3197 3358 ore
3255 3305 3535 3370 obstructo,
3592 3314 3643 3360 et

2049 3391 2196 3444 nulla
2249 3392 2533 3445 dubitandi
2566 3409 2696 3446 ansa
2738 3393 2839 3460 piis
2888 3394 3184 3449 hominibus
3233 3396 3443 3450 relicta.
3479 3396 3643 3451 Nice-

2049 3485 2258 3555 pborus
2279 3484 2517 3542 Calistus
2548 3486 2686 3542 Hist.
2719 3487 2920 3542 Ecclcs.
2963 3488 3054 3543 lib.
3091 3505 3202 3555 xxv,
3227 3506 3350 3560 cap.
3380 3490 3448 3545 50
3483 3510 3498 3545 :
3533 3488 3640 3544 Ἤν

2046 3579 2246 3647 ἄριστα
2285 3578 2426 3648 μετὰ
2475 3578 2568 3632 τὸν
2627 3579 2798 3633 πολὺν
2853 3570 3191 3651 Θεοδώριτον
3262 3583 3290 3634 ὁ
3343 3583 3639 3653 ὁμώνυμος

2047 3669 2212 3722 αὐτοῦ
2247 3669 2479 3739 Συμεὼν
2505 3671 2534 3723 6
2562 3671 2967 3741 Μεταφραστὴς
3000 3672 3290 3740 ἐπεξῆλθε,
3323 3675 3457 3726 πᾶσι
3514 3691 3632 3727 και-

2043 3761 2142 3830 νήν
2179 3776 2303 3814 τινα
2333 3758 2439 3813 καῖ
2465 3761 2626 3830 ξένην
2651 3759 2977 3814 πανδαισίαν
3005 3763 3073 3813 τὰ
3110 3762 3324 3814 ἐκείνου
3361 3762 3638 3832 προθέμε-

2047 3870 2153 3916 νος.
2192 3851 2384 3919 Quam,
2415 3852 2709 3906 Historiam
2756 3868 2955 3920 nempe
2998 3854 3065 3906 de
3109 3851 3229 3907 Vita
3258 3860 3315 3907 et
3344 3854 3511 3906 rebus
3538 3867 3634 3921 ge-

2044 3946 2142 4001 stis
2166 3944 2451 4017 Symeonis
2482 3943 2689 4015 Stylitze
2716 3944 2980 4007 Senioris,
3014 3954 3128 4013 post
3185 3962 3440 4015 magnum
3474 3946 3637 3999 Theo-

2043 4037 2296 4093 doritum.
2329 4036 2524 4104 optime
2553 4036 2875 4106 cognominis
2916 4037 2963 4089 ei
3002 4035 3224 4106 ngeon
3255 4037 3634 4106 Metaptzrastes

2044 4127 2368 4195 conscripsit,
2402 4142 2590 4180 novum
2625 4125 2893 4195 quoddam
2919 4137 2967 4180 et
3000 4128 3373 4181 admirandum
3396 4128 3449 4180 in
3482 4144 3541 4181 ea
3572 4145 3635 4181 ex

2044 4220 2212 4273 omnis
2241 4219 2444 4290 generis
2476 4218 2690 4272 cibariis
2727 4219 3017 4272 convivium
3047 4219 3287 4272 omnibus
3315 4235 3630 4288 proponens.

2044 4309 2108 4361 Et
2132 4308 2225 4361 lib.
2259 4323 2410 4361 xvm.
2439 4322 2558 4376 cap.
2588 4307 2677 4371 14,
2709 4307 2776 4361 de
2810 4307 3079 4377 Symeone
3108 4307 3299 4378 Stylita
3337 4308 3566 4361 iuniore
3610 4326 3625 4368 :

2046 4400 2221 4454 Πολλὰ
2244 4401 2300 4453 δὲ
2330 4401 2426 4454 καὶ
2476 4401 2642 4471 ἕτερα
2692 4400 2928 4472 ἀριθμοῦ
2962 4401 3248 4471 κρείττονα
3276 4401 3626 4472 διεπράξατο,

2042 4494 2078 4548 ἂ
2114 4494 2178 4563 δὴ
2212 4494 2310 4547 καὶ
2340 4494 2533 4564 χρόνου
2564 4494 2787 4555 πολλοῦ,
2820 4494 2916 4548 καὶ
2956 4494 3210 4563 γλώσσης
3244 4496 3629 4565 κεκομψευμέ-

420 4572 789 4642 Theophanes
817 4573 1114 4633 Cerameus
1135 4576 1379 4646 :Homilia
1419 4580 1486 4636 de
1513 4579 1717 4637 Lazaro
1755 4585 1931 4640 susci-

2049 4605 2160 4658 νης,
2192 4588 2289 4641 καὶ
2315 4590 2706 4658 πραγματείας
2736 4589 3059 4658 ίδιαιτάτης,
3093 4589 3237 4659 άπερ
3269 4591 3362 4642 καὶ
3392 4590 3476 4651 εἰς
3500 4589 3625 4641 δεῦ-

342 4672 497 4720 tato:
542 4665 601 4717 Ὁ
625 4664 684 4718 δὲ
710 4666 817 4718 τῶν
845 4669 1259 4738 Μεταφράσεων
1305 4671 1511 4740 γλυκὺς
1552 4677 1927 4746 συγγραφεὺς,
1964 4664 1993 4667 ν
2039 4695 2102 4749 ρο
2163 4682 2282 4741 ταῖς
2332 4680 2592 4734 ἁπάντων
2644 4681 2992 4751 περιᾴδονται
3034 4682 3326 4750 γλώσσαις,
3383 4681 3489 4734 ὑπὸ
3517 4683 3626 4733 Συ-

344 4755 667 4826 παρρησίας
699 4755 820 4812 εἷπε
864 4761 957 4814 τὸν
993 4760 1150 4828 λόγον
1200 4759 1339 4816 εἶναι
1387 4764 1706 4834 δηλωτικόν.
1763 4767 1933 4823 Μεια-
2041 4772 2211 4842 μεῶνι
2236 4772 2543 4843 Μαγίστρῳ
2572 4771 2673 4842 si}?
2702 4773 2762 4825 οὐ
2796 4773 2872 4843 νῷ
2896 4775 3329 4844 συγγραφέντα·
3363 4776 3412 4825 εί
3434 4774 3526 4826 καὶ
3553 4775 3630 4844 μὴ

337 4850 606 4918 pbraseon
638 4868 760 4905 vero
791 4857 968 4910 suavis
996 4858 1221 4927 scriptor
1257 4858 1554 4914 libertatem
1586 4862 1794 4915 dicendi
1821 4878 1933 4917 ser-

2049 4862 2136 4917 τοῦ
2169 4864 2457 4934 μεγέθους,
2506 4865 2602 4917 καὶ
2653 4863 2763 4917 τῶν
2794 4864 2975 4933 ἔργων
3017 4865 3205 4928 ἀξίως.
3241 4858 3336 4927 Οἷς
3365 4865 3458 4917 καὶ
3493 4867 3629 4933 ἡμῖν

344 4958 559 4996 monent
605 4943 846 4998 indicare
880 4947 1064 5001 tradit.
1105 4948 1164 5002 In
1195 4959 1391 5017 quarto
1432 4951 1693 5007 Matutino
1726 4953 1928 5009 εἈλλὰ

2049 4957 2282 5025 ίντυχετν
2307 4955 2544 5023 ἐγένετο,
2577 4954 2638 5008 τὸ
2668 4955 2858 5025 περιὸν
2886 4956 2982 5009 τοῦ
3013 4974 3073 5010 τε
3106 4958 3370 5025 πλήθους,
3405 4957 3627 5023 καὶτῆς

343 5037 481 5105 περὶ
508 5037 704 5088 τούτου
733 5036 956 5106 ἄμεινον
988 5040 1125 5110 ἐμοῦ
1154 5042 1303 5107 λέγει
1323 5043 1433 5097 τῶν
1460 5045 1875 5116 Μεταφράσεων
1901 5050 1930 5101 ὁ
2034 5046 2321 5117 δυνάμεως
2336 5047 2449 5100 τῶν
2468 5048 2850 5119 εἰργασμένων
2871 5049 3626 5122 ἐκπεπληγμένοις.[56](ἲω-

337 5127 556 5194 γλυκὺς
599 5129 969 5199 συγγραφεύς.
998 5129 1103 5186 Sed
1127 5133 1193 5186 de
1241 5134 1320 5188 his
1350 5134 1536 5190 melius
1559 5154 1721 5208 quam
1745 5154 1837 5208 ego
1874 5139 1932 5193 id

2049 5147 2206 5194 rerum
2237 5139 2406 5193 multa
2442 5157 2647 5210 quoque
2690 5141 2807 5195 alia
2839 5159 3118 5196 numerum
3171 5143 3480 5210 superantia
3530 5139 3625 5210 Sg-

336 5219 599 5287 facerem,
627 5220 854 5288 scriptor
870 5221 958 5274 ille
985 5222 1153 5277 dulcis
1180 5223 1580 5290 Metaphraseon
1609 5229 1840 5283 disserit.
1864 5229 1928 5283 Et
2038 5249 2185 5286 mean
2221 5234 2344 5302 egit,
2377 5249 2494 5303 qua?
2523 5250 2654 5288 sane
2689 5244 2920 5302 tempore
2948 5235 3204 5304 longiore,
3224 5242 3274 5286 et
3308 5234 3492 5301 lingua
3530 5249 3624 5301 po~

334 5311 560 5380 quinto,
599 5311 709 5363 Καὶ
736 5311 810 5374 ὡς
839 5312 908 5366 ἂν
943 5314 1018 5384 μὴ
1042 5315 1136 5369 καὶ
1159 5317 1322 5387 ἡμεῖς
1341 5317 1600 5389 δόξαιμεν
1627 5321 1926 5374 ἀπεοικότα

2054 5324 2226 5387 itiore,
2259 5336 2368 5377 tum
2408 5334 2589 5377 autem
2622 5341 2774 5393 opere
2803 5325 3058 5393 peculiari
3090 5324 3346 5394 indigent.
3373 5322 3455 5376 Ea
3485 5327 3617 5376 huc-

339 5400 739 5472 μαντεύεσθαι,
773 5404 1078 5476 ἀξιόχρεων
1128 5408 1366 5462 ἐνταῦθα
1411 5411 1749 5480 παράγωμεν
1783 5413 1925 5481 μάρ-

332 5510 486 5563 τυρα
541 5495 858 5568 Συμεώνην,
913 5500 1008 5551 τὸν
1060 5502 1159 5562 τὰς
1220 5503 1612 5573 Μεταφράσεις
1665 5503 1725 5557 εὖ
1777 5504 1923 5574 μάλα

332 5586 692 5655 συνθέμενον.
722 5589 971 5661 ΤΑπόχρη
1007 5587 1106 5644 οὖν
1155 5587 1311 5658 οὗτος
1344 5598 1401 5649 ὲν
1432 5597 1510 5666 τῷ
1550 5600 1630 5661 είς
1654 5599 1746 5653 τὸν
1782 5601 1928 5671 ἱερὸν

328 5678 559 5731 Δουκᾶν
623 5680 982 5751 ὑπομνήματι
1021 5683 1183 5737 τοῦτο
1230 5686 1574 5756 ποιούμενος.
1609 5690 1685 5745 Ac
1728 5709 1791 5745 ne
1835 5710 1926 5747 nos

325 5770 495 5823 etiam
540 5772 652 5825 sine
680 5774 942 5838 probabili
978 5791 1140 5830 causa
1187 5778 1425 5832 divinare
1472 5779 1601 5835 velle
1635 5785 1923 5848 videamur,

324 5863 430 5931 fide
463 5865 683 5935 dignum
707 5876 883 5922 testem
922 5869 992 5921 ad
1018 5869 1151 5922 hanc
1179 5886 1283 5924 rem
1315 5873 1672 5941 producimus,
1709 5873 1896 5943 ngco

74 6342 529 6424 ma

508 6410 539 6421 μ,

2032 5434 2192 5488 usque
2224 5433 2459 5472 sermone
2515 5419 2751 5471 omnium
2782 5415 3117 5471 celebrantur
3147 5434 3180 5470 a
3210 5416 3467 5487 Symeone
3496 5433 3615 5472 ma-

2032 5510 2216 5583 gistro,
2261 5510 2499 5580 quamvis
2544 5525 2648 5561 non
2692 5525 2787 5576 pro
2835 5510 3095 5577 dignitate
3140 5510 3521 5580 magnitudinis
3562 5520 3612 5564 et

2030 5618 2244 5671 operum
2285 5601 2601 5668 conscripta,
2639 5601 2695 5652 in
2725 5617 2876 5670 quem
2910 5600 3102 5655 librum
3125 5612 3172 5655 et
3204 5618 3297 5654 nos
3324 5600 3608 5655 abundan-

2033 5707 2133 5749 tem
2167 5695 2373 5763 copiam
2413 5700 2464 5745 et
2494 5694 2596 5745 vim
2637 5709 2854 5760 operum
2912 5695 3082 5747 sancti
3127 5694 3227 5747 viri
3255 5709 3371 5746 cum
3399 5703 3613 5761 stupore

2030 5786 2301 5848 udutirati,
2349 5785 2652 5837 incidimus.
2712 5784 2938 5837 Michael
2978 5782 3139 5853 Glyca
3189 5783 3276 5837 ubi
3323 5782 3391 5836 de
3444 5783 3612 5836 Maxi-

2032 5875 2191 5929 miani
2250 5883 2304 5929 et
2360 5872 2674 5928 Diocletiani
2721 5873 2883 5928 rebus
2915 5872 2969 5926 in
2999 5871 3337 5927 Christianos
3365 5880 3555 5929 tractat
3588 5886 3603 5923 :
