  <div class='ocr_page' id='page_1' title='image "/cluster/home/n/w/nwhite01/storage/ocr_20150623/114:no.1/coo.31924054870187/023.png"; bbox 0 0 4134 6418; ppageno 0'>
   <div class='ocr_carea' id='block_1_1' title="bbox 488 395 3779 461">
    <p class='ocr_par' dir='ltr' id='par_1_1' title="bbox 488 395 3779 461">
     <span class='ocr_line' id='line_1_1' title="bbox 488 395 3779 461; baseline 0.001 -3"><span class='ocrx_word' id='word_1_1' title='bbox 488 395 552 459; x_wconf 82' lang='grc'><strong>31</strong></span> <span class='ocrx_word' id='word_1_2' title='bbox 1790 398 2067 458; x_wconf 81' lang='lat' dir='ltr'><strong>LEONIS</strong></span> <span class='ocrx_word' id='word_1_3' title='bbox 2115 399 2423 459; x_wconf 81' lang='lat' dir='ltr'><strong>ALLATII</strong></span> <span class='ocrx_word' id='word_1_4' title='bbox 3697 396 3779 461; x_wconf 69' lang='lat'><strong>32</strong></span> 
     </span>
    </p>
   </div>
   <div class='ocr_carea' id='block_1_2' title="bbox 485 509 3782 583">
    <p class='ocr_par' dir='ltr' id='par_1_2' title="bbox 485 509 3782 583">
     <span class='ocr_line' id='line_1_2' title="bbox 485 509 3782 583; baseline 0 -18"><span class='ocrx_word' id='word_1_5' title='bbox 485 510 622 565; x_wconf 88' lang='lat' dir='ltr'><strong><em>Nam</em></strong></span> <span class='ocrx_word' id='word_1_6' title='bbox 653 518 708 563; x_wconf 90' lang='lat' dir='ltr'><strong>ut</strong></span> <span class='ocrx_word' id='word_1_7' title='bbox 740 509 965 580; x_wconf 79' lang='lat' dir='ltr'><strong><em>Symeou</em></strong></span> <span class='ocrx_word' id='word_1_8' title='bbox 1009 510 1099 563; x_wconf 89' lang='lat' dir='ltr'><strong><em>ille</em></strong></span> <span class='ocrx_word' id='word_1_9' title='bbox 1126 518 1464 581; x_wconf 80' lang='lat' dir='ltr'><strong><em>cognomento</em></strong></span> <span class='ocrx_word' id='word_1_10' title='bbox 1508 509 1895 579; x_wconf 76' lang='lat' dir='ltr'><strong><em>Metaphrastes</em></strong></span> <span class='ocrx_word' id='word_1_11' title='bbox 1927 512 2039 576; x_wconf 91' lang='lat' dir='ltr'><strong><em>ait,</em></strong></span> <span class='ocrx_word' id='word_1_12' title='bbox 2095 513 2143 572; x_wconf 71' lang='grc' dir='ltr'>Α</span> <span class='ocrx_word' id='word_1_13' title='bbox 2171 512 2256 574; x_wconf 83' lang='lat' dir='ltr'><strong>Et,</strong></span> <span class='ocrx_word' id='word_1_14' title='bbox 2293 509 2708 578; x_wconf 73' lang='lat' dir='ltr'><strong><em>Metapltrastem</em></strong></span> <span class='ocrx_word' id='word_1_15' title='bbox 2737 513 2865 565; x_wconf 80' lang='lat' dir='ltr'><strong><em>scito</em></strong></span> <span class='ocrx_word' id='word_1_16' title='bbox 2895 513 3065 566; x_wconf 84' lang='lat' dir='ltr'><strong><em>virum</em></strong></span> <span class='ocrx_word' id='word_1_17' title='bbox 3091 514 3251 583; x_wconf 74' lang='lat' dir='ltr'><strong><em>fuisse</em></strong></span> <span class='ocrx_word' id='word_1_18' title='bbox 3271 512 3682 576; x_wconf 86' lang='lat' dir='ltr'><strong><em>sanctissimum,</em></strong></span> <span class='ocrx_word' id='word_1_19' title='bbox 3720 516 3782 565; x_wconf 65' lang='grc' dir='ltr'><strong>δι’</strong></span> 
     </span>
    </p>
   </div>
   <div class='ocr_carea' id='block_1_3' title="bbox 487 602 2079 673">
    <p class='ocr_par' dir='ltr' id='par_1_3' title="bbox 487 602 2079 673">
     <span class='ocr_line' id='line_1_3' title="bbox 487 602 2079 673; baseline 0.002 -18"><span class='ocrx_word' id='word_1_20' title='bbox 487 603 828 669; x_wconf 84' lang='lat' dir='ltr'><strong><em>imperatores</em></strong></span> <span class='ocrx_word' id='word_1_21' title='bbox 856 604 908 654; x_wconf 72' lang='lat' dir='ltr'><strong>lci</strong></span> <span class='ocrx_word' id='word_1_22' title='bbox 942 618 1261 673; x_wconf 80' lang='lat' dir='ltr'><strong>magnopere</strong></span> <span class='ocrx_word' id='word_1_23' title='bbox 1290 603 1468 656; x_wconf 78' lang='lat' dir='ltr'><strong><em>conati</em></strong></span> <span class='ocrx_word' id='word_1_24' title='bbox 1496 612 1617 656; x_wconf 84' lang='lat' dir='ltr'><strong><em>sunt</em></strong></span> <span class='ocrx_word' id='word_1_25' title='bbox 1641 602 1796 672; x_wconf 84' lang='lat' dir='ltr'><strong><em>ﬁdem</em></strong></span> <span class='ocrx_word' id='word_1_26' title='bbox 1816 602 2079 658; x_wconf 82' lang='lat' dir='ltr'><strong><em>Christia-</em></strong></span> 
     </span>
    </p>
   </div>
   <div class='ocr_carea' id='block_1_4' title="bbox 490 691 2079 763">
    <p class='ocr_par' dir='ltr' id='par_1_4' title="bbox 490 691 2079 763">
     <span class='ocr_line' id='line_1_4' title="bbox 490 691 2079 763; baseline 0.004 -22"><span class='ocrx_word' id='word_1_27' title='bbox 490 705 615 741; x_wconf 85' lang='lat' dir='ltr'><strong><em>nam</em></strong></span> <span class='ocrx_word' id='word_1_28' title='bbox 645 692 1017 759; x_wconf 69' lang='lat' dir='ltr'><strong><em>expugnando,</em></strong></span> <span class='ocrx_word' id='word_1_29' title='bbox 1057 692 1211 761; x_wconf 86' lang='lat' dir='ltr'><strong><em>quasi</em></strong></span> <span class='ocrx_word' id='word_1_30' title='bbox 1253 691 1480 757; x_wconf 71' lang='lat' dir='ltr'><strong><em>abolere,</em></strong></span> <span class='ocrx_word' id='word_1_31' title='bbox 1522 709 1683 761; x_wconf 87' lang='lat' dir='ltr'><strong><em>quam</em></strong></span> <span class='ocrx_word' id='word_1_32' title='bbox 1708 691 1942 748; x_wconf 82' lang='lat' dir='ltr'><strong><em>Christus</em></strong></span> <span class='ocrx_word' id='word_1_33' title='bbox 1965 694 2079 763; x_wconf 89' lang='lat' dir='ltr'><strong><em>ipse</em></strong></span> 
     </span>
    </p>
   </div>
   <div class='ocr_carea' id='block_1_5' title="bbox 487 779 2076 854">
    <p class='ocr_par' dir='ltr' id='par_1_5' title="bbox 487 779 2076 854">
     <span class='ocr_line' id='line_1_5' title="bbox 487 779 2076 854; baseline 0.004 -23"><span class='ocrx_word' id='word_1_34' title='bbox 487 779 692 848; x_wconf 78' lang='lat' dir='ltr'><strong><em>ﬁrmius</em></strong></span> <span class='ocrx_word' id='word_1_35' title='bbox 714 781 1122 849; x_wconf 70' lang='lat' dir='ltr'><strong><em>per-duraturam</em></strong></span> <span class='ocrx_word' id='word_1_36' title='bbox 1154 798 1265 836; x_wconf 84' lang='lat' dir='ltr'><strong><em>esse</em></strong></span> <span class='ocrx_word' id='word_1_37' title='bbox 1317 785 1698 852; x_wconf 86' lang='lat' dir='ltr'><strong><em>pronuntiavit,</em></strong></span> <span class='ocrx_word' id='word_1_38' title='bbox 1732 800 1893 854; x_wconf 85' lang='lat' dir='ltr'><strong><em>quam</em></strong></span> <span class='ocrx_word' id='word_1_39' title='bbox 1930 786 2076 853; x_wconf 88' lang='lat' dir='ltr'><strong><em>ipsas</em></strong></span> 
     </span>
    </p>
   </div>
   <div class='ocr_carea' id='block_1_6' title="bbox 493 867 2072 940">
    <p class='ocr_par' dir='ltr' id='par_1_6' title="bbox 493 867 2072 940">
     <span class='ocr_line' id='line_1_6' title="bbox 493 867 2072 940; baseline 0.002 -17"><span class='ocrx_word' id='word_1_40' title='bbox 493 867 619 923; x_wconf 87' lang='lat' dir='ltr'><strong><em>Orci</em></strong></span> <span class='ocrx_word' id='word_1_41' title='bbox 644 879 848 939; x_wconf 87' lang='lat' dir='ltr'><strong><em>portas.</em></strong></span> <span class='ocrx_word' id='word_1_42' title='bbox 894 870 962 924; x_wconf 87' lang='lat' dir='ltr'><strong>Et</strong></span> <span class='ocrx_word' id='word_1_43' title='bbox 983 871 1227 940; x_wconf 90' lang='lat' dir='ltr'><strong>Epistola</strong></span> <span class='ocrx_word' id='word_1_44' title='bbox 1261 872 1350 935; x_wconf 73' lang='lat'><strong>21,</strong></span> <span class='ocrx_word' id='word_1_45' title='bbox 1381 874 1448 927; x_wconf 90' lang='lat' dir='ltr'><strong>ad</strong></span> <span class='ocrx_word' id='word_1_46' title='bbox 1478 874 1668 928; x_wconf 81' lang='lat' dir='ltr'><strong>Isaiam</strong></span> <span class='ocrx_word' id='word_1_47' title='bbox 1698 874 2024 928; x_wconf 86' lang='lat' dir='ltr'><strong>monachum</strong></span> <span class='ocrx_word' id='word_1_48' title='bbox 2058 890 2072 926; x_wconf 92' lang='lat'><strong>:</strong></span> 
     </span>
    </p>
   </div>
   <div class='ocr_carea' id='block_1_7' title="bbox 490 960 2080 1036">
    <p class='ocr_par' dir='ltr' id='par_1_7' title="bbox 490 960 2080 1036">
     <span class='ocr_line' id='line_1_7' title="bbox 490 960 2080 1036; baseline 0.005 -25"><span class='ocrx_word' id='word_1_49' title='bbox 490 960 603 1012; x_wconf 74' lang='grc' dir='ltr'><strong>Καὶ</strong></span> <span class='ocrx_word' id='word_1_50' title='bbox 633 960 808 1014; x_wconf 86' lang='grc' dir='ltr'><strong>ταῦτα</strong></span> <span class='ocrx_word' id='word_1_51' title='bbox 838 963 930 1016; x_wconf 73' lang='grc' dir='ltr'><strong>τὸν</strong></span> <span class='ocrx_word' id='word_1_52' title='bbox 958 967 1018 1018; x_wconf 85' lang='grc' dir='ltr'>ὲν</span> <span class='ocrx_word' id='word_1_53' title='bbox 1049 964 1228 1031; x_wconf 79' lang='grc' dir='ltr'><strong>ἁγίοις</strong></span> <span class='ocrx_word' id='word_1_54' title='bbox 1273 963 1499 1034; x_wconf 82' lang='grc' dir='ltr'>Συμεὼν</span> <span class='ocrx_word' id='word_1_55' title='bbox 1524 966 1628 1035; x_wconf 70' lang='grc' dir='ltr'><strong>ὅρα.</strong></span> <span class='ocrx_word' id='word_1_56' title='bbox 1669 965 1760 1019; x_wconf 82' lang='grc' dir='ltr'><strong>τὸν</strong></span> <span class='ocrx_word' id='word_1_57' title='bbox 1782 968 2080 1036; x_wconf 77' lang='grc' dir='ltr'><strong>Μεταφρα-</strong></span> 
     </span>
    </p>
   </div>
   <div class='ocr_carea' id='block_1_8' title="bbox 494 1050 2100 1125">
    <p class='ocr_par' dir='ltr' id='par_1_8' title="bbox 494 1050 2100 1125">
     <span class='ocr_line' id='line_1_8' title="bbox 494 1050 2100 1125; baseline 0.005 -24"><span class='ocrx_word' id='word_1_58' title='bbox 494 1050 628 1119; x_wconf 78' lang='grc' dir='ltr'><strong>στὴν</strong></span> <span class='ocrx_word' id='word_1_59' title='bbox 679 1051 741 1104; x_wconf 80' lang='grc' dir='ltr'><strong>τὸ</strong></span> <span class='ocrx_word' id='word_1_60' title='bbox 793 1052 974 1123; x_wconf 80' lang='grc' dir='ltr'><strong>δόγμα</strong></span> <span class='ocrx_word' id='word_1_61' title='bbox 1006 1055 1168 1108; x_wconf 77' lang='grc' dir='ltr'><strong>τοῦτο</strong></span> <span class='ocrx_word' id='word_1_62' title='bbox 1222 1056 1559 1108; x_wconf 82' lang='grc' dir='ltr'><strong>συνιστῶντα</strong></span> <span class='ocrx_word' id='word_1_63' title='bbox 1603 1056 1710 1125; x_wconf 82' lang='grc' dir='ltr'>πρὸ</span> <span class='ocrx_word' id='word_1_64' title='bbox 1761 1056 1871 1109; x_wconf 85' lang='grc' dir='ltr'><strong>τῶν</strong></span> <span class='ocrx_word' id='word_1_65' title='bbox 1902 1056 2100 1111; x_wconf 81' lang='grc' dir='ltr'><strong>ἄλλων·</strong></span> 
     </span>
    </p>
   </div>
   <div class='ocr_carea' id='block_1_9' title="bbox 490 1144 2077 1220">
    <p class='ocr_par' dir='ltr' id='par_1_9' title="bbox 490 1144 2077 1220">
     <span class='ocr_line' id='line_1_9' title="bbox 490 1144 2077 1220; baseline 0.004 -25"><span class='ocrx_word' id='word_1_66' title='bbox 490 1144 841 1214; x_wconf 79' lang='grc' dir='ltr'><strong>εὑρίσκοντες</strong></span> <span class='ocrx_word' id='word_1_67' title='bbox 867 1163 882 1178; x_wconf 79' lang='grc' dir='ltr'><strong>ο</strong></span> <span class='ocrx_word' id='word_1_68' title='bbox 921 1149 979 1200; x_wconf 74' lang='grc' dir='ltr'>ὲν</span> <span class='ocrx_word' id='word_1_69' title='bbox 1010 1149 1119 1219; x_wconf 68' lang='grc' dir='ltr'><strong>γὰρ</strong></span> <span class='ocrx_word' id='word_1_70' title='bbox 1167 1147 1245 1217; x_wconf 76' lang='grc' dir='ltr'>τῷ</span> <span class='ocrx_word' id='word_1_71' title='bbox 1281 1148 1380 1219; x_wconf 81' lang='grc' dir='ltr'><strong>βίῳ</strong></span> <span class='ocrx_word' id='word_1_72' title='bbox 1435 1147 1536 1217; x_wconf 80' lang='grc' dir='ltr'><strong>τῆς</strong></span> <span class='ocrx_word' id='word_1_73' title='bbox 1590 1150 2077 1220; x_wconf 79' lang='grc' dir='ltr'><strong>μεγαλομάρτυρος</strong></span> 
     </span>
    </p>
   </div>
   <div class='ocr_carea' id='block_1_10' title="bbox 505 1235 2080 1309">
    <p class='ocr_par' dir='ltr' id='par_1_10' title="bbox 505 1235 2080 1309">
     <span class='ocr_line' id='line_1_10' title="bbox 505 1235 2080 1309; baseline 0.004 -22"><span class='ocrx_word' id='word_1_74' title='bbox 505 1235 865 1301; x_wconf 75' lang='grc' dir='ltr'><strong>Ἀναστασίας</strong></span> <span class='ocrx_word' id='word_1_75' title='bbox 911 1242 1006 1293; x_wconf 74' lang='grc' dir='ltr'>καὶ</span> <span class='ocrx_word' id='word_1_76' title='bbox 1062 1241 1190 1294; x_wconf 84' lang='grc' dir='ltr'>τάδε</span> <span class='ocrx_word' id='word_1_77' title='bbox 1230 1240 1387 1309; x_wconf 82' lang='grc' dir='ltr'><strong>φησί.</strong></span> <span class='ocrx_word' id='word_1_78' title='bbox 1418 1241 1486 1294; x_wconf 86' lang='lat' dir='ltr'><strong><em>Et</em></strong></span> <span class='ocrx_word' id='word_1_79' title='bbox 1520 1242 1659 1293; x_wconf 86' lang='lat' dir='ltr'><strong><em>inter</em></strong></span> <span class='ocrx_word' id='word_1_80' title='bbox 1690 1241 1801 1295; x_wconf 88' lang='lat' dir='ltr'><strong><em>alia</em></strong></span> <span class='ocrx_word' id='word_1_81' title='bbox 1837 1254 2080 1296; x_wconf 87' lang='lat' dir='ltr'><strong><em>sanctum</em></strong></span> 
     </span>
    </p>
   </div>
   <div class='ocr_carea' id='block_1_11' title="bbox 493 1326 2082 1403">
    <p class='ocr_par' dir='ltr' id='par_1_11' title="bbox 493 1326 2082 1403">
     <span class='ocr_line' id='line_1_11' title="bbox 493 1326 2082 1403; baseline 0.003 -20"><span class='ocrx_word' id='word_1_82' title='bbox 493 1326 805 1398; x_wconf 85' lang='lat' dir='ltr'><strong><em>Symeonem</em></strong></span> <span class='ocrx_word' id='word_1_83' title='bbox 837 1334 1252 1401; x_wconf 84' lang='lat' dir='ltr'><strong><em>Metaphrastem</em></strong></span> <span class='ocrx_word' id='word_1_84' title='bbox 1282 1332 1486 1387; x_wconf 75' lang='lat' dir='ltr'><strong><em>intuere</em></strong></span> <span class='ocrx_word' id='word_1_85' title='bbox 1526 1334 1717 1403; x_wconf 86' lang='lat' dir='ltr'><strong>dogma</strong></span> <span class='ocrx_word' id='word_1_86' title='bbox 1747 1335 1842 1387; x_wconf 82' lang='lat' dir='ltr'><strong><em>hoc</em></strong></span> <span class='ocrx_word' id='word_1_87' title='bbox 1867 1344 2082 1388; x_wconf 88' lang='lat' dir='ltr'><strong><em>consta-</em></strong></span> 
     </span>
    </p>
   </div>
   <div class='ocr_carea' id='block_1_12' title="bbox 494 1420 2080 1495">
    <p class='ocr_par' dir='ltr' id='par_1_12' title="bbox 494 1420 2080 1495">
     <span class='ocr_line' id='line_1_12' title="bbox 494 1420 2080 1495; baseline 0.005 -21"><span class='ocrx_word' id='word_1_88' title='bbox 494 1420 778 1485; x_wconf 90' lang='lat' dir='ltr'><strong><em>bilientem,</em></strong></span> <span class='ocrx_word' id='word_1_89' title='bbox 811 1439 935 1477; x_wconf 84' lang='lat' dir='ltr'><strong>nam</strong></span> <span class='ocrx_word' id='word_1_90' title='bbox 978 1425 1035 1477; x_wconf 84' lang='lat' dir='ltr'><strong><em>in</em></strong></span> <span class='ocrx_word' id='word_1_91' title='bbox 1081 1425 1189 1478; x_wconf 80' lang='lat' dir='ltr'><strong><em>vita</em></strong></span> <span class='ocrx_word' id='word_1_92' title='bbox 1240 1441 1444 1495; x_wconf 72' lang='lat' dir='ltr'><strong><em>magnae</em></strong></span> <span class='ocrx_word' id='word_1_93' title='bbox 1491 1426 1741 1494; x_wconf 75' lang='lat' dir='ltr'><strong><em>martyris</em></strong></span> <span class='ocrx_word' id='word_1_94' title='bbox 1780 1428 2080 1482; x_wconf 73' lang='lat' dir='ltr'><strong><em>Anastasia:</em></strong></span> 
     </span>
    </p>
   </div>
   <div class='ocr_carea' id='block_1_13' title="bbox 494 1512 2078 1586">
    <p class='ocr_par' dir='ltr' id='par_1_13' title="bbox 494 1512 2078 1586">
     <span class='ocr_line' id='line_1_13' title="bbox 494 1512 2078 1586; baseline 0.006 -23"><span class='ocrx_word' id='word_1_95' title='bbox 494 1512 606 1567; x_wconf 72' lang='lat' dir='ltr'><strong><em>haec</em></strong></span> <span class='ocrx_word' id='word_1_96' title='bbox 635 1514 782 1568; x_wconf 87' lang='lat' dir='ltr'><strong><em>dicit.</em></strong></span> <span class='ocrx_word' id='word_1_97' title='bbox 818 1515 1109 1584; x_wconf 80' lang='lat' dir='ltr'><strong>Gregorius</strong></span> <span class='ocrx_word' id='word_1_98' title='bbox 1141 1515 1459 1571; x_wconf 69' lang='lat' dir='ltr'><strong>Corinthius</strong></span> <span class='ocrx_word' id='word_1_99' title='bbox 1517 1515 1937 1586; x_wconf 75' lang='lat' dir='ltr'><strong>Metaphrastem</strong></span> <span class='ocrx_word' id='word_1_100' title='bbox 1998 1519 2078 1571; x_wconf 91' lang='lat' dir='ltr'><strong>in-</strong></span> 
     </span>
    </p>
   </div>
   <div class='ocr_carea' id='block_1_14' title="bbox 498 1604 2080 1677">
    <p class='ocr_par' dir='ltr' id='par_1_14' title="bbox 498 1604 2080 1677">
     <span class='ocr_line' id='line_1_14' title="bbox 498 1604 2080 1677; baseline 0.004 -21"><span class='ocrx_word' id='word_1_101' title='bbox 498 1612 582 1657; x_wconf 89' lang='lat' dir='ltr'><strong>ter</strong></span> <span class='ocrx_word' id='word_1_102' title='bbox 609 1604 744 1659; x_wconf 87' lang='lat' dir='ltr'><strong>alios</strong></span> <span class='ocrx_word' id='word_1_103' title='bbox 781 1614 1033 1660; x_wconf 95' lang='lat' dir='ltr'><strong>auctores</strong></span> <span class='ocrx_word' id='word_1_104' title='bbox 1080 1616 1464 1672; x_wconf 84' lang='lat' dir='ltr'><strong>connumerat,</strong></span> <span class='ocrx_word' id='word_1_105' title='bbox 1506 1623 1535 1661; x_wconf 89' lang='lat' dir='ltr'><strong>a</strong></span> <span class='ocrx_word' id='word_1_106' title='bbox 1573 1609 1773 1677; x_wconf 85' lang='lat' dir='ltr'><strong>quibus</strong></span> <span class='ocrx_word' id='word_1_107' title='bbox 1824 1610 1965 1664; x_wconf 85' lang='lat' dir='ltr'><strong>bene</strong></span> <span class='ocrx_word' id='word_1_108' title='bbox 1993 1610 2080 1665; x_wconf 85' lang='lat' dir='ltr'><strong>di-</strong></span> 
     </span>
    </p>
   </div>
   <div class='ocr_carea' id='block_1_15' title="bbox 496 1696 2080 1768">
    <p class='ocr_par' dir='ltr' id='par_1_15' title="bbox 496 1696 2080 1768">
     <span class='ocr_line' id='line_1_15' title="bbox 496 1696 2080 1768; baseline 0.004 -19"><span class='ocrx_word' id='word_1_109' title='bbox 496 1696 673 1758; x_wconf 84' lang='lat' dir='ltr'><strong>cendi,</strong></span> <span class='ocrx_word' id='word_1_110' title='bbox 697 1697 941 1766; x_wconf 86' lang='lat' dir='ltr'><strong>beneque</strong></span> <span class='ocrx_word' id='word_1_111' title='bbox 975 1698 1233 1752; x_wconf 82' lang='lat' dir='ltr'><strong>narrandi</strong></span> <span class='ocrx_word' id='word_1_112' title='bbox 1261 1699 1507 1768; x_wconf 78' lang='lat' dir='ltr'><strong>exempla</strong></span> <span class='ocrx_word' id='word_1_113' title='bbox 1533 1701 1764 1768; x_wconf 86' lang='lat' dir='ltr'><strong>petenda</strong></span> <span class='ocrx_word' id='word_1_114' title='bbox 1792 1710 1940 1758; x_wconf 89' lang='lat' dir='ltr'><strong>sunt.</strong></span> <span class='ocrx_word' id='word_1_115' title='bbox 1968 1704 2080 1756; x_wconf 85' lang='lat' dir='ltr'><strong>An-</strong></span> 
     </span>
    </p>
   </div>
   <div class='ocr_carea' id='block_1_16' title="bbox 496 1787 2074 1860">
    <p class='ocr_par' dir='ltr' id='par_1_16' title="bbox 496 1787 2074 1860">
     <span class='ocr_line' id='line_1_16' title="bbox 496 1787 2074 1860; baseline 0.005 -19"><span class='ocrx_word' id='word_1_116' title='bbox 496 1787 654 1842; x_wconf 87' lang='lat' dir='ltr'><strong>dreas</strong></span> <span class='ocrx_word' id='word_1_117' title='bbox 676 1788 856 1844; x_wconf 81' lang='lat' dir='ltr'><strong>Rhodi</strong></span> <span class='ocrx_word' id='word_1_118' title='bbox 886 1791 1084 1860; x_wconf 65' lang='lat' dir='ltr'><strong>praesul</strong></span> <span class='ocrx_word' id='word_1_119' title='bbox 1109 1795 1163 1844; x_wconf 85' lang='lat' dir='ltr'><strong>in</strong></span> <span class='ocrx_word' id='word_1_120' title='bbox 1212 1790 1460 1846; x_wconf 82' lang='lat' dir='ltr'><strong>Concilio</strong></span> <span class='ocrx_word' id='word_1_121' title='bbox 1498 1792 1801 1847; x_wconf 81' lang='lat' dir='ltr'><strong>Florentin.</strong></span> <span class='ocrx_word' id='word_1_122' title='bbox 1861 1811 1999 1849; x_wconf 88' lang='lat' dir='ltr'><strong>sess.</strong></span> <span class='ocrx_word' id='word_1_123' title='bbox 2044 1797 2074 1848; x_wconf 88' lang='lat'><strong>7</strong></span> 
     </span>
    </p>
   </div>
   <div class='ocr_carea' id='block_1_17' title="bbox 2184 602 3773 674">
    <p class='ocr_par' dir='ltr' id='par_1_17' title="bbox 2184 602 3773 674">
     <span class='ocr_line' id='line_1_17' title="bbox 2184 602 3773 674; baseline 0.003 -20"><span class='ocrx_word' id='word_1_124' title='bbox 2184 605 2328 669; x_wconf 85' lang='lat' dir='ltr'><strong><em>apud</em></strong></span> <span class='ocrx_word' id='word_1_125' title='bbox 2364 602 2571 658; x_wconf 70' lang='lat' dir='ltr'><strong><em>Gra’cos</em></strong></span> <span class='ocrx_word' id='word_1_126' title='bbox 2602 604 2788 657; x_wconf 88' lang='lat' dir='ltr'><strong><em>Patres</em></strong></span> <span class='ocrx_word' id='word_1_127' title='bbox 2810 604 3083 658; x_wconf 82' lang='lat' dir='ltr'><strong>beatorum</strong></span> <span class='ocrx_word' id='word_1_128' title='bbox 3106 603 3365 674; x_wconf 86' lang='lat' dir='ltr'><strong><em>Catalogo</em></strong></span> <span class='ocrx_word' id='word_1_129' title='bbox 3394 604 3717 673; x_wconf 86' lang='lat' dir='ltr'><strong><em>adscriptum</em></strong></span> <span class='ocrx_word' id='word_1_130' title='bbox 3750 619 3773 658; x_wconf 90' lang='lat'><strong><em>:</em></strong></span> 
     </span>
    </p>
   </div>
   <div class='ocr_carea' id='block_1_18' title="bbox 2182 694 3769 764">
    <p class='ocr_par' dir='ltr' id='par_1_18' title="bbox 2182 694 3769 764">
     <span class='ocr_line' id='line_1_18' title="bbox 2182 694 3769 764; baseline 0.004 -20"><span class='ocrx_word' id='word_1_131' title='bbox 2182 694 2440 762; x_wconf 76' lang='lat' dir='ltr'><strong>siquidem</strong></span> <span class='ocrx_word' id='word_1_132' title='bbox 2466 696 2581 764; x_wconf 87' lang='lat' dir='ltr'><strong><em>ejus</em></strong></span> <span class='ocrx_word' id='word_1_133' title='bbox 2598 696 2789 763; x_wconf 77' lang='lat' dir='ltr'><strong><em>festum</em></strong></span> <span class='ocrx_word' id='word_1_134' title='bbox 2822 696 2966 763; x_wconf 90' lang='lat' dir='ltr'><strong><em>apud</em></strong></span> <span class='ocrx_word' id='word_1_135' title='bbox 2992 695 3113 750; x_wconf 88' lang='lat' dir='ltr'><strong><em>illos</em></strong></span> <span class='ocrx_word' id='word_1_136' title='bbox 3159 695 3227 747; x_wconf 71' lang='lat'><strong>‘27</strong></span> <span class='ocrx_word' id='word_1_137' title='bbox 3267 694 3407 749; x_wconf 82' lang='lat' dir='ltr'><strong><em>Nov.</em></strong></span> <span class='ocrx_word' id='word_1_138' title='bbox 3453 696 3769 750; x_wconf 79' lang='lat' dir='ltr'><strong>celebratur.</strong></span> 
     </span>
    </p>
   </div>
   <div class='ocr_carea' id='block_1_19' title="bbox 2184 782 3770 856">
    <p class='ocr_par' dir='ltr' id='par_1_19' title="bbox 2184 782 3770 856">
     <span class='ocr_line' id='line_1_19' title="bbox 2184 782 3770 856; baseline 0.004 -21"><span class='ocrx_word' id='word_1_139' title='bbox 2184 782 2365 848; x_wconf 82' lang='lat' dir='ltr'><strong><em>Quare</em></strong></span> <span class='ocrx_word' id='word_1_140' title='bbox 2386 785 2691 853; x_wconf 86' lang='lat' dir='ltr'><strong><em>plenissima</em></strong></span> <span class='ocrx_word' id='word_1_141' title='bbox 2733 786 2862 853; x_wconf 81' lang='lat' dir='ltr'><strong><em>ﬁdes</em></strong></span> <span class='ocrx_word' id='word_1_142' title='bbox 2901 787 3021 856; x_wconf 81' lang='lat' dir='ltr'><strong><em>ejus</em></strong></span> <span class='ocrx_word' id='word_1_143' title='bbox 3057 788 3270 855; x_wconf 75' lang='lat' dir='ltr'><strong>scriptis</strong></span> <span class='ocrx_word' id='word_1_144' title='bbox 3308 787 3547 841; x_wconf 81' lang='lat' dir='ltr'><strong>adhiberi</strong></span> <span class='ocrx_word' id='word_1_145' title='bbox 3576 798 3770 856; x_wconf 83' lang='lat' dir='ltr'><strong><em>potest,</em></strong></span> 
     </span>
    </p>
   </div>
   <div class='ocr_carea' id='block_1_20' title="bbox 2182 878 3776 948">
    <p class='ocr_par' dir='ltr' id='par_1_20' title="bbox 2182 878 3776 948">
     <span class='ocr_line' id='line_1_20' title="bbox 2182 878 3776 948; baseline 0.004 -21"><span class='ocrx_word' id='word_1_146' title='bbox 2182 886 2338 944; x_wconf 84' lang='lat' dir='ltr'><strong><em>prout</em></strong></span> <span class='ocrx_word' id='word_1_147' title='bbox 2365 878 2531 942; x_wconf 90' lang='lat' dir='ltr'><strong><em>decet,</em></strong></span> <span class='ocrx_word' id='word_1_148' title='bbox 2549 878 2987 948; x_wconf 85' lang='lat' dir='ltr'><strong><em>gravissimorum</em></strong></span> <span class='ocrx_word' id='word_1_149' title='bbox 3002 880 3229 948; x_wconf 88' lang='lat' dir='ltr'><strong><em>pariter,</em></strong></span> <span class='ocrx_word' id='word_1_150' title='bbox 3266 889 3315 934; x_wconf 86' lang='lat' dir='ltr'><strong>et</strong></span> <span class='ocrx_word' id='word_1_151' title='bbox 3346 881 3776 933; x_wconf 83' lang='lat' dir='ltr'><strong>doctissimorum</strong></span> 
     </span>
    </p>
   </div>
   <div class='ocr_carea' id='block_1_21' title="bbox 2185 968 3779 1039">
    <p class='ocr_par' dir='ltr' id='par_1_21' title="bbox 2185 968 3779 1039">
     <span class='ocr_line' id='line_1_21' title="bbox 2185 968 3779 1039; baseline 0.002 -17"><span class='ocrx_word' id='word_1_152' title='bbox 2185 968 2411 1023; x_wconf 86' lang='lat' dir='ltr'><strong><em>Patrum</em></strong></span> <span class='ocrx_word' id='word_1_153' title='bbox 2439 972 2794 1025; x_wconf 84' lang='lat' dir='ltr'><strong><em>testimonium</em></strong></span> <span class='ocrx_word' id='word_1_154' title='bbox 2814 972 3088 1026; x_wconf 83' lang='lat' dir='ltr'><strong><em>habemus.</em></strong></span> <span class='ocrx_word' id='word_1_155' title='bbox 3120 972 3226 1039; x_wconf 80' lang='lat' dir='ltr'><strong>Qui</strong></span> <span class='ocrx_word' id='word_1_156' title='bbox 3249 981 3426 1027; x_wconf 86' lang='lat' dir='ltr'><strong><em>autem</em></strong></span> <span class='ocrx_word' id='word_1_157' title='bbox 3453 974 3533 1027; x_wconf 92' lang='lat' dir='ltr'><strong><em>illi</em></strong></span> <span class='ocrx_word' id='word_1_158' title='bbox 3564 977 3669 1027; x_wconf 87' lang='lat' dir='ltr'><strong><em>sint</em></strong></span> <span class='ocrx_word' id='word_1_159' title='bbox 3698 975 3779 1026; x_wconf 78' lang='lat' dir='ltr'><strong>ad</strong></span> 
     </span>
    </p>
   </div>
   <div class='ocr_carea' id='block_1_22' title="bbox 2182 1063 3781 1132">
    <p class='ocr_par' dir='ltr' id='par_1_22' title="bbox 2182 1063 3781 1132">
     <span class='ocr_line' id='line_1_22' title="bbox 2182 1063 3781 1132; baseline 0.001 -19"><span class='ocrx_word' id='word_1_160' title='bbox 2182 1070 2332 1114; x_wconf 89' lang='lat' dir='ltr'><strong><em>tuam</em></strong></span> <span class='ocrx_word' id='word_1_161' title='bbox 2371 1078 2572 1132; x_wconf 84' lang='lat' dir='ltr'><strong><em>quoque</em></strong></span> <span class='ocrx_word' id='word_1_162' title='bbox 2620 1063 2778 1132; x_wconf 82' lang='lat' dir='ltr'><strong><em>ﬁdem</em></strong></span> <span class='ocrx_word' id='word_1_163' title='bbox 2836 1065 3278 1132; x_wconf 80' lang='lat' dir='ltr'><strong><em>confirmandam,</em></strong></span> <span class='ocrx_word' id='word_1_164' title='bbox 3330 1064 3467 1118; x_wconf 74' lang='lat' dir='ltr'><strong>sicut</strong></span> <span class='ocrx_word' id='word_1_165' title='bbox 3508 1074 3554 1117; x_wconf 91' lang='lat' dir='ltr'><strong>et</strong></span> <span class='ocrx_word' id='word_1_166' title='bbox 3596 1080 3781 1117; x_wconf 82' lang='lat' dir='ltr'><strong><em>meum</em></strong></span> 
     </span>
    </p>
   </div>
   <div class='ocr_carea' id='block_1_23' title="bbox 2182 1153 3779 1223">
    <p class='ocr_par' dir='ltr' id='par_1_23' title="bbox 2182 1153 3779 1223">
     <span class='ocr_line' id='line_1_23' title="bbox 2182 1153 3779 1223; baseline 0.001 -17"><span class='ocrx_word' id='word_1_167' title='bbox 2182 1154 2548 1221; x_wconf 83' lang='lat' dir='ltr'><strong><em>corroborant,</em></strong></span> <span class='ocrx_word' id='word_1_168' title='bbox 2581 1172 2666 1209; x_wconf 89' lang='lat' dir='ltr'><strong><em>eos</em></strong></span> <span class='ocrx_word' id='word_1_169' title='bbox 2695 1156 2777 1208; x_wconf 84' lang='lat' dir='ltr'><strong><em>hic</em></strong></span> <span class='ocrx_word' id='word_1_170' title='bbox 2806 1155 3133 1223; x_wconf 85' lang='lat' dir='ltr'><strong><em>subjicimus.</em></strong></span> <span class='ocrx_word' id='word_1_171' title='bbox 3177 1154 3311 1209; x_wconf 72' lang='lat' dir='ltr'><strong>Vide</strong></span> <span class='ocrx_word' id='word_1_172' title='bbox 3367 1156 3496 1209; x_wconf 86' lang='lat' dir='ltr'><strong>item</strong></span> <span class='ocrx_word' id='word_1_173' title='bbox 3551 1153 3779 1208; x_wconf 82' lang='lat' dir='ltr'><strong>Gretse—</strong></span> 
     </span>
    </p>
   </div>
   <div class='ocr_carea' id='block_1_24' title="bbox 2184 1244 3780 1317">
    <p class='ocr_par' dir='ltr' id='par_1_24' title="bbox 2184 1244 3780 1317">
     <span class='ocr_line' id='line_1_24' title="bbox 2184 1244 3780 1317; baseline -0.001 -19"><span class='ocrx_word' id='word_1_174' title='bbox 2184 1260 2305 1298; x_wconf 89' lang='lat' dir='ltr'><strong>rum</strong></span> <span class='ocrx_word' id='word_1_175' title='bbox 2336 1245 2404 1301; x_wconf 86' lang='lat' dir='ltr'><strong>de</strong></span> <span class='ocrx_word' id='word_1_176' title='bbox 2426 1246 2758 1317; x_wconf 84' lang='lat' dir='ltr'><strong>Imaginibus</strong></span> <span class='ocrx_word' id='word_1_177' title='bbox 2788 1262 2819 1300; x_wconf 85' lang='lat' dir='ltr'><strong>a</strong></span> <span class='ocrx_word' id='word_1_178' title='bbox 2847 1245 2904 1300; x_wconf 91' lang='lat' dir='ltr'><strong>S.</strong></span> <span class='ocrx_word' id='word_1_179' title='bbox 2940 1246 3084 1300; x_wconf 86' lang='lat' dir='ltr'><strong>Luca</strong></span> <span class='ocrx_word' id='word_1_180' title='bbox 3109 1245 3267 1316; x_wconf 81' lang='lat' dir='ltr'><strong>pictis</strong></span> <span class='ocrx_word' id='word_1_181' title='bbox 3288 1260 3337 1299; x_wconf 88' lang='lat' dir='ltr'><strong>c.</strong></span> <span class='ocrx_word' id='word_1_182' title='bbox 3360 1245 3446 1298; x_wconf 76' lang='grc'><strong>19.</strong></span> <span class='ocrx_word' id='word_1_183' title='bbox 3466 1245 3566 1299; x_wconf 79' lang='lat' dir='ltr'><strong>Hic</strong></span> <span class='ocrx_word' id='word_1_184' title='bbox 3588 1244 3780 1313; x_wconf 79' lang='lat' dir='ltr'><strong><em>itaque</em></strong></span> 
     </span>
    </p>
   </div>
   <div class='ocr_carea' id='block_1_25' title="bbox 2186 1336 3779 1408">
    <p class='ocr_par' dir='ltr' id='par_1_25' title="bbox 2186 1336 3779 1408">
     <span class='ocr_line' id='line_1_25' title="bbox 2186 1336 3779 1408; baseline -0.002 -17"><span class='ocrx_word' id='word_1_185' title='bbox 2186 1347 2368 1392; x_wconf 89' lang='lat' dir='ltr'><strong>tantus</strong></span> <span class='ocrx_word' id='word_1_186' title='bbox 2397 1340 2500 1403; x_wconf 87' lang='lat' dir='ltr'><strong>vir,</strong></span> <span class='ocrx_word' id='word_1_187' title='bbox 2530 1348 2611 1393; x_wconf 80' lang='lat' dir='ltr'><strong>tot</strong></span> <span class='ocrx_word' id='word_1_188' title='bbox 2653 1337 3165 1408; x_wconf 84' lang='lat' dir='ltr'><strong>probatissimorum</strong></span> <span class='ocrx_word' id='word_1_189' title='bbox 3197 1343 3481 1394; x_wconf 83' lang='lat' dir='ltr'><strong>auctorum</strong></span> <span class='ocrx_word' id='word_1_190' title='bbox 3524 1336 3779 1390; x_wconf 85' lang='lat' dir='ltr'><strong>testimo-</strong></span> 
     </span>
    </p>
   </div>
   <div class='ocr_carea' id='block_1_26' title="bbox 2182 1427 3775 1500">
    <p class='ocr_par' dir='ltr' id='par_1_26' title="bbox 2182 1427 3775 1500">
     <span class='ocr_line' id='line_1_26' title="bbox 2182 1427 3775 1500; baseline -0.001 -17"><span class='ocrx_word' id='word_1_191' title='bbox 2182 1430 2288 1484; x_wconf 90' lang='lat' dir='ltr'><strong>niis</strong></span> <span class='ocrx_word' id='word_1_192' title='bbox 2314 1430 2531 1493; x_wconf 88' lang='lat' dir='ltr'><strong>doctus,</strong></span> <span class='ocrx_word' id='word_1_193' title='bbox 2558 1431 2842 1500; x_wconf 85' lang='lat' dir='ltr'><strong>eloquens,</strong></span> <span class='ocrx_word' id='word_1_194' title='bbox 2869 1430 3118 1493; x_wconf 88' lang='lat' dir='ltr'><strong>idoneus,</strong></span> <span class='ocrx_word' id='word_1_195' title='bbox 3147 1428 3415 1498; x_wconf 80' lang='lat' dir='ltr'><strong>magistri,</strong></span> <span class='ocrx_word' id='word_1_196' title='bbox 3456 1427 3775 1498; x_wconf 69' lang='lat' dir='ltr'><strong>Iugolltcttr,</strong></span> 
     </span>
    </p>
   </div>
   <div class='ocr_carea' id='block_1_27' title="bbox 2182 1517 3780 1594">
    <p class='ocr_par' dir='ltr' id='par_1_27' title="bbox 2182 1517 3780 1594">
     <span class='ocr_line' id='line_1_27' title="bbox 2182 1517 3780 1594; baseline -0.003 -17"><span class='ocrx_word' id='word_1_197' title='bbox 2182 1523 2410 1592; x_wconf 84' lang='lat' dir='ltr'><strong>aliisque</strong></span> <span class='ocrx_word' id='word_1_198' title='bbox 2444 1523 2803 1594; x_wconf 78' lang='lat' dir='ltr'><strong>dignitatibus</strong></span> <span class='ocrx_word' id='word_1_199' title='bbox 2834 1522 3244 1585; x_wconf 80' lang='lat' dir='ltr'><strong>eohonestatus,</strong></span> <span class='ocrx_word' id='word_1_200' title='bbox 3277 1529 3504 1575; x_wconf 88' lang='lat' dir='ltr'><strong>sanctus</strong></span> <span class='ocrx_word' id='word_1_201' title='bbox 3532 1520 3587 1573; x_wconf 89' lang='lat' dir='ltr'><strong>in</strong></span> <span class='ocrx_word' id='word_1_202' title='bbox 3626 1517 3780 1572; x_wconf 67' lang='lat' dir='ltr'><strong>Grae-</strong></span> 
     </span>
    </p>
   </div>
   <div class='ocr_carea' id='block_1_28' title="bbox 2183 1612 3776 1683">
    <p class='ocr_par' dir='ltr' id='par_1_28' title="bbox 2183 1612 3776 1683">
     <span class='ocr_line' id='line_1_28' title="bbox 2183 1612 3776 1683; baseline -0.003 -16"><span class='ocrx_word' id='word_1_203' title='bbox 2183 1628 2370 1667; x_wconf 90' lang='lat' dir='ltr'><strong>corum</strong></span> <span class='ocrx_word' id='word_1_204' title='bbox 2400 1614 2664 1683; x_wconf 80' lang='lat' dir='ltr'><strong>Ecclesiis</strong></span> <span class='ocrx_word' id='word_1_205' title='bbox 2699 1616 3117 1679; x_wconf 83' lang='lat' dir='ltr'><strong>celeberrimus,</strong></span> <span class='ocrx_word' id='word_1_206' title='bbox 3163 1628 3288 1669; x_wconf 88' lang='lat' dir='ltr'><strong>cum</strong></span> <span class='ocrx_word' id='word_1_207' title='bbox 3324 1612 3444 1667; x_wconf 87' lang='lat' dir='ltr'><strong>aliis</strong></span> <span class='ocrx_word' id='word_1_208' title='bbox 3483 1619 3776 1681; x_wconf 83' lang='lat' dir='ltr'><strong>computa—</strong></span> 
     </span>
    </p>
   </div>
   <div class='ocr_carea' id='block_1_29' title="bbox 2184 1705 3784 1774">
    <p class='ocr_par' dir='ltr' id='par_1_29' title="bbox 2184 1705 3784 1774">
     <span class='ocr_line' id='line_1_29' title="bbox 2184 1705 3784 1774; baseline -0.002 -14"><span class='ocrx_word' id='word_1_209' title='bbox 2184 1715 2292 1771; x_wconf 60' lang='grc' dir='ltr'><strong>ωε,</strong></span> <span class='ocrx_word' id='word_1_210' title='bbox 2323 1705 2415 1774; x_wconf 90' lang='lat' dir='ltr'><strong>qui</strong></span> <span class='ocrx_word' id='word_1_211' title='bbox 2448 1705 2744 1761; x_wconf 85' lang='lat' dir='ltr'><strong>Ecclesiam</strong></span> <span class='ocrx_word' id='word_1_212' title='bbox 2780 1707 3125 1761; x_wconf 88' lang='lat' dir='ltr'><strong>sermonibus</strong></span> <span class='ocrx_word' id='word_1_213' title='bbox 3150 1706 3265 1759; x_wconf 90' lang='lat' dir='ltr'><strong>suis</strong></span> <span class='ocrx_word' id='word_1_214' title='bbox 3300 1705 3642 1759; x_wconf 89' lang='lat' dir='ltr'><strong>illustrarunt</strong></span> <span class='ocrx_word' id='word_1_215' title='bbox 3673 1722 3685 1755; x_wconf 91' lang='lat'><strong>:</strong></span> <span class='ocrx_word' id='word_1_216' title='bbox 3724 1713 3784 1757; x_wconf 84' lang='lat' dir='ltr'><strong>et</strong></span> 
     </span>
    </p>
   </div>
   <div class='ocr_carea' id='block_1_30' title="bbox 2181 1794 3782 1867">
    <p class='ocr_par' dir='ltr' id='par_1_30' title="bbox 2181 1794 3782 1867">
     <span class='ocr_line' id='line_1_30' title="bbox 2181 1794 3782 1867; baseline -0.003 -15"><span class='ocrx_word' id='word_1_217' title='bbox 2181 1796 2339 1866; x_wconf 81' lang='lat' dir='ltr'><strong>cujus</strong></span> <span class='ocrx_word' id='word_1_218' title='bbox 2363 1796 2505 1852; x_wconf 89' lang='lat' dir='ltr'><strong>dicta</strong></span> <span class='ocrx_word' id='word_1_219' title='bbox 2539 1798 2605 1853; x_wconf 89' lang='lat' dir='ltr'><strong>ad</strong></span> <span class='ocrx_word' id='word_1_220' title='bbox 2630 1798 2952 1853; x_wconf 76' lang='lat' dir='ltr'><strong>stabilienda</strong></span> <span class='ocrx_word' id='word_1_221' title='bbox 2986 1798 3107 1851; x_wconf 85' lang='lat' dir='ltr'><strong>tidei</strong></span> <span class='ocrx_word' id='word_1_222' title='bbox 3141 1797 3395 1867; x_wconf 84' lang='lat' dir='ltr'><strong>dogmata</strong></span> <span class='ocrx_word' id='word_1_223' title='bbox 3436 1796 3490 1849; x_wconf 88' lang='lat' dir='ltr'><strong>in</strong></span> <span class='ocrx_word' id='word_1_224' title='bbox 3527 1794 3782 1849; x_wconf 86' lang='lat' dir='ltr'><strong>conciliis</strong></span> 
     </span>
    </p>
   </div>
   <div class='ocr_carea' id='block_1_31' title="bbox 494 1872 3780 1964">
    <p class='ocr_par' dir='ltr' id='par_1_31' title="bbox 494 1872 3780 1964">
     <span class='ocr_line' id='line_1_31' title="bbox 494 1872 3780 1964; baseline 0.001 -29"><span class='ocrx_word' id='word_1_225' title='bbox 494 1879 711 1936; x_wconf 67' lang='lat' dir='ltr'><strong>Graecos</strong></span> <span class='ocrx_word' id='word_1_226' title='bbox 734 1881 808 1936; x_wconf 91' lang='lat' dir='ltr'><strong>ita</strong></span> <span class='ocrx_word' id='word_1_227' title='bbox 836 1881 1156 1952; x_wconf 79' lang='lat' dir='ltr'><strong>alloquitur:</strong></span> <span class='ocrx_word' id='word_1_228' title='bbox 1184 1882 1251 1936; x_wconf 85' lang='lat' dir='ltr'><strong><em>lu</em></strong></span> <span class='ocrx_word' id='word_1_229' title='bbox 1277 1885 1462 1952; x_wconf 85' lang='lat' dir='ltr'><strong><em>primis</em></strong></span> <span class='ocrx_word' id='word_1_230' title='bbox 1486 1885 1645 1953; x_wconf 84' lang='lat' dir='ltr'><strong><em>igitur</em></strong></span> <span class='ocrx_word' id='word_1_231' title='bbox 1667 1884 1893 1956; x_wconf 79' lang='lat' dir='ltr'><strong><em>Symeon</em></strong></span> <span class='ocrx_word' id='word_1_232' title='bbox 1914 1887 2078 1941; x_wconf 83' lang='lat' dir='ltr'><strong><em>Meta-</em></strong></span> <span class='ocrx_word' id='word_1_233' title='bbox 2109 1872 2156 1931; x_wconf 83' lang='grc' dir='ltr'><strong>Β</strong></span> <span class='ocrx_word' id='word_1_234' title='bbox 2186 1893 2583 1964; x_wconf 87' lang='lat' dir='ltr'><strong>producuntur,</strong></span> <span class='ocrx_word' id='word_1_235' title='bbox 2607 1890 2694 1945; x_wconf 84' lang='lat' dir='ltr'><strong>vel</strong></span> <span class='ocrx_word' id='word_1_236' title='bbox 2731 1893 2850 1943; x_wconf 90' lang='lat' dir='ltr'><strong>solo</strong></span> <span class='ocrx_word' id='word_1_237' title='bbox 2897 1889 3086 1953; x_wconf 88' lang='lat' dir='ltr'><strong>unius,</strong></span> <span class='ocrx_word' id='word_1_238' title='bbox 3135 1888 3221 1942; x_wconf 83' lang='lat' dir='ltr'><strong>vel</strong></span> <span class='ocrx_word' id='word_1_239' title='bbox 3261 1887 3488 1942; x_wconf 87' lang='lat' dir='ltr'><strong>alterius</strong></span> <span class='ocrx_word' id='word_1_240' title='bbox 3532 1886 3780 1940; x_wconf 71' lang='lat' dir='ltr'><strong>hmrelici</strong></span> 
     </span>
    </p>
   </div>
   <div class='ocr_carea' id='block_1_32' title="bbox 496 1974 2078 2042">
    <p class='ocr_par' dir='ltr' id='par_1_32' title="bbox 496 1974 2078 2042">
     <span class='ocr_line' id='line_1_32' title="bbox 496 1974 2078 2042; baseline 0.007 -17"><span class='ocrx_word' id='word_1_241' title='bbox 496 1974 732 2042; x_wconf 82' lang='lat' dir='ltr'><strong><em>phrastes</em></strong></span> <span class='ocrx_word' id='word_1_242' title='bbox 785 1974 967 2028; x_wconf 84' lang='lat' dir='ltr'><strong><em>vestris</em></strong></span> <span class='ocrx_word' id='word_1_243' title='bbox 1035 1980 1091 2029; x_wconf 88' lang='lat' dir='ltr'><strong><em>in</em></strong></span> <span class='ocrx_word' id='word_1_244' title='bbox 1122 1975 1353 2029; x_wconf 82' lang='lat' dir='ltr'><strong><em>ecclesiis</em></strong></span> <span class='ocrx_word' id='word_1_245' title='bbox 1417 1976 1787 2031; x_wconf 84' lang='lat' dir='ltr'><strong><em>celeberrimus</em></strong></span> <span class='ocrx_word' id='word_1_246' title='bbox 1838 1981 2078 2036; x_wconf 82' lang='lat' dir='ltr'><strong><em>accedat.</em></strong></span> 
     </span>
    </p>
   </div>
   <div class='ocr_carea' id='block_1_33' title="bbox 498 2059 2075 2138">
    <p class='ocr_par' dir='ltr' id='par_1_33' title="bbox 498 2059 2075 2138">
     <span class='ocr_line' id='line_1_33' title="bbox 498 2059 2075 2138; baseline 0.004 -23"><span class='ocrx_word' id='word_1_247' title='bbox 498 2061 584 2126; x_wconf 85' lang='lat' dir='ltr'><strong>Et,</strong></span> <span class='ocrx_word' id='word_1_248' title='bbox 632 2059 865 2130; x_wconf 87' lang='lat' dir='ltr'><strong><em>Legatur</em></strong></span> <span class='ocrx_word' id='word_1_249' title='bbox 910 2062 999 2117; x_wconf 88' lang='lat' dir='ltr'><strong><em>ille</em></strong></span> <span class='ocrx_word' id='word_1_250' title='bbox 1027 2065 1117 2133; x_wconf 87' lang='lat' dir='ltr'><strong>qui</strong></span> <span class='ocrx_word' id='word_1_251' title='bbox 1157 2082 1189 2118; x_wconf 91' lang='lat' dir='ltr'><strong>a</strong></span> <span class='ocrx_word' id='word_1_252' title='bbox 1226 2064 1369 2119; x_wconf 85' lang='lat' dir='ltr'><strong><em>vobis</em></strong></span> <span class='ocrx_word' id='word_1_253' title='bbox 1399 2068 1633 2136; x_wconf 82' lang='lat' dir='ltr'><strong><em>quotidie</em></strong></span> <span class='ocrx_word' id='word_1_254' title='bbox 1665 2068 1859 2138; x_wconf 85' lang='lat' dir='ltr'><strong><em>legitur</em></strong></span> <span class='ocrx_word' id='word_1_255' title='bbox 1884 2070 1938 2122; x_wconf 86' lang='lat' dir='ltr'><strong>in</strong></span> <span class='ocrx_word' id='word_1_256' title='bbox 1988 2087 2075 2124; x_wconf 83' lang='lat' dir='ltr'><strong><em>ec-</em></strong></span> 
     </span>
    </p>
   </div>
   <div class='ocr_carea' id='block_1_34' title="bbox 498 2151 2084 2229">
    <p class='ocr_par' dir='ltr' id='par_1_34' title="bbox 498 2151 2084 2229">
     <span class='ocr_line' id='line_1_34' title="bbox 498 2151 2084 2229; baseline 0.006 -24"><span class='ocrx_word' id='word_1_257' title='bbox 498 2151 668 2207; x_wconf 78' lang='lat' dir='ltr'><strong><em>clesiis</em></strong></span> <span class='ocrx_word' id='word_1_258' title='bbox 698 2152 922 2224; x_wconf 81' lang='lat' dir='ltr'><strong><em>Symeon</em></strong></span> <span class='ocrx_word' id='word_1_259' title='bbox 967 2155 1367 2226; x_wconf 81' lang='lat' dir='ltr'><strong><em>Metaphrastes.</em></strong></span> <span class='ocrx_word' id='word_1_260' title='bbox 1401 2157 1676 2229; x_wconf 81' lang='lat' dir='ltr'><strong>Josephus</strong></span> <span class='ocrx_word' id='word_1_261' title='bbox 1714 2160 2084 2217; x_wconf 77' lang='lat' dir='ltr'><strong>Mcthonensis</strong></span> 
     </span>
    </p>
   </div>
   <div class='ocr_carea' id='block_1_35' title="bbox 497 2248 2080 2324">
    <p class='ocr_par' dir='ltr' id='par_1_35' title="bbox 497 2248 2080 2324">
     <span class='ocr_line' id='line_1_35' title="bbox 497 2248 2080 2324; baseline 0.008 -23"><span class='ocrx_word' id='word_1_262' title='bbox 497 2248 763 2320; x_wconf 80' lang='lat' dir='ltr'><strong>Apologia</strong></span> <span class='ocrx_word' id='word_1_263' title='bbox 812 2266 914 2321; x_wconf 86' lang='lat' dir='ltr'><strong>pro</strong></span> <span class='ocrx_word' id='word_1_264' title='bbox 971 2251 1190 2324; x_wconf 83' lang='lat' dir='ltr'><strong>Synodo</strong></span> <span class='ocrx_word' id='word_1_265' title='bbox 1232 2254 1547 2311; x_wconf 84' lang='lat' dir='ltr'><strong>Florentina</strong></span> <span class='ocrx_word' id='word_1_266' title='bbox 1594 2266 1782 2312; x_wconf 89' lang='lat' dir='ltr'><strong>contra</strong></span> <span class='ocrx_word' id='word_1_267' title='bbox 1840 2257 2080 2313; x_wconf 80' lang='lat' dir='ltr'><strong>Marcum</strong></span> 
     </span>
    </p>
   </div>
   <div class='ocr_carea' id='block_1_36' title="bbox 499 2338 2083 2418">
    <p class='ocr_par' dir='ltr' id='par_1_36' title="bbox 499 2338 2083 2418">
     <span class='ocr_line' id='line_1_36' title="bbox 499 2338 2083 2418; baseline 0.006 -24"><span class='ocrx_word' id='word_1_268' title='bbox 499 2338 795 2409; x_wconf 83' lang='lat' dir='ltr'><strong>Ephesium</strong></span> <span class='ocrx_word' id='word_1_269' title='bbox 831 2359 847 2396; x_wconf 92' lang='lat'><strong>:</strong></span> <span class='ocrx_word' id='word_1_270' title='bbox 881 2345 990 2398; x_wconf 76' lang='grc' dir='ltr'><strong>Καὶ</strong></span> <span class='ocrx_word' id='word_1_271' title='bbox 1021 2344 1246 2416; x_wconf 85' lang='grc' dir='ltr'><strong>Συμεὼν</strong></span> <span class='ocrx_word' id='word_1_272' title='bbox 1295 2346 1352 2401; x_wconf 84' lang='grc' dir='ltr'><strong>δὲ</strong></span> <span class='ocrx_word' id='word_1_273' title='bbox 1400 2350 1429 2402; x_wconf 86' lang='grc' dir='ltr'>ὀ</span> <span class='ocrx_word' id='word_1_274' title='bbox 1458 2347 1580 2412; x_wconf 81' lang='grc' dir='ltr'><strong>νέος</strong></span> <span class='ocrx_word' id='word_1_275' title='bbox 1614 2348 1897 2418; x_wconf 80' lang='grc' dir='ltr'><strong>Θεολόγος,</strong></span> <span class='ocrx_word' id='word_1_276' title='bbox 1929 2352 1957 2402; x_wconf 82' lang='grc' dir='ltr'><strong><em>ὁ</em></strong></span> <span class='ocrx_word' id='word_1_277' title='bbox 1987 2350 2083 2403; x_wconf 75' lang='grc' dir='ltr'><strong>καὶ</strong></span> 
     </span>
    </p>
   </div>
   <div class='ocr_carea' id='block_1_37' title="bbox 499 2432 2081 2511">
    <p class='ocr_par' dir='ltr' id='par_1_37' title="bbox 499 2432 2081 2511">
     <span class='ocr_line' id='line_1_37' title="bbox 499 2432 2081 2511; baseline 0.006 -26"><span class='ocrx_word' id='word_1_278' title='bbox 499 2432 908 2504; x_wconf 77' lang='grc' dir='ltr'><strong>Μεταφραστὴς</strong></span> <span class='ocrx_word' id='word_1_279' title='bbox 944 2434 1298 2506; x_wconf 78' lang='grc' dir='ltr'><strong>καλούμενος,</strong></span> <span class='ocrx_word' id='word_1_280' title='bbox 1330 2441 1396 2510; x_wconf 79' lang='grc' dir='ltr'><strong>τῇ</strong></span> <span class='ocrx_word' id='word_1_281' title='bbox 1419 2438 1578 2511; x_wconf 77' lang='grc' dir='ltr'><strong>τρίτῃ</strong></span> <span class='ocrx_word' id='word_1_282' title='bbox 1613 2439 1708 2493; x_wconf 77' lang='grc' dir='ltr'><strong>τοῦ</strong></span> <span class='ocrx_word' id='word_1_283' title='bbox 1751 2441 2081 2511; x_wconf 77' lang='grc' dir='ltr'><strong>Ὀκτωὸρίου</strong></span> 
     </span>
    </p>
   </div>
   <div class='ocr_carea' id='block_1_38' title="bbox 501 2523 2079 2603">
    <p class='ocr_par' dir='ltr' id='par_1_38' title="bbox 501 2523 2079 2603">
     <span class='ocr_line' id='line_1_38' title="bbox 501 2523 2079 2603; baseline 0.01 -31"><span class='ocrx_word' id='word_1_284' title='bbox 501 2524 583 2587; x_wconf 75' lang='grc' dir='ltr'><strong>εἰς</strong></span> <span class='ocrx_word' id='word_1_285' title='bbox 610 2523 701 2576; x_wconf 76' lang='grc' dir='ltr'><strong>τὸν</strong></span> <span class='ocrx_word' id='word_1_286' title='bbox 737 2523 853 2594; x_wconf 79' lang='grc' dir='ltr'>βίον</span> <span class='ocrx_word' id='word_1_287' title='bbox 879 2526 973 2580; x_wconf 79' lang='grc' dir='ltr'><strong>τοῦ</strong></span> <span class='ocrx_word' id='word_1_288' title='bbox 1008 2527 1168 2595; x_wconf 75' lang='grc' dir='ltr'><strong>ἁγίου</strong></span> <span class='ocrx_word' id='word_1_289' title='bbox 1216 2531 1494 2585; x_wconf 78' lang='grc' dir='ltr'><strong>Διονυσίου</strong></span> <span class='ocrx_word' id='word_1_290' title='bbox 1539 2532 1633 2585; x_wconf 74' lang='grc' dir='ltr'><strong>τοῦ</strong></span> <span class='ocrx_word' id='word_1_291' title='bbox 1660 2532 2079 2603; x_wconf 74' lang='grc' dir='ltr'><strong>Ἀρεοπαγίτου,</strong></span> 
     </span>
    </p>
   </div>
   <div class='ocr_carea' id='block_1_39' title="bbox 500 2615 2079 2699">
    <p class='ocr_par' dir='ltr' id='par_1_39' title="bbox 500 2615 2079 2699">
     <span class='ocr_line' id='line_1_39' title="bbox 500 2615 2079 2699; baseline 0.011 -33"><span class='ocrx_word' id='word_1_292' title='bbox 500 2615 644 2668; x_wconf 76' lang='grc' dir='ltr'><strong>οὕτω</strong></span> <span class='ocrx_word' id='word_1_293' title='bbox 682 2618 904 2687; x_wconf 82' lang='grc' dir='ltr'><strong>γράφει.</strong></span> <span class='ocrx_word' id='word_1_294' title='bbox 937 2619 1007 2673; x_wconf 90' lang='lat' dir='ltr'><strong><em>Et</em></strong></span> <span class='ocrx_word' id='word_1_295' title='bbox 1040 2620 1264 2690; x_wconf 83' lang='lat' dir='ltr'><strong><em>Symeon</em></strong></span> <span class='ocrx_word' id='word_1_296' title='bbox 1325 2623 1608 2696; x_wconf 79' lang='lat' dir='ltr'><strong><em>Tlteologus</em></strong></span> <span class='ocrx_word' id='word_1_297' title='bbox 1662 2625 1872 2692; x_wconf 72' lang='lat' dir='ltr'><strong><em>Iunior,</em></strong></span> <span class='ocrx_word' id='word_1_298' title='bbox 1908 2630 1998 2699; x_wconf 86' lang='lat' dir='ltr'><strong>qui</strong></span> <span class='ocrx_word' id='word_1_299' title='bbox 2031 2641 2079 2683; x_wconf 87' lang='lat' dir='ltr'><strong>et</strong></span> 
     </span>
    </p>
   </div>
   <div class='ocr_carea' id='block_1_40' title="bbox 499 2708 2082 2779">
    <p class='ocr_par' dir='ltr' id='par_1_40' title="bbox 499 2708 2082 2779">
     <span class='ocr_line' id='line_1_40' title="bbox 499 2708 2082 2779; baseline 0.009 -18"><span class='ocrx_word' id='word_1_300' title='bbox 499 2708 880 2779; x_wconf 69' lang='lat' dir='ltr'><strong><em>Hctaphrastes</em></strong></span> <span class='ocrx_word' id='word_1_301' title='bbox 907 2713 1125 2779; x_wconf 88' lang='lat' dir='ltr'><strong><em>dicitur,</em></strong></span> <span class='ocrx_word' id='word_1_302' title='bbox 1158 2716 1311 2770; x_wconf 90' lang='lat' dir='ltr'><strong><em>tertio</em></strong></span> <span class='ocrx_word' id='word_1_303' title='bbox 1332 2715 1566 2772; x_wconf 86' lang='lat' dir='ltr'><strong><em>Octobris</em></strong></span> <span class='ocrx_word' id='word_1_304' title='bbox 1593 2720 1678 2772; x_wconf 85' lang='lat' dir='ltr'><strong>die</strong></span> <span class='ocrx_word' id='word_1_305' title='bbox 1715 2721 1771 2773; x_wconf 87' lang='lat' dir='ltr'><strong>in</strong></span> <span class='ocrx_word' id='word_1_306' title='bbox 1809 2718 1929 2775; x_wconf 84' lang='lat' dir='ltr'><strong><em>Vita</em></strong></span> <span class='ocrx_word' id='word_1_307' title='bbox 1954 2739 2082 2776; x_wconf 85' lang='lat' dir='ltr'><strong><em>san-</em></strong></span> 
     </span>
    </p>
   </div>
   <div class='ocr_carea' id='block_1_41' title="bbox 500 2801 2082 2884">
    <p class='ocr_par' dir='ltr' id='par_1_41' title="bbox 500 2801 2082 2884">
     <span class='ocr_line' id='line_1_41' title="bbox 500 2801 2082 2884; baseline 0.01 -31"><span class='ocrx_word' id='word_1_308' title='bbox 500 2802 571 2854; x_wconf 92' lang='lat' dir='ltr'><strong>cti</strong></span> <span class='ocrx_word' id='word_1_309' title='bbox 599 2801 841 2873; x_wconf 84' lang='lat' dir='ltr'><strong><em>Dionysii</em></strong></span> <span class='ocrx_word' id='word_1_310' title='bbox 871 2802 1206 2877; x_wconf 75' lang='lat' dir='ltr'><strong><em>Areopagitte</em></strong></span> <span class='ocrx_word' id='word_1_311' title='bbox 1246 2808 1357 2862; x_wconf 64' lang='lat' dir='ltr'><strong>hac</strong></span> <span class='ocrx_word' id='word_1_312' title='bbox 1411 2809 1584 2864; x_wconf 81' lang='lat' dir='ltr'><strong><em>habet.</em></strong></span> <span class='ocrx_word' id='word_1_313' title='bbox 1623 2810 1940 2868; x_wconf 89' lang='lat' dir='ltr'><strong>Gennadius</strong></span> <span class='ocrx_word' id='word_1_314' title='bbox 1979 2830 2082 2884; x_wconf 90' lang='lat' dir='ltr'><strong>pro</strong></span> 
     </span>
    </p>
   </div>
   <div class='ocr_carea' id='block_1_42' title="bbox 500 2893 2081 2978">
    <p class='ocr_par' dir='ltr' id='par_1_42' title="bbox 500 2893 2081 2978">
     <span class='ocr_line' id='line_1_42' title="bbox 500 2893 2081 2978; baseline 0.009 -30"><span class='ocrx_word' id='word_1_315' title='bbox 500 2893 735 2950; x_wconf 90' lang='lat' dir='ltr'><strong>concilio</strong></span> <span class='ocrx_word' id='word_1_316' title='bbox 784 2894 1102 2954; x_wconf 82' lang='lat' dir='ltr'><strong>Florentino</strong></span> <span class='ocrx_word' id='word_1_317' title='bbox 1139 2914 1260 2970; x_wconf 88' lang='lat' dir='ltr'><strong>cap.</strong></span> <span class='ocrx_word' id='word_1_318' title='bbox 1296 2900 1330 2955; x_wconf 82' lang='lat'><strong>5</strong></span> <span class='ocrx_word' id='word_1_319' title='bbox 1360 2919 1375 2957; x_wconf 90' lang='lat'><strong>:</strong></span> <span class='ocrx_word' id='word_1_320' title='bbox 1412 2902 1505 2956; x_wconf 82' lang='grc' dir='ltr'>Ἐν</span> <span class='ocrx_word' id='word_1_321' title='bbox 1533 2903 1665 2973; x_wconf 79' lang='grc' dir='ltr'><strong>ἡμῖν</strong></span> <span class='ocrx_word' id='word_1_322' title='bbox 1704 2904 1762 2959; x_wconf 83' lang='grc' dir='ltr'><strong>δὲ</strong></span> <span class='ocrx_word' id='word_1_323' title='bbox 1808 2907 1902 2961; x_wconf 78' lang='grc' dir='ltr'><strong>καὶ</strong></span> <span class='ocrx_word' id='word_1_324' title='bbox 1935 2909 2081 2978; x_wconf 77' lang='grc' dir='ltr'><strong>μάλα</strong></span> 
     </span>
    </p>
   </div>
   <div class='ocr_carea' id='block_1_43' title="bbox 504 2986 2083 3069">
    <p class='ocr_par' dir='ltr' id='par_1_43' title="bbox 504 2986 2083 3069">
     <span class='ocr_line' id='line_1_43' title="bbox 504 2986 2083 3069; baseline 0.009 -29"><span class='ocrx_word' id='word_1_325' title='bbox 504 2986 685 3052; x_wconf 78' lang='grc' dir='ltr'>καλῶς</span> <span class='ocrx_word' id='word_1_326' title='bbox 720 2988 1006 3057; x_wconf 78' lang='grc' dir='ltr'><strong>σώζονται,</strong></span> <span class='ocrx_word' id='word_1_327' title='bbox 1054 2993 1151 3046; x_wconf 74' lang='grc' dir='ltr'><strong>καὶ</strong></span> <span class='ocrx_word' id='word_1_328' title='bbox 1195 2993 1412 3065; x_wconf 75' lang='grc' dir='ltr'><strong>ᾅδονται</strong></span> <span class='ocrx_word' id='word_1_329' title='bbox 1461 2995 1600 3065; x_wconf 74' lang='grc' dir='ltr'><strong>μετὰ</strong></span> <span class='ocrx_word' id='word_1_330' title='bbox 1653 2997 1933 3069; x_wconf 82' lang='grc' dir='ltr'><strong>μελῳδιῶν</strong></span> <span class='ocrx_word' id='word_1_331' title='bbox 1958 3001 2083 3055; x_wconf 83' lang='grc' dir='ltr'>καθ’</span> 
     </span>
    </p>
   </div>
   <div class='ocr_carea' id='block_1_44' title="bbox 502 3077 2083 3159">
    <p class='ocr_par' dir='ltr' id='par_1_44' title="bbox 502 3077 2083 3159">
     <span class='ocr_line' id='line_1_44' title="bbox 502 3077 2083 3159; baseline 0.009 -27"><span class='ocrx_word' id='word_1_332' title='bbox 502 3077 721 3150; x_wconf 80' lang='grc' dir='ltr'><strong>ἡμέραν</strong></span> <span class='ocrx_word' id='word_1_333' title='bbox 762 3080 860 3135; x_wconf 76' lang='grc' dir='ltr'><strong>καὶ</strong></span> <span class='ocrx_word' id='word_1_334' title='bbox 892 3083 1133 3153; x_wconf 74' lang='grc' dir='ltr'><strong>Μηναία,</strong></span> <span class='ocrx_word' id='word_1_335' title='bbox 1178 3084 1276 3138; x_wconf 63' lang='lat' dir='ltr'><strong>aut</strong></span> <span class='ocrx_word' id='word_1_336' title='bbox 1323 3086 1583 3157; x_wconf 75' lang='grc' dir='ltr'><strong>Τριώδια,</strong></span> <span class='ocrx_word' id='word_1_337' title='bbox 1620 3091 1712 3142; x_wconf 83' lang='grc' dir='ltr'><strong>καὶ</strong></span> <span class='ocrx_word' id='word_1_338' title='bbox 1747 3091 1931 3159; x_wconf 80' lang='grc' dir='ltr'><strong>Λόγοι,</strong></span> <span class='ocrx_word' id='word_1_339' title='bbox 1987 3093 2083 3147; x_wconf 80' lang='grc' dir='ltr'><strong>καὶ</strong></span> 
     </span>
    </p>
   </div>
   <div class='ocr_carea' id='block_1_45' title="bbox 505 3171 2157 3281">
    <p class='ocr_par' dir='ltr' id='par_1_45' title="bbox 505 3171 2157 3281">
     <span class='ocr_line' id='line_1_45' title="bbox 505 3171 2157 3281; baseline 0.008 -56"><span class='ocrx_word' id='word_1_340' title='bbox 505 3171 938 3245; x_wconf 77' lang='grc' dir='ltr'><strong>Μεταφραστὴς,</strong></span> <span class='ocrx_word' id='word_1_341' title='bbox 995 3176 1090 3228; x_wconf 81' lang='grc' dir='ltr'><strong>καὶ</strong></span> <span class='ocrx_word' id='word_1_342' title='bbox 1136 3176 1610 3250; x_wconf 81' lang='grc' dir='ltr'><strong>Πεντηκοστάρια,</strong></span> <span class='ocrx_word' id='word_1_343' title='bbox 1666 3181 1762 3235; x_wconf 72' lang='grc' dir='ltr'><strong>καὶ</strong></span> <span class='ocrx_word' id='word_1_344' title='bbox 1817 3184 2081 3257; x_wconf 78' lang='grc' dir='ltr'><strong>Στιχηρὰ,</strong></span> <span class='ocrx_word' id='word_1_345' title='bbox 2114 3223 2157 3281; x_wconf 75' lang='lat' dir='ltr'>c</span> 
     </span>
    </p>
   </div>
   <div class='ocr_carea' id='block_1_46' title="bbox 505 3265 2085 3348">
    <p class='ocr_par' dir='ltr' id='par_1_46' title="bbox 505 3265 2085 3348">
     <span class='ocr_line' id='line_1_46' title="bbox 505 3265 2085 3348; baseline 0.011 -32"><span class='ocrx_word' id='word_1_346' title='bbox 505 3267 601 3317; x_wconf 73' lang='grc' dir='ltr'><strong>καὶ</strong></span> <span class='ocrx_word' id='word_1_347' title='bbox 636 3265 942 3336; x_wconf 74' lang='grc' dir='ltr'><strong>Τροπάρια,</strong></span> <span class='ocrx_word' id='word_1_348' title='bbox 976 3268 1071 3322; x_wconf 73' lang='grc' dir='ltr'><strong>καὶ</strong></span> <span class='ocrx_word' id='word_1_349' title='bbox 1136 3269 1430 3341; x_wconf 76' lang='grc' dir='ltr'><strong>Ἰδιόμηλα,</strong></span> <span class='ocrx_word' id='word_1_350' title='bbox 1485 3274 1579 3326; x_wconf 56' lang='grc' dir='ltr'><strong>καὶ⁸</strong></span> <span class='ocrx_word' id='word_1_351' title='bbox 1633 3275 1932 3348; x_wconf 83' lang='grc' dir='ltr'><strong>Κοντάρια,</strong></span> <span class='ocrx_word' id='word_1_352' title='bbox 1990 3280 2085 3332; x_wconf 79' lang='grc' dir='ltr'><strong>καὶ</strong></span> 
     </span>
    </p>
   </div>
   <div class='ocr_carea' id='block_1_47' title="bbox 506 3349 2086 3431">
    <p class='ocr_par' dir='ltr' id='par_1_47' title="bbox 506 3349 2086 3431">
     <span class='ocr_line' id='line_1_47' title="bbox 506 3349 2086 3431; baseline 0.008 -25"><span class='ocrx_word' id='word_1_353' title='bbox 506 3349 683 3420; x_wconf 59' lang='lat' dir='ltr'><strong><em>Uitam,</em></strong></span> <span class='ocrx_word' id='word_1_354' title='bbox 711 3356 807 3408; x_wconf 70' lang='grc' dir='ltr'><strong>καὶ</strong></span> <span class='ocrx_word' id='word_1_355' title='bbox 833 3357 1165 3428; x_wconf 77' lang='grc' dir='ltr'><strong>Συναξάρια,</strong></span> <span class='ocrx_word' id='word_1_356' title='bbox 1201 3360 1293 3412; x_wconf 78' lang='grc' dir='ltr'><strong>καὶ</strong></span> <span class='ocrx_word' id='word_1_357' title='bbox 1324 3359 1834 3431; x_wconf 77' lang='grc' dir='ltr'><strong>Ἐξαποστειλάρια,</strong></span> <span class='ocrx_word' id='word_1_358' title='bbox 1873 3365 1968 3418; x_wconf 78' lang='grc' dir='ltr'><strong>καὶ</strong></span> <span class='ocrx_word' id='word_1_359' title='bbox 2000 3366 2086 3419; x_wconf 79' lang='grc' dir='ltr'><strong>ἵνα</strong></span> 
     </span>
    </p>
   </div>
   <div class='ocr_carea' id='block_1_48' title="bbox 507 3446 2091 3526">
    <p class='ocr_par' dir='ltr' id='par_1_48' title="bbox 507 3446 2091 3526">
     <span class='ocr_line' id='line_1_48' title="bbox 507 3446 2091 3526; baseline 0.007 -28"><span class='ocrx_word' id='word_1_360' title='bbox 507 3446 585 3516; x_wconf 68' lang='grc' dir='ltr'><strong>μὴ</strong></span> <span class='ocrx_word' id='word_1_361' title='bbox 611 3447 731 3499; x_wconf 82' lang='grc' dir='ltr'><strong>καθ’</strong></span> <span class='ocrx_word' id='word_1_362' title='bbox 758 3446 987 3501; x_wconf 68' lang='grc' dir='ltr'>ἕκαστον</span> <span class='ocrx_word' id='word_1_363' title='bbox 1037 3448 1202 3517; x_wconf 82' lang='grc' dir='ltr'><strong>λέγω,</strong></span> <span class='ocrx_word' id='word_1_364' title='bbox 1284 3452 1433 3503; x_wconf 81' lang='grc' dir='ltr'><strong>πᾶσα</strong></span> <span class='ocrx_word' id='word_1_365' title='bbox 1476 3452 1665 3515; x_wconf 79' lang='grc' dir='ltr'><strong>ἁπλῶς</strong></span> <span class='ocrx_word' id='word_1_366' title='bbox 1703 3456 1879 3507; x_wconf 81' lang='grc' dir='ltr'><strong>εἰπεῖν</strong></span> <span class='ocrx_word' id='word_1_367' title='bbox 1916 3456 1948 3525; x_wconf 81' lang='grc' dir='ltr'><strong>ὴ</strong></span> <span class='ocrx_word' id='word_1_368' title='bbox 1991 3457 2091 3526; x_wconf 78' lang='grc' dir='ltr'><strong>τῆς</strong></span> 
     </span>
    </p>
   </div>
   <div class='ocr_carea' id='block_1_49' title="bbox 518 3534 2083 3615">
    <p class='ocr_par' dir='ltr' id='par_1_49' title="bbox 518 3534 2083 3615">
     <span class='ocr_line' id='line_1_49' title="bbox 518 3534 2083 3615; baseline 0.008 -28"><span class='ocrx_word' id='word_1_369' title='bbox 518 3534 847 3604; x_wconf 77' lang='grc' dir='ltr'><strong>Ἐκκλησίας</strong></span> <span class='ocrx_word' id='word_1_370' title='bbox 876 3539 908 3608; x_wconf 85' lang='grc' dir='ltr'>ὴ</span> <span class='ocrx_word' id='word_1_371' title='bbox 920 3538 1035 3608; x_wconf 84' lang='grc' dir='ltr'>μῶν</span> <span class='ocrx_word' id='word_1_372' title='bbox 1068 3540 1365 3611; x_wconf 80' lang='grc' dir='ltr'><strong>συγγραφὴ</strong></span> <span class='ocrx_word' id='word_1_373' title='bbox 1393 3541 1601 3611; x_wconf 81' lang='grc' dir='ltr'><strong>ταύτην</strong></span> <span class='ocrx_word' id='word_1_374' title='bbox 1629 3542 1742 3613; x_wconf 77' lang='grc' dir='ltr'><strong>ἔχει</strong></span> <span class='ocrx_word' id='word_1_375' title='bbox 1784 3545 1880 3615; x_wconf 81' lang='grc' dir='ltr'><strong>τὴν</strong></span> <span class='ocrx_word' id='word_1_376' title='bbox 1907 3546 2083 3610; x_wconf 70' lang='grc' dir='ltr'><strong>δόξαν.</strong></span> 
     </span>
    </p>
   </div>
   <div class='ocr_carea' id='block_1_50' title="bbox 506 3628 2084 3702">
    <p class='ocr_par' dir='ltr' id='par_1_50' title="bbox 506 3628 2084 3702">
     <span class='ocr_line' id='line_1_50' title="bbox 506 3628 2084 3702; baseline 0.007 -20"><span class='ocrx_word' id='word_1_377' title='bbox 506 3628 661 3696; x_wconf 80' lang='lat' dir='ltr'><strong><em>Apud</em></strong></span> <span class='ocrx_word' id='word_1_378' title='bbox 694 3644 786 3682; x_wconf 88' lang='lat' dir='ltr'><strong>nos</strong></span> <span class='ocrx_word' id='word_1_379' title='bbox 808 3645 948 3694; x_wconf 87' lang='lat' dir='ltr'><strong><em>vero,</em></strong></span> <span class='ocrx_word' id='word_1_380' title='bbox 979 3640 1025 3684; x_wconf 92' lang='lat' dir='ltr'><strong>et</strong></span> <span class='ocrx_word' id='word_1_381' title='bbox 1054 3631 1208 3685; x_wconf 83' lang='lat' dir='ltr'><strong><em>valde</em></strong></span> <span class='ocrx_word' id='word_1_382' title='bbox 1233 3632 1357 3687; x_wconf 85' lang='lat' dir='ltr'><strong><em>bene</em></strong></span> <span class='ocrx_word' id='word_1_383' title='bbox 1374 3647 1768 3702; x_wconf 82' lang='lat' dir='ltr'><strong><em>conservantur,</em></strong></span> <span class='ocrx_word' id='word_1_384' title='bbox 1791 3649 2084 3693; x_wconf 86' lang='lat' dir='ltr'><strong><em>canuntur-</em></strong></span> 
     </span>
    </p>
   </div>
   <div class='ocr_carea' id='block_1_51' title="bbox 506 3721 2085 3798">
    <p class='ocr_par' dir='ltr' id='par_1_51' title="bbox 506 3721 2085 3798">
     <span class='ocr_line' id='line_1_51' title="bbox 506 3721 2085 3798; baseline 0.008 -25"><span class='ocrx_word' id='word_1_385' title='bbox 506 3734 603 3789; x_wconf 81' lang='lat' dir='ltr'><strong>que</strong></span> <span class='ocrx_word' id='word_1_386' title='bbox 633 3736 751 3774; x_wconf 87' lang='lat' dir='ltr'><strong><em>cum</em></strong></span> <span class='ocrx_word' id='word_1_387' title='bbox 792 3721 1236 3779; x_wconf 85' lang='lat' dir='ltr'><strong><em>modulationibus</em></strong></span> <span class='ocrx_word' id='word_1_388' title='bbox 1270 3725 1494 3795; x_wconf 83' lang='lat' dir='ltr'><strong><em>singulis</em></strong></span> <span class='ocrx_word' id='word_1_389' title='bbox 1535 3728 1739 3795; x_wconf 84' lang='lat' dir='ltr'><strong><em>diebus,</em></strong></span> <span class='ocrx_word' id='word_1_390' title='bbox 1778 3739 1825 3783; x_wconf 90' lang='lat' dir='ltr'><strong>et</strong></span> <span class='ocrx_word' id='word_1_391' title='bbox 1853 3729 2085 3798; x_wconf 74' lang='lat' dir='ltr'><strong><em>Menoea,</em></strong></span> 
     </span>
    </p>
   </div>
   <div class='ocr_carea' id='block_1_52' title="bbox 504 3811 2087 3886">
    <p class='ocr_par' dir='ltr' id='par_1_52' title="bbox 504 3811 2087 3886">
     <span class='ocr_line' id='line_1_52' title="bbox 504 3811 2087 3886; baseline 0.008 -21"><span class='ocrx_word' id='word_1_392' title='bbox 504 3819 556 3865; x_wconf 85' lang='lat' dir='ltr'><strong>et</strong></span> <span class='ocrx_word' id='word_1_393' title='bbox 589 3811 826 3875; x_wconf 72' lang='lat' dir='ltr'><strong><em>Triodia,</em></strong></span> <span class='ocrx_word' id='word_1_394' title='bbox 857 3823 905 3867; x_wconf 92' lang='lat' dir='ltr'><strong>et</strong></span> <span class='ocrx_word' id='word_1_395' title='bbox 940 3812 1242 3880; x_wconf 73' lang='lat' dir='ltr'><strong><em>Orationes,</em></strong></span> <span class='ocrx_word' id='word_1_396' title='bbox 1278 3825 1327 3871; x_wconf 83' lang='lat' dir='ltr'><strong>et</strong></span> <span class='ocrx_word' id='word_1_397' title='bbox 1363 3816 1773 3886; x_wconf 83' lang='lat' dir='ltr'><strong><em>Metaphrastes,</em></strong></span> <span class='ocrx_word' id='word_1_398' title='bbox 1807 3832 1855 3877; x_wconf 90' lang='lat' dir='ltr'><strong><em>et</em></strong></span> <span class='ocrx_word' id='word_1_399' title='bbox 1895 3822 2087 3877; x_wconf 73' lang='lat' dir='ltr'><strong><em>Pente-</em></strong></span> 
     </span>
    </p>
   </div>
   <div class='ocr_carea' id='block_1_53' title="bbox 484 3903 2091 3977">
    <p class='ocr_par' dir='ltr' id='par_1_53' title="bbox 484 3903 2091 3977">
     <span class='ocr_line' id='line_1_53' title="bbox 484 3903 2091 3977; baseline 0.009 -21"><span class='ocrx_word' id='word_1_400' title='bbox 484 3906 759 3971; x_wconf 46' lang='lat' dir='ltr'><strong><em>tcostaria,</em></strong></span> <span class='ocrx_word' id='word_1_401' title='bbox 784 3916 830 3958; x_wconf 90' lang='lat' dir='ltr'><strong>et</strong></span> <span class='ocrx_word' id='word_1_402' title='bbox 850 3903 1106 3974; x_wconf 83' lang='lat' dir='ltr'><strong><em>Stichera,</em></strong></span> <span class='ocrx_word' id='word_1_403' title='bbox 1132 3918 1179 3962; x_wconf 87' lang='lat' dir='ltr'><strong>et</strong></span> <span class='ocrx_word' id='word_1_404' title='bbox 1202 3907 1480 3977; x_wconf 88' lang='lat' dir='ltr'><strong><em>Troparia.</em></strong></span> <span class='ocrx_word' id='word_1_405' title='bbox 1510 3921 1559 3965; x_wconf 91' lang='lat' dir='ltr'><strong><em>et</em></strong></span> <span class='ocrx_word' id='word_1_406' title='bbox 1584 3911 1864 3977; x_wconf 86' lang='lat' dir='ltr'><strong><em>Idiomela,</em></strong></span> <span class='ocrx_word' id='word_1_407' title='bbox 1886 3925 1934 3969; x_wconf 88' lang='lat' dir='ltr'><strong>et</strong></span> <span class='ocrx_word' id='word_1_408' title='bbox 1951 3915 2091 3971; x_wconf 85' lang='lat' dir='ltr'><strong>Con-</strong></span> 
     </span>
    </p>
   </div>
   <div class='ocr_carea' id='block_1_54' title="bbox 508 3995 2089 4073">
    <p class='ocr_par' dir='ltr' id='par_1_54' title="bbox 508 3995 2089 4073">
     <span class='ocr_line' id='line_1_54' title="bbox 508 3995 2089 4073; baseline 0.011 -26"><span class='ocrx_word' id='word_1_409' title='bbox 508 3995 730 4060; x_wconf 87' lang='lat' dir='ltr'><strong><em>taria,et</em></strong></span> <span class='ocrx_word' id='word_1_410' title='bbox 754 3995 896 4060; x_wconf 88' lang='lat' dir='ltr'><strong><em>Oeci,</em></strong></span> <span class='ocrx_word' id='word_1_411' title='bbox 926 4006 975 4051; x_wconf 91' lang='lat' dir='ltr'><strong>et</strong></span> <span class='ocrx_word' id='word_1_412' title='bbox 1002 3995 1330 4067; x_wconf 73' lang='lat' dir='ltr'><strong><em>Synaxaria,</em></strong></span> <span class='ocrx_word' id='word_1_413' title='bbox 1355 4011 1405 4057; x_wconf 90' lang='lat' dir='ltr'><strong>et</strong></span> <span class='ocrx_word' id='word_1_414' title='bbox 1432 4001 1856 4073; x_wconf 73' lang='lat' dir='ltr'><strong><em>Ercapostilaria,</em></strong></span> <span class='ocrx_word' id='word_1_415' title='bbox 1878 4017 2000 4071; x_wconf 87' lang='lat' dir='ltr'><strong><em>etc.,</em></strong></span> <span class='ocrx_word' id='word_1_416' title='bbox 2026 4026 2089 4064; x_wconf 88' lang='lat' dir='ltr'><strong>ne</strong></span> 
     </span>
    </p>
   </div>
   <div class='ocr_carea' id='block_1_55' title="bbox 505 4086 2088 4169">
    <p class='ocr_par' dir='ltr' id='par_1_55' title="bbox 505 4086 2088 4169">
     <span class='ocr_line' id='line_1_55' title="bbox 505 4086 2088 4169; baseline 0.011 -32"><span class='ocrx_word' id='word_1_417' title='bbox 505 4086 716 4156; x_wconf 85' lang='lat' dir='ltr'><strong><em>singula</em></strong></span> <span class='ocrx_word' id='word_1_418' title='bbox 759 4103 1077 4156; x_wconf 87' lang='lat' dir='ltr'><strong><em>recenseam,</em></strong></span> <span class='ocrx_word' id='word_1_419' title='bbox 1116 4093 1359 4146; x_wconf 87' lang='lat' dir='ltr'><strong><em>universa</em></strong></span> <span class='ocrx_word' id='word_1_420' title='bbox 1400 4103 1597 4148; x_wconf 64' lang='lat' dir='ltr'><strong><em>nostris</em></strong></span> <span class='ocrx_word' id='word_1_421' title='bbox 1629 4095 1878 4152; x_wconf 71' lang='lat' dir='ltr'><strong><em>Ecclesia:</em></strong></span> <span class='ocrx_word' id='word_1_422' title='bbox 1897 4100 2088 4169; x_wconf 74' lang='lat' dir='ltr'><strong><em>oﬁicia,</em></strong></span> 
     </span>
    </p>
   </div>
   <div class='ocr_carea' id='block_1_56' title="bbox 509 4184 2086 4257">
    <p class='ocr_par' dir='ltr' id='par_1_56' title="bbox 509 4184 2086 4257">
     <span class='ocr_line' id='line_1_56' title="bbox 509 4184 2086 4257; baseline 0.008 -20"><span class='ocrx_word' id='word_1_423' title='bbox 509 4191 559 4237; x_wconf 84' lang='lat' dir='ltr'><strong>et</strong></span> <span class='ocrx_word' id='word_1_424' title='bbox 583 4191 782 4237; x_wconf 73' lang='lat' dir='ltr'><strong><em>cuncta:</em></strong></span> <span class='ocrx_word' id='word_1_425' title='bbox 815 4184 1093 4254; x_wconf 66' lang='lat' dir='ltr'><strong><em>scriptura:</em></strong></span> <span class='ocrx_word' id='word_1_426' title='bbox 1131 4189 1269 4241; x_wconf 82' lang='lat' dir='ltr'><strong><em>hanc</em></strong></span> <span class='ocrx_word' id='word_1_427' title='bbox 1316 4188 1615 4257; x_wconf 87' lang='lat' dir='ltr'><strong><em>opinionem</em></strong></span> <span class='ocrx_word' id='word_1_428' title='bbox 1635 4191 1879 4246; x_wconf 86' lang='lat' dir='ltr'><strong><em>retinent.</em></strong></span> <span class='ocrx_word' id='word_1_429' title='bbox 1918 4192 2086 4249; x_wconf 82' lang='lat' dir='ltr'><strong>Meta-</strong></span> 
     </span>
    </p>
   </div>
   <div class='ocr_carea' id='block_1_57' title="bbox 506 4275 2077 4369">
    <p class='ocr_par' dir='ltr' id='par_1_57' title="bbox 506 4275 2077 4369">
     <span class='ocr_line' id='line_1_57' title="bbox 506 4275 2077 4369; baseline 0.01 -41"><span class='ocrx_word' id='word_1_430' title='bbox 506 4275 751 4345; x_wconf 70' lang='lat' dir='ltr'><strong>phrastze</strong></span> <span class='ocrx_word' id='word_1_431' title='bbox 773 4277 1085 4333; x_wconf 89' lang='lat' dir='ltr'><strong>testimonio</strong></span> <span class='ocrx_word' id='word_1_432' title='bbox 1113 4278 1243 4334; x_wconf 88' lang='lat' dir='ltr'><strong>alibi</strong></span> <span class='ocrx_word' id='word_1_433' title='bbox 1267 4280 1433 4335; x_wconf 87' lang='lat' dir='ltr'><strong>etiam</strong></span> <span class='ocrx_word' id='word_1_434' title='bbox 1456 4280 1509 4335; x_wconf 88' lang='lat' dir='ltr'><strong>in</strong></span> <span class='ocrx_word' id='word_1_435' title='bbox 1538 4282 1731 4369; x_wconf 72' lang='lat' dir='ltr'><strong>eodem</strong></span> <span class='ocrx_word' id='word_1_436' title='bbox 1753 4298 1921 4355; x_wconf 90' lang='lat' dir='ltr'><strong>opere</strong></span> <span class='ocrx_word' id='word_1_437' title='bbox 1938 4286 2077 4342; x_wconf 82' lang='lat' dir='ltr'><strong>Gen-</strong></span> 
     </span>
    </p>
   </div>
   <div class='ocr_carea' id='block_1_58' title="bbox 2191 1978 3783 2049">
    <p class='ocr_par' dir='ltr' id='par_1_58' title="bbox 2191 1978 3783 2049">
     <span class='ocr_line' id='line_1_58' title="bbox 2191 1978 3783 2049; baseline -0.006 -11"><span class='ocrx_word' id='word_1_438' title='bbox 2191 1984 2358 2045; x_wconf 87' lang='lat' dir='ltr'><strong>dicto.</strong></span> <span class='ocrx_word' id='word_1_439' title='bbox 2394 1982 2540 2036; x_wconf 87' lang='lat' dir='ltr'><strong>nulla</strong></span> <span class='ocrx_word' id='word_1_440' title='bbox 2570 1981 2783 2049; x_wconf 85' lang='lat' dir='ltr'><strong>probati</strong></span> <span class='ocrx_word' id='word_1_441' title='bbox 2807 1980 2910 2033; x_wconf 86' lang='lat' dir='ltr'><strong>viri</strong></span> <span class='ocrx_word' id='word_1_442' title='bbox 2938 1980 3281 2045; x_wconf 91' lang='lat' dir='ltr'><strong>auctoritate,</strong></span> <span class='ocrx_word' id='word_1_443' title='bbox 3313 1978 3463 2033; x_wconf 88' lang='lat' dir='ltr'><strong>nullo</strong></span> <span class='ocrx_word' id='word_1_444' title='bbox 3491 1978 3653 2032; x_wconf 87' lang='lat' dir='ltr'><strong>etiam</strong></span> <span class='ocrx_word' id='word_1_445' title='bbox 3688 1979 3783 2030; x_wconf 86' lang='lat' dir='ltr'><strong>tri-</strong></span> 
     </span>
    </p>
   </div>
   <div class='ocr_carea' id='block_1_59' title="bbox 2186 2070 3783 2144">
    <p class='ocr_par' dir='ltr' id='par_1_59' title="bbox 2186 2070 3783 2144">
     <span class='ocr_line' id='line_1_59' title="bbox 2186 2070 3783 2144; baseline -0.006 -13"><span class='ocrx_word' id='word_1_446' title='bbox 2186 2075 2346 2131; x_wconf 87' lang='lat' dir='ltr'><strong>vialis</strong></span> <span class='ocrx_word' id='word_1_447' title='bbox 2386 2073 2779 2144; x_wconf 79' lang='lat' dir='ltr'><strong>Ludimagistri</strong></span> <span class='ocrx_word' id='word_1_448' title='bbox 2828 2072 3150 2128; x_wconf 82' lang='lat' dir='ltr'><strong>testimonio</strong></span> <span class='ocrx_word' id='word_1_449' title='bbox 3179 2073 3534 2141; x_wconf 88' lang='lat' dir='ltr'><strong>comprobato</strong></span> <span class='ocrx_word' id='word_1_450' title='bbox 3571 2070 3783 2140; x_wconf 70' lang='lat' dir='ltr'><strong>jrtccbit</strong></span> 
     </span>
    </p>
   </div>
   <div class='ocr_carea' id='block_1_60' title="bbox 2187 2163 3780 2236">
    <p class='ocr_par' dir='ltr' id='par_1_60' title="bbox 2187 2163 3780 2236">
     <span class='ocr_line' id='line_1_60' title="bbox 2187 2163 3780 2236; baseline -0.005 -13"><span class='ocrx_word' id='word_1_451' title='bbox 2187 2168 2244 2223; x_wconf 90' lang='lat' dir='ltr'><strong>in</strong></span> <span class='ocrx_word' id='word_1_452' title='bbox 2275 2168 2436 2223; x_wconf 88' lang='lat' dir='ltr'><strong>trivio</strong></span> <span class='ocrx_word' id='word_1_453' title='bbox 2463 2168 2855 2236; x_wconf 85' lang='lat' dir='ltr'><strong><em>Ludimagister</em></strong></span> <span class='ocrx_word' id='word_1_454' title='bbox 2883 2165 3185 2236; x_wconf 77' lang='lat' dir='ltr'><strong>inglorius?</strong></span> <span class='ocrx_word' id='word_1_455' title='bbox 3215 2165 3399 2236; x_wconf 80' lang='lat' dir='ltr'><strong>Apage</strong></span> <span class='ocrx_word' id='word_1_456' title='bbox 3421 2163 3780 2233; x_wconf 83' lang='lat' dir='ltr'><strong>ineptiarum.</strong></span> 
     </span>
    </p>
   </div>
   <div class='ocr_carea' id='block_1_61' title="bbox 2261 2256 3786 2329">
    <p class='ocr_par' dir='ltr' id='par_1_61' title="bbox 2261 2256 3786 2329">
     <span class='ocr_line' id='line_1_61' title="bbox 2261 2256 3786 2329; baseline -0.004 -16"><span class='ocrx_word' id='word_1_457' title='bbox 2261 2260 2369 2316; x_wconf 87' lang='lat' dir='ltr'><strong>Sed</strong></span> <span class='ocrx_word' id='word_1_458' title='bbox 2414 2260 2653 2329; x_wconf 89' lang='lat' dir='ltr'><strong><em>Scriptor</em></strong></span> <span class='ocrx_word' id='word_1_459' title='bbox 2696 2260 2887 2328; x_wconf 86' lang='lat' dir='ltr'><strong><em>oppido</em></strong></span> <span class='ocrx_word' id='word_1_460' title='bbox 2927 2274 3105 2312; x_wconf 84' lang='lat' dir='ltr'><strong><em>recens</em></strong></span> <span class='ocrx_word' id='word_1_461' title='bbox 3146 2266 3240 2311; x_wconf 87' lang='lat' dir='ltr'><strong><em>est.</em></strong></span> <span class='ocrx_word' id='word_1_462' title='bbox 3291 2256 3350 2311; x_wconf 88' lang='lat' dir='ltr'><strong>Id</strong></span> <span class='ocrx_word' id='word_1_463' title='bbox 3378 2271 3592 2325; x_wconf 89' lang='lat' dir='ltr'><strong>quoque</strong></span> <span class='ocrx_word' id='word_1_464' title='bbox 3620 2264 3786 2323; x_wconf 85' lang='lat' dir='ltr'><strong>pute-</strong></span> 
     </span>
    </p>
   </div>
   <div class='ocr_carea' id='block_1_62' title="bbox 2190 2344 3784 2417">
    <p class='ocr_par' dir='ltr' id='par_1_62' title="bbox 2190 2344 3784 2417">
     <span class='ocr_line' id='line_1_62' title="bbox 2190 2344 3784 2417; baseline -0.006 -11"><span class='ocrx_word' id='word_1_465' title='bbox 2190 2367 2334 2414; x_wconf 89' lang='lat' dir='ltr'><strong>mus,</strong></span> <span class='ocrx_word' id='word_1_466' title='bbox 2373 2359 2429 2406; x_wconf 90' lang='lat' dir='ltr'><strong>et</strong></span> <span class='ocrx_word' id='word_1_467' title='bbox 2455 2366 2571 2405; x_wconf 89' lang='lat' dir='ltr'><strong>rem</strong></span> <span class='ocrx_word' id='word_1_468' title='bbox 2611 2366 2713 2405; x_wconf 90' lang='lat' dir='ltr'><strong>suo</strong></span> <span class='ocrx_word' id='word_1_469' title='bbox 2762 2347 3004 2403; x_wconf 82' lang='lat' dir='ltr'><strong>nominis</strong></span> <span class='ocrx_word' id='word_1_470' title='bbox 3043 2347 3286 2417; x_wconf 88' lang='lat' dir='ltr'><strong>pondere</strong></span> <span class='ocrx_word' id='word_1_471' title='bbox 3331 2345 3662 2416; x_wconf 86' lang='lat' dir='ltr'><strong>pendamus.</strong></span> <span class='ocrx_word' id='word_1_472' title='bbox 3716 2344 3784 2397; x_wconf 79' lang='lat' dir='ltr'><strong>Et</strong></span> 
     </span>
    </p>
   </div>
   <div class='ocr_carea' id='block_1_63' title="bbox 2189 2436 3784 2514">
    <p class='ocr_par' dir='ltr' id='par_1_63' title="bbox 2189 2436 3784 2514">
     <span class='ocr_line' id='line_1_63' title="bbox 2189 2436 3784 2514; baseline -0.006 -15"><span class='ocrx_word' id='word_1_473' title='bbox 2189 2445 2449 2514; x_wconf 89' lang='lat' dir='ltr'><strong>primum,</strong></span> <span class='ocrx_word' id='word_1_474' title='bbox 2480 2454 2608 2497; x_wconf 90' lang='lat' dir='ltr'><strong>ante</strong></span> <span class='ocrx_word' id='word_1_475' title='bbox 2639 2440 2823 2497; x_wconf 85' lang='lat' dir='ltr'><strong>omnia</strong></span> <span class='ocrx_word' id='word_1_476' title='bbox 2851 2439 3077 2495; x_wconf 89' lang='lat' dir='ltr'><strong>ridenda</strong></span> <span class='ocrx_word' id='word_1_477' title='bbox 3108 2448 3194 2493; x_wconf 90' lang='lat' dir='ltr'><strong>est</strong></span> <span class='ocrx_word' id='word_1_478' title='bbox 3242 2436 3627 2492; x_wconf 70' lang='lat' dir='ltr'><strong>hmreticorum</strong></span> <span class='ocrx_word' id='word_1_479' title='bbox 3676 2449 3784 2489; x_wconf 88' lang='lat' dir='ltr'><strong>nu—</strong></span> 
     </span>
    </p>
   </div>
   <div class='ocr_carea' id='block_1_64' title="bbox 2186 2529 3790 2606">
    <p class='ocr_par' dir='ltr' id='par_1_64' title="bbox 2186 2529 3790 2606">
     <span class='ocr_line' id='line_1_64' title="bbox 2186 2529 3790 2606; baseline -0.004 -18"><span class='ocrx_word' id='word_1_480' title='bbox 2186 2534 2411 2606; x_wconf 82' lang='lat' dir='ltr'><strong>gacitas,</strong></span> <span class='ocrx_word' id='word_1_481' title='bbox 2446 2534 2539 2604; x_wconf 89' lang='lat' dir='ltr'><strong>qui</strong></span> <span class='ocrx_word' id='word_1_482' title='bbox 2571 2541 2633 2587; x_wconf 92' lang='lat' dir='ltr'><strong>ut</strong></span> <span class='ocrx_word' id='word_1_483' title='bbox 2664 2532 3044 2602; x_wconf 71' lang='lat' dir='ltr'><strong>Metaphrasta:</strong></span> <span class='ocrx_word' id='word_1_484' title='bbox 3076 2530 3235 2586; x_wconf 82' lang='lat' dir='ltr'><strong>ﬁdem</strong></span> <span class='ocrx_word' id='word_1_485' title='bbox 3265 2529 3499 2591; x_wconf 87' lang='lat' dir='ltr'><strong>elevent,</strong></span> <span class='ocrx_word' id='word_1_486' title='bbox 3524 2542 3660 2581; x_wconf 84' lang='lat' dir='ltr'><strong>eum</strong></span> <span class='ocrx_word' id='word_1_487' title='bbox 3696 2545 3790 2581; x_wconf 87' lang='lat' dir='ltr'><strong>re-</strong></span> 
     </span>
    </p>
   </div>
   <div class='ocr_carea' id='block_1_65' title="bbox 2184 2619 3796 2692">
    <p class='ocr_par' dir='ltr' id='par_1_65' title="bbox 2184 2619 3796 2692">
     <span class='ocr_line' id='line_1_65' title="bbox 2184 2619 3796 2692; baseline -0.006 -12"><span class='ocrx_word' id='word_1_488' title='bbox 2184 2626 2566 2681; x_wconf 80' lang='lat' dir='ltr'><strong>centissimum</strong></span> <span class='ocrx_word' id='word_1_489' title='bbox 2599 2624 2825 2689; x_wconf 76' lang='lat' dir='ltr'><strong>faciunt,</strong></span> <span class='ocrx_word' id='word_1_490' title='bbox 2846 2632 2900 2677; x_wconf 90' lang='lat' dir='ltr'><strong>et</strong></span> <span class='ocrx_word' id='word_1_491' title='bbox 2933 2630 3119 2692; x_wconf 87' lang='lat' dir='ltr'><strong>postea</strong></span> <span class='ocrx_word' id='word_1_492' title='bbox 3145 2635 3335 2690; x_wconf 89' lang='lat' dir='ltr'><strong>parum</strong></span> <span class='ocrx_word' id='word_1_493' title='bbox 3369 2619 3796 2687; x_wconf 74' lang='lat' dir='ltr'><strong>cauti,parum-</strong></span> 
     </span>
    </p>
   </div>
   <div class='ocr_carea' id='block_1_66' title="bbox 2186 2709 3795 2788">
    <p class='ocr_par' dir='ltr' id='par_1_66' title="bbox 2186 2709 3795 2788">
     <span class='ocr_line' id='line_1_66' title="bbox 2186 2709 3795 2788; baseline -0.006 -16"><span class='ocrx_word' id='word_1_494' title='bbox 2186 2734 2293 2788; x_wconf 88' lang='lat' dir='ltr'><strong>que</strong></span> <span class='ocrx_word' id='word_1_495' title='bbox 2318 2718 2421 2772; x_wconf 88' lang='lat' dir='ltr'><strong>sibi</strong></span> <span class='ocrx_word' id='word_1_496' title='bbox 2446 2724 2781 2775; x_wconf 83' lang='lat' dir='ltr'><strong>constantes,</strong></span> <span class='ocrx_word' id='word_1_497' title='bbox 2813 2712 3214 2784; x_wconf 81' lang='lat' dir='ltr'><strong>antiquissimis</strong></span> <span class='ocrx_word' id='word_1_498' title='bbox 3248 2709 3523 2772; x_wconf 85' lang='lat' dir='ltr'><strong>Patribus,</strong></span> <span class='ocrx_word' id='word_1_499' title='bbox 3555 2717 3629 2764; x_wconf 82' lang='lat' dir='ltr'><strong>el</strong></span> <span class='ocrx_word' id='word_1_500' title='bbox 3647 2711 3795 2779; x_wconf 85' lang='lat' dir='ltr'><strong>quod</strong></span> 
     </span>
    </p>
   </div>
   <div class='ocr_carea' id='block_1_67' title="bbox 2191 2802 3793 2881">
    <p class='ocr_par' dir='ltr' id='par_1_67' title="bbox 2191 2802 3793 2881">
     <span class='ocr_line' id='line_1_67' title="bbox 2191 2802 3793 2881; baseline -0.006 -15"><span class='ocrx_word' id='word_1_501' title='bbox 2191 2811 2364 2881; x_wconf 86' lang='lat' dir='ltr'><strong>magis</strong></span> <span class='ocrx_word' id='word_1_502' title='bbox 2394 2818 2498 2874; x_wconf 86' lang='lat' dir='ltr'><strong>est,</strong></span> <span class='ocrx_word' id='word_1_503' title='bbox 2531 2809 2902 2879; x_wconf 83' lang='lat' dir='ltr'><strong>apostolorum</strong></span> <span class='ocrx_word' id='word_1_504' title='bbox 2927 2805 3230 2875; x_wconf 87' lang='lat' dir='ltr'><strong>discipulis,</strong></span> <span class='ocrx_word' id='word_1_505' title='bbox 3250 2804 3335 2858; x_wconf 73' lang='lat' dir='ltr'><strong>vel</strong></span> <span class='ocrx_word' id='word_1_506' title='bbox 3358 2802 3630 2872; x_wconf 78' lang='lat' dir='ltr'><strong>apostolis</strong></span> <span class='ocrx_word' id='word_1_507' title='bbox 3659 2803 3793 2873; x_wconf 84' lang='lat' dir='ltr'><strong>ipsis</strong></span> 
     </span>
    </p>
   </div>
   <div class='ocr_carea' id='block_1_68' title="bbox 2188 2897 3787 2974">
    <p class='ocr_par' dir='ltr' id='par_1_68' title="bbox 2188 2897 3787 2974">
     <span class='ocr_line' id='line_1_68' title="bbox 2188 2897 3787 2974; baseline -0.005 -17"><span class='ocrx_word' id='word_1_508' title='bbox 2188 2919 2394 2974; x_wconf 79' lang='lat' dir='ltr'><strong>parem,</strong></span> <span class='ocrx_word' id='word_1_509' title='bbox 2413 2911 2470 2957; x_wconf 90' lang='lat' dir='ltr'><strong>et</strong></span> <span class='ocrx_word' id='word_1_510' title='bbox 2489 2903 2783 2973; x_wconf 69' lang='lat' dir='ltr'><strong>bpéxpovov</strong></span> <span class='ocrx_word' id='word_1_511' title='bbox 2814 2899 3179 2956; x_wconf 89' lang='lat' dir='ltr'><strong>constituunt.</strong></span> <span class='ocrx_word' id='word_1_512' title='bbox 3211 2898 3358 2952; x_wconf 79' lang='lat' dir='ltr'><strong>Inter</strong></span> <span class='ocrx_word' id='word_1_513' title='bbox 3389 2912 3483 2951; x_wconf 90' lang='lat' dir='ltr'><strong>eos</strong></span> <span class='ocrx_word' id='word_1_514' title='bbox 3514 2897 3787 2965; x_wconf 70' lang='lat' dir='ltr'><strong>prmcipui</strong></span> 
     </span>
    </p>
   </div>
   <div class='ocr_carea' id='block_1_69' title="bbox 2189 2986 3787 3061">
    <p class='ocr_par' dir='ltr' id='par_1_69' title="bbox 2189 2986 3787 3061">
     <span class='ocr_line' id='line_1_69' title="bbox 2189 2986 3787 3061; baseline -0.004 -12"><span class='ocrx_word' id='word_1_515' title='bbox 2189 3002 2317 3049; x_wconf 88' lang='lat' dir='ltr'><strong>sunt</strong></span> <span class='ocrx_word' id='word_1_516' title='bbox 2348 2992 2626 3049; x_wconf 87' lang='lat' dir='ltr'><strong>Gesnerus</strong></span> <span class='ocrx_word' id='word_1_517' title='bbox 2651 2992 2946 3061; x_wconf 68' lang='lat' dir='ltr'><strong>caeterique</strong></span> <span class='ocrx_word' id='word_1_518' title='bbox 2993 2989 3405 3060; x_wconf 88' lang='lat' dir='ltr'><strong>epitomatores,</strong></span> <span class='ocrx_word' id='word_1_519' title='bbox 3437 2987 3528 3057; x_wconf 87' lang='lat' dir='ltr'><strong>qui</strong></span> <span class='ocrx_word' id='word_1_520' title='bbox 3570 2986 3787 3058; x_wconf 77' lang='lat' dir='ltr'><strong>Hippo-</strong></span> 
     </span>
    </p>
   </div>
   <div class='ocr_carea' id='block_1_70' title="bbox 2184 3077 3785 3155">
    <p class='ocr_par' dir='ltr' id='par_1_70' title="bbox 2184 3077 3785 3155">
     <span class='ocr_line' id='line_1_70' title="bbox 2184 3077 3785 3155; baseline -0.004 -18"><span class='ocrx_word' id='word_1_521' title='bbox 2184 3084 2354 3155; x_wconf 85' lang='lat' dir='ltr'><strong>lytum</strong></span> <span class='ocrx_word' id='word_1_522' title='bbox 2429 3082 2747 3138; x_wconf 73' lang='lat' dir='ltr'><strong>Thebanum</strong></span> <span class='ocrx_word' id='word_1_523' title='bbox 2822 3080 3187 3136; x_wconf 88' lang='lat' dir='ltr'><strong>recentiorem</strong></span> <span class='ocrx_word' id='word_1_524' title='bbox 3283 3077 3785 3148; x_wconf 79' lang='lat' dir='ltr'><strong>chronographum</strong></span> 
     </span>
    </p>
   </div>
   <div class='ocr_carea' id='block_1_71' title="bbox 2191 3169 3788 3249">
    <p class='ocr_par' dir='ltr' id='par_1_71' title="bbox 2191 3169 3788 3249">
     <span class='ocr_line' id='line_1_71' title="bbox 2191 3169 3788 3249; baseline -0.006 -16"><span class='ocrx_word' id='word_1_525' title='bbox 2191 3194 2320 3233; x_wconf 89' lang='lat' dir='ltr'><strong>cum</strong></span> <span class='ocrx_word' id='word_1_526' title='bbox 2385 3176 2677 3249; x_wconf 87' lang='lat' dir='ltr'><strong>Hippolyto</strong></span> <span class='ocrx_word' id='word_1_527' title='bbox 2770 3174 3064 3230; x_wconf 89' lang='lat' dir='ltr'><strong>Portuensi</strong></span> <span class='ocrx_word' id='word_1_528' title='bbox 3137 3170 3590 3236; x_wconf 85' lang='lat' dir='ltr'><strong>confundentes,</strong></span> <span class='ocrx_word' id='word_1_529' title='bbox 3672 3169 3788 3223; x_wconf 81' lang='lat' dir='ltr'><strong>Mc-</strong></span> 
     </span>
    </p>
   </div>
   <div class='ocr_carea' id='block_1_72' title="bbox 2194 3262 3792 3338">
    <p class='ocr_par' dir='ltr' id='par_1_72' title="bbox 2194 3262 3792 3338">
     <span class='ocr_line' id='line_1_72' title="bbox 2194 3262 3792 3338; baseline -0.005 -14"><span class='ocrx_word' id='word_1_530' title='bbox 2194 3269 2525 3338; x_wconf 78' lang='lat' dir='ltr'><strong>tapltrastem</strong></span> <span class='ocrx_word' id='word_1_531' title='bbox 2583 3268 2729 3322; x_wconf 81' lang='lat' dir='ltr'><strong>circa</strong></span> <span class='ocrx_word' id='word_1_532' title='bbox 2776 3274 3021 3336; x_wconf 87' lang='lat' dir='ltr'><strong>tempora</strong></span> <span class='ocrx_word' id='word_1_533' title='bbox 3077 3264 3445 3335; x_wconf 87' lang='lat' dir='ltr'><strong>apostolorum</strong></span> <span class='ocrx_word' id='word_1_534' title='bbox 3490 3262 3792 3331; x_wconf 81' lang='lat' dir='ltr'><strong>scripsisse</strong></span> 
     </span>
    </p>
   </div>
   <div class='ocr_carea' id='block_1_73' title="bbox 2188 3354 3794 3417">
    <p class='ocr_par' dir='ltr' id='par_1_73' title="bbox 2188 3354 3794 3417">
     <span class='ocr_line' id='line_1_73' title="bbox 2188 3354 3794 3417; baseline -0.006 0"><span class='ocrx_word' id='word_1_535' title='bbox 2188 3362 2353 3417; x_wconf 89' lang='lat' dir='ltr'><strong>etiam</strong></span> <span class='ocrx_word' id='word_1_536' title='bbox 2384 3362 2636 3417; x_wconf 88' lang='lat' dir='ltr'><strong>nolentes</strong></span> <span class='ocrx_word' id='word_1_537' title='bbox 2663 3360 3052 3415; x_wconf 87' lang='lat' dir='ltr'><strong>determinant.</strong></span> <span class='ocrx_word' id='word_1_538' title='bbox 3086 3358 3221 3414; x_wconf 88' lang='lat' dir='ltr'><strong>Cum</strong></span> <span class='ocrx_word' id='word_1_539' title='bbox 3243 3357 3388 3412; x_wconf 85' lang='lat' dir='ltr'><strong>enim</strong></span> <span class='ocrx_word' id='word_1_540' title='bbox 3418 3354 3573 3410; x_wconf 83' lang='lat' dir='ltr'><strong>illius</strong></span> <span class='ocrx_word' id='word_1_541' title='bbox 3600 3355 3794 3410; x_wconf 83' lang='lat' dir='ltr'><strong>memi-</strong></span> 
     </span>
    </p>
   </div>
   <div class='ocr_carea' id='block_1_74' title="bbox 2192 3449 3797 3525">
    <p class='ocr_par' dir='ltr' id='par_1_74' title="bbox 2192 3449 3797 3525">
     <span class='ocr_line' id='line_1_74' title="bbox 2192 3449 3797 3525; baseline -0.002 -17"><span class='ocrx_word' id='word_1_542' title='bbox 2192 3454 2341 3509; x_wconf 89' lang='lat' dir='ltr'><strong>nerit</strong></span> <span class='ocrx_word' id='word_1_543' title='bbox 2390 3453 2736 3525; x_wconf 80' lang='lat' dir='ltr'><strong>Hippolytus,</strong></span> <span class='ocrx_word' id='word_1_544' title='bbox 2781 3467 2943 3522; x_wconf 85' lang='lat' dir='ltr'><strong>quem</strong></span> <span class='ocrx_word' id='word_1_545' title='bbox 2976 3450 3081 3523; x_wconf 90' lang='lat' dir='ltr'><strong>ipsi</strong></span> <span class='ocrx_word' id='word_1_546' title='bbox 3120 3450 3474 3505; x_wconf 83' lang='lat' dir='ltr'><strong>Portuensetn</strong></span> <span class='ocrx_word' id='word_1_547' title='bbox 3525 3462 3684 3512; x_wconf 80' lang='lat' dir='ltr'><strong>esse,</strong></span> <span class='ocrx_word' id='word_1_548' title='bbox 3727 3449 3797 3504; x_wconf 87' lang='lat' dir='ltr'><strong>de</strong></span> 
     </span>
    </p>
   </div>
   <div class='ocr_carea' id='block_1_75' title="bbox 2189 3540 3790 3618">
    <p class='ocr_par' dir='ltr' id='par_1_75' title="bbox 2189 3540 3790 3618">
     <span class='ocr_line' id='line_1_75' title="bbox 2189 3540 3790 3618; baseline -0.004 -18"><span class='ocrx_word' id='word_1_549' title='bbox 2189 3563 2299 3618; x_wconf 88' lang='lat' dir='ltr'><strong>quo</strong></span> <span class='ocrx_word' id='word_1_550' title='bbox 2335 3545 2697 3616; x_wconf 81' lang='lat' dir='ltr'><strong>Hieronymus</strong></span> <span class='ocrx_word' id='word_1_551' title='bbox 2727 3544 2782 3598; x_wconf 93' lang='lat' dir='ltr'><strong>in</strong></span> <span class='ocrx_word' id='word_1_552' title='bbox 2815 3542 3081 3614; x_wconf 83' lang='lat' dir='ltr'><strong>catalogo,</strong></span> <span class='ocrx_word' id='word_1_553' title='bbox 3114 3540 3387 3597; x_wconf 84' lang='lat' dir='ltr'><strong>fateantur</strong></span> <span class='ocrx_word' id='word_1_554' title='bbox 3409 3553 3653 3596; x_wconf 83' lang='lat' dir='ltr'><strong>necesse</strong></span> <span class='ocrx_word' id='word_1_555' title='bbox 3682 3549 3790 3604; x_wconf 89' lang='lat' dir='ltr'><strong>est,</strong></span> 
     </span>
    </p>
   </div>
   <div class='ocr_carea' id='block_1_76' title="bbox 2187 3631 3786 3705">
    <p class='ocr_par' dir='ltr' id='par_1_76' title="bbox 2187 3631 3786 3705">
     <span class='ocr_line' id='line_1_76' title="bbox 2187 3631 3786 3705; baseline -0.003 -14"><span class='ocrx_word' id='word_1_556' title='bbox 2187 3646 2315 3692; x_wconf 88' lang='lat' dir='ltr'><strong>ante</strong></span> <span class='ocrx_word' id='word_1_557' title='bbox 2346 3636 2433 3690; x_wconf 90' lang='lat' dir='ltr'><strong>illa</strong></span> <span class='ocrx_word' id='word_1_558' title='bbox 2458 3643 2705 3705; x_wconf 89' lang='lat' dir='ltr'><strong>tempora</strong></span> <span class='ocrx_word' id='word_1_559' title='bbox 2731 3633 3001 3701; x_wconf 84' lang='lat' dir='ltr'><strong>ﬂoruisse,</strong></span> <span class='ocrx_word' id='word_1_560' title='bbox 3037 3633 3268 3703; x_wconf 89' lang='lat' dir='ltr'><strong>ideoque</strong></span> <span class='ocrx_word' id='word_1_561' title='bbox 3292 3647 3416 3686; x_wconf 86' lang='lat' dir='ltr'><strong>eum</strong></span> <span class='ocrx_word' id='word_1_562' title='bbox 3448 3631 3588 3700; x_wconf 89' lang='lat' dir='ltr'><strong>ipsis</strong></span> <span class='ocrx_word' id='word_1_563' title='bbox 3645 3647 3786 3702; x_wconf 87' lang='lat' dir='ltr'><strong>apo-</strong></span> 
     </span>
    </p>
   </div>
   <div class='ocr_carea' id='block_1_77' title="bbox 2190 3722 3788 3797">
    <p class='ocr_par' dir='ltr' id='par_1_77' title="bbox 2190 3722 3788 3797">
     <span class='ocr_line' id='line_1_77' title="bbox 2190 3722 3788 3797; baseline -0.006 -10"><span class='ocrx_word' id='word_1_564' title='bbox 2190 3732 2365 3797; x_wconf 87' lang='lat' dir='ltr'><strong>stolis,</strong></span> <span class='ocrx_word' id='word_1_565' title='bbox 2394 3730 2479 3785; x_wconf 87' lang='lat' dir='ltr'><strong>vel</strong></span> <span class='ocrx_word' id='word_1_566' title='bbox 2509 3729 2796 3783; x_wconf 88' lang='lat' dir='ltr'><strong>minimum</strong></span> <span class='ocrx_word' id='word_1_567' title='bbox 2828 3742 2952 3781; x_wconf 91' lang='lat' dir='ltr'><strong>cum</strong></span> <span class='ocrx_word' id='word_1_568' title='bbox 2979 3725 3364 3796; x_wconf 81' lang='lat' dir='ltr'><strong>Apostolorum</strong></span> <span class='ocrx_word' id='word_1_569' title='bbox 3383 3722 3670 3793; x_wconf 85' lang='lat' dir='ltr'><strong>discipulis</strong></span> <span class='ocrx_word' id='word_1_570' title='bbox 3705 3723 3788 3777; x_wconf 80' lang='lat' dir='ltr'><strong>vi-</strong></span> 
     </span>
    </p>
   </div>
   <div class='ocr_carea' id='block_1_78' title="bbox 2193 3815 3779 3893">
    <p class='ocr_par' dir='ltr' id='par_1_78' title="bbox 2193 3815 3779 3893">
     <span class='ocr_line' id='line_1_78' title="bbox 2193 3815 3779 3893; baseline -0.003 -17"><span class='ocrx_word' id='word_1_571' title='bbox 2193 3833 2302 3876; x_wconf 90' lang='lat' dir='ltr'><strong>tam</strong></span> <span class='ocrx_word' id='word_1_572' title='bbox 2336 3822 2534 3893; x_wconf 81' lang='lat' dir='ltr'><strong>egisse.</strong></span> <span class='ocrx_word' id='word_1_573' title='bbox 2566 3819 2894 3890; x_wconf 80' lang='lat' dir='ltr'><strong>Hippolytus</strong></span> <span class='ocrx_word' id='word_1_574' title='bbox 2929 3818 3076 3873; x_wconf 91' lang='lat' dir='ltr'><strong>enim</strong></span> <span class='ocrx_word' id='word_1_575' title='bbox 3107 3815 3429 3872; x_wconf 86' lang='lat' dir='ltr'><strong>Portuensis</strong></span> <span class='ocrx_word' id='word_1_576' title='bbox 3467 3817 3575 3871; x_wconf 88' lang='lat' dir='ltr'><strong>sub</strong></span> <span class='ocrx_word' id='word_1_577' title='bbox 3612 3816 3779 3871; x_wconf 82' lang='lat' dir='ltr'><strong>Alex-</strong></span> 
     </span>
    </p>
   </div>
   <div class='ocr_carea' id='block_1_79' title="bbox 2191 3909 3790 3983">
    <p class='ocr_par' dir='ltr' id='par_1_79' title="bbox 2191 3909 3790 3983">
     <span class='ocr_line' id='line_1_79' title="bbox 2191 3909 3790 3983; baseline -0.003 -16"><span class='ocrx_word' id='word_1_578' title='bbox 2191 3913 2362 3968; x_wconf 87' lang='lat' dir='ltr'><strong>andro</strong></span> <span class='ocrx_word' id='word_1_579' title='bbox 2391 3915 2744 3983; x_wconf 85' lang='lat' dir='ltr'><strong>imperatore,</strong></span> <span class='ocrx_word' id='word_1_580' title='bbox 2787 3925 2934 3966; x_wconf 88' lang='lat' dir='ltr'><strong>anno</strong></span> <span class='ocrx_word' id='word_1_581' title='bbox 2992 3909 3207 3965; x_wconf 90' lang='lat' dir='ltr'><strong>Domini</strong></span> <span class='ocrx_word' id='word_1_582' title='bbox 3258 3924 3472 3977; x_wconf 62' lang='lat' dir='ltr'><strong>ccxx”,</strong></span> <span class='ocrx_word' id='word_1_583' title='bbox 3524 3909 3790 3979; x_wconf 88' lang='lat' dir='ltr'><strong>martyrio</strong></span> 
     </span>
    </p>
   </div>
   <div class='ocr_carea' id='block_1_80' title="bbox 2190 4000 3789 4062">
    <p class='ocr_par' dir='ltr' id='par_1_80' title="bbox 2190 4000 3789 4062">
     <span class='ocr_line' id='line_1_80' title="bbox 2190 4000 3789 4062; baseline -0.004 0"><span class='ocrx_word' id='word_1_584' title='bbox 2190 4006 2355 4062; x_wconf 88' lang='lat' dir='ltr'><strong>vitam</strong></span> <span class='ocrx_word' id='word_1_585' title='bbox 2384 4005 2523 4060; x_wconf 83' lang='lat' dir='ltr'><strong>linit.</strong></span> <span class='ocrx_word' id='word_1_586' title='bbox 2566 4006 2634 4060; x_wconf 89' lang='lat' dir='ltr'><strong>Et</strong></span> <span class='ocrx_word' id='word_1_587' title='bbox 2663 4004 2755 4059; x_wconf 85' lang='lat' dir='ltr'><strong>hic</strong></span> <span class='ocrx_word' id='word_1_588' title='bbox 2796 4002 3211 4059; x_wconf 88' lang='lat' dir='ltr'><strong>recentissimus</strong></span> <span class='ocrx_word' id='word_1_589' title='bbox 3244 4002 3351 4056; x_wconf 91' lang='lat' dir='ltr'><strong>erit</strong></span> <span class='ocrx_word' id='word_1_590' title='bbox 3377 4011 3572 4056; x_wconf 89' lang='lat' dir='ltr'><strong>auctor</strong></span> <span class='ocrx_word' id='word_1_591' title='bbox 3604 4002 3659 4056; x_wconf 92' lang='lat' dir='ltr'><strong>iu</strong></span> <span class='ocrx_word' id='word_1_592' title='bbox 3687 4000 3789 4055; x_wconf 85' lang='lat' dir='ltr'><strong>Ec-</strong></span> 
     </span>
    </p>
   </div>
   <div class='ocr_carea' id='block_1_81' title="bbox 2184 4074 3787 4168">
    <p class='ocr_par' dir='ltr' id='par_1_81' title="bbox 2184 4074 3787 4168">
     <span class='ocr_line' id='line_1_81' title="bbox 2184 4074 3787 4168; baseline -0.004 -16"><span class='ocrx_word' id='word_1_593' title='bbox 2184 4100 2380 4163; x_wconf 85' lang='lat' dir='ltr'><strong>clesia,</strong></span> <span class='ocrx_word' id='word_1_594' title='bbox 2411 4099 2575 4168; x_wconf 90' lang='lat' dir='ltr'><strong>cujus</strong></span> <span class='ocrx_word' id='word_1_595' title='bbox 2602 4097 2932 4153; x_wconf 87' lang='lat' dir='ltr'><strong>auctoritate</strong></span> <span class='ocrx_word' id='word_1_596' title='bbox 2968 4074 3069 4150; x_wconf 75' lang='lat' dir='ltr'><strong>sua</strong></span> <span class='ocrx_word' id='word_1_597' title='bbox 3095 4092 3388 4149; x_wconf 79' lang='lat' dir='ltr'><strong>conﬁrmat</strong></span> <span class='ocrx_word' id='word_1_598' title='bbox 3432 4090 3787 4164; x_wconf 81' lang='lat' dir='ltr'><strong>Hippolytus,</strong></span> 
     </span>
    </p>
   </div>
   <div class='ocr_carea' id='block_1_82' title="bbox 2189 4182 3790 4259">
    <p class='ocr_par' dir='ltr' id='par_1_82' title="bbox 2189 4182 3790 4259">
     <span class='ocr_line' id='line_1_82' title="bbox 2189 4182 3790 4259; baseline -0.002 -16"><span class='ocrx_word' id='word_1_599' title='bbox 2189 4189 2341 4244; x_wconf 88' lang='lat' dir='ltr'><strong>etde</strong></span> <span class='ocrx_word' id='word_1_600' title='bbox 2367 4204 2477 4259; x_wconf 91' lang='lat' dir='ltr'><strong>quo</strong></span> <span class='ocrx_word' id='word_1_601' title='bbox 2503 4204 2613 4243; x_wconf 91' lang='lat' dir='ltr'><strong>non</strong></span> <span class='ocrx_word' id='word_1_602' title='bbox 2645 4197 2903 4258; x_wconf 88' lang='lat' dir='ltr'><strong>tanquam</strong></span> <span class='ocrx_word' id='word_1_603' title='bbox 2943 4186 3010 4240; x_wconf 90' lang='lat' dir='ltr'><strong>de</strong></span> <span class='ocrx_word' id='word_1_604' title='bbox 3057 4200 3249 4239; x_wconf 88' lang='lat' dir='ltr'><strong>recens</strong></span> <span class='ocrx_word' id='word_1_605' title='bbox 3290 4183 3400 4238; x_wconf 82' lang='lat' dir='ltr'><strong>vita</strong></span> <span class='ocrx_word' id='word_1_606' title='bbox 3433 4182 3647 4250; x_wconf 80' lang='lat' dir='ltr'><strong>iuncto,</strong></span> <span class='ocrx_word' id='word_1_607' title='bbox 3691 4185 3790 4240; x_wconf 88' lang='lat' dir='ltr'><strong>sed</strong></span> 
     </span>
    </p>
   </div>
   <div class='ocr_carea' id='block_1_83' title="bbox 2191 4277 3789 4352">
    <p class='ocr_par' dir='ltr' id='par_1_83' title="bbox 2191 4277 3789 4352">
     <span class='ocr_line' id='line_1_83' title="bbox 2191 4277 3789 4352; baseline -0.003 -17"><span class='ocrx_word' id='word_1_608' title='bbox 2191 4289 2447 4352; x_wconf 86' lang='lat' dir='ltr'><strong>tanquam</strong></span> <span class='ocrx_word' id='word_1_609' title='bbox 2494 4281 2802 4349; x_wconf 87' lang='lat' dir='ltr'><strong>antiquiore</strong></span> <span class='ocrx_word' id='word_1_610' title='bbox 2830 4321 2845 4345; x_wconf 92' lang='lat'><strong>,</strong></span> <span class='ocrx_word' id='word_1_611' title='bbox 2889 4289 2945 4333; x_wconf 85' lang='lat' dir='ltr'><strong>et</strong></span> <span class='ocrx_word' id='word_1_612' title='bbox 2983 4277 3141 4347; x_wconf 87' lang='lat' dir='ltr'><strong>cujus</strong></span> <span class='ocrx_word' id='word_1_613' title='bbox 3181 4278 3294 4347; x_wconf 83' lang='lat' dir='ltr'><strong>jam</strong></span> <span class='ocrx_word' id='word_1_614' title='bbox 3340 4279 3643 4332; x_wconf 85' lang='lat' dir='ltr'><strong>auctoritas</strong></span> <span class='ocrx_word' id='word_1_615' title='bbox 3686 4293 3789 4333; x_wconf 92' lang='lat' dir='ltr'><strong>suo</strong></span> 
     </span>
    </p>
   </div>
   <div class='ocr_carea' id='block_1_84' title="bbox 508 4366 3787 4443">
    <p class='ocr_par' dir='ltr' id='par_1_84' title="bbox 508 4366 3787 4443">
     <span class='ocr_line' id='line_1_84' title="bbox 508 4366 3787 4443; baseline 0.001 -22"><span class='ocrx_word' id='word_1_616' title='bbox 508 4366 705 4422; x_wconf 89' lang='lat' dir='ltr'><strong>nadius</strong></span> <span class='ocrx_word' id='word_1_617' title='bbox 742 4368 934 4423; x_wconf 89' lang='lat' dir='ltr'><strong>utitur.</strong></span> <span class='ocrx_word' id='word_1_618' title='bbox 965 4368 1188 4425; x_wconf 86' lang='lat' dir='ltr'><strong>Necnon</strong></span> <span class='ocrx_word' id='word_1_619' title='bbox 1219 4369 1436 4426; x_wconf 85' lang='lat' dir='ltr'><strong>Nieetas</strong></span> <span class='ocrx_word' id='word_1_620' title='bbox 1459 4366 1743 4428; x_wconf 33' lang='lat' dir='ltr'><strong>Catena—in</strong></span> <span class='ocrx_word' id='word_1_621' title='bbox 1783 4375 2007 4443; x_wconf 82' lang='lat' dir='ltr'><strong>Lucam,</strong></span> <span class='ocrx_word' id='word_1_622' title='bbox 2031 4387 2090 4432; x_wconf 72' lang='lat' dir='ltr'><strong>et</strong></span> <span class='ocrx_word' id='word_1_623' title='bbox 2184 4373 2309 4443; x_wconf 84' lang='lat' dir='ltr'><strong>jure</strong></span> <span class='ocrx_word' id='word_1_624' title='bbox 2362 4372 2765 4437; x_wconf 87' lang='lat' dir='ltr'><strong>admitteretur,</strong></span> <span class='ocrx_word' id='word_1_625' title='bbox 2820 4370 2986 4425; x_wconf 87' lang='lat' dir='ltr'><strong>verba</strong></span> <span class='ocrx_word' id='word_1_626' title='bbox 3051 4368 3217 4423; x_wconf 76' lang='lat' dir='ltr'><strong>facit?</strong></span> <span class='ocrx_word' id='word_1_627' title='bbox 3256 4367 3787 4437; x_wconf 83' lang='lat' dir='ltr'><strong>Autiquissimorum</strong></span> 
     </span>
    </p>
   </div>
   <div class='ocr_carea' id='block_1_85' title="bbox 510 4457 2090 4539">
    <p class='ocr_par' dir='ltr' id='par_1_85' title="bbox 510 4457 2090 4539">
     <span class='ocr_line' id='line_1_85' title="bbox 510 4457 2090 4539; baseline 0.007 -27"><span class='ocrx_word' id='word_1_628' title='bbox 510 4457 775 4514; x_wconf 80' lang='lat' dir='ltr'><strong>Macarius</strong></span> <span class='ocrx_word' id='word_1_629' title='bbox 801 4458 1274 4532; x_wconf 87' lang='lat' dir='ltr'><strong>Chrysocephalus</strong></span> <span class='ocrx_word' id='word_1_630' title='bbox 1297 4462 1352 4517; x_wconf 90' lang='lat' dir='ltr'><strong>in</strong></span> <span class='ocrx_word' id='word_1_631' title='bbox 1390 4462 1585 4535; x_wconf 78' lang='lat' dir='ltr'><strong>Magno</strong></span> <span class='ocrx_word' id='word_1_632' title='bbox 1629 4466 1954 4536; x_wconf 87' lang='lat' dir='ltr'><strong>Alphabeto,</strong></span> <span class='ocrx_word' id='word_1_633' title='bbox 1991 4469 2090 4539; x_wconf 79' lang='lat' dir='ltr'><strong>Sy-</strong></span> 
     </span>
    </p>
   </div>
   <div class='ocr_carea' id='block_1_86' title="bbox 2188 4458 3788 4519">
    <p class='ocr_par' dir='ltr' id='par_1_86' title="bbox 2188 4458 3788 4519">
     <span class='ocr_line' id='line_1_86' title="bbox 2188 4458 3788 4519; baseline -0.002 -2"><span class='ocrx_word' id='word_1_634' title='bbox 2188 4461 2414 4518; x_wconf 81' lang='lat' dir='ltr'><strong>Patrum</strong></span> <span class='ocrx_word' id='word_1_635' title='bbox 2448 4464 2516 4519; x_wconf 88' lang='lat' dir='ltr'><strong>de</strong></span> <span class='ocrx_word' id='word_1_636' title='bbox 2544 4463 2634 4518; x_wconf 91' lang='lat' dir='ltr'><strong>die</strong></span> <span class='ocrx_word' id='word_1_637' title='bbox 2671 4461 2950 4518; x_wconf 87' lang='lat' dir='ltr'><strong>Passionis</strong></span> <span class='ocrx_word' id='word_1_638' title='bbox 2979 4470 3036 4515; x_wconf 90' lang='lat' dir='ltr'><strong>et</strong></span> <span class='ocrx_word' id='word_1_639' title='bbox 3074 4459 3267 4515; x_wconf 90' lang='lat' dir='ltr'><strong>mortis</strong></span> <span class='ocrx_word' id='word_1_640' title='bbox 3298 4458 3513 4513; x_wconf 90' lang='lat' dir='ltr'><strong>Domini</strong></span> <span class='ocrx_word' id='word_1_641' title='bbox 3557 4468 3788 4515; x_wconf 87' lang='lat' dir='ltr'><strong>senten-</strong></span> 
     </span>
    </p>
   </div>
   <div class='ocr_carea' id='block_1_87' title="bbox 508 4549 3786 4625">
    <p class='ocr_par' dir='ltr' id='par_1_87' title="bbox 508 4549 3786 4625">
     <span class='ocr_line' id='line_1_87' title="bbox 508 4549 3786 4625; baseline 0.002 -23"><span class='ocrx_word' id='word_1_642' title='bbox 508 4562 639 4604; x_wconf 88' lang='lat' dir='ltr'><strong>mon</strong></span> <span class='ocrx_word' id='word_1_643' title='bbox 667 4549 1176 4607; x_wconf 88' lang='lat' dir='ltr'><strong>Thessalonicensis</strong></span> <span class='ocrx_word' id='word_1_644' title='bbox 1211 4553 1269 4607; x_wconf 91' lang='lat' dir='ltr'><strong>in</strong></span> <span class='ocrx_word' id='word_1_645' title='bbox 1307 4552 1526 4625; x_wconf 85' lang='lat' dir='ltr'><strong>Dialogo</strong></span> <span class='ocrx_word' id='word_1_646' title='bbox 1577 4563 1768 4611; x_wconf 90' lang='lat' dir='ltr'><strong>contra</strong></span> <span class='ocrx_word' id='word_1_647' title='bbox 1817 4556 2084 4625; x_wconf 78' lang='lat' dir='ltr'><strong>Haereses,</strong></span> <span class='ocrx_word' id='word_1_648' title='bbox 2120 4558 2163 4613; x_wconf 79' lang='grc' dir='ltr'><strong><em>Β</em></strong></span> <span class='ocrx_word' id='word_1_649' title='bbox 2198 4552 2298 4611; x_wconf 86' lang='lat' dir='ltr'><strong>tias</strong></span> <span class='ocrx_word' id='word_1_650' title='bbox 2320 4557 2660 4619; x_wconf 82' lang='lat' dir='ltr'><strong>examinans.</strong></span> <span class='ocrx_word' id='word_1_651' title='bbox 2696 4569 2860 4609; x_wconf 87' lang='lat' dir='ltr'><strong>unam</strong></span> <span class='ocrx_word' id='word_1_652' title='bbox 2888 4554 3102 4609; x_wconf 69' lang='lat' dir='ltr'><strong>caeteris</strong></span> <span class='ocrx_word' id='word_1_653' title='bbox 3129 4550 3352 4623; x_wconf 62' lang='lat' dir='ltr'><strong>praefert</strong></span> <span class='ocrx_word' id='word_1_654' title='bbox 3375 4549 3786 4621; x_wconf 64' lang='lat' dir='ltr'><strong>Metaphrastae,</strong></span> 
     </span>
    </p>
   </div>
   <div class='ocr_carea' id='block_1_88' title="bbox 509 4639 2088 4716">
    <p class='ocr_par' dir='ltr' id='par_1_88' title="bbox 509 4639 2088 4716">
     <span class='ocr_line' id='line_1_88' title="bbox 509 4639 2088 4716; baseline 0.007 -21"><span class='ocrx_word' id='word_1_655' title='bbox 509 4649 566 4695; x_wconf 88' lang='lat' dir='ltr'><strong>et</strong></span> <span class='ocrx_word' id='word_1_656' title='bbox 604 4639 672 4695; x_wconf 91' lang='lat' dir='ltr'><strong>de</strong></span> <span class='ocrx_word' id='word_1_657' title='bbox 708 4639 1096 4708; x_wconf 87' lang='lat' dir='ltr'><strong>Sacramentis,</strong></span> <span class='ocrx_word' id='word_1_658' title='bbox 1127 4643 1377 4700; x_wconf 88' lang='lat' dir='ltr'><strong>Bessario</strong></span> <span class='ocrx_word' id='word_1_659' title='bbox 1416 4660 1634 4715; x_wconf 86' lang='lat' dir='ltr'><strong>quoque</strong></span> <span class='ocrx_word' id='word_1_660' title='bbox 1664 4646 1987 4716; x_wconf 88' lang='lat' dir='ltr'><strong>Cardinalis,</strong></span> <span class='ocrx_word' id='word_1_661' title='bbox 2032 4661 2088 4706; x_wconf 88' lang='lat' dir='ltr'><strong>et</strong></span> 
     </span>
    </p>
   </div>
   <div class='ocr_carea' id='block_1_89' title="bbox 508 4729 2078 4807">
    <p class='ocr_par' dir='ltr' id='par_1_89' title="bbox 508 4729 2078 4807">
     <span class='ocr_line' id='line_1_89' title="bbox 508 4729 2078 4807; baseline 0.005 -21"><span class='ocrx_word' id='word_1_662' title='bbox 508 4729 622 4786; x_wconf 88' lang='lat' dir='ltr'><strong>alii.</strong></span> <span class='ocrx_word' id='word_1_663' title='bbox 674 4731 741 4787; x_wconf 88' lang='lat' dir='ltr'><strong>Et</strong></span> <span class='ocrx_word' id='word_1_664' title='bbox 767 4732 907 4788; x_wconf 86' lang='lat' dir='ltr'><strong>inter</strong></span> <span class='ocrx_word' id='word_1_665' title='bbox 929 4732 1151 4790; x_wconf 89' lang='lat' dir='ltr'><strong>Latinos</strong></span> <span class='ocrx_word' id='word_1_666' title='bbox 1172 4735 1423 4807; x_wconf 79' lang='lat' dir='ltr'><strong>Aloysius</strong></span> <span class='ocrx_word' id='word_1_667' title='bbox 1469 4734 1847 4807; x_wconf 84' lang='lat' dir='ltr'><strong>Lipomannus</strong></span> <span class='ocrx_word' id='word_1_668' title='bbox 1870 4756 1885 4792; x_wconf 90' lang='lat'><strong>:</strong></span> <span class='ocrx_word' id='word_1_669' title='bbox 1909 4739 2078 4794; x_wconf 80' lang='lat' dir='ltr'><strong><em>Meta-</em></strong></span> 
     </span>
    </p>
   </div>
   <div class='ocr_carea' id='block_1_90' title="bbox 509 4823 2083 4900">
    <p class='ocr_par' dir='ltr' id='par_1_90' title="bbox 509 4823 2083 4900">
     <span class='ocr_line' id='line_1_90' title="bbox 509 4823 2083 4900; baseline 0.006 -23"><span class='ocrx_word' id='word_1_670' title='bbox 509 4824 746 4893; x_wconf 84' lang='lat' dir='ltr'><strong><em>pltrastes</em></strong></span> <span class='ocrx_word' id='word_1_671' title='bbox 802 4823 952 4879; x_wconf 84' lang='lat' dir='ltr'><strong><em>Vitas</em></strong></span> <span class='ocrx_word' id='word_1_672' title='bbox 1001 4836 1328 4891; x_wconf 87' lang='lat' dir='ltr'><strong><em>sanctorum,</em></strong></span> <span class='ocrx_word' id='word_1_673' title='bbox 1360 4828 1586 4899; x_wconf 85' lang='lat' dir='ltr'><strong><em>eleganti</em></strong></span> <span class='ocrx_word' id='word_1_674' title='bbox 1605 4830 1742 4900; x_wconf 81' lang='lat' dir='ltr'><strong><em>style</em></strong></span> <span class='ocrx_word' id='word_1_675' title='bbox 1795 4839 1843 4884; x_wconf 88' lang='lat' dir='ltr'><strong>et</strong></span> <span class='ocrx_word' id='word_1_676' title='bbox 1874 4832 2083 4886; x_wconf 85' lang='lat' dir='ltr'><strong><em>condito</em></strong></span> 
     </span>
    </p>
   </div>
   <div class='ocr_carea' id='block_1_91' title="bbox 510 4915 2090 4991">
    <p class='ocr_par' dir='ltr' id='par_1_91' title="bbox 510 4915 2090 4991">
     <span class='ocr_line' id='line_1_91' title="bbox 510 4915 2090 4991; baseline 0.006 -22"><span class='ocrx_word' id='word_1_677' title='bbox 510 4915 802 4985; x_wconf 84' lang='lat' dir='ltr'><strong><em>descripsit,</em></strong></span> <span class='ocrx_word' id='word_1_678' title='bbox 840 4925 889 4971; x_wconf 90' lang='lat' dir='ltr'><strong>et</strong></span> <span class='ocrx_word' id='word_1_679' title='bbox 928 4917 1172 4988; x_wconf 82' lang='lat' dir='ltr'><strong><em>legendas</em></strong></span> <span class='ocrx_word' id='word_1_680' title='bbox 1213 4919 1460 4974; x_wconf 70' lang='lat' dir='ltr'><strong><em>Ecclesia:</em></strong></span> <span class='ocrx_word' id='word_1_681' title='bbox 1499 4923 1792 4991; x_wconf 88' lang='lat' dir='ltr'><strong><em>proposuit,</em></strong></span> <span class='ocrx_word' id='word_1_682' title='bbox 1838 4932 2090 4991; x_wconf 86' lang='lat' dir='ltr'><strong><em>tantaque</em></strong></span> 
     </span>
    </p>
   </div>
   <div class='ocr_carea' id='block_1_92' title="bbox 509 5007 2087 5083">
    <p class='ocr_par' dir='ltr' id='par_1_92' title="bbox 509 5007 2087 5083">
     <span class='ocr_line' id='line_1_92' title="bbox 509 5007 2087 5083; baseline 0.004 -21"><span class='ocrx_word' id='word_1_683' title='bbox 509 5007 825 5062; x_wconf 79' lang='lat' dir='ltr'><strong><em>auctoritate</em></strong></span> <span class='ocrx_word' id='word_1_684' title='bbox 859 5008 987 5061; x_wconf 89' lang='lat' dir='ltr'><strong><em>liber</em></strong></span> <span class='ocrx_word' id='word_1_685' title='bbox 1007 5010 1090 5062; x_wconf 83' lang='lat' dir='ltr'><strong><em>hic</em></strong></span> <span class='ocrx_word' id='word_1_686' title='bbox 1129 5011 1185 5062; x_wconf 90' lang='lat' dir='ltr'><strong>in</strong></span> <span class='ocrx_word' id='word_1_687' title='bbox 1207 5010 1374 5065; x_wconf 88' lang='lat' dir='ltr'><strong><em>lucem</em></strong></span> <span class='ocrx_word' id='word_1_688' title='bbox 1402 5013 1615 5080; x_wconf 87' lang='lat' dir='ltr'><strong><em>prodiit,</em></strong></span> <span class='ocrx_word' id='word_1_689' title='bbox 1647 5022 1706 5067; x_wconf 89' lang='lat' dir='ltr'><strong><em>ut</em></strong></span> <span class='ocrx_word' id='word_1_690' title='bbox 1730 5016 1874 5083; x_wconf 90' lang='lat' dir='ltr'><strong><em>apud</em></strong></span> <span class='ocrx_word' id='word_1_691' title='bbox 1897 5013 2087 5070; x_wconf 83' lang='lat' dir='ltr'><strong><em>Orien-</em></strong></span> 
     </span>
    </p>
   </div>
   <div class='ocr_carea' id='block_1_93' title="bbox 512 5097 2088 5173">
    <p class='ocr_par' dir='ltr' id='par_1_93' title="bbox 512 5097 2088 5173">
     <span class='ocr_line' id='line_1_93' title="bbox 512 5097 2088 5173; baseline 0.006 -21"><span class='ocrx_word' id='word_1_692' title='bbox 512 5099 674 5154; x_wconf 81' lang='lat' dir='ltr'><strong><em>talem</em></strong></span> <span class='ocrx_word' id='word_1_693' title='bbox 705 5097 1017 5162; x_wconf 81' lang='lat' dir='ltr'><strong><em>Ecclesium,</em></strong></span> <span class='ocrx_word' id='word_1_694' title='bbox 1045 5101 1135 5170; x_wconf 86' lang='lat' dir='ltr'><strong>qui</strong></span> <span class='ocrx_word' id='word_1_695' title='bbox 1175 5110 1479 5156; x_wconf 91' lang='lat' dir='ltr'><strong><em>sanctorum</em></strong></span> <span class='ocrx_word' id='word_1_696' title='bbox 1514 5103 1658 5159; x_wconf 85' lang='lat' dir='ltr'><strong><em>Vitas</em></strong></span> <span class='ocrx_word' id='word_1_697' title='bbox 1696 5115 1890 5173; x_wconf 77' lang='lat' dir='ltr'><strong><em>prwter</em></strong></span> <span class='ocrx_word' id='word_1_698' title='bbox 1926 5122 2088 5161; x_wconf 89' lang='lat' dir='ltr'><strong><em>unum</em></strong></span> 
     </span>
    </p>
   </div>
   <div class='ocr_carea' id='block_1_94' title="bbox 512 5190 2089 5267">
    <p class='ocr_par' dir='ltr' id='par_1_94' title="bbox 512 5190 2089 5267">
     <span class='ocr_line' id='line_1_94' title="bbox 512 5190 2089 5267; baseline 0.005 -23"><span class='ocrx_word' id='word_1_699' title='bbox 512 5190 935 5260; x_wconf 77' lang='lat' dir='ltr'><strong><em>Metapltrastem,</em></strong></span> <span class='ocrx_word' id='word_1_700' title='bbox 969 5193 1256 5260; x_wconf 85' lang='lat' dir='ltr'><strong><em>scripserit,</em></strong></span> <span class='ocrx_word' id='word_1_701' title='bbox 1286 5210 1378 5248; x_wconf 87' lang='lat' dir='ltr'><strong>nec</strong></span> <span class='ocrx_word' id='word_1_702' title='bbox 1405 5205 1695 5264; x_wconf 63' lang='lat' dir='ltr'><strong><em>quaeratur,</em></strong></span> <span class='ocrx_word' id='word_1_703' title='bbox 1732 5213 1825 5251; x_wconf 89' lang='lat' dir='ltr'><strong>nec</strong></span> <span class='ocrx_word' id='word_1_704' title='bbox 1855 5200 2089 5267; x_wconf 84' lang='lat' dir='ltr'><strong><em>reperia—</em></strong></span> 
     </span>
    </p>
   </div>
   <div class='ocr_carea' id='block_1_95' title="bbox 516 5284 2087 5357">
    <p class='ocr_par' dir='ltr' id='par_1_95' title="bbox 516 5284 2087 5357">
     <span class='ocr_line' id='line_1_95' title="bbox 516 5284 2087 5357; baseline 0.004 -21"><span class='ocrx_word' id='word_1_705' title='bbox 516 5284 873 5348; x_wconf 84' lang='lat' dir='ltr'><strong><em>tur.Quinimo</em></strong></span> <span class='ocrx_word' id='word_1_706' title='bbox 893 5284 1132 5357; x_wconf 77' lang='lat' dir='ltr'><strong>[57]cum</strong></span> <span class='ocrx_word' id='word_1_707' title='bbox 1147 5285 1326 5356; x_wconf 58' lang='lat' dir='ltr'><strong><em>inisuis</em></strong></span> <span class='ocrx_word' id='word_1_708' title='bbox 1347 5285 1584 5355; x_wconf 74' lang='lat' dir='ltr'><strong><em>Menwis,</em></strong></span> <span class='ocrx_word' id='word_1_709' title='bbox 1605 5296 1654 5342; x_wconf 89' lang='lat' dir='ltr'><strong>et</strong></span> <span class='ocrx_word' id='word_1_710' title='bbox 1674 5305 1858 5343; x_wconf 87' lang='lat' dir='ltr'><strong><em>sacras</em></strong></span> <span class='ocrx_word' id='word_1_711' title='bbox 1874 5299 2087 5343; x_wconf 85' lang='lat' dir='ltr'><strong><em>sancto-</em></strong></span> 
     </span>
    </p>
   </div>
   <div class='ocr_carea' id='block_1_96' title="bbox 516 5378 2093 5449">
    <p class='ocr_par' dir='ltr' id='par_1_96' title="bbox 516 5378 2093 5449">
     <span class='ocr_line' id='line_1_96' title="bbox 516 5378 2093 5449; baseline 0.002 -17"><span class='ocrx_word' id='word_1_712' title='bbox 516 5394 636 5432; x_wconf 80' lang='lat' dir='ltr'><strong>rum</strong></span> <span class='ocrx_word' id='word_1_713' title='bbox 671 5378 813 5433; x_wconf 85' lang='lat' dir='ltr'><strong><em>Vitas</em></strong></span> <span class='ocrx_word' id='word_1_714' title='bbox 841 5380 1051 5442; x_wconf 85' lang='lat' dir='ltr'><strong><em>recitat,</em></strong></span> <span class='ocrx_word' id='word_1_715' title='bbox 1085 5396 1188 5434; x_wconf 90' lang='lat' dir='ltr'><strong><em>non</em></strong></span> <span class='ocrx_word' id='word_1_716' title='bbox 1218 5380 1386 5445; x_wconf 88' lang='lat' dir='ltr'><strong><em>alias,</em></strong></span> <span class='ocrx_word' id='word_1_717' title='bbox 1429 5396 1591 5449; x_wconf 89' lang='lat' dir='ltr'><strong><em>quam</em></strong></span> <span class='ocrx_word' id='word_1_718' title='bbox 1639 5397 1704 5436; x_wconf 74' lang='lat' dir='ltr'><strong>ea:</strong></span> <span class='ocrx_word' id='word_1_719' title='bbox 1741 5382 1856 5436; x_wconf 86' lang='lat' dir='ltr'><strong><em>istis</em></strong></span> <span class='ocrx_word' id='word_1_720' title='bbox 1890 5382 2093 5435; x_wconf 52' lang='lat' dir='ltr'><strong><em>desum.</em></strong></span> 
     </span>
    </p>
   </div>
   <div class='ocr_carea' id='block_1_97' title="bbox 518 5469 2093 5540">
    <p class='ocr_par' dir='ltr' id='par_1_97' title="bbox 518 5469 2093 5540">
     <span class='ocr_line' id='line_1_97' title="bbox 518 5469 2093 5540; baseline 0.004 -20"><span class='ocrx_word' id='word_1_721' title='bbox 518 5477 639 5536; x_wconf 89' lang='lat' dir='ltr'><strong><em>ptas</em></strong></span> <span class='ocrx_word' id='word_1_722' title='bbox 675 5469 831 5539; x_wconf 87' lang='lat' dir='ltr'><strong><em>legit;</em></strong></span> <span class='ocrx_word' id='word_1_723' title='bbox 863 5470 994 5523; x_wconf 89' lang='lat' dir='ltr'><strong><em>adeo</em></strong></span> <span class='ocrx_word' id='word_1_724' title='bbox 1015 5484 1109 5536; x_wconf 86' lang='lat' dir='ltr'><strong>pro</strong></span> <span class='ocrx_word' id='word_1_725' title='bbox 1142 5472 1315 5532; x_wconf 86' lang='lat' dir='ltr'><strong><em>certis,</em></strong></span> <span class='ocrx_word' id='word_1_726' title='bbox 1344 5471 1500 5540; x_wconf 81' lang='lat' dir='ltr'><strong><em>veris,</em></strong></span> <span class='ocrx_word' id='word_1_727' title='bbox 1537 5473 1851 5527; x_wconf 85' lang='lat' dir='ltr'><strong><em>authenticis</em></strong></span> <span class='ocrx_word' id='word_1_728' title='bbox 1881 5472 1945 5526; x_wconf 89' lang='lat' dir='ltr'><strong>ab</strong></span> <span class='ocrx_word' id='word_1_729' title='bbox 1978 5489 2093 5526; x_wconf 89' lang='lat' dir='ltr'><strong>om-</strong></span> 
     </span>
    </p>
   </div>
   <div class='ocr_carea' id='block_1_98' title="bbox 520 5558 2089 5644">
    <p class='ocr_par' dir='ltr' id='par_1_98' title="bbox 520 5558 2089 5644">
     <span class='ocr_line' id='line_1_98' title="bbox 520 5558 2089 5644; baseline 0.003 -30"><span class='ocrx_word' id='word_1_730' title='bbox 520 5558 690 5625; x_wconf 80' lang='lat' dir='ltr'><strong><em>nibus,</em></strong></span> <span class='ocrx_word' id='word_1_731' title='bbox 736 5570 783 5614; x_wconf 88' lang='lat' dir='ltr'><strong>et</strong></span> <span class='ocrx_word' id='word_1_732' title='bbox 822 5563 1055 5615; x_wconf 88' lang='lat' dir='ltr'><strong><em>omnium</em></strong></span> <span class='ocrx_word' id='word_1_733' title='bbox 1100 5564 1414 5617; x_wconf 83' lang='lat' dir='ltr'><strong><em>auctoritate</em></strong></span> <span class='ocrx_word' id='word_1_734' title='bbox 1453 5565 1777 5644; x_wconf 83' lang='lat' dir='ltr'><strong><em>conﬁrmatis</em></strong></span> <span class='ocrx_word' id='word_1_735' title='bbox 1812 5564 2089 5619; x_wconf 77' lang='lat' dir='ltr'><strong><em>habentur.</em></strong></span> 
     </span>
    </p>
   </div>
   <div class='ocr_carea' id='block_1_99' title="bbox 520 5652 2091 5726">
    <p class='ocr_par' dir='ltr' id='par_1_99' title="bbox 520 5652 2091 5726">
     <span class='ocr_line' id='line_1_99' title="bbox 520 5652 2091 5726; baseline 0.002 -18"><span class='ocrx_word' id='word_1_736' title='bbox 520 5652 635 5708; x_wconf 85' lang='lat' dir='ltr'><strong>Imo</strong></span> <span class='ocrx_word' id='word_1_737' title='bbox 669 5669 760 5706; x_wconf 83' lang='lat' dir='ltr'><strong>nec</strong></span> <span class='ocrx_word' id='word_1_738' title='bbox 803 5654 1035 5708; x_wconf 83' lang='lat' dir='ltr'><strong><em>Ecclesia</em></strong></span> <span class='ocrx_word' id='word_1_739' title='bbox 1078 5654 1259 5711; x_wconf 70' lang='grc' dir='ltr'><strong>(ἐι-(πα</strong></span> <span class='ocrx_word' id='word_1_740' title='bbox 1304 5674 1477 5726; x_wconf 87' lang='lat' dir='ltr'><strong><em>preces</em></strong></span> <span class='ocrx_word' id='word_1_741' title='bbox 1517 5659 1880 5724; x_wconf 83' lang='lat' dir='ltr'><strong><em>orationesque</em></strong></span> <span class='ocrx_word' id='word_1_742' title='bbox 1920 5662 2091 5712; x_wconf 84' lang='lat' dir='ltr'><strong><em>Meta-</em></strong></span> 
     </span>
    </p>
   </div>
   <div class='ocr_carea' id='block_1_100' title="bbox 521 5747 2090 5820">
    <p class='ocr_par' dir='ltr' id='par_1_100' title="bbox 521 5747 2090 5820">
     <span class='ocr_line' id='line_1_100' title="bbox 521 5747 2090 5820; baseline 0.002 -19"><span class='ocrx_word' id='word_1_743' title='bbox 521 5747 753 5815; x_wconf 79' lang='lat' dir='ltr'><strong><em>phrastw</em></strong></span> <span class='ocrx_word' id='word_1_744' title='bbox 806 5758 919 5816; x_wconf 88' lang='lat' dir='ltr'><strong><em>post</em></strong></span> <span class='ocrx_word' id='word_1_745' title='bbox 957 5747 1146 5802; x_wconf 82' lang='lat' dir='ltr'><strong><em>Basilii</em></strong></span> <span class='ocrx_word' id='word_1_746' title='bbox 1194 5759 1241 5803; x_wconf 90' lang='lat' dir='ltr'><strong>ct</strong></span> <span class='ocrx_word' id='word_1_747' title='bbox 1281 5750 1639 5820; x_wconf 76' lang='lat' dir='ltr'><strong><em>Chrysostomi</em></strong></span> <span class='ocrx_word' id='word_1_748' title='bbox 1677 5751 2090 5819; x_wconf 83' lang='lat' dir='ltr'><strong><em>supplicationes</em></strong></span> 
     </span>
    </p>
   </div>
   <div class='ocr_carea' id='block_1_101' title="bbox 519 5839 2091 5911">
    <p class='ocr_par' dir='ltr' id='par_1_101' title="bbox 519 5839 2091 5911">
     <span class='ocr_line' id='line_1_101' title="bbox 519 5839 2091 5911; baseline 0.001 -18"><span class='ocrx_word' id='word_1_749' title='bbox 519 5839 699 5894; x_wconf 69' lang='lat' dir='ltr'><strong><em>statim</em></strong></span> <span class='ocrx_word' id='word_1_750' title='bbox 738 5840 979 5904; x_wconf 83' lang='lat' dir='ltr'><strong><em>locasset,</em></strong></span> <span class='ocrx_word' id='word_1_751' title='bbox 1014 5842 1057 5895; x_wconf 83' lang='lat' dir='ltr'><strong>si</strong></span> <span class='ocrx_word' id='word_1_752' title='bbox 1102 5844 1318 5895; x_wconf 73' lang='lat' dir='ltr'><strong><em>recentis</em></strong></span> <span class='ocrx_word' id='word_1_753' title='bbox 1351 5844 1597 5911; x_wconf 82' lang='lat' dir='ltr'><strong><em>temporis</em></strong></span> <span class='ocrx_word' id='word_1_754' title='bbox 1636 5844 1865 5896; x_wconf 85' lang='lat' dir='ltr'><strong><em>auctoris</em></strong></span> <span class='ocrx_word' id='word_1_755' title='bbox 1905 5851 2091 5897; x_wconf 82' lang='lat' dir='ltr'><strong><em>essent.</em></strong></span> 
     </span>
    </p>
   </div>
   <div class='ocr_carea' id='block_1_102' title="bbox 2193 4643 3786 4718">
    <p class='ocr_par' dir='ltr' id='par_1_102' title="bbox 2193 4643 3786 4718">
     <span class='ocr_line' id='line_1_102' title="bbox 2193 4643 3786 4718; baseline -0.002 -15"><span class='ocrx_word' id='word_1_756' title='bbox 2193 4662 2354 4717; x_wconf 90' lang='lat' dir='ltr'><strong>quem</strong></span> <span class='ocrx_word' id='word_1_757' title='bbox 2385 4663 2497 4702; x_wconf 90' lang='lat' dir='ltr'><strong>non</strong></span> <span class='ocrx_word' id='word_1_758' title='bbox 2532 4648 2652 4703; x_wconf 89' lang='lat' dir='ltr'><strong>sine</strong></span> <span class='ocrx_word' id='word_1_759' title='bbox 2679 4646 2955 4718; x_wconf 57' lang='lat' dir='ltr'><strong>praeconio</strong></span> <span class='ocrx_word' id='word_1_760' title='bbox 2986 4646 3255 4702; x_wconf 89' lang='lat' dir='ltr'><strong>nominat.</strong></span> <span class='ocrx_word' id='word_1_761' title='bbox 3297 4644 3451 4700; x_wconf 89' lang='lat' dir='ltr'><strong>Unus</strong></span> <span class='ocrx_word' id='word_1_762' title='bbox 3479 4644 3559 4699; x_wconf 92' lang='lat' dir='ltr'><strong>illi</strong></span> <span class='ocrx_word' id='word_1_763' title='bbox 3587 4643 3786 4715; x_wconf 86' lang='lat' dir='ltr'><strong>Syme-</strong></span> 
     </span>
    </p>
   </div>
   <div class='ocr_carea' id='block_1_103' title="bbox 2192 4734 3787 4807">
    <p class='ocr_par' dir='ltr' id='par_1_103' title="bbox 2192 4734 3787 4807">
     <span class='ocr_line' id='line_1_103' title="bbox 2192 4734 3787 4807; baseline -0.004 -13"><span class='ocrx_word' id='word_1_764' title='bbox 2192 4752 2285 4803; x_wconf 90' lang='lat' dir='ltr'><strong>on,</strong></span> <span class='ocrx_word' id='word_1_765' title='bbox 2336 4737 2599 4807; x_wconf 85' lang='lat' dir='ltr'><strong>quidquid</strong></span> <span class='ocrx_word' id='word_1_766' title='bbox 2646 4737 2735 4792; x_wconf 87' lang='lat' dir='ltr'><strong>alii</strong></span> <span class='ocrx_word' id='word_1_767' title='bbox 2769 4737 2990 4803; x_wconf 88' lang='lat' dir='ltr'><strong>dicant,</strong></span> <span class='ocrx_word' id='word_1_768' title='bbox 3043 4736 3388 4792; x_wconf 61' lang='lat' dir='ltr'><strong>haesitantem</strong></span> <span class='ocrx_word' id='word_1_769' title='bbox 3443 4734 3787 4788; x_wconf 84' lang='lat' dir='ltr'><strong>intellectum</strong></span> 
     </span>
    </p>
   </div>
   <div class='ocr_carea' id='block_1_104' title="bbox 2194 4821 3786 4897">
    <p class='ocr_par' dir='ltr' id='par_1_104' title="bbox 2194 4821 3786 4897">
     <span class='ocr_line' id='line_1_104' title="bbox 2194 4821 3786 4897; baseline -0.004 -13"><span class='ocrx_word' id='word_1_770' title='bbox 2194 4829 2396 4888; x_wconf 79' lang='lat' dir='ltr'><strong>ﬁrmat.</strong></span> <span class='ocrx_word' id='word_1_771' title='bbox 2449 4827 2591 4896; x_wconf 84' lang='grc' dir='ltr'><strong>Ἐγὼ</strong></span> <span class='ocrx_word' id='word_1_772' title='bbox 2624 4826 2683 4881; x_wconf 75' lang='grc' dir='ltr'><strong>δὲ</strong></span> <span class='ocrx_word' id='word_1_773' title='bbox 2737 4827 2997 4897; x_wconf 75' lang='grc' dir='ltr'><strong>πείθομαι</strong></span> <span class='ocrx_word' id='word_1_774' title='bbox 3040 4828 3155 4889; x_wconf 82' lang='grc' dir='ltr'><strong>τοῖς</strong></span> <span class='ocrx_word' id='word_1_775' title='bbox 3205 4824 3390 4892; x_wconf 84' lang='grc' dir='ltr'>λόγοις</span> <span class='ocrx_word' id='word_1_776' title='bbox 3434 4821 3531 4877; x_wconf 79' lang='grc' dir='ltr'><strong>τοῦ</strong></span> <span class='ocrx_word' id='word_1_777' title='bbox 3588 4822 3786 4894; x_wconf 75' lang='grc' dir='ltr'>κυρίου</span> 
     </span>
    </p>
   </div>
   <div class='ocr_carea' id='block_1_105' title="bbox 2195 4912 3787 4990">
    <p class='ocr_par' dir='ltr' id='par_1_105' title="bbox 2195 4912 3787 4990">
     <span class='ocr_line' id='line_1_105' title="bbox 2195 4912 3787 4990; baseline -0.004 -18"><span class='ocrx_word' id='word_1_778' title='bbox 2195 4919 2441 4990; x_wconf 81' lang='grc' dir='ltr'><strong>Συμεών.</strong></span> <span class='ocrx_word' id='word_1_779' title='bbox 2462 4917 2570 4989; x_wconf 88' lang='lat' dir='ltr'><strong>Ego</strong></span> <span class='ocrx_word' id='word_1_780' title='bbox 2587 4934 2706 4974; x_wconf 81' lang='lat' dir='ltr'><strong><em>vero</em></strong></span> <span class='ocrx_word' id='word_1_781' title='bbox 2722 4917 2881 4986; x_wconf 79' lang='lat' dir='ltr'><strong><em>fidem</em></strong></span> <span class='ocrx_word' id='word_1_782' title='bbox 2897 4917 3119 4972; x_wconf 84' lang='lat' dir='ltr'><strong><em>adhibeo</em></strong></span> <span class='ocrx_word' id='word_1_783' title='bbox 3140 4916 3307 4970; x_wconf 84' lang='lat' dir='ltr'><strong><em>verbis</em></strong></span> <span class='ocrx_word' id='word_1_784' title='bbox 3342 4913 3546 4969; x_wconf 83' lang='lat' dir='ltr'><strong><em>domini</em></strong></span> <span class='ocrx_word' id='word_1_785' title='bbox 3560 4912 3787 4984; x_wconf 75' lang='lat' dir='ltr'><strong>Symae-</strong></span> 
     </span>
    </p>
   </div>
   <div class='ocr_carea' id='block_1_106' title="bbox 2197 5007 3782 5082">
    <p class='ocr_par' dir='ltr' id='par_1_106' title="bbox 2197 5007 3782 5082">
     <span class='ocr_line' id='line_1_106' title="bbox 2197 5007 3782 5082; baseline -0.009 -15"><span class='ocrx_word' id='word_1_786' title='bbox 2197 5014 2296 5067; x_wconf 88' lang='lat' dir='ltr'><strong><em>nis.</em></strong></span> <span class='ocrx_word' id='word_1_787' title='bbox 2327 5011 2622 5082; x_wconf 78' lang='lat' dir='ltr'><strong>PrOgressu</strong></span> <span class='ocrx_word' id='word_1_788' title='bbox 2645 5010 2928 5076; x_wconf 86' lang='lat' dir='ltr'><strong>temporis.</strong></span> <span class='ocrx_word' id='word_1_789' title='bbox 2943 5018 2997 5064; x_wconf 88' lang='lat' dir='ltr'><strong>et</strong></span> <span class='ocrx_word' id='word_1_790' title='bbox 3023 5017 3218 5064; x_wconf 88' lang='lat' dir='ltr'><strong>testata</strong></span> <span class='ocrx_word' id='word_1_791' title='bbox 3237 5007 3479 5078; x_wconf 89' lang='lat' dir='ltr'><strong>plurium</strong></span> <span class='ocrx_word' id='word_1_792' title='bbox 3511 5016 3782 5059; x_wconf 89' lang='lat' dir='ltr'><strong>annorum</strong></span> 
     </span>
    </p>
   </div>
   <div class='ocr_carea' id='block_1_107' title="bbox 2197 5091 3785 5169">
    <p class='ocr_par' dir='ltr' id='par_1_107' title="bbox 2197 5091 3785 5169">
     <span class='ocr_line' id='line_1_107' title="bbox 2197 5091 3785 5169; baseline -0.01 -10"><span class='ocrx_word' id='word_1_793' title='bbox 2197 5103 2551 5159; x_wconf 88' lang='lat' dir='ltr'><strong>contentione</strong></span> <span class='ocrx_word' id='word_1_794' title='bbox 2568 5102 2838 5159; x_wconf 88' lang='lat' dir='ltr'><strong>dictorum</strong></span> <span class='ocrx_word' id='word_1_795' title='bbox 2855 5100 3172 5166; x_wconf 87' lang='lat' dir='ltr'><strong>auctoritas,</strong></span> <span class='ocrx_word' id='word_1_796' title='bbox 3200 5109 3257 5155; x_wconf 89' lang='lat' dir='ltr'><strong>et</strong></span> <span class='ocrx_word' id='word_1_797' title='bbox 3282 5114 3349 5154; x_wconf 88' lang='lat' dir='ltr'><strong>eo</strong></span> <span class='ocrx_word' id='word_1_798' title='bbox 3370 5098 3563 5169; x_wconf 77' lang='lat' dir='ltr'><strong>magis,</strong></span> <span class='ocrx_word' id='word_1_799' title='bbox 3587 5093 3632 5148; x_wconf 88' lang='lat' dir='ltr'><strong>si</strong></span> <span class='ocrx_word' id='word_1_800' title='bbox 3659 5091 3785 5146; x_wconf 89' lang='lat' dir='ltr'><strong>aliis</strong></span> 
     </span>
    </p>
   </div>
   <div class='ocr_carea' id='block_1_108' title="bbox 2202 5184 3785 5265">
    <p class='ocr_par' dir='ltr' id='par_1_108' title="bbox 2202 5184 3785 5265">
     <span class='ocr_line' id='line_1_108' title="bbox 2202 5184 3785 5265; baseline -0.008 -14"><span class='ocrx_word' id='word_1_801' title='bbox 2202 5195 2461 5265; x_wconf 84' lang='lat' dir='ltr'><strong>anteponi</strong></span> <span class='ocrx_word' id='word_1_802' title='bbox 2494 5195 2720 5256; x_wconf 85' lang='lat' dir='ltr'><strong>debent,</strong></span> <span class='ocrx_word' id='word_1_803' title='bbox 2778 5209 2888 5248; x_wconf 91' lang='lat' dir='ltr'><strong>non</strong></span> <span class='ocrx_word' id='word_1_804' title='bbox 2937 5193 3100 5247; x_wconf 88' lang='lat' dir='ltr'><strong>unius</strong></span> <span class='ocrx_word' id='word_1_805' title='bbox 3132 5192 3241 5248; x_wconf 90' lang='lat' dir='ltr'><strong>diei</strong></span> <span class='ocrx_word' id='word_1_806' title='bbox 3274 5198 3501 5246; x_wconf 88' lang='lat' dir='ltr'><strong>nutante</strong></span> <span class='ocrx_word' id='word_1_807' title='bbox 3536 5184 3785 5256; x_wconf 89' lang='lat' dir='ltr'><strong>periculo</strong></span> 
     </span>
    </p>
   </div>
   <div class='ocr_carea' id='block_1_109' title="bbox 2200 5274 3786 5358">
    <p class='ocr_par' dir='ltr' id='par_1_109' title="bbox 2200 5274 3786 5358">
     <span class='ocr_line' id='line_1_109' title="bbox 2200 5274 3786 5358; baseline -0.007 -19"><span class='ocrx_word' id='word_1_808' title='bbox 2200 5284 2691 5358; x_wconf 75' lang='lat' dir='ltr'><strong>comparatur.|83]</strong></span> <span class='ocrx_word' id='word_1_809' title='bbox 2711 5284 2850 5341; x_wconf 88' lang='lat' dir='ltr'><strong>Cum</strong></span> <span class='ocrx_word' id='word_1_810' title='bbox 2872 5284 3056 5354; x_wconf 90' lang='lat' dir='ltr'><strong>itaque</strong></span> <span class='ocrx_word' id='word_1_811' title='bbox 3077 5281 3364 5355; x_wconf 79' lang='lat' dir='ltr'><strong>Symeonis</strong></span> <span class='ocrx_word' id='word_1_812' title='bbox 3382 5285 3535 5341; x_wconf 84' lang='lat' dir='ltr'><strong>aetas,</strong></span> <span class='ocrx_word' id='word_1_813' title='bbox 3559 5274 3606 5329; x_wconf 93' lang='lat' dir='ltr'><strong>si</strong></span> <span class='ocrx_word' id='word_1_814' title='bbox 3639 5274 3786 5329; x_wconf 87' lang='lat' dir='ltr'><strong>bene</strong></span> 
     </span>
    </p>
   </div>
   <div class='ocr_carea' id='block_1_110' title="bbox 2201 5366 3786 5449">
    <p class='ocr_par' dir='ltr' id='par_1_110' title="bbox 2201 5366 3786 5449">
     <span class='ocr_line' id='line_1_110' title="bbox 2201 5366 3786 5449; baseline -0.008 -16"><span class='ocrx_word' id='word_1_815' title='bbox 2201 5378 2465 5449; x_wconf 89' lang='lat' dir='ltr'><strong>sapimus,</strong></span> <span class='ocrx_word' id='word_1_816' title='bbox 2512 5392 2622 5434; x_wconf 91' lang='lat' dir='ltr'><strong>non</strong></span> <span class='ocrx_word' id='word_1_817' title='bbox 2658 5379 2731 5433; x_wconf 89' lang='lat' dir='ltr'><strong>ita</strong></span> <span class='ocrx_word' id='word_1_818' title='bbox 2769 5378 2989 5447; x_wconf 89' lang='lat' dir='ltr'><strong>antiqua</strong></span> <span class='ocrx_word' id='word_1_819' title='bbox 3025 5376 3118 5443; x_wconf 90' lang='lat' dir='ltr'><strong>sit,</strong></span> <span class='ocrx_word' id='word_1_820' title='bbox 3167 5371 3560 5430; x_wconf 87' lang='lat' dir='ltr'><strong>concludamus</strong></span> <span class='ocrx_word' id='word_1_821' title='bbox 3605 5366 3786 5436; x_wconf 88' lang='lat' dir='ltr'><strong>suspi-</strong></span> 
     </span>
    </p>
   </div>
   <div class='ocr_carea' id='block_1_111' title="bbox 2204 5458 3786 5549">
    <p class='ocr_par' dir='ltr' id='par_1_111' title="bbox 2204 5458 3786 5549">
     <span class='ocr_line' id='line_1_111' title="bbox 2204 5458 3786 5549; baseline -0.007 -26"><span class='ocrx_word' id='word_1_822' title='bbox 2204 5471 2470 5540; x_wconf 83' lang='lat' dir='ltr'><strong>picionem</strong></span> <span class='ocrx_word' id='word_1_823' title='bbox 2502 5469 2835 5525; x_wconf 84' lang='lat' dir='ltr'><strong>Novatorum</strong></span> <span class='ocrx_word' id='word_1_824' title='bbox 2861 5470 2930 5525; x_wconf 90' lang='lat' dir='ltr'><strong>de</strong></span> <span class='ocrx_word' id='word_1_825' title='bbox 2955 5468 3247 5539; x_wconf 81' lang='lat' dir='ltr'><strong>Hippolyto</strong></span> <span class='ocrx_word' id='word_1_826' title='bbox 3266 5466 3460 5527; x_wconf 85' lang='lat' dir='ltr'><strong>levem,</strong></span> <span class='ocrx_word' id='word_1_827' title='bbox 3487 5474 3551 5549; x_wconf 63' lang='lat' dir='ltr'><strong>ac</strong></span> <span class='ocrx_word' id='word_1_828' title='bbox 3575 5458 3786 5515; x_wconf 78' lang='lat' dir='ltr'><strong>lutilem</strong></span> 
     </span>
    </p>
   </div>
   <div class='ocr_carea' id='block_1_112' title="bbox 2202 5549 3786 5631">
    <p class='ocr_par' dir='ltr' id='par_1_112' title="bbox 2202 5549 3786 5631">
     <span class='ocr_line' id='line_1_112' title="bbox 2202 5549 3786 5631; baseline -0.009 -15"><span class='ocrx_word' id='word_1_829' title='bbox 2202 5578 2323 5617; x_wconf 88' lang='lat' dir='ltr'><strong>esse</strong></span> <span class='ocrx_word' id='word_1_830' title='bbox 2353 5562 2477 5616; x_wconf 82' lang='lat' dir='ltr'><strong>etsi</strong></span> <span class='ocrx_word' id='word_1_831' title='bbox 2524 5561 2722 5631; x_wconf 88' lang='lat' dir='ltr'><strong>placet,</strong></span> <span class='ocrx_word' id='word_1_832' title='bbox 2768 5561 3019 5615; x_wconf 87' lang='lat' dir='ltr'><strong>deliram.</strong></span> <span class='ocrx_word' id='word_1_833' title='bbox 3058 5558 3171 5613; x_wconf 78' lang='lat' dir='ltr'><strong>Nec</strong></span> <span class='ocrx_word' id='word_1_834' title='bbox 3207 5556 3332 5625; x_wconf 89' lang='lat' dir='ltr'><strong>plus</strong></span> <span class='ocrx_word' id='word_1_835' title='bbox 3365 5551 3501 5606; x_wconf 81' lang='lat' dir='ltr'><strong>vidit</strong></span> <span class='ocrx_word' id='word_1_836' title='bbox 3532 5549 3786 5603; x_wconf 87' lang='lat' dir='ltr'><strong>Francis-</strong></span> 
     </span>
    </p>
   </div>
   <div class='ocr_carea' id='block_1_113' title="bbox 2205 5639 3784 5709">
    <p class='ocr_par' dir='ltr' id='par_1_113' title="bbox 2205 5639 3784 5709">
     <span class='ocr_line' id='line_1_113' title="bbox 2205 5639 3784 5709; baseline -0.011 -2"><span class='ocrx_word' id='word_1_837' title='bbox 2205 5670 2303 5708; x_wconf 80' lang='lat' dir='ltr'><strong>cus</strong></span> <span class='ocrx_word' id='word_1_838' title='bbox 2331 5655 2574 5708; x_wconf 77' lang='lat' dir='ltr'><strong>Bivarius</strong></span> <span class='ocrx_word' id='word_1_839' title='bbox 2594 5655 2900 5709; x_wconf 79' lang='lat' dir='ltr'><strong>Comment.</strong></span> <span class='ocrx_word' id='word_1_840' title='bbox 2928 5652 2981 5705; x_wconf 90' lang='lat' dir='ltr'><strong>in</strong></span> <span class='ocrx_word' id='word_1_841' title='bbox 3004 5649 3249 5704; x_wconf 78' lang='lat' dir='ltr'><strong>Flavium</strong></span> <span class='ocrx_word' id='word_1_842' title='bbox 3276 5647 3535 5701; x_wconf 80' lang='lat' dir='ltr'><strong>Dextrum</strong></span> <span class='ocrx_word' id='word_1_843' title='bbox 3564 5655 3707 5697; x_wconf 90' lang='lat' dir='ltr'><strong>anno</strong></span> <span class='ocrx_word' id='word_1_844' title='bbox 3732 5639 3784 5700; x_wconf 77' lang='lat'><strong>5,</strong></span> 
     </span>
    </p>
   </div>
   <div class='ocr_carea' id='block_1_114' title="bbox 2207 5730 3782 5817">
    <p class='ocr_par' dir='ltr' id='par_1_114' title="bbox 2207 5730 3782 5817">
     <span class='ocr_line' id='line_1_114' title="bbox 2207 5730 3782 5817; baseline -0.006 -16"><span class='ocrx_word' id='word_1_845' title='bbox 2207 5747 2297 5817; x_wconf 91' lang='lat' dir='ltr'><strong>qui</strong></span> <span class='ocrx_word' id='word_1_846' title='bbox 2333 5745 2680 5816; x_wconf 78' lang='lat' dir='ltr'><strong>Hippolytum</strong></span> <span class='ocrx_word' id='word_1_847' title='bbox 2728 5747 2895 5808; x_wconf 84' lang='lat' dir='ltr'><strong>hunc,</strong></span> <span class='ocrx_word' id='word_1_848' title='bbox 2939 5759 3100 5812; x_wconf 89' lang='lat' dir='ltr'><strong>quem</strong></span> <span class='ocrx_word' id='word_1_849' title='bbox 3141 5741 3467 5796; x_wconf 83' lang='lat' dir='ltr'><strong>Thebanum</strong></span> <span class='ocrx_word' id='word_1_850' title='bbox 3512 5730 3782 5804; x_wconf 71' lang='lat' dir='ltr'><strong>appellat.</strong></span> 
     </span>
    </p>
   </div>
   <div class='ocr_carea' id='block_1_115' title="bbox 2208 5826 3795 5911">
    <p class='ocr_par' dir='ltr' id='par_1_115' title="bbox 2208 5826 3795 5911">
     <span class='ocr_line' id='line_1_115' title="bbox 2208 5826 3795 5911; baseline -0.009 -14"><span class='ocrx_word' id='word_1_851' title='bbox 2208 5851 2334 5897; x_wconf 85' lang='lat' dir='ltr'><strong>ante</strong></span> <span class='ocrx_word' id='word_1_852' title='bbox 2360 5840 2722 5911; x_wconf 84' lang='lat' dir='ltr'><strong>Epiphanium</strong></span> <span class='ocrx_word' id='word_1_853' title='bbox 2747 5838 3032 5907; x_wconf 81' lang='lat' dir='ltr'><strong>scripsisse</strong></span> <span class='ocrx_word' id='word_1_854' title='bbox 3057 5850 3247 5905; x_wconf 84' lang='lat' dir='ltr'><strong>parum</strong></span> <span class='ocrx_word' id='word_1_855' title='bbox 3282 5839 3448 5888; x_wconf 85' lang='lat' dir='ltr'><strong>caute</strong></span> <span class='ocrx_word' id='word_1_856' title='bbox 3475 5826 3648 5882; x_wconf 77' lang='lat' dir='ltr'><strong>fassus</strong></span> <span class='ocrx_word' id='word_1_857' title='bbox 3682 5828 3795 5885; x_wconf 54' lang='lat' dir='ltr'><strong>est;</strong></span> 
     </span>
    </p>
   </div>
  </div>
