4134 6454
342 430 421 493 33

1028 427 1128 488 DE
1169 424 1519 485 SCRIPTIS
1560 421 1941 482 SYMEUNIS
1984 414 2565 479 METAPHRASTEE
2605 414 2996 475 DIATRIBA.
3574 410 3646 472 34

355 545 515 598 il‘um
544 557 648 598 nec
679 540 817 612 legit
844 539 1086 610 quidem.
1110 537 1394 604 Quomodo
1421 537 1590 601 enim,
1626 536 1719 605 qui
1749 534 1964 604 Georgii
2001 543 2037 598 Α
2070 547 2098 584 a
2134 530 2388 600 quopiam
2424 527 2790 582 dictitaretur?
2815 527 3004 593 Neque
3043 522 3226 592 itaque
3255 521 3482 582 Psellus,
3517 522 3646 575 dum

360 634 847 698 Niromediensis,
880 631 1167 705 Symrouis
1213 628 1620 700 Metaphrasta,
1650 637 1705 682 et
1742 626 1960 696 Georgii

360 726 810 798 Clironograpluii
854 726 1028 780 multo
1056 724 1363 795 Epiphanio
1399 721 1766 776 recentiorum
1805 720 1960 774 testi-

360 820 555 873 monio
583 818 781 881 utitur,
815 816 1034 871 Bivario
1068 830 1187 869 non
1205 812 1499 868 dormienti
1530 809 1836 881 Epiphanio
1857 824 1959 862 an-

366 912 579 981 tiquior
607 910 784 966 videri
830 907 1052 979 potuit?
1101 916 1160 961 et
1190 921 1301 960 non
1328 903 1781 959 animadvertisse
1811 901 1962 955 Biva-

370 1005 540 1067 rium,
572 1003 615 1056 si
649 1003 821 1062 dicas,
856 1016 943 1054 na
970 1000 1057 1054 ille
1087 1012 1231 1069 agre
1256 996 1462 1052 tulerit.
1910 1060 1947 1069 ψ

445 1093 916 1159 Quemadmodum
970 1105 1099 1161 ergo
1151 1097 1282 1144 atas
1327 1088 1466 1142 adeo
1510 1085 1734 1156 antiqua
1791 1083 1958 1138 Meta-

374 1187 622 1255 phrzzsta
652 1186 977 1254 denegatur,
1024 1185 1097 1237 ita
1123 1189 1178 1237 et
1207 1181 1299 1235 illa
1337 1177 1715 1234 recentissima
1746 1176 1817 1231 ab
1841 1175 1962 1229 aliis

374 1285 608 1330 asserta.
640 1275 883 1344 Rapbael
912 1274 1061 1327 enim
1094 1271 1475 1327 Vollatcranus
1514 1268 1823 1325 Comment.
1855 1266 1958 1323 Ur-

377 1371 652 1425 banorum
684 1370 778 1423 lib.
805 1384 894 1421 χιι
920 1376 976 1429 et
996 1381 1063 1421 ex
1087 1380 1152 1420 eo
1171 1363 1457 1421 Conradus
1484 1361 1760 1416 Gesnerus
1786 1361 1838 1414 in
1871 1357 1958 1413 bi-

378 1464 579 1517 blioth.
616 1461 799 1516 nescio
831 1475 940 1528 qua
969 1458 1283 1528 conjectura
1329 1454 1778 1510 recentissimum
1818 1450 1955 1506 faci-

379 1563 483 1607 unt
510 1553 739 1618 circiter,
765 1564 1003 1620 namque
1039 1564 1206 1603 annos
1233 1547 1427 1602 abhinc
1457 1545 1705 1599 ducentos
1736 1558 1961 1612 compo-

376 1643 559 1698 suisse
606 1642 756 1696 \’itas
800 1647 1114 1695 sanctorum
1162 1638 1431 1700 scribunt,
1475 1635 1620 1705 quod
1659 1633 1795 1688 adeo
1843 1633 1963 1687 aliis

377 1735 587 1799 arrisit,
620 1743 680 1788 ut
722 1733 974 1787 eumdem
1013 1744 1282 1785 annorum
1322 1741 1635 1789 numerum,
1664 1724 1753 1779 vel
1790 1723 1961 1777 invita

377 1826 527 1881 serie
555 1836 887 1894 temporum,
923 1837 1036 1877 non
1063 1821 1224 1875 nimis
1246 1820 1314 1875 de
1350 1819 1517 1873 rebus
1547 1814 1793 1879 solliciti,
1829 1812 1964 1867 ridi-

376 1921 503 1972 cule
527 1916 872 1971 retinuerint.
892 1913 1216 1982 Rodulphus
1228 1910 1592 1980 Hospinianus
1616 1907 1684 1962 de
1702 1905 1963 1974 Templis,

376 2011 448 2064 de
481 2020 729 2078 tempore
753 2007 1132 2077 Metaphrasta
1151 2016 1458 2060 sermonem
1482 2001 1692 2056 habens
1712 1998 1965 2058 allirmat.

377 2117 507 2156 eam
540 2117 645 2153 non
682 2099 911 2170 amplius
931 2098 1121 2152 abhinc
1148 2095 1384 2151 ducentis
1404 2092 1588 2163 uiginti
1618 2091 1771 2145 annis
1804 2089 1971 2157 scrip.

375 2198 529 2249 cisse.
563 2192 913 2247 Bencl‘aetum
937 2206 1063 2245 cum
1107 2187 1500 2259 Mctapbrastc:
1529 2183 1751 2254 quando
1783 2183 1896 2251 jam
1934 2196 1967 2234 a

379 2286 630 2340 Gesnero
674 2282 741 2336 ad
791 2280 1188 2351 llospinianum
1246 2277 1377 2332 anui
1430 2276 1619 2348 viginti
1666 2274 1963 2329 creverint.

376 2375 608 2430 Similes
652 2373 891 2443 antiqua
929 2380 986 2427 et
1033 2368 1356 2425 recentioris
1395 2366 1641 2421 llistoria
1677 2380 1777 2435 pro
1828 2375 1966 2419 nutu

376 2466 761 2520 moderatores
789 2462 1046 2518 viderunt
1092 2469 1286 2516 exacto
1315 2474 1557 2528 veroque
1589 2456 1819 2521 calculo,
1857 2472 1965 2511 non

378 2558 625 2628 amplius
650 2556 835 2627 viginti
866 2570 1044 2609 annos
1074 2553 1239 2608 fuisse
1262 2553 1493 2622 elapsos.
1518 2551 1658 2617 Quid
1688 2565 1838 2614 vero,
1870 2550 1966 2619 qui

382 2652 491 2707 sibi
515 2660 723 2705 tantum
750 2648 941 2704 tribuit
968 2648 1024 2702 in
1055 2646 1343 2702 annalibus
1363 2644 1752 2701 Casaubonus?
1790 2643 1964 2697 Meta-

379 2745 627 2812 phrastes
646 2741 870 2811 scrip'or
888 2739 1080 2809 oppido
1101 2754 1292 2803 recens,
1314 2746 1363 2792 et
1386 2752 1612 2807 persape
1633 2735 1964 2789 vanissimas.

385 2838 625 2891 Dubium
649 2852 718 2890 an
752 2836 826 2890 illi
855 2835 936 2888 vel
969 2834 1092 2900 hos,
1108 2833 1512 2903 qualescunque
1538 2830 1678 2899 sint},
1703 2830 1968 2883 ducentos

378 2944 563 2985 annos
604 2928 823 2983 tribuat.
860 2925 1000 2981 Hinc
1023 2927 1413 2996 epitomatores
1440 2921 1759 2978 Gesneriaui
1791 2921 1844 2975 in
1871 2936 1966 2975 ex-

381 3020 678 3077 scribenda
703 3019 1027 3075 bibliotheca
1059 3031 1327 3072 annorum
1350 3029 1665 3080 numerum,
1689 3015 1878 3069 nescio
1892 3028 1962 3065 an

381 3114 556 3168 etiam
578 3112 673 3167 illo
690 3111 978 3166 intervallo
1000 3110 1386 3173 recentiorem,
1408 3106 1517 3172 vel,
1539 3114 1599 3161 ut
1627 3106 1830 3161 veritas
1859 3115 1963 3171 εει,

2065 622 2135 675 ab
2166 621 2291 684 illis,
2318 620 2410 690 qui
2457 618 2719 673 viderunt
2760 616 3086 687 Symeonem
3121 613 3315 679 audiit,
3363 614 3648 684 Symeonis

2063 715 2209 769 atati
2242 713 2467 784 aqualis
2486 711 2755 767 dicendus
2782 719 2885 764 est.

2130 806 2202 860 At
2254 805 2367 859 ﬂeri
2420 818 2584 875 posse
2637 802 2841 867 dicent,
2894 811 2957 855 ut
3007 799 3132 869 quis
3167 798 3358 853 eodem
3402 807 3645 867 tempore

2062 899 2273 962 vivens,
2307 896 2539 950 alterius
2562 904 2675 948 tum
2700 907 2919 963 quoque
2947 891 3179 947 viventis
3201 905 3288 943 res
3313 898 3491 956 gestas
3511 903 3648 958 quas

2063 989 2154 1043 ille
2192 988 2394 1042 multas
2423 988 2496 1041 ob
2528 1000 2722 1043 causas
2745 998 2858 1037 non
2890 983 3109 1042 viderit.
3140 980 3378 1035 audierit
3407 989 3587 1034 tamen
3617 995 3645 1030 a

2059 1079 2190 1135 viris
2216 1078 2321 1132 ﬁde
2359 1077 2563 1148 dignis,
2587 1076 2678 1146 qui
2706 1075 2780 1127 illi
2818 1072 3067 1143 operanti
3096 1070 3395 1135 adfuerint,
3424 1069 3646 1123 scribat.

2067 1170 2158 1226 Sic
2188 1170 2296 1225 hoc
2327 1178 2573 1239 tempore
2628 1167 2798 1222 multa
2848 1165 3213 1227 sciscitantur,
3237 1172 3292 1216 et
3331 1160 3581 1215 audimus
3618 1176 3649 1212 a

2065 1264 2390 1329 scientibus,
2419 1270 2473 1318 et
2502 1262 2594 1332 qui
2629 1276 2692 1316 ea
2723 1259 3003 1319 viderunt,
3028 1254 3307 1322 relataque
3337 1250 3534 1305 litteris
3556 1264 3648 1319 po-

2061 1366 2177 1410 stea
2217 1354 2687 1409 commendamus.
2736 1350 2883 1404 Idem
2914 1346 3091 1419 potuit
3116 1344 3292 1398 Psello
3331 1341 3647 1412 contigisse.

2060 1444 2241 1510 Quare
2272 1445 2433 1505 ratio,
2469 1456 2591 1512 qua
2624 1456 2691 1496 ex
2728 1440 2852 1494 istis
2883 1438 3120 1493 oculatis
3160 1435 3394 1490 testibus
3427 1433 3651 1488 deduci-

2062 1546 2175 1603 tur,
2221 1536 2366 1590 illius
2403 1534 2666 1604 aqualem
2724 1531 2931 1601 oppido
2984 1528 3304 1598 comprobat
3349 1524 3656 1595 Metaphra-

2063 1639 2226 1692 stem,
2254 1628 2615 1698 antiquiorem
2680 1639 2812 1679 vero
2852 1638 3221 1692 nequaquam.

2132 1737 2327 1792 Paucis
2358 1738 2446 1791 hic
2498 1735 2808 1801 ostendam,
2869 1734 3094 1788 modum
3151 1734 3315 1789 istum
3371 1737 3649 1807 .oquendi,

2067 1830 2222 1899 quasi
2237 1844 2453 1899 semper
2469 1828 2537 1884 de
2560 1828 2721 1882 rebus
2739 1828 3004 1882 anteactis
3026 1826 3226 1897 quibus
3254 1842 3355 1881 nos
3380 1828 3651 1884 interesse

2072 1924 2143 1978 ob
2172 1933 2385 1977 atatem
2416 1936 2525 1975 non
2574 1921 2871 1991 potuimus,
2895 1919 3002 1975 dici
3035 1919 3218 1974 :dicto
3240 1936 3363 1975 meo
3400 1936 3531 1984 uno,
3563 1922 3651 1976 vel

2075 2016 2252 2070 altero
2268 2014 2520 2084 exemplo
2541 2012 2734 2067 faciam
2757 2012 2911 2066 satis.
2928 2011 3206 2081 Eunapius
3224 2009 3540 2075 Sardianus,
3562 2010 3653 2066 Vi-

2077 2118 2161 2163 tas
2192 2106 2595 2177 SOphistarum.
2620 2120 2758 2174 quos
2786 2104 2901 2174 ipse
2921 2112 3171 2165 noverat.
3200 2120 3337 2174 quos
3360 2106 3525 2159 etiam
3552 2121 3652 2161 au-

2077 2203 2193 2258 ditu
2215 2199 2654 2271 deprehenderat
2680 2197 3001 2267 scripturus,
3027 2195 3360 2251 auditionem
3384 2198 3521 2252 hanc
3542 2213 3653 2271 non

2077 2296 2142 2349 ad
2175 2310 2261 2349 res
2282 2308 2413 2358 sua,
2450 2291 2545 2347 sed
2568 2291 2634 2346 ad
2661 2290 2960 2361 superioris
2996 2289 3173 2344 atatis
3211 2299 3427 2358 tempus
3465 2270 3653 2347 reteri.

2072 2388 2291 2442 Nicetas
2310 2383 2603 2440 Cboniates
2619 2382 2786 2437 multa
2805 2382 2872 2436 de
2889 2382 3099 2437 Joanne
3116 2382 3395 2438 Comneno
3414 2399 3655 2438 comme-

2077 2487 2270 2544 morat,
2287 2493 2408 2548 qua
2436 2479 2552 2547 ipse
2578 2491 2688 2529 non
2706 2475 2859 2539 vidit,
2894 2474 2989 2529 sed
3008 2474 3076 2529 ab
3093 2474 3213 2528 aliis
3230 2488 3535 2545 acceperat,
3560 2477 3652 2545 qui

2072 2572 2337 2627 Joannem
2386 2570 2660 2634 viderunt,
2709 2576 2765 2634 et
2805 2568 3169 2637 expeditionis
3208 2569 3435 2623 comites
3474 2568 3650 2624 fuere.

2077 2665 2189 2720 lloc
2240 2664 2382 2719 idem
2404 2661 2691 2733 profitetur
2732 2658 2974 2714 Joannes
3009 2659 3330 2716 Cinnamus.
3385 2660 3518 2728 Quis
3570 2672 3654 2717 ta-

2076 2769 2202 2809 men
2246 2752 2455 2807 diceret
2495 2766 2585 2805 res
2634 2749 2753 2804 illas
2801 2749 3071 2803 dictorum
3098 2750 3429 2819 scriptorum
3473 2767 3654 2807 avum

2073 2860 2186 2900 non
2259 2841 2674 2914 praeessisse?
2751 2840 3053 2894 Audiamus
3130 2839 3413 2910 Polybium
3448 2881 3463 2904 ,
3547 2857 3655 2913 quo

2075 2951 2206 2992 sane
2237 2948 2399 2989 nemo
2427 2930 2641 2997 melius,
2680 2945 2843 2985 nemo
2874 2928 3182 2985 accuratius
3208 2929 3301 2985 lib.
3337 2946 3391 2985 tv
3416 2930 3650 2988 Histor.;

2077 3028 2342 3098 Δεύτερον
2399 3025 2455 3078 δὲ
2495 3023 2583 3076 διὰ
2617 3022 2678 3076 τὸ
2714 3022 2807 3075 καὶ
2836 3021 2962 3084 τοὺς
2991 3020 3219 3093 χρόνους
3251 3020 3394 3075 οὕτω
3439 3024 3658 3096 συντρέ-

2074 3139 2193 3194 χειν
2218 3121 2344 3183 τοὺς
2380 3118 2526 3188 ἑξῆς,
2560 3116 2654 3171 καὶ
2686 3117 2815 3180 τοὺς
2854 3117 3153 3180 πίπτοντας
3185 3115 3290 3169 ὑπὸ
3326 3115 3425 3188 τὴν
3457 3117 3654 3186 ἢμετέ-

394 3206 774 3276 antiquiorem
816 3203 1195 3260 existimantes
1227 3201 1552 3258 omiserunt.
1587 3200 1970 3256 Genebrardus

2078 3232 2179 3288 ραν
2217 3212 2480 3284 ἱστορίαν,
2513 3208 2653 3263 ὥστε
2715 3210 2843 3273 τοὺς
2883 3209 2983 3279 μὲν
3011 3209 3133 3262 καθ’
3163 3209 3309 3279 ἡμᾶς
3339 3204 3501 3276 εἶναι,
3530 3210 3659 3274 τοὺς

390 3298 774 3370 chronologia
791 3297 887 3352 lib.
917 3313 968 3351 iv
982 3296 1406 3367 Metaphrastem
1420 3294 1594 3366 paulo
1605 3292 1969 3363 antiquiorem

280 3405 300 3421 ·
385 3390 540 3446 facit.
570 3388 800 3459 Symeon
818 3387 1206 3459 Hetaphrastes
1231 3388 1372 3442 circa
1393 3387 1505 3441 hac
1519 3386 1649 3439 anni
1670 3384 1810 3440 isoo
1840 3393 1973 3438 tem-

386 3499 549 3552 pora.
588 3481 660 3536 Et
677 3491 861 3536 tamen
886 3479 1122 3536 Psellum
1142 3480 1337 3537 scribit
1361 3478 1612 3534 ﬂoruisse
1629 3493 1776 3533 anno
1812 3477 1971 3532 1075.

463 3570 882 3626 Eruditissimus
903 3569 1176 3625 Gerardus
1187 3568 1416 3626 Vossius
1432 3569 1500 3624 de
1524 3568 1808 3625 Ηίθεοι-ἱεὶς
1828 3567 1977 3624 Gra-

384 3663 475 3718 cis
498 3662 598 3717 lib.
623 3678 686 3729 ιι,
710 3676 831 3732 cap.
854 3661 948 3727 26,
972 3661 1076 3717 sub
1102 3660 1466 3717 Constantino
1488 3660 1658 3726 Duca,
1676 3658 1760 3714 vel
1781 3657 1971 3714 saltem

385 3754 538 3809 circa
559 3753 650 3808 illa
686 3759 933 3823 tempora
958 3751 1285 3825 Symeonem
1324 3750 1750 3821 Metaphrastem
1781 3749 1973 3821 ponit;

388 3860 521 3899 nam
549 3844 622 3900 de
658 3845 781 3916 ejus
807 3854 969 3901 atate
1004 3845 1186 3902 adhuc
1232 3844 1301 3900 lis
1351 3853 1437 3900 est
1475 3843 1579 3899 sub
1601 3843 1808 3915 judice,
1842 3841 1978 3899 vixit

386 3945 584 3992 tamen
613 3937 865 3992 ducentis
887 3938 1049 3993 annis
1082 3938 1378 4008 posterius,
1400 3952 1564 4008 quam
1589 3936 1977 3994 existimarunt

386 4028 663 4084 Baronius
702 4040 760 4085 et
785 4029 1165 4086 Bellarminus.
1190 4030 1393 4087 Probat
1417 4047 1481 4087 ex
1501 4039 1660 4086 atate
1682 4030 1863 4097 Pselli,
1881 4030 1976 4101 qni

390 4120 501 4176 sub
543 4120 736 4176 iisdem
770 4121 1193 4192 imperatoribus
1221 4122 1388 4177 vitam
1430 4123 1645 4194 agebat,
1684 4129 1740 4175 et
1774 4120 1829 4175 in
1855 4121 1976 4175 lau-

389 4211 523 4266 dem
574 4209 861 4283 Symeouis
908 4213 1213 4269 orationem
1259 4214 1545 4269 habuerat.
1585 4212 1746 4269 IEtas
1795 4213 1979 4284 itaque

390 4306 583 4371 Pselli,
623 4315 683 4361 ut
724 4306 979 4378 opinatur
1040 4306 1302 4373 Vossius,
1333 4315 1548 4363 atatem
1595 4306 1978 4376 Metaphrasta

392 4397 627 4452 indicat.
658 4395 863 4453 Verum
892 4407 1075 4454 tamen
1099 4414 1225 4455 cum
1252 4400 1426 4454 Psello
1451 4400 1651 4455 vixisse
1676 4401 1746 4455 ob
1768 4400 1977 4456 oratio-

393 4504 525 4544 nem
560 4490 617 4543 in
638 4505 764 4545 eum
795 4490 990 4546 factam
1010 4507 1039 4546 a
1058 4491 1238 4547 Psello
1265 4507 1428 4546 nemo
1451 4492 1599 4547 dicct
1620 4509 1634 4557 ;
1661 4508 1727 4547 ex
1746 4508 1810 4547 ea
1831 4506 1980 4549 nam~

2077 3307 2131 3359 δὲ
2188 3304 2331 3359 κατὰ
2368 3303 2499 3366 τοὺς
2534 3301 2777 3371 πατέρας
2846 3299 3022 3370 ἡμῶν.
3103 3298 3194 3366 Ἐξ
3242 3292 3303 3351 οὗ
3367 3299 3660 3371 συμϐαίνει

2076 3395 2203 3457 τοὺς
2247 3393 2346 3464 μὲν
2372 3391 2571 3456 αὐτοὺς
2614 3390 2763 3460 ἡμᾶς
2791 3389 3256 3461 παραγεγονέναι,
3311 3387 3379 3443 τὰ
3409 3390 3466 3442 δὲ
3505 3390 3658 3461 παρὰ

2075 3486 2185 3539 τῶν
2222 3482 2544 3556 ἑωρακότων
2588 3479 2908 3549 ἀκηκοέναι.
2939 3478 3014 3531 Τὸ
3048 3479 3144 3532 καὶ
3194 3477 3454 3548 ἀνωτέρω
3482 3495 3658 3548 προσ.

2074 3577 2374 3650 λαμϐάνειν
2445 3577 2558 3637 τοῖς
2587 3573 2827 3645 χρόνοις,
2867 3572 2942 3636 ὡς
2979 3573 3151 3643 ἀκοὴν
3201 3572 3260 3637 ἐξ
3307 3573 3474 3642 ἀκοῆς
3517 3574 3657 3641 γρά-

2076 3691 2220 3739 φειν,
2255 3668 2355 3725 οὐκ
2413 3666 2654 3738 ἐφαίνεθ’
2708 3667 2840 3737 ἡμῖν
2883 3664 3143 3734 ἀσφαλῶς
3180 3665 3346 3736 ἔχειν,
3403 3664 3527 3718 οὔτε
3559 3668 3658 3723 τὰς

2074 3762 2378 3832 διαλήψεις,
2415 3756 2539 3811 οὔτε
2602 3756 2702 3820 τὰς
2767 3755 3090 3823 ἀποφάσεις.
3157 3754 3355 3807 Deinde
3405 3754 3656 3823 quoniam

2073 3856 2318 3928 proxima
2370 3851 2480 3904 illis
2532 3858 2791 3916 tempora,
2831 3854 2881 3900 et
2919 3863 3003 3907 ea,
3032 3862 3149 3914 quae
3181 3847 3237 3899 in
3285 3855 3520 3900 nostram
3567 3862 3658 3899 ca-

2076 3950 2209 4002 dunt
2255 3944 2555 4007 historiam,
2584 3941 2663 3994 ita
2707 3940 2925 3993 invicem
2953 3954 3187 3992 connexa
3212 3946 3353 4001 sunt,
3379 3945 3435 3990 ut
3458 3937 3657 4006 partim

2075 4052 2275 4106 nostra,
2313 4036 2511 4109 partim
2546 4044 2842 4088 nostrorum
2884 4040 3099 4103 patrum
3149 4039 3279 4086 artas
3311 4030 3366 4083 in
3392 4029 3488 4084 illa
3518 4030 3655 4084 inci-

2074 4137 2188 4190 dat.
2217 4133 2300 4188 Ea:
2346 4146 2449 4203 quo
2508 4129 2591 4200 fit,
2644 4136 2700 4179 ut
2748 4142 2925 4179 rerum
2977 4124 3326 4178 dicendarum
3379 4123 3502 4177 aliis
3557 4123 3657 4192 ipsi

2074 4225 2488 4296 interfuerimus,
2532 4220 2668 4275 alias
2702 4219 2768 4273 ab
2828 4219 2893 4271 iis
2922 4217 3296 4285 acceperimus,
3356 4216 3444 4284 qui
3503 4224 3655 4267 testes

2074 4317 2270 4372 oculati
2320 4318 2486 4388 fuere.
2548 4312 2885 4365 Anteriorum
2934 4309 3189 4378 siquidem
3252 4317 3537 4374 temporum
3577 4320 3658 4357 res

2073 4420 2248 4484 gestas
2288 4410 2581 4479 attingere,
2632 4416 2688 4459 ut
2729 4402 3054 4456 auditionem
3098 4416 3161 4454 ea:
3223 4399 3496 4452 auditione
3532 4397 3655 4449 scri-

2077 4506 2214 4567 bere,
2244 4517 2433 4573 parum
2462 4498 2757 4554 existimavi
2791 4504 2981 4559 tutum,
3015 4493 3153 4564 quod
3188 4507 3279 4545 nec
3320 4490 3513 4544 veritas
3539 4487 3661 4540 illa-

388 4597 505 4651 que
545 4581 796 4637 oratione
845 4580 1081 4654 Symeon
1130 4583 1307 4639 Psello
1345 4583 1643 4653 antiquior,
1679 4597 1791 4638 non
1826 4582 1970 4638 illius

2083 4615 2200 4652 rum
2242 4586 2578 4664 deprehendi,
2647 4607 2738 4643 nec
2791 4588 3021 4641 indicari
3079 4595 3248 4655 posset
3311 4584 3375 4636 de
3413 4581 3655 4652 singulis.

392 4673 630 4742 aqualis
651 4673 951 4729 evincitur.
973 4675 1067 4730 Ait
1090 4690 1149 4731 se
1183 4674 1396 4731 Psellus
1424 4676 1645 4732 audisse
1674 4675 1743 4730 ab
1771 4676 1858 4740 iis,
1887 4674 1978 4740 qui

392 4765 820 4836 hletaphrastem
853 4778 1105 4837 agentem
1136 4768 1375 4822 animam
1401 4767 1689 4821 viderant:
1716 4782 1829 4821 non
1850 4780 1979 4836 ergo

392 4858 516 4929 ipse
549 4856 777 4912 viderat.
806 4856 870 4913 Et
904 4858 999 4929 qui
1034 4858 1285 4913 viderant
1319 4861 1518 4914 multos
1548 4867 1674 4913 ante
1696 4873 1871 4913 annos
1892 4858 1978 4912 vi-

391 4948 573 5011 disse,
605 4958 741 5003 utet
766 4964 898 5003 sane
926 4950 1201 5013 viderunt,
1240 4950 1352 5003 (ieri
1382 4950 1579 5019 potuit.
1614 4949 1682 5003 Et
1714 4964 1813 5020 ego
1842 4963 1981 5019 puer
2021 4980 2032 4991 -

393 5038 532 5092 dum
558 5036 744 5093 Paula
771 5039 825 5093 in
848 5040 1094 5094 Calabria
1114 5054 1503 5107 commorarer,
1523 5040 1704 5096 audivi
1723 5040 1924 5110 sapius
1948 5055 1976 5094 a

392 5126 519 5219 [ὃς]
537 5127 773 5197 quodam
794 5144 926 5183 sene
952 5129 1073 5198 plus
1095 5145 1270 5184 annos
1292 5139 1513 5186 centum
1532 5139 1588 5186 et
1604 5131 1795 5201 viginti
1827 5140 1976 5195 nato,

394 5221 474 5275 ob
504 5222 721 5276 senium
748 5222 969 5293 longum
1009 5231 1065 5277 et
1091 5222 1396 5288 cervinum,
1436 5223 1592 5277 vivax
1620 5232 1822 5286 tamen,
1857 5240 1978 5278 om-

392 5312 569 5367 nibus
602 5315 933 5378 venerando,
971 5315 1139 5367 multa
1165 5314 1237 5368 de
1267 5316 1328 5368 D.
1370 5314 1661 5369 Francisco
1693 5313 1975 5383 populari,

392 5416 464 5455 ac
494 5402 615 5455 cive
661 5418 778 5468 suo,
814 5418 978 5472 quem
1029 5403 1146 5472 ipse
1193 5404 1247 5456 in
1294 5403 1661 5458 familiaritate
1708 5413 1978 5466 versatus,

392 5495 601 5556 oculis,
620 5505 997 5566 usurpaverat.
1025 5504 1282 5565 tanquam
1313 5504 1516 5551 testem
1535 5510 1566 5550 o
1593 5505 1683 5551 ato
1701 5505 1979 5552 narrante:

393 5601 527 5658 qua
556 5587 603 5641 si
628 5587 682 5640 in
709 5589 931 5658 scriptis
962 5587 1246 5647 referrem.
1278 5588 1518 5644 dicerem
1546 5605 1611 5644 ea
1644 5592 1713 5643 ab
1741 5589 1864 5654 illis,
1887 5589 1980 5659 qui

393 5679 466 5732 ι).
486 5677 835 5735 Franciscum
857 5680 1469 5744 viderant,intrllexisse
1487 5698 1500 5735 :
1521 5680 1717 5737 ideonc
1735 5682 1796 5735 D.
1819 5683 1984 5738 Fran-

392 5771 603 5834 ciscns,
626 5771 715 5840 qui
742 5783 873 5828 ante
895 5788 1007 5835 me.
1039 5773 1170 5826 dum
1201 5774 1317 5826 haec
1351 5773 1531 5827 scribo
1567 5774 1729 5828 armis
1760 5784 1979 5830 eventum

395 5864 756 5938 quadraginta
786 5877 840 5921 et
876 5881 1047 5921 unum
1080 5875 1331 5921 mortuus
1372 5874 1474 5931 est,
1509 5867 1638 5921 mihi
1686 5866 1980 5937 σύγχρονος

2089 4690 2216 4744 Tria
2254 4688 2309 4741 in
2341 4686 2567 4740 historia
2606 4680 2895 4737 constituit
2939 4686 3206 4746 tempora,
3246 4675 3349 4735 sui,
3384 4672 3575 4743 patris,
3606 4678 3662 4724 ct

2087 4779 2348 4834 anterius.
2374 4777 2484 4830 Res
2500 4783 2677 4847 gestas
2694 4787 2793 4826 suo
2814 4780 3057 4839 tempore
3079 4767 3284 4821 nullius
3296 4764 3518 4819 alterius
3534 4777 3656 4833 ope,

2089 4873 2184 4929 sed
2225 4886 2323 4926 suo
2354 4870 2470 4939 ipse
2509 4866 2692 4921 studio
2721 4862 3094 4933 deprehensas
3139 4867 3328 4913 narrat
3351 4865 3405 4911 et
3435 4854 3659 4908 indicat.

2086 4964 2266 5017 Patris
2296 4958 2554 5014 memoria
2592 4956 2758 5010 iactas
2801 4953 3078 5009 auditione
3115 4948 3506 5018 consequitur:
3540 4960 3661 5015 quae

2089 5059 2299 5123 patrem
2323 5055 2743 5120 pracesserunt,
2778 5045 2885 5115 iam
2915 5058 3022 5098 non
3051 5039 3418 5100 suntauditio,
3447 5035 3542 5091 sed
3570 5050 3661 5089 au-

2086 5121 2219 5197 ditio
2249 5157 2314 5195 ex
2350 5138 2649 5193 auditione.
2674 5135 2880 5208 Polybii
2924 5134 3254 5189 sententiam
3279 5121 3659 5198 approbatHO]

2088 5232 2427 5303 Epiphanius
2462 5230 2623 5301 Cypri
2669 5229 2934 5284 adversus
2971 5225 3216 5280 Harcses
3262 5222 3318 5274 in
3346 5216 3657 5274 Proamio:

2087 5327 2210 5379 Τῶν
2239 5325 2296 5378 δὲ
2324 5324 2416 5392 ὑφ’
2449 5323 2605 5393 ὑμῶν
2639 5321 2942 5393 μελλόντων
2975 5321 3055 5380 είς
3083 5314 3286 5384 γνῶσιν
3311 5311 3421 5364 τῶν
3468 5311 3663 5375 ἐντυγ-

2087 5418 2350 5490 χανόντων
2383 5415 2541 5486 ἥκειν
2572 5412 2837 5484 αἱρέσεων
2882 5427 2943 5462 τε
3002 5409 3097 5462 καὶ
3134 5405 3241 5459 τῶν
3285 5400 3565 5468 ἀνωτάτω,
3592 5399 3664 5451 τὰ

2094 5511 2199 5580 μὴν
2230 5511 2291 5561 ὲκ
2327 5505 2678 5575 φιλομαθείας
2721 5504 2905 5573 ἴσμεν,
2953 5500 3023 5555 τὰ
3055 5500 3113 5553 δὲ
3139 5498 3199 5562 ἐξ
3255 5495 3424 5565 ἀκοῆς
3473 5509 3663 5545 κατει-

2090 5601 2365 5673 λήφαμεν,
2399 5597 2594 5664 τοζςδέ
2649 5614 2789 5650 τισιν
2845 5597 2993 5658 ίδίοις
3047 5592 3151 5646 ὠσὶ
3220 5591 3314 5645 καί
3363 5586 3662 5657 ὀφθαλμοῖς

2091 5689 2491 5763 παρετΰχομεν.
2525 5688 2801 5743 ilareseon
2832 5704 3009 5757 porro,
3047 5701 3162 5757 qua!
3191 5701 3221 5737 α
3249 5683 3393 5736 nobis
3422 5683 3479 5734 in
3524 5680 3665 5732 noti-

2093 5780 2225 5832 tinm
2253 5778 2535 5847 legentium
2564 5787 2930 5848 suggerentur,
2956 5777 3116 5828 etiam
3146 5773 3658 5844 antiquissimarum,

2093 5866 2373 5923 nonnullas
2403 5868 2576 5922 studio
2605 5884 2667 5921 ac
2713 5862 2986 5937 diligentia
3023 5868 3250 5921 assecuti
3289 5879 3488 5931 sumus,
3523 5859 3662 5913 alias
