4134 6428
491 398 565 462 35
1803 391 2081 453 LEONIS
2104 356 2433 452 atram
3694 395 3778 456 35

492 523 559 562 ea:
590 504 780 560 auditu
821 504 967 558 nobis
988 502 1434 571 comparavimus,
1474 500 1733 569 quasdam
1757 499 1920 553 etiam
1948 515 2075 568 pro-
2104 514 2146 572 Α
2177 506 2578 553 conterraneus
2603 497 2813 568 Alypio.
2846 497 2933 553 Sic
2976 500 3117 553 enim
3161 500 3236 555 sic
3267 501 3500 569 quadam
3535 499 3780 571 benigni-

491 598 623 666 priis
670 596 907 671 .auribus
965 594 1231 664 oculisque
1300 592 1760 660 deprehendimus.
1822 591 2074 661 Antiqua:

493 689 725 753 scilicet,
758 696 814 742 et
846 702 1011 757 supra
1066 693 1281 755 patrum
1333 683 1659 738 memoriam
1719 683 2073 752 antiquorum

490 781 764 845 lectione;
799 796 918 849 quas
944 788 1230 848 parentum
1272 776 1536 829 memoria
1564 784 1768 831 exorta;
1793 783 1940 840 sunt,
1977 790 2075 829 au-

491 871 735 939 ditione;
768 879 953 924 nostro
977 884 1095 924 atro
1131 867 1499 922 disseminata:
1528 866 1754 922 auribus
1773 867 1997 930 nostris,
2023 876 2078 921 et

491 964 665 1019 oculis
685 974 1096 1032 comparantur.
1132 960 1200 1014 Et
1228 968 1356 1015 nota
1400 958 1549 1013 aliud
1589 972 1712 1013 esse
1750 958 1954 1028 aliquid
1980 974 2078 1012 au-

492 1054 692 1109 ditione
734 1055 1009 1122 accipere,
1050 1052 1199 1107 aliud
1259 1049 1650 1120 philomatbia,
1716 1050 1862 1105 aliud
1905 1049 2079 1105 oculis

493 1145 828 1214 auribusque
858 1144 1099 1213 propriis
1133 1143 1385 1196 lustrare.

565 1233 838 1303 Quidquid
877 1241 1060 1287 tamen
1084 1232 1178 1297 sit,
1212 1246 1279 1285 ex
1300 1230 1493 1285 eodem
1525 1228 1867 1293 Psello,ante
1887 1238 2075 1284 natum

494 1324 730 1379 Psellum
756 1324 1179 1393 Metapltrastem
1244 1322 1387 1375 diem
1431 1335 1590 1374 suum
1647 1320 1856 1375 abiisse
1900 1319 2077 1375 eviuci

492 1416 752 1469 videtur:
791 1414 1017 1485 gloriam
1049 1414 1194 1492 enim
1234 1412 1380 1465 illius
1435 1410 1492 1463 in
1540 1411 1770 1465 exordio
1816 1409 2080 1465 orationis

492 1518 771 1573 exponens
810 1505 884 1558 ait
914 1520 928 1557 :
960 1503 1065 1557 Per
1108 1503 1408 1556 universum
1428 1499 1609 1554 orbem
1645 1510 1802 1554 terra:
1826 1516 2012 1554 nomen
2028 1511 2075 1555 et

495 1614 576 1651 res
603 1606 775 1668 gestas
803 1597 1091 1650 celebratas
1126 1596 1307 1667 fuisse.
1345 1595 1487 1666 Ergo
1514 1610 1625 1649 non
1658 1610 1725 1650 eo
1752 1605 1866 1650 tum
1904 1596 2079 1666 primo

495 1697 710 1743 mortuo
760 1687 971 1741 Psellus
1010 1687 1288 1741 scribebat
1331 1685 1444 1740 :ad
1479 1686 1883 1740 extendendam
1930 1685 2080 1740 enim

494 1780 693 1834 famam
736 1795 833 1848 per
873 1778 1190 1832 universum
1230 1777 1417 1831 orbem
1453 1784 1732 1846 tempore,
1764 1792 1938 1847 eoque
1967 1792 2078 1831 non

2180 596 2288 639 tate
2318 602 2398 639 res
2429 595 2638 639 nostras
2692 586 2833 640 Deus
2883 587 3303 651 administravit,
3338 598 3394 640 ut
3427 590 3518 659 qui
3561 605 3626 644 ea:
3652 591 3782 660 ipsa

2175 681 2357 748 patria
2412 680 2697 750 productus
2749 682 2945 750 fuerat,
2995 681 3222 751 fructus,
3274 697 3392 735 eum
3427 683 3531 749 ipsi
3584 700 3783 737 rursus

2177 770 2372 839 patria:
2396 769 2640 824 iustitiam
2669 771 3209 841 dederit‘salutarcm.
3242 773 3358 827 Non
3395 781 3785 830 tantumvoto

2177 870 2234 915 et
2262 860 2539 916 desiderio
2583 861 2907 929 discipulus,
2964 862 3058 916 sed
3108 862 3256 917 illius
3321 864 3486 918 etiam
3534 865 3784 921 instituti

2180 950 2476 1020 professor.
2503 950 2644 1006 Ecce
2668 952 2870 1006 verba:
2899 951 3067 1005 Porro
3096 964 3276 1007 autem
3304 970 3396 1023 ego
3430 971 3655 1026 quoque,
3682 960 3787 1026 qui

2177 1058 2296 1097 sum
2328 1050 2436 1096 tum
2470 1041 2821 1112 plantationis
2863 1042 3146 1105 vilissima,
3197 1060 3227 1096 ο
3264 1043 3463 1098 Pater!
3520 1054 3570 1099 et
3611 1048 3785 1100 tarda

2178 1150 2436 1204 propago,
2488 1134 2625 1187 hanc
2677 1134 2944 1205 funebrem
2991 1137 3285 1189 orationem
3333 1152 3497 1190 ausus
3522 1153 3639 1191 sum
3673 1138 3783 1192 tibi

2178 1222 2438 1275 dedicare.
2459 1222 2543 1288 Et,
2568 1221 2921 1293 Nequaquam
2945 1224 3292 1290 obliviscaris,
3311 1244 3340 1279 ο
3369 1237 3571 1289 sancte,
3595 1229 3785 1282 ouium

2182 1323 2285 1367 tua:
2316 1317 2590 1371 mandrm!
2619 1317 2711 1370 sed
2739 1327 2788 1371 et
2818 1317 2866 1370 si
2893 1319 3057 1387 fueris
3099 1318 3269 1390 gloria
3300 1335 3513 1385 eorum,
3547 1323 3639 1391 qui
3678 1338 3785 1374 ca-

2180 1415 2298 1459 rent
2343 1409 2597 1471 materia,
2630 1409 2772 1461 circa
2803 1409 3099 1463 divinitatis
3156 1426 3372 1465 versans
3422 1411 3790 1479 pulchritudi-

2182 1514 2319 1563 nem,
2357 1513 2450 1551 nos
2483 1499 2678 1567 aspice,
2709 1506 2758 1552 et
2790 1500 2955 1552 nostri
2985 1501 3251 1563 miserere,
3303 1517 3432 1571 quos
3457 1510 3506 1555 et
3555 1518 3791 1573 congre-

2181 1592 2339 1661 gasti,
2374 1600 2423 1646 et
2465 1592 2725 1661 orphunos
2767 1592 3047 1662 reliquisti,
3082 1603 3265 1663 aperte
3319 1596 3525 1650 dicens:
3578 1595 3789 1650 Pacem

2183 1683 2382 1737 (.hristi
2411 1687 2477 1736 do
2500 1684 2639 1737 vobis
2658 1684 2875 1749 :valete,
2901 1694 2949 1740 et
2971 1687 3375 1750 conservamini,
3396 1703 3426 1740 o
3450 1687 3571 1757 ﬁlii;
3593 1698 3640 1740 et
3676 1704 3791 1742 non

2183 1776 2427 1847 formidet
2487 1792 2578 1830 nec
2615 1777 2854 1831 turbetur
2886 1778 3068 1831 anima
3095 1788 3287 1832 vestra.
3357 1778 3593 1850 Symeon
3645 1796 3790 1834 vero

495 1872 692 1942 exiguo
710 1886 847 1940 opus
871 1879 987 1936 est;
1029 1880 1083 1923 et
1105 1878 1255 1939 gesta
1290 1868 1716 1939 perhonorifica,
1756 1883 1878 1938 quas
1910 1869 2075 1923 etiam
2110 1855 2151 1911 Β
2183 1877 2391 1932 noster,
2423 1876 2476 1923 et
2512 1868 3190 1939 ConstantinOpolitanus,
3221 1878 3277 1925 et
3326 1871 3581 1925 civilibus
3609 1872 3790 1927 rebus

495 1963 613 2034 ipsa
648 1973 891 2032 tempore
925 1961 1083 2026 fiunt,
1120 1962 1188 2015 ab
1223 1978 1330 2015 una
1362 1973 1526 2030 atque
1565 1961 1734 2016 altera
1778 1961 1998 2017 civitate
2022 1962 2076 2016 in

498 2053 659 2108 aliam
693 2053 1149 2117 transvchuntur,
1197 2060 1615 2121 transvectaque
1650 2053 1923 2108 communi
1956 2069 2077 2107 om-

498 2146 652 2199 nium
674 2144 1039 2200 consensione
1061 2145 1460 2215 approbantur.
1484 2145 1600 2199 lino
1630 2147 1819 2208 etiam,
1851 2155 1911 2201 ut
1934 2147 2076 2202 idem

498 2236 807 2291 accuratius
831 2236 1111 2306 probetur,
1138 2239 1305 2292 tradit
1328 2254 1391 2292 ex
1434 2232 1663 2309 corpore
1697 2239 2080 2310 Metapbrastze

498 2329 663 2383 etiam
680 2329 930 2398 sepulcro
947 2330 1249 2396 recondito,
1265 2332 1487 2386 odorem
1505 2348 1601 2402 per
1619 2333 1800 2403 plures
1812 2335 1928 2388 dies
1940 2349 2081 2388 ema-

498 2433 683 2484 nasse,
714 2434 876 2489 quem
897 2420 1117 2474 demum
1147 2420 1253 2474 alio
1277 2422 1542 2475 cadavere
1565 2422 1778 2493 ingesto
1801 2422 2077 2476 amiserit:

501 2508 614 2561 Kal.
639 2510 923 2580 ἐτεθνήκει
957 2510 1052 2581 μὲν
1082 2510 1272 2573 οὕτως·
1307 2512 1537 2575 εὐωδίας
1592 2512 1648 2564 δὲ
1674 2513 1874 2565 αὐτίκα.
1910 2514 2085 2567 πάντα

499 2600 742 2669 ἐγεγόνει
781 2604 973 2671 μεστὰ,
1008 2604 1100 2655 καὶ
1150 2604 1250 2655 οὐκ
1284 2603 1450 2665 εὐθὺς
1484 2605 1667 2672 μόνον,
1699 2603 1818 2656 οὐδὲ
1855 2605 1932 2667 εἰς
1968 2605 2083 2676 τρί-

501 2709 602 2761 την
636 2693 873 2764 ήμέραν,
913 2693 1047 2746 ἀλλὰ
1102 2697 1196 2746 καὶ
1235 2696 1315 2756 εἰς
1368 2694 1664 2763 πολλοστὴν
1719 2694 1814 2746 ἀπ’
1875 2695 2085 2746 ἐκεὶνυυ

503 2784 608 2845 ἕως
638 2786 700 2855 δὴ
732 2785 892 2855 μόνος
911 2787 988 2856 τῷ
1010 2785 1606 2858 τάφῳένεοησαύριστο
1636 2788 1725 2837 καὶ
1752 2784 1816 2857 ἦν
1838 2784 1904 2836 ἂν
1926 2786 2086 2855 μέγρι

502 2877 700 2939 παντὸς
734 2876 1145 2947 ἀροματίξουσα
1181 2880 1213 2949 ἡ
1247 2879 1426 2950 σορὸς,
1462 2880 1510 2930 εἰ
1547 2879 1622 2949 μή
1658 2895 1802 2941 τινες
1835 2876 2088 2929 τοσοῦτον

501 2973 975 3041 παρηνομήκεισιν.
1009 2971 1076 3024 Et
1114 2972 1191 3025 sic
1231 2973 1445 3043 quidem
1473 2981 1549 3026 est
1582 2982 1843 3034 mortuus;
1875 2972 2090 3040 fuerunt

504 3070 678 3115 autem
708 3065 891 3116 statim
925 3065 1125 3123 omnia,
1161 3074 1210 3119 et
1252 3082 1355 3117 non
1380 3075 1504 3118 tunc
1534 3064 1705 3118 solum
1734 3066 1887 3119 suari
1934 3063 2091 3115 odore

504 3152 681 3223 plena,
712 3171 803 3207 nec
832 3156 887 3208 in
915 3157 1051 3209 diem
1075 3158 1314 3222 tertium,
1356 3158 1448 3211 sed
1485 3158 1647 3210 etiam
1672 3158 1729 3210 in
1763 3155 1956 3208 multos
1981 3156 2091 3207 dies

505 3254 706 3313 postea,
742 3246 899 3300 donec
944 3248 1042 3319 fuit
1065 3248 1206 3302 solus
1242 3249 1481 3301 conditus
1511 3248 1565 3299 in
1604 3245 1842 3314 sepulcro
1872 3262 1890 3299 :
1924 3258 1972 3299 et
2011 3245 2089 3298 lo-

507 3335 654 3389 culus
682 3347 932 3406 perpetuo
963 3340 1123 3393 talem
1149 3340 1404 3393 emisisset
1447 3339 1684 3403 odorem,
1708 3339 1810 3392 nisi
1847 3355 1902 3392 se
1924 3338 2090 3406 aliqui

511 3438 621 3481 tam
657 3431 835 3499 inique
866 3436 1164 3501 gessissent,
1201 3442 1306 3486 etc.

578 3523 890 3591 Alpltousus
926 3524 1161 3596 'i’itlegas
1207 3526 1276 3579 de
1330 3523 1470 3579 Vitis
1527 3534 1845 3579 sanctorum
1887 3525 1943 3577 in
1991 3525 2091 3595 Sy-

509 3628 706 3667 meoue
755 3614 1169 3686 Metaphrastaa,
1222 3614 1651 3686 Metaphrastem
1706 3619 1914 3670 circum
1949 3615 2093 3670 circa

514 3704 1030 3780 fleracliitempora,
1058 3725 1203 3763 anno
1224 3709 1433 3764 scilicet
1454 3709 1582 3774 6'20,
1608 3708 1876 3774 floruisse,
1894 3725 1961 3764 ex
1985 3711 2094 3764 vita

510 3799 687 3853 sancti
706 3800 883 3870 Alypii
902 3801 1332 3869 Cionitze,quam
1355 3815 1475 3855 esse
1503 3801 1759 3872 scriptam
1781 3800 2095 3872 aSymeone

510 3890 805 3957 existimat,
844 3892 1150 3947 contendit.
1191 3893 1247 3946 Id
1293 3893 1439 3947 idem
1475 3892 1671 3947 Petrus
1719 3893 2094 3964 Ribadeneyra

510 3986 581 4041 de
611 3985 742 4040 Vitis
771 3996 1087 4041 sanctorum
1111 3988 1202 4055 qui
1228 4004 1341 4041 non
1366 3995 1493 4042 sunt
1525 3989 1577 4040 in
1601 3988 1941 4052 Calendario,
1964 3989 2099 4042 dex-

516 4086 632 4131 tere
665 4092 832 4146 ageus
860 4086 1050 4131 contra
1087 4079 1385 4132 Barouium
1413 4080 1672 4145 ostendit,
1713 4095 1822 4134 non
1859 4080 1964 4134 alio
2009 4096 2097 4133 ar-

516 4177 797 4236 gumento,
830 4181 994 4234 quam
1039 4182 1105 4220 ex
1143 4168 1333 4221 eadem
1389 4169 1565 4237 Alypii
1597 4168 1741 4234 Vita,
1805 4170 1860 4223 in
1904 4185 2009 4239 qua
2041 4185 2099 4225 se

519 4256 753 4326 Symeon
807 4258 972 4311 tradit
1022 4272 1148 4312 esse
1225 4259 1370 4313 illius
1429 4260 1778 4329 discipulum.
1846 4262 1914 4315 Et
1956 4262 2099 4332 apud

520 4347 742 4402 Surium
795 4349 863 4403 de
906 4348 1028 4402 Vita
1092 4349 1265 4403 sancti
1297 4348 1474 4419 Alypii
1517 4350 1573 4403 in
1611 4351 1854 4422 margine
1880 4353 2098 4423 legitur,

522 4437 748 4510 Symcon
781 4438 1166 4509 Metapltrastes
1194 4440 1479 4506 discipulus
1519 4441 1630 4510 ejus
1664 4442 1783 4511 fuit.
1817 4444 1954 4498 Hinc
1985 4444 2101 4513 plu-

2182 1959 2604 2022 addictissimus,
2659 1959 3056 2015 monachorum
3087 1962 3210 2016 albo
3240 1977 3520 2032 nunquam
3574 1978 3634 2016 se
3683 1979 3783 2018 as-

2181 2052 2468 2122 cripserat,
2511 2051 2657 2121 quod
2684 2052 2802 2122 ipse
2830 2052 3024 2107 sciam.
3056 2053 3180 2107 Non
3208 2054 3299 2108 hic
3331 2054 3566 2109 referam
3596 2070 3784 2125 genus

2180 2143 2422 2209 dicendi,
2454 2144 2601 2215 quod
2657 2145 2745 2199 vel
2798 2145 3212 2217 imperitissimo
3263 2162 3329 2202 ex
3375 2148 3493 2219 ipsa
3528 2150 3784 2208 lectione

2183 2246 2372 2307 patere
2403 2238 2609 2308 poterit
2641 2253 2671 2292 a
2706 2238 2994 2309 Symeonis
3024 2238 3185 2310 stylo,
3219 2249 3275 2293 et
3309 2255 3493 2295 rerum
3516 2251 3794 2299 tractata-

2184 2344 2306 2382 rum
2340 2328 2514 2383 forma
2560 2328 2699 2382 adeo
2727 2328 3028 2383 diversum.
3081 2328 3204 2382 Non
3238 2343 3370 2401 ergo
3416 2331 3485 2385 ad
3533 2331 3789 2390 Heraclii

2186 2426 2433 2489 tempora
2490 2418 2906 2488 Metaphrastes,
2962 2417 3250 2487 scriptoris
3306 2418 3444 2475 Vita:
3501 2423 3795 2493 Alypianae

2187 2510 2535 2575 auctoritate,
2575 2525 2698 2580 qum
2733 2526 2830 2581 per
2858 2511 3188 2581 imperitiam
3219 2512 3397 2567 eidem
3441 2515 3795 2587 appingitur,

2188 2604 2564 2659 emendandus
2593 2611 2679 2659 est
2700 2616 2874 2665 error,
2916 2603 3009 2673 qui
3051 2619 3350 2673 paucorum
3375 2607 3597 2660 animos
3626 2624 3802 2666 oceu-

2191 2697 2361 2767 pavit.
2425 2696 2600 2758 Adde,
2668 2695 2713 2749 si
2770 2696 2844 2749 ita
2895 2695 3157 2765 antiquus
3203 2695 3620 2767 Metaphrastes
3670 2700 3806 2756 fecit

2192 2789 2534 2859 potissimam
2609 2796 2927 2843 sanctorum
2986 2787 3235 2844 Vitarum
3311 2799 3522 2860 partem
3554 2829 3571 2853 ,
3657 2809 3800 2862 quas

2195 2893 2376 2934 tamen
2434 2881 2579 2934 illius
2630 2895 2758 2936 esse
2798 2880 3069 2951 legitimas
3104 2891 3257 2935 certo
3311 2880 3494 2935 sciunt
3567 2896 3788 2947 omnes,

2196 2983 2451 3043 tanquam
2511 2972 2587 3026 illi
2655 2972 3024 3043 nugacissime
3076 2972 3374 3043 appictam,
3423 2971 3793 3042 rejiciendam

2194 3079 2316 3119 esse
2374 3073 2629 3132 tanquam
2691 3064 2936 3134 spuriam
2970 3104 2986 3129 ,
3079 3064 3608 3135 investigandosque
3654 3066 3796 3123 alios

2195 3171 2385 3211 earum
2421 3165 2702 3210 auctores.
2733 3156 3021 3226 Indignum
3071 3172 3203 3212 sane
3241 3157 3477 3221 facinus,
3514 3159 3797 3214 multum-

2194 3261 2301 3313 que
2350 3246 2494 3300 inter
2524 3247 2646 3316 pios
2701 3246 2955 3301 homines
2984 3246 3405 3317 deplorandum.
3455 3247 3797 3306 Difﬁcillima

2196 3353 2434 3407 namque
2495 3338 2755 3393 Ecclesiae
2813 3346 3060 3408 tempora
3091 3380 3106 3406 ,
3165 3339 3333 3394 variis
3393 3341 3799 3401 hatreticorum

2196 3433 2379 3504 nugis,
2412 3446 2475 3488 ac
2540 3442 2897 3503 tyrannorum
2932 3431 3201 3486 machinis
3255 3448 3355 3502 per
3387 3432 3497 3488 vim
3548 3444 3612 3491 et
3645 3439 3805 3494 nefas

2197 3524 2542 3587 conturbata,
2575 3539 2698 3593 quae
2740 3524 2810 3578 ab
2836 3533 2994 3578 :etate
3037 3521 3272 3579 Heraclii
3326 3539 3425 3595 per
3469 3541 3660 3584 annos
3690 3531 3799 3585 500

2197 3625 2255 3670 et
2314 3616 2443 3671 inde
2497 3625 2843 3681 excurrunt,
2882 3624 2937 3669 et
2984 3616 3419 3685 praeclarissimis
3464 3633 3793 3678 sanctorum

2197 3711 2467 3769 doctrinis
2490 3725 2555 3764 ac
2579 3709 2843 3765 institutis
2889 3709 3203 3764 collustrata
3236 3710 3340 3765 hac
3367 3709 3663 3780 Symeonis
3690 3731 3795 3769 an-

2202 3802 2473 3872 tiquitate,
2519 3802 2641 3856 sine
2675 3801 2811 3857 certi
2862 3801 3148 3870 scriptoris
3188 3802 3381 3855 notitia
3432 3803 3793 3861 vilescereut.

2272 3889 2448 3944 Minus
2504 3888 2847 3944 considerate
2885 3891 3101 3945 locutus
3133 3898 3217 3946 est
3265 3890 3509 3947 Joannes
3544 3895 3797 3951 Molanus

2200 3984 2268 4039 ad
2322 3983 2388 4037 15
2441 3981 2562 4035 Maii
2598 3982 2652 4035 in
2689 3980 3069 4051 Martyrologio
3114 3983 3675 4048 Usuardi,adnotans
3727 4006 3797 4046 ex

2202 4077 2376 4133 Tomo
2438 4075 2505 4129 Vl
2563 4074 2843 4144 Lipomani
2876 4112 2893 4136 ,
2965 4074 3384 4145 Mctaphrastem
3446 4085 3799 4152 exeerpsisse

2203 4167 2498 4223 Historiam
2545 4167 2673 4222 vitae
2699 4163 2870 4220 sancti
2914 4163 3198 4234 Epipltauii
3241 4166 3581 4225 Constantia.
3628 4174 3797 4245 Cypri

2206 4261 2477 4333 episcopi,
2513 4275 2581 4315 ex
2610 4273 2743 4313 voce
2771 4267 2825 4313 et
2868 4258 3041 4313 relatu
3088 4256 3318 4315 Joannis
3359 4260 3478 4329 ejus
3513 4265 3795 4334 discipuli,

2204 4354 2297 4425 qui
2353 4352 2722 4421 liletaphraste
2776 4350 2962 4419 (etiam
3015 4350 3134 4421 ipso
3165 4350 3455 4422 Heraclio)
3512 4357 3799 4427 antiquior

2208 4454 2313 4507 est,
2359 4442 2605 4509 vixitque
2664 4439 2807 4494 circa
2850 4455 3057 4495 annum
3091 4440 3296 4497 Christi
3330 4443 3457 4507 450,
3493 4447 3583 4500 vel
3630 4451 3798 4517 paulo

525 4547 614 4586 res
647 4533 807 4585 nobis
850 4532 1009 4587 l‘selti
1039 4532 1385 4603 eoutingendi
1438 4541 1598 4591 sunt:
1638 4543 1835 4604 prater
1863 4535 2006 4589 enim
2044 4536 2098 4589 in
2132 4545 2177 4602 ι)
2205 4537 2367 4591 infra.
2398 4534 2503 4589 Sed
2532 4531 2731 4587 Molani
2754 4532 3215 4590 inconsiderantia
3244 4550 3309 4591 ex
3343 4535 3449 4604 his,
3481 4552 3609 4608 quae
3629 4556 3798 4611 supra

523 4623 764 4678 Diatriba
797 4639 916 4677 mea
947 4625 1267 4689 recensitos,
1294 4624 1405 4693 jam
1434 4624 1538 4678 erit
1570 4625 1708 4679 alius
1730 4626 1972 4679 omnium
2001 4643 2102 4680 au-

526 4714 887 4784 tiquissimus,
920 4715 1011 4783 qui
1072 4730 1180 4768 non
1230 4716 1403 4769 multo
1450 4713 1697 4769 lleraclio
1739 4704 2008 4787 posterior
2050 4719 2101 4769 in

526 4807 947 4878 Metaplirastem
984 4810 1181 4873 oravit,
1221 4808 1442 4876 quando
1473 4808 1564 4878 qui
1600 4824 1711 4878 pra:
1740 4811 1995 4863 manibus
2022 4820 2106 4863 est

526 4898 737 4953 Psellus
769 4900 823 4952 in
854 4898 1280 4967 Metapltrastem
1312 4899 1536 4965 referat,
1575 4915 1697 4955 sese
1740 4901 1895 4972 plura
1923 4902 1990 4955 de
2016 4902 2106 4954 illo

526 4991 594 5045 ab
634 4991 968 5055 hominibus,
995 4992 1087 5060 qui
1126 4992 1275 5045 illum
1302 4992 1552 5047 viderant
1583 5009 1647 5047 ac
1677 5003 1960 5058 noverant,
2005 5009 2105 5045 au-

527 5083 698 5139 disse.
748 5082 1142 5136 Verumtamen
1175 5098 1298 5136 cum
1352 5081 1471 5136 Vita
1507 5083 1598 5137 illa
1640 5084 1814 5154 Alypii
1854 5084 2103 5147 Cionitze,

528 5190 689 5245 quam
732 5175 833 5245 ipsi
874 5176 939 5228 ad
975 5174 1309 5245 probandam
1346 5172 1460 5246 [Μ]
1483 5185 1696 5229 :etatem
1727 5175 2108 5244 Metaphrastm

530 5265 807 5319 adducunt
868 5282 974 5319 non
1042 5265 1203 5319 fuerit
1263 5281 1291 5318 a
1351 5264 1720 5335 Metapliraste
1777 5268 2105 5335 conscripta,

531 5367 790 5422 quantum
834 5357 1146 5425 Alpltonsus
1170 5369 1225 5413 et
1254 5357 1452 5413 Petrus
1479 5374 1671 5412 avvero
1716 5360 1993 5424 aberrent,
2019 5360 2107 5412 alii

528 5447 793 5514 judicent.
841 5448 907 5501 Et
937 5465 1006 5502 ne
1037 5462 1417 5519 argumentum
1447 5468 1511 5505 ex
1551 5452 1797 5505 oratione
1822 5451 2109 5515 Pselliaua,

537 5554 658 5607 qua:
688 5539 1034 5595 lleraeleanis
1066 5545 1401 5610 temporibus
1442 5545 1614 5597 multo
1640 5559 1765 5597 eum
1794 5543 2107 5598 inferiorem

540 5628 689 5692 facit,
725 5632 923 5698 szepius
953 5639 1115 5698 atque
1144 5631 1338 5686 iterum
1375 5649 1639 5703 repetant,
1674 5649 1742 5688 ex
1790 5636 1891 5689 hac
1920 5636 2108 5689 eadem

544 5719 663 5773 Vita
698 5723 866 5775 sancti
917 5721 1112 5791 Alypii,
1175 5725 1427 5791 quisnam
1479 5726 1623 5781 illius
1674 5736 1864 5781 auctor
1924 5726 2109 5789 facit.

545 5813 877 5881 colligamus.
931 5813 1050 5866 Fuit
1084 5814 1183 5867 ille
1217 5816 1385 5884 patria
1417 5817 1845 5888 Adriampolita,
1881 5818 2014 5873 civis
2058 5830 2113 5875 et

2211 4638 2402 4684 contra
2435 4624 2697 4694 Villegam
2739 4633 2795 4679 et
2819 4623 3253 4698 Ribadeneyram
3284 4628 3570 4685 attulimus
3590 4672 3605 4695 ,
3635 4632 3800 4701 plane

2210 4719 2497 4775 refellitur.
2553 4716 2721 4787 quue
2774 4724 2835 4772 ut
2884 4719 3058 4790 magis
3115 4726 3319 4789 pateat,
3368 4729 3502 4775 noto
3555 4738 3624 4777 ex
3660 4723 3799 4779 Vitis

2209 4820 2544 4874 sanctorum,
2584 4825 2707 4879 qua:
2736 4810 2894 4865 hodie
2923 4812 3120 4880 partim
3147 4811 3517 4866 studiosorum
3542 4817 3801 4871 manibus

2212 4913 2485 4966 teruntur,
2547 4901 2758 4956 nullum
2793 4908 3004 4955 certum
3057 4901 3272 4957 desumi
3331 4916 3496 4971 posse
3525 4904 3596 4959 de
3635 4914 3801 4960 astate

2211 4994 2595 5064 Metaplirastte
2649 5002 3065 5063 argumentum,
3114 5002 3232 5047 tum
3293 4994 3438 5048 enim
3468 4996 3556 5051 vel
3612 4986 3841 5064 plures.

2211 5086 2629 5153 Metaphrastas,
2646 5083 2762 5156 142]
2787 5084 2871 5141 vel
2890 5085 3068 5155 ipsum
3088 5084 3509 5157 Metaphrastem
3541 5087 3804 5141 omnibus

2216 5179 2435 5234 saeculis
2470 5178 2693 5238 vixisse.
2736 5176 3141 5246 scripsisseque
3165 5192 3418 5232 asserere
3448 5193 3799 5247 cogeremur,

2215 5281 2276 5326 ut
2299 5272 2557 5325 vidimus.
2634 5271 3021 5340 Conﬁrmoque
3077 5271 3347 5340 exemplo.
3410 5270 3598 5324 Sancti
3643 5270 3803 5324 Saba;

2214 5364 2337 5420 Vita
2361 5364 2505 5420 edita
2535 5364 2678 5433 apud
2704 5363 2950 5422 Surium.
2983 5361 3239 5433 Symeoni
3273 5360 3657 5429 Metaphrasta:
3679 5361 3798 5414 vin-

2216 5457 2447 5513 dicatur.
2480 5454 2539 5510 ld
2563 5456 2606 5510 si
2641 5470 2830 5510 verum
2856 5455 3166 5523 fuerit,jam
3198 5455 3359 5507 aliam
3377 5467 3597 5521 quoque
3628 5452 3801 5521 ipsius

2216 5546 2597 5616 Metapbrastae
2634 5556 2842 5599 etatem
2879 5544 2982 5598 suli
3012 5542 3326 5596 Justiniauo
3359 5553 3630 5605 tenemus,
3677 5557 3798 5595 cum

2216 5640 2455 5708 scriptor
2493 5637 2640 5691 illius
2690 5635 2824 5689 Vitae
2854 5637 3046 5690 iisdem
3093 5650 3218 5688 cum
3261 5633 3401 5687 Saba
3461 5631 3804 5702 temporibus

2219 5731 2420 5786 vixisse
2450 5744 2570 5784 sese
2601 5736 2828 5784 asserat.
2853 5726 2953 5780 Vin
2986 5727 3258 5780 alterum?
3284 5726 3449 5779 Audi.
3472 5723 3592 5777 Vita
3628 5720 3802 5773 sancti

2220 5822 2515 5877 Autonomi
2551 5821 2807 5889 martyris
2854 5819 2999 5889 apud
3052 5818 3273 5875 Surium
3324 5829 3376 5874 et
3437 5816 3591 5879 alios,
3638 5818 3803 5864 Mela»
