4134 6438
361 410 433 474 ἷ.7
1032 410 1133 468 DE
1173 407 1517 467 SCRIPTIS
1558 407 1937 467 SYMEONIS
1981 409 1984 465 Ῑ

2090 408 2181 465 TA
2194 407 2289 466 [Ἦ
2302 407 2558 467 ἱῖΑΞΤᾸΞ
2605 408 2991 470 DIATRIBA.
3582 412 3654 474 38

360 524 654 594 phrastem
726 529 1012 575 auctorem
1069 520 1316 592 agnoscit
1356 540 1369 575 :
1408 520 1459 574 id
1512 521 1555 574 si
1630 536 1818 574 verum
1885 536 1973 575 rs—
2002 527 2043 583 Α
2080 529 2187 573 tem
2222 519 2295 572 rei
2332 519 2397 573 ab
2425 520 2547 573 aliis
2570 536 2655 573 aut
2679 520 3133 585 torib.edoctum,
3163 529 3376 575 mutato
3407 524 3570 593 style,
3602 535 3658 579 et

364 624 476 676 set,
538 612 709 666 aliam
741 625 965 680 quoque
1022 619 1237 666 aetatem
1302 610 1690 681 Metaphrastaa
1740 611 1970 665 habere-

367 720 517 760 mus.
553 703 752 757 Narrat
790 702 837 756 is
918 710 1114 756 auctor
1161 716 1191 755 a
1243 702 1505 772 martyrio
1546 702 1677 758 dicti
1719 704 1972 757 Autono-

370 802 446 852 mi
501 797 572 852 ad
611 812 709 852 sua
777 809 955 864 usque
980 786 1227 863 tempora
1265 795 1518 849 ducentis
1553 794 1714 848 annis
1746 805 1973 864 practer-

373 891 603 963 gressis,
655 889 893 945 cadaver
923 888 1071 943 illius
1118 887 1245 942 licet
1292 887 1349 940 in
1373 886 1666 956 sepulchro
1712 888 1972 957 positum,

376 984 656 1054 integrum
716 980 1210 1050 incorruptumque
1259 979 1612 1048 perdurasse.
1641 980 1720 1033 En
1763 980 1971 1034 verba:

377 1074 524 1143 Ἐγὼ
546 1074 605 1126 δὲ
641 1071 883 1126 νικῶντα
902 1071 996 1123 τὸν
1026 1070 1270 1141 ἀθλητὴν
1319 1070 1464 1141 ὀρῶν
1500 1071 1598 1142 τὴν
1657 1073 1821 1140 φύσιν
1880 1073 1974 1125 καὶ

381 1164 527 1235 μετὰ
563 1163 815 1228 θάνατον,
847 1161 988 1232 πρὸς
1036 1161 1344 1228 δοξολογίαν
1402 1162 1539 1216 Θεοῦ
1603 1162 1972 1235 διανίσταμαι,

379 1257 656 1311 ἐπιϐαλὼν
694 1257 803 1327 γάρ
836 1273 972 1310 ποτε
1002 1256 1099 1321 τὰς
1123 1255 1274 1326 ὄψεις
1323 1256 1402 1327 τῷ
1429 1258 1591 1327 τάφῳ
1615 1257 1711 1310 τοῦ
1757 1258 1970 1330 μάρτυ-

382 1365 502 1418 ρος,
530 1350 592 1399 τὸ
619 1347 762 1416 ἱερὸν
786 1344 955 1399 αὑτοῦ
985 1344 1184 1415 σκῆνος
1211 1347 1548 1418 ἐθεασάμην,
1590 1349 1684 1400 καὶ⁵
1704 1348 1971 1417 ἀήττητον

382 1441 490 1493 ὑπό
516 1456 577 1508 γε
614 1440 708 1507 τῆς
734 1437 922 1508 ἰσχύος
941 1437 1034 1490 τοῦ
1055 1438 1288 1491 θανάτου
1314 1440 1622 1509 μεμενηκὺς
1648 1439 1970 1508 κατενόησα.

391 1533 454 1585 ’0
480 1533 593 1603 γὰρ
630 1533 814 1584 πᾶοαν
859 1531 956 1583 τοῦ
1017 1528 1158 1595 ζὼου
1206 1532 1306 1601 τὴν
1354 1530 1634 1601 σύμπηξιν
1687 1533 1973 1603 τριημέρῳ

379 1625 715 1694 διαστήματι
747 1623 898 1676 λύειν
939 1624 1148 1693 αὐχῶν,
1183 1623 1361 1677 ἔτεσιν
1386 1624 1487 1694 ἤδη
1519 1625 1817 1689 διακοσίοις
1855 1627 1970 1696 τρί-

382 1734 455 1788 χα
485 1717 582 1769 τοῦ
638 1716 855 1784 γενείου
912 1715 1226 1786 διαφθεῖραι
1278 1715 1379 1769 οὐκ
1410 1716 1649 1786 ἴσχυσεν,
1684 1717 1799 1770 ἀλλ’
1837 1719 1889 1788 ἥν
1913 1735 1970 1770 τε

382 1811 530 1879 κόμη
562 1810 663 1880 τῆς
698 1809 943 1879 κεφαλῆς
969 1807 1196 1879 δαψιλὴς
1227 1810 1321 1862 καὶ
1356 1809 1688 1879 ἀλύμαντος,
1716 1812 1806 1863 ὅτε
1873 1811 1970 1880 τῆς

383 1900 613 1971 μορεξῆς
651 1901 951 1972 χαρακτὴρ
1023 1898 1366 1969 συνεστηκώς
1423 1917 1481 1953 τε
1550 1900 1645 1954 καὶ
1696 1900 1974 1972 ἀλὼϐητος

378 1995 449 2061 τῇ
483 2008 542 2042 τε
581 1993 749 2062 δορᾶς
779 1991 1020 2061 εὐτονίᾳ,
1066 1992 1197 2060 μηδὲ
1221 1991 1318 2054 τὰς
1355 1990 1569 2060 ὑπήνης
1591 1994 1783 2062 τρίχας
1840 1994 1977 2046 ἁπο-

382 2082 589 2146 εειλὼν,
618 2085 830 2154 ἀνέῳγε
866 2083 924 2136 δὲ
964 2081 1117 2152 αὐτῷ
1162 2082 1253 2134 καὶ
1276 2083 1303 2134 ὁ
1332 2082 1443 2135 τῶν
1463 2081 1727 2153 ὀμμάτων
1755 2083 1974 2146 κύκλος,

379 2176 451 2227 δι’
476 2168 552 2228 ὧν
584 2176 711 2244 ἐμοὶ
743 2176 894 2228 δοκεῖ
926 2176 1023 2227 καὶ
1051 2172 1347 2241 θεώμενος,
1374 2174 1512 2227 αἰδοῖ
1544 2175 1641 2227 τοῦ
1688 2176 1853 2244 νόμου
1880 2180 1977 2246 τῆς

377 2268 665 2337 τελευτῆς,
688 2266 786 2337 τὴν
810 2268 1024 2335 σιωπὴν
1054 2269 1355 2337 προτιμᾷν,
1390 2265 1592 2335 ἕστηκε
1614 2266 1672 2319 δὲ
1704 2267 1797 2319 καὶ
1818 2270 1846 2320 ὁ
1870 2270 1973 2332 πᾶς

380 2357 762 2428 τοῦσώματος
795 2358 968 2420 τύπος
1011 2357 1109 2428 τὴν
1165 2358 1306 2411 ἰδίαν
1361 2358 1648 2427 συντηρῶν
1708 2359 1974 2430 ἁρμονίαν

381 2453 482 2505 καὶ
520 2451 649 2504 οὔτε
672 2452 771 2522 τῆς
809 2449 1057 2519 κεφαλῆς
1109 2449 1220 2503 οὐδ’
1250 2450 1389 2513 ὅλως
1443 2450 1801 2523 ἁπορραγεὶς,
1854 2449 1977 2505 οὔτε

380 2543 496 2596 τῶν
534 2542 745 2595 λοιπῶν
776 2542 983 2612 μορίων
1028 2541 1129 2611 τὴν
1153 2540 1437 2595 διάστασιν
1463 2542 1782 2613 ὑπομείνας.
1821 2543 1978 2598 Οὕτω

382 2634 496 2704 γὰρ
521 2635 550 2687 ὀ
585 2632 966 2705 μεγαλόδωρος
1019 2633 1226 2703 Κύριος
1259 2632 1504 2699 δοξάζειν
1531 2631 1638 2688 οἶδε
1654 2637 1779 2700 τοὺς
1817 2638 1978 2692 οἰκεία

382 2747 464 2792 οις
502 2730 685 2783 αὐτῶν
714 2729 902 2799 μέλεσι
931 2730 1156 2795 δοξάσαι
1198 2729 1620 2799 προελομένους.
1655 2729 1768 2801 Ego
1801 2742 1978 2787 autem

385 2821 569 2875 videns
592 2819 849 2875 athletam
887 2821 1051 2875 etiam
1082 2830 1195 2890 post
1224 2830 1443 2875 mortem
1473 2823 1762 2877 vincentem
1816 2837 1977 2880 natu-

386 2929 529 2976 ram,
566 2929 794 2982 exsurgo
816 2913 887 2966 ad
915 2912 1082 2965 Deum
1103 2912 1505 2983 gluriﬁcandum
1526 2931 1545 2969 :
1568 2915 1814 2985 injiciens
1843 2919 1981 2971 enim

385 3005 687 3075 aliquando
701 3005 878 3058 oculos
901 3005 957 3058 in
989 3005 1287 3074 sepulcrum
1317 3008 1568 3078 martyris
1585 3010 1769 3078 aspexi
1796 3026 1982 3064 sacras

386 3099 508 3167 ejus
539 3098 828 3163 reliquias,
864 3114 986 3167 qua'
1014 3086 1222 3152 invich
1252 3108 1560 3154 manserant
1594 3117 1624 3154 a
1658 3103 1839 3157 mortis
1863 3105 1989 3157 viri-

386 3192 505 3245 bus.
537 3189 673 3256 Qua:
694 3192 833 3245 enim
854 3192 1152 3244 universam
1168 3191 1418 3245 animalis
1448 3194 1902 3261 compositionem,
1931 3213 1985 3250 se

390 3285 556 3337 trium
615 3283 820 3336 dierum
885 3284 1063 3353 spatio
1092 3282 1357 3353 gloriatur
1411 3286 1815 3350 dissoluturam,
1863 3289 1983 3358 jam

388 3378 633 3432 ducentis
655 3378 810 3431 annis
838 3394 939 3430 non
967 3378 1136 3431 valuit
1149 3377 1394 3447 praeclari
1425 3379 1569 3434 illius
1589 3381 1690 3434 viri
1717 3381 1798 3435 vel
1817 3383 1983 3451 pilum

391 3486 737 3539 corrumpere
754 3472 878 3534 ;sed
907 3482 957 3524 et
990 3486 1139 3524 coma
1160 3472 1351 3539 capitis
1381 3481 1454 3525 est
1472 3472 1658 3536 densa,
1695 3483 1743 3527 et
1792 3475 1984 3541 illa'sa,

390 3572 443 3615 et
479 3563 668 3634 formae
707 3560 981 3615 character
1028 3560 1262 3615 consistit
1312 3561 1532 3630 integer,
1564 3563 1701 3633 pelle
1726 3564 1886 3633 ﬁrma
1933 3578 1983 3618 et

393 3657 630 3720 intensa,
655 3670 721 3707 ne
746 3653 954 3707 amissis
973 3653 1185 3723 quidem
1228 3654 1352 3724 pilis
1380 3654 1519 3709 labri
1549 3658 1855 3726 superioris.
1895 3657 1987 3712 Est

394 3758 582 3802 autem
628 3748 675 3801 ei
724 3746 862 3801 orbis
889 3762 1091 3817 quoque
1128 3760 1343 3817 apertus
1372 3749 1663 3816 oculorum,
1715 3768 1809 3819 per
1859 3768 1990 3822 quos

397 3841 633 3895 intuenti
658 3839 786 3893 mihi
814 3839 1089 3893 videbatur
1104 3841 1240 3909 quod
1257 3839 1420 3911 legem
1441 3851 1651 3896 tantum
1680 3845 1861 3898 mortis
1879 3845 1988 3913 ipse

396 3934 678 3999 reveritus,
712 3932 982 3986 silentium
1007 3931 1306 3987 simularet.
1352 3932 1471 3988 Stat
1511 3945 1688 3995 autem
1741 3938 1986 3991 universa

397 4039 612 4095 quoque
635 4023 809 4094 figura
836 4023 951 4092 ejus
981 4023 1215 4091 corporis
1256 4040 1411 4077 suam
1437 4041 1750 4080 conservans
1778 4044 1994 4097 compa-

396 4133 538 4188 gem,
566 4124 733 4171 etnec
769 4115 885 4184 ejus
920 4115 1108 4184 capitis
1140 4123 1354 4183 ruptum
1381 4127 1457 4169 est
1490 4117 1844 4188 aliquid,,nec
1873 4119 1994 4173 reli-

398 4224 636 4280 quarum
690 4209 928 4279 partium
958 4208 1101 4278 facta
1149 4216 1224 4262 est
1252 4207 1362 4262 ulla
1389 4225 1422 4261 a
1452 4225 1506 4262 se
1537 4210 1755 4264 invicem
1780 4205 1994 4281 disjuna

399 4302 530 4356 ctio.
558 4299 649 4356 Sic
670 4301 807 4355 enim
829 4300 1110 4369 munificus
1138 4300 1398 4355 Dominus
1423 4303 1519 4355 scit
1545 4303 1769 4357 vicissim
1787 4303 1991 4373 gloriﬁ-

399 4409 528 4446 care
549 4408 661 4455 eos,
678 4393 769 4461 qui
790 4392 898 4446 suis
920 4391 1166 4446 membris
1186 4392 1462 4446 voluerunt
1482 4410 1606 4447 eum
1628 4395 1948 4464 gloriﬁcare.

472 4485 827 4539 Autonomus
890 4484 1216 4554 martyrium
1273 4483 1442 4538 subiit
1492 4485 1594 4539 sub
1655 4483 1993 4540 Diocletiano

402 4575 557 4629 circa
578 4590 713 4628 ann.
750 4573 904 4629 Dom.
942 4574 1068 4642 505,
1092 4576 1233 4630 adde
1284 4575 1475 4631 intacti
1505 4590 1536 4630 a
1561 4577 1852 4647 putredine
1874 4593 1994 4632 eor-

403 4670 560 4738 poris
594 4682 773 4724 annos
823 4667 951 4735 200,
1010 4668 1116 4723 erit
1169 4667 1381 4722 Christi
1420 4667 1549 4731 505,
1602 4682 1713 4736 quo
1762 4668 1999 4737 scriptor

406 4761 550 4817 Vita:
581 4762 817 4817 vivebat.
852 4762 960 4816 Sed
1003 4762 1093 4817 hic
1130 4760 1297 4815 fuerit
1338 4758 1614 4812 Anastasii
1652 4758 1999 4828 imperatoris

402 4857 662 4911 decimus
694 4856 912 4923 tertius,
953 4870 1082 4929 ergo
1116 4864 1230 4909 tum
1272 4867 1490 4924 quoque
1524 4852 1745 4907 vivebat
1786 4851 1989 4905 scribe-

403 4954 617 5021 batque
646 4948 1064 5020 Metapbrastes.
1108 4948 1245 5003 Rem
1285 4948 1446 5018 plane
1481 4945 1786 5001 ridiculam.
1824 4945 1999 5012 Quare

408 5045 553 5099 Vita:
620 5045 806 5108 editae,
862 5044 949 5098 vel
1000 5042 1230 5098 edenda:
1278 5046 1537 5095 accurate
1587 5038 1998 5093 consideranda:

403 5147 561 5204 sunt,
596 5145 709 5191 tum
764 5138 985 5193 demum
1036 5133 1419 5204 Metaphrasta
1462 5131 1791 5185 asserendse.
1830 5130 2003 5183 Disci-

409 5228 531 5299 puli
580 5229 732 5283 enim
782 5243 979 5280 oumes
1020 5225 1136 5280 sive
1190 5223 1468 5288 monachi,
1507 5221 1745 5276 sivealia
1781 5236 1999 5290 quoque

408 5323 790 5378 ecclesiastica
831 5320 1097 5390 dignitate
1148 5317 1526 5388 pnecellentes
1578 5315 1999 5384 Metaphrastem

407 5416 672 5472 abdicant
707 5428 872 5470 :cum
910 5411 1003 5467 ille
1042 5411 1394 5477 saecularibus
1441 5406 1672 5478 negetiis
1705 5406 1817 5478 [45]
1847 5407 1999 5461 addi-

410 5517 561 5571 ctus,
590 5508 837 5576 quamvis
876 5505 1083 5575 pietate
1112 5511 1167 5557 et
1199 5502 1501 5557 sanctitate
1535 5498 1762 5569 insignis
1803 5499 1855 5550 in
1898 5512 2001 5550 sa:—

408 5602 541 5656 eulo
582 5600 748 5654 vitam
780 5598 976 5670 egerit.
1022 5596 1156 5651 Illud
1185 5609 1405 5666 quoque
1431 5592 1616 5648 animo
1638 5591 2000 5662 reputandum

408 5704 518 5761 est,
554 5694 724 5761 Vitas,
759 5708 898 5764 quas
950 5689 1350 5760 Mctapbrastes
1391 5685 1764 5750 concinnavit,
1795 5685 2000 5755 pleras-

408 5806 519 5862 que
557 5789 628 5844 ab
654 5788 773 5842 aliis
793 5796 961 5842 antea
995 5783 1165 5838 fuisse
1194 5780 1521 5850 descriptas,
1550 5794 1674 5834 cum
1706 5788 1887 5832 tamen
1930 5776 2003 5829 illi

414 5894 520 5936 rec
548 5879 719 5950 stylus
748 5875 1118 5939 satisfaceret,
1156 5886 1257 5927 nec
1299 5868 1547 5925 Historiae
1582 5869 1773 5936 series,
1814 5869 2014 5923 verita-

2072 610 2247 666 t’orma
2291 611 2507 666 dicendi
2563 612 2618 665 in
2669 612 2951 667 meliorem
2998 623 3348 683 prospectum
3396 615 3654 670 dedisse:

2074 718 2182 758 non
2206 703 2280 757 ita
2309 711 2514 768 tamen,
2539 713 2601 757 ut
2625 704 2965 773 antiquiores
2994 705 3444 760 obliterarentur.

2145 796 2279 862 Quis
2340 797 2485 850 enim
2518 806 2597 850 tot
2640 796 2980 851 voluminum
3026 806 3232 852 struem
3286 797 3391 851 sibi
3443 813 3662 867 compa-

2074 901 2268 959 rasset,
2314 900 2370 947 et
2411 907 2481 947 ex
2530 892 2638 947 illis
2693 892 2844 947 Vitas
2891 893 3223 962 dempsisset
3259 892 3283 945 ?
3325 890 3416 947 Sic
3455 892 3657 947 factum

2073 993 2178 1046 est,
2211 995 2267 1038 ut
2298 985 2547 1054 utrisque
2571 985 3046 1055 permanentibus,
3078 1001 3185 1039 non
3220 995 3431 1039 tantum
3466 1000 3660 1040 recens

2073 1078 2278 1146 scripta
2305 1094 2335 1131 a
2360 1078 2654 1148 Symeone,
2686 1078 2782 1133 sed
2828 1077 3102 1148 antiquior
3148 1077 3336 1142 etiam,
3369 1094 3492 1132 cum
3519 1079 3660 1131 dici—

2080 1177 2173 1224 tur
2201 1170 2368 1224 vitam
2412 1168 2561 1224 illam
2586 1185 2615 1224 a
2664 1169 2935 1241 Symeone
2964 1171 3295 1239 descriptam
3330 1170 3521 1237 fuisse,
3550 1170 3663 1226 Me-

2076 1261 2373 1331 taphrastse
2428 1264 2530 1333 ipsi
2565 1272 2926 1318 asset-eretur.
2976 1263 3115 1318 Hinc
3144 1265 3329 1334 plures
3348 1264 3661 1333 Metaphra-

2071 1362 2169 1409 sta:
2196 1362 2403 1418 aetates,
2452 1365 2507 1410 et
2551 1356 2703 1425 plura
2746 1356 2800 1410 in
2848 1372 2974 1411 eum
3019 1372 3048 1410 a
3079 1372 3272 1427 parum
3302 1358 3663 1427 prudentibus

2073 1456 2471 1515 congeruntur,
2505 1463 2629 1500 cum
2665 1448 2902 1503 aliorum
2947 1449 3095 1515 vitia,
3124 1458 3182 1504 et
3217 1448 3367 1504 falsa:
3393 1451 3663 1503 narratio-

2071 1552 2170 1591 nes
2191 1537 2568 1606 Metaphrastze
2590 1554 2619 1592 a
2649 1540 2847 1593 talibus
2872 1540 3199 1594 criminibus
3217 1557 3390 1595 vacuo
3422 1542 3665 1611 integro-

2072 1641 2179 1695 que
2206 1626 2468 1682 referant.
2515 1628 2598 1682 Sit
2627 1631 2862 1700 exempli
2900 1645 3065 1684 causa
3102 1649 3116 1685 :
3152 1632 3388 1700 Scripsit
3425 1632 3661 1703 Symeon

2078 1720 2256 1776 Vitam
2289 1722 2463 1776 sancti
2506 1720 2807 1787 Eustachii,
2841 1729 2896 1776 et
2930 1722 3208 1786 ﬁliorum;
3250 1732 3378 1776 ante
3407 1724 3662 1777 eumdem

2078 1814 2496 1884 Metapbrastem
2528 1815 2596 1868 ab
2622 1814 2742 1867 aliis
2767 1814 3114 1876 concinnata,
3146 1823 3201 1868 et
3231 1815 3273 1868 si
3308 1830 3417 1868 non
3446 1815 3516 1868 ita
3547 1815 3662 1868 ele-

2077 1916 2268 1979 ganter
2312 1908 2364 1961 in
2416 1907 2657 1962 Ecclesia
2704 1906 3007 1977 legebatur.
3057 1905 3333 1960 Laudatur
3372 1922 3400 1959 a
3450 1905 3664 1960 Joanne

2080 1998 2417 2054 Damasceno
2470 2008 2525 2054 et
2572 1999 2713 2053 aliis.
2751 2000 2883 2052 Eam
2924 1998 2969 2052 si
3001 1998 3125 2068 quis
3152 1997 3536 2067 Metaphrastze
3566 2001 3663 2053 tri-

2079 2091 2293 2153 bueret,
2324 2089 2434 2159 jam
2465 2089 2568 2143 alia
2598 2096 2732 2143 tetas
2758 2097 2887 2143 ante
2922 2088 3096 2157 ipsum
3129 2087 3525 2143 Damascenum
3561 2088 3667 2143 Me-

2082 2181 2372 2250 taphrastae
2404 2191 2734 2250 assurgeret,
2765 2180 3005 2250 villaque
3035 2179 3295 2233 similium
3335 2181 3663 2250 scriptormn

2083 2273 2138 2328 in
2167 2273 2591 2343 Metaphrastem
2626 2272 3072 2341 reinndercntur,
3105 2274 3250 2343 quod
3281 2274 3548 2328 absonum
3579 2275 3666 2328 in-

2080 2367 2414 2437 dignumque
2465 2375 2616 2421 tanto
2662 2367 2781 2421 viro
2822 2366 3006 2421 fuerit.
3046 2369 3123 2422 Ita
3164 2369 3328 2422 etiam
3361 2369 3427 2423 de
3463 2378 3665 2423 sanctae

2080 2461 2391 2533 Eupraxize,
2453 2460 2695 2517 Danielis
2734 2463 2968 2525 abbatis,
3003 2461 3229 2518 Joannis
3257 2460 3663 2532 Chrysostomi.

2084 2554 2405 2625 Euphemia:
2435 2555 2689 2626 martyris
2719 2595 2734 2618 ,
2768 2553 3019 2627 Proc0pii
3064 2555 3348 2627 martyris,
3395 2554 3665 2609 Anastasii

2083 2645 2287 2713 Persae,
2331 2646 2701 2716 Amphilochii
2748 2645 3049 2701 lconieusis
3074 2647 3363 2732 .episc0pi,
3406 2646 3666 2701 aliorum-

2084 2754 2192 2808 que
2230 2753 2303 2792 ne
2351 2737 2597 2809 singulos
2637 2754 2976 2801 recenseam,
3026 2740 3152 2792 vitis
3194 2738 3527 2792 censendum
3560 2747 3664 2792 est.

2085 2831 2230 2897 Quas
2258 2831 2346 2884 ubi
2377 2831 2617 2900 primum
2672 2831 2938 2900 genuinas
2979 2829 3359 2897 Metaphrastze
3396 2844 3425 2882 a
3465 2830 3667 2897 spnriis

2086 2922 2426 2983 distinxeris,
2474 2930 2590 2975 tum
2618 2920 2840 2975 demum
2867 2920 2934 2973 de
2972 2927 3133 2974 aatate
3161 2918 3466 2990 Symeonis,
3515 2917 3665 2987 ejus-

2087 3032 2194 3088 que
2225 3015 2555 3087 integritate,
2599 3021 2655 3068 et
2709 3013 2762 3066 iu
2816 3011 3122 3066 enarranda
3165 3009 3402 3064 llistoria
3435 3010 3666 3065 veritate

2084 3107 2348 3177 judicium
2381 3104 2559 3169 feres;
2609 3102 2746 3157 alias
2778 3101 3105 3157 sententiam
3134 3099 3379 3163 differas,
3414 3107 3466 3154 et
3496 3099 3666 3153 a'cri-

2089 3197 2481 3252 minationibus
2516 3195 2814 3257 abstineas,
2860 3208 2931 3248 ne
2963 3194 3014 3246 in
3050 3193 3430 3246 immerentem
3458 3191 3667 3246 nullam

2086 3292 2156 3347 ob
2185 3305 2404 3346 causam
2438 3290 2671 3359 injurius
2704 3287 2915 3341 audias.
2964 3284 3156 3339 Risum
3209 3303 3237 3335 ιι
3264 3284 3340 3337 ihi
3372 3298 3516 3352 saepe
3553 3299 3671 3339 mo-

2087 3400 2213 3439 vere
2251 3384 2312 3448 ii,
2349 3383 2441 3453 qui
2486 3381 2749 3452 quidquid
2780 3378 3074 3435 habuerint
3105 3378 3173 3431 de.
3199 3376 3322 3430 Vita
3352 3386 3666 3431 sanctorum

2088 3476 2208 3532 sine
2250 3477 2488 3531 auctoris
2521 3472 2764 3537 nomine,
2813 3471 2867 3525 id
2905 3479 3077 3525 totum
3113 3470 3231 3524 sine
3272 3469 3380 3522 alio
3419 3467 3671 3522 examine

2089 3566 2255 3622 stulte
2289 3565 2451 3620 nimis
2481 3573 2643 3633 atque
2669 3562 3018 3631 impudenter
3040 3559 3419 3628 Metaphrasta:
3441 3557 3669 3611 dedunt.

2159 3657 2217 3713 Id
2266 3658 2311 3712 si
2349 3656 2754 3713 considerasset
2806 3651 3160 3708 doctissimus
3196 3649 3559 3704 Bellarminus
3603 3649 3672 3702 de

2088 3749 2480 3820 Scriptoribus,
2505 3747 2558 3800 in
2608 3761 2677 3801 eo
2723 3745 3084 3801 obtrectando
3141 3758 3251 3796 non
3293 3744 3367 3797 ita
3413 3741 3674 3812 profusus

2090 3840 2300 3896 fuisset.
2356 3837 2498 3892 Illud
2548 3844 2727 3890 autem
2772 3833 3151 3888 observandum
3210 3848 3244 3884 α
3309 3828 3675 3900 Hetaphraste

2092 3933 2319 4000 scriptas
2362 3928 2523 3999 fuisse
2558 3925 2824 3979 Historias
2861 3925 2927 3979 de
2982 3923 3114 3977 Vitis
3147 3920 3463 3976 Sanctorum
3494 3920 3676 3975 multis

2093 4022 2290 4078 additis
2320 4037 2384 4075 ea:
2421 4018 2634 4089 proprio
2658 4018 2888 4087 ingenio,
2923 4031 3027 4070 non
3052 4022 3109 4069 ut
3143 4031 3224 4067 res
3253 4021 3411 4085 gesta:
3441 4014 3672 4084 fuerant,

2093 4117 2185 4171 sed
2241 4125 2300 4169 ut
2354 4113 2465 4185 geri
2513 4118 2797 4182 potuerant
2844 4125 2862 4164 :
2913 4109 3065 4163 addit
3109 4107 3248 4161 enim
3296 4105 3679 4174 Mclapltrastes

2095 4206 2263 4261 multa
2291 4204 2575 4275 colloquia,
2605 4203 2714 4255 sive
2755 4201 2992 4271 dialogos
3021 4206 3317 4267 martyrum
3348 4212 3466 4249 cum
3498 4211 3678 4264 perse-

2098 4297 2383 4356 cutoribus,
2411 4299 2622 4364 aliquas
2651 4292 2811 4346 etiam
2841 4289 3199 4343 conversiones
3222 4286 3551 4340 adstantium
3574 4301 3679 4354 pu-

2096 4405 2358 4462 ganorum
2384 4389 2442 4441 ia
2473 4396 2623 4440 tanto
2660 4400 2895 4445 numero,
2919 4386 2991 4435 'ut
3019 4379 3350 4435 incredibiles
3377 4379 3676 4433 videantur.

2099 4484 2333 4554 Denique
2371 4479 2634 4535 miracula
2668 4476 2920 4545 plurima,
2961 4483 3011 4528 et
3043 4473 3276 4527 maxima
3322 4472 3379 4524 in
3416 4471 3683 4525 eversione

2028 4592 2069 4646 ι)
2102 4577 2417 4646 templorum
2468 4586 2517 4628 et
2568 4572 2851 4633 idolorum,
2886 4582 3109 4637 quorum
3159 4564 3304 4619 nulla
3352 4572 3427 4616 est
3483 4562 3683 4615 mentio

2101 4671 2243 4742 apud
2279 4679 2476 4724 veteres
2509 4665 2803 4718 historicos.
2837 4662 3000 4715 Multa
3030 4658 3307 4713 addidisse
3343 4656 3410 4710 de
3432 4670 3533 4709 suo
3571 4653 3682 4708 Mc-

2098 4766 2459 4834 taphrastem.
2510 4758 2623 4811 Hoc
2677 4770 2808 4809 vero
2849 4751 3194 4823 probandum
3253 4758 3355 4802 est.
3409 4745 3687 4814 Sedlquis

2102 4858 2194 4912 ille
2235 4857 2461 4927 lynccus
2503 4846 2856 4916 iuerit?quis
2902 4844 2957 4897 in
3000 4839 3409 4897 obscurissimis
3449 4835 3684 4905 antiqui-

2106 4948 2232 5002 tatis
2263 4942 2501 5000 tenebris
2524 4939 2735 5003 videns,
2767 4937 2947 4990 addita
2976 4950 3004 4988 a
3036 4948 3160 4987 vere
3188 4932 3356 5002 gestis
3391 4928 3686 4984 secernet?

2108 5037 2332 5095 Etiamsi
2393 5036 2508 5105 ipsa
2545 5033 2677 5085 Acta
2728 5040 3026 5100 martyrum
3075 5022 3432 5092 autographa,
3473 5028 3529 5073 et
3560 5019 3688 5071 vitae

2108 5135 2239 5202 ipse
2273 5133 2344 5186 ab
2370 5130 2701 5189 iisdemmet,
2739 5138 2972 5195 quorum
3013 5120 3135 5176 Vita
3186 5124 3473 5172 enarratur
3511 5111 3687 5202 histof

2108 5200 2242 5279 riam
2296 5222 2644 5283 haberemus,
2701 5216 2903 5272 difﬁcili
2955 5223 3069 5268 tum
3119 5210 3281 5265 etiam
3337 5202 3586 5259 examine
3634 5200 3688 5254 id

2111 5329 2397 5388 possemus
2426 5309 2687 5379 consequi
2719 5327 2735 5362 :
2770 5320 2948 5376 neque
2984 5303 3130 5356 enim
3158 5297 3345 5354 omnia
3380 5296 3435 5349 in
3466 5293 3573 5388 illis
3600 5308 3690 5388 re:

2111 5386 2319 5468 censita
2359 5415 2509 5473 sunt,
2530 5403 2777 5470 nihilque
2802 5398 3109 5468 neglectum
3140 5393 3213 5447 ita
3245 5400 3305 5444 ut
3332 5389 3400 5443 ab
3430 5386 3537 5442 alio
3566 5386 3690 5439 addi

2111 5516 2219 5554 non
2254 5494 2512 5568 potuerit.
2553 5492 2633 5554 Ειι
2660 5503 2831 5560 quare
2863 5486 3042 5556 potius
3071 5482 3190 5557 [44]
3224 5497 3336 5537 non
3387 5482 3555 5535 multa
3577 5478 3693 5547 ipse

2109 5589 2377 5653 omiserit,
2430 5601 2552 5656 qua:
2601 5584 2782 5638 minus
2840 5581 3127 5652 probaret,
3188 5590 3351 5646 quam
3400 5569 3698 5629 addiderit?

2110 5682 2303 5737 Narrat
2346 5688 2609 5750 praeterea
2644 5691 2732 5730 res
2774 5685 2976 5745 gestas,
3011 5688 3115 5726 non
3156 5679 3213 5724 ut
3255 5684 3338 5723 res
3384 5676 3540 5739 gestia
3573 5666 3695 5737 fue-

2114 5783 2263 5837 runt,
2293 5776 2383 5827 sed
2430 5780 2486 5825 ut
2535 5772 2643 5841 geri
2673 5757 2973 5839 potuerunt.
3011 5763 3168 5820 Unde
3208 5760 3262 5815 id
3290 5760 3456 5814 habet
3491 5756 3689 5809 Bellar-

2116 5861 2338 5918 minus?
2365 5861 2636 5917 llabnitnc
2668 5861 2783 5929 ipse
2810 5865 3019 5912 rectum
3056 5864 3303 5907 actorum
3334 5848 3604 5906 ordinem,
3642 5850 3697 5894 et
