4134 6418
474 393 549 456 39
1781 391 2058 451 LEONIS
2091 392 2395 452 ALLATII
3673 396 3740 461 40

478 519 538 562 ut
560 522 646 563 res
670 520 819 578 geSta
855 515 939 564 est
971 507 1040 561 ab
1070 507 1177 562 alio
1202 506 1590 575 conscriptam,
1620 514 1675 559 et
1703 504 2054 575 publicatam,
2084 504 2136 561 A
2161 518 2376 558 manam
2452 504 2803 575 divinumque
2854 506 3070 561 intersit
3097 546 3112 569 ,
3158 506 3288 577 quid
3371 508 3516 563 inter
3567 508 3743 562 histo-

477 600 623 655 unde
649 600 1040 655 immutationis
1071 598 1383 668 hujusmodi
1410 597 1830 668 Metaphrastem
1858 611 2053 667 argue-

471 690 592 749 rit?
620 691 819 749 Prodat
842 692 896 747 in
928 692 1123 746 lucem.
1157 690 1307 745 Alias
1348 691 1423 744 illi
1451 706 1517 745 ex
1546 689 1764 761 ingenio
1789 699 1845 744 et
1872 688 2054 758 suspi-

478 783 640 837 cione
669 783 902 850 quadam
935 796 1033 835 sua
1065 780 1332 835 asserenti
1365 795 1473 835 non
1504 779 1810 834 credemus.
1861 778 2053 848 Suspi-

388 926 395 935 ,
472 883 629 929 cetur
658 875 744 928 ille
774 874 1039 944 quidquid
1071 873 1224 937 velit,
1259 874 1515 928 acumine
1548 872 1774 944 ingenii,
1806 887 1915 941 quo
1934 872 2054 942 pol-

474 968 566 1029 let,
611 966 810 1021 edicet.
865 965 975 1020 Res
1023 966 1231 1021 cumin
1272 965 1416 1021 facto
1468 965 1751 1029 consistat,
1801 964 1905 1019 nisi
1939 979 2050 1019 rem

473 1056 611 1125 ipse,
648 1057 727 1109 uti
765 1064 918 1127 gesta
952 1065 1056 1119 est,
1091 1056 1146 1109 in
1175 1054 1412 1110 medium
1436 1052 1701 1124 proferat,
1732 1069 1849 1108 rem
1871 1054 2048 1116 aliter,

471 1157 529 1202 et
562 1147 640 1202 uti
674 1148 788 1218 geri
821 1147 1082 1216 potuerit,
1126 1147 1337 1201 narrari
1369 1161 1398 1200 a
1434 1144 1801 1216 Metaphraste
1826 1160 1935 1200 non
1971 1143 2054 1198 di-

478 1254 686 1294 cemus.
717 1238 875 1292 Addit
921 1238 1181 1308 colloquia
1238 1248 1286 1293 et
1320 1238 1556 1309 dialogos
1596 1247 1891 1307 martyrum
1937 1252 2055 1289 cum

477 1328 916 1396 persecutoribus.
950 1328 1091 1394 Quid
1114 1329 1157 1383 si
1191 1329 1278 1382 illa
1313 1327 1501 1382 habuit
1535 1327 1651 1397 ipse
1680 1341 1744 1381 ex
1775 1326 1896 1381 aliis
1934 1340 2051 1378 ma-

473 1422 767 1492 nuscriptis
793 1432 848 1478 et
874 1423 1027 1477 libris
1058 1421 1416 1487 authenticis,
1444 1420 1536 1493 qui
1570 1420 1733 1476 modo
1768 1420 1852 1475 vel
1881 1418 2049 1490 negli-

466 1513 644 1583 gentia
663 1513 964 1579 hominum,
981 1514 1066 1569 vel
1098 1514 1401 1569 rusticitate
1427 1514 1516 1568 illa
1540 1529 1659 1578 sua,
1675 1513 1760 1568 vel
1778 1522 2048 1568 vetustate

466 1606 864 1659 obsoleverint‘.l
885 1606 1170 1677 Diligentia
1188 1606 1497 1661 Graecorum
1514 1608 1904 1677 imperatorum
1918 1623 2054 1677 quo-

467 1713 584 1750 rum
608 1697 838 1751 maxima
865 1708 976 1752 tum
999 1709 1118 1753 erat
1132 1714 1301 1768 penes
1314 1700 1630 1752 universum
1650 1699 1837 1753 orbem
1863 1709 2052 1753 aucto-

468 1787 618 1851 r'tas,
640 1787 690 1840 in
709 1786 820 1841 illis
842 1788 1231 1857 conquirendis
1245 1805 1353 1842 non
1370 1788 1560 1843 defuit.
1577 1788 1791 1843 Maximi
1805 1800 2055 1860 sumptus

467 1888 577 1931 tum
609 1895 670 1932 ex
699 1880 1091 1949 imperatorum
1132 1881 1349 1942 aerario,
1381 1888 1493 1934 tum
1518 1895 1583 1934 ex
1615 1882 1851 1951 propriis
1876 1882 2047 1949 ipsius

466 1969 863 2040 Mi‘t'aphrasla},
883 1972 1039 2040 cujus
1054 1971 1246 2041 amplae
1267 1972 1739 2039 erantfacultates,
1755 1973 1808 2028 in
1831 1975 2047 2030 hocne-

462 2062 608 2130 gotio
636 2064 861 2122 decreti.
895 2063 1221 2119 eﬂ‘usissime
1249 2065 1578 2134 suppeditati
1614 2079 1742 2121 sunt
1772 2085 1786 2122 :
1815 2083 1926 2122 non
1951 2069 2047 2123 de-

466 2152 617 2206 fuere
649 2154 1241 2225 comilum,eorumque
1263 2157 1701 2212 doctissimorum
1729 2161 1945 2215 auxilia.
1968 2163 2044 2216 Ea

463 2258 679 2313 quoque
706 2254 1028 2316 tempestate
1070 2247 1254 2318 plures
1288 2249 1643 2319 manuscripti
1695 2251 1912 2307 codices
1944 2253 2043 2308 ha-

463 2336 752 2401 bebantur,
789 2354 951 2407 quam
985 2339 1085 2395 hac
1122 2348 1307 2394 nostra
1352 2349 1535 2408 :etate,
1572 2357 1697 2396 cum
1753 2352 1809 2398 et
1840 2342 2043 2401 Barba-

463 2443 648 2482 rorum
677 2428 1083 2486 incursionibus
1117 2432 1370 2487 universa
1398 2432 1601 2489 Gracia
1627 2433 1823 2490 alllicta
1851 2446 1954 2503 est,
1988 2447 2045 2493 et

463 2520 673 2575 similes
691 2523 904 2578 codices
918 2524 1384 2593 nequissimorum
1406 2525 1692 2581 hominum
1718 2529 1925 2583 scelere
1947 2545 2040 2583 va—

466 2610 560 2664 riis
608 2614 782 2668 modis
829 2615 1096 2685 deperditi
1133 2635 1146 2672 :
1197 2617 1337 2672 adde
1374 2618 1714 2674 curiosorum
1760 2621 2041 2677 hominum

461 2701 825 2759 Sollicitudine
853 2714 908 2760 et
941 2707 1141 2774 studio,
1170 2708 1277 2763 alio
1310 2720 1476 2780 atque
1504 2711 1609 2766 alio
1639 2716 1931 2783 cxportati.

533 2792 668 2858 Quis
706 2795 887 2864 itaque
940 2797 1066 2865 jure
1128 2801 1429 2869 negaverit,
1479 2817 1600 2871 quae
1652 2803 2044 2877 Metaphrastes

459 2884 812 2941 concinnavit
854 2887 906 2941 in
951 2888 1073 2943 aliis
1121 2891 1445 2956 codicibus,
1495 2892 1671 2965 iisque
1714 2895 1819 2951 fide
1864 2897 2044 2969 dignis

460 2991 568 3028 non
603 2976 938 3047 perlegisse?
976 2978 1044 3034 Et
1078 2990 1259 3050 potest
1321 2984 1540 3039 tandem
1588 2986 1837 3055 quilibet,
1887 2990 2045 3046 dum-

459 3069 622 3123 modo
664 3086 845 3125 rerum
890 3074 1250 3129 substantiam
1299 3092 1408 3131 non
1461 3078 1786 3147 immutarit,
1835 3084 1944 3140 alio
1987 3095 2044 3141 et

459 3159 566 3213 alio
596 3151 760 3217 modo
786 3177 901 3218 rem
943 3163 1158 3220 ell‘erre.
1207 3167 1422 3222 Etenim
1472 3168 1516 3225 si
1548 3170 1741 3227 iisdem
1782 3173 1899 3243 ipse
1934 3174 2045 3230 for-

462 3254 624 3308 mulis
643 3263 698 3308 et
721 3256 1041 3324 luminibus,
1059 3274 1123 3313 ac
1140 3270 1352 3316 veteres
1380 3262 1475 3328 illi,
1502 3274 1617 3318 rem
1639 3266 2037 3337 exscripsisset,

464 3344 704 3401 Vitarum
765 3349 1109 3420 exscriptor,
1156 3367 1265 3406 non
1312 3366 1504 3410 auctor
1559 3355 1667 3412 dici
1725 3359 2039 3414 meruisset.

460 3438 716 3494 Studium
783 3441 960 3497 simile
1011 3443 1327 3500 laudaverat
1371 3446 1427 3501 in
1472 3447 1593 3504 Vita
1649 3447 1878 3507 Joannis
1940 3451 2040 3506 Da-

456 3531 699 3585 masccni
734 3569 751 3595 ,
811 3530 1051 3588 Joannes
1104 3534 1413 3603 patriarcha
1466 3536 2038 3610 llierosolymitanus:

458 3621 521 3674 El
559 3622 654 3676 οὖν
700 3623 798 3694 τὴν
837 3625 1045 3677 ἐκείνου
1077 3626 1290 3697 μορφὴν
1337 3628 1480 3682 οὕτω
1527 3629 1587 3681 τὸ
1622 3630 1873 3702 λαμπρὸν
1921 3635 2044 3687 ἔπιε

458 3713 773 3773 σπεύδουσι.
839 3716 892 3768 τί
958 3718 1066 3787 ἄρα
1121 3719 1240 3772 δέον
1299 3722 1430 3790 περὶ
1481 3722 1581 3785 τὰς
1630 3725 1879 3794 ἱστορίας
1928 3726 2041 3780 τῶν

456 3805 710 3873 πράξεων
732 3807 1113 3877 ἠμελημένως
1140 3810 1235 3882 ὲᾷν
1255 3812 1382 3875 τοὺς
1405 3811 1618 3881 λόγους,
1638 3813 1733 3868 καὶ
1760 3816 2037 3881 summ;

454 3896 752 3964 Ούμενοῦν.
803 3897 925 3961 Tol;
979 3900 1087 3969 γὰρ
1130 3901 1537 3973 ἀγροικοτέροις
1597 3906 1925 3978 συγγνώμη,
1964 3910 2039 3973 ὠς

455 3986 657 4054 ἔχοντι,
687 3987 1028 4055 σχεδιάζουσι
1052 3990 1276 4057 λόγους·
1306 3992 1407 4055 τὰς
1439 3994 1667 4064 πράξεις
1692 3997 1738 4050 δ’
1768 3998 2043 4070 ἰστοροῦνο

454 4094 554 4139 τας
609 4078 720 4131 τῶν
777 4080 1256 4152 ἐνσρεστησάντων
1307 4085 1561 4155 Χριστῷ,
1609 4082 1690 4151 οἷς
1719 4089 1936 4159 ὀνλόγος
1978 4093 2042 4146 τὸ

459 4169 893 4240 σπουδαζόμενον
915 4171 1161 4239 γέγονεν,
1184 4173 1244 4225 οὐ
1271 4177 1665 4242 συγγνωστέον,
1702 4179 1847 4249 βίους
1871 4184 2041 4251 ἁγίων

456 4262 929 4332 παρεωραμένοις,
963 4262 1423 4334 ἐσχεδιασμένοις,
1454 4268 1531 4331 ὡς
1561 4268 1743 4341 ἔτυχε,
1775 4273 1869 4325 καὶ
1903 4274 2040 4344 μᾶλ-

455 4356 547 4406 λον
595 4353 805 4425 ἀνδρῶν
852 4354 1131 4420 τοιούτων,
1176 4351 1258 4420 οἷς
1308 4358 1445 4429 πνοὴ
1486 4361 1580 4414 καὶ
1621 4361 1736 4433 ζωὴ
1767 4365 1828 4418 ea
1862 4365 2041 4434 λόγοις

458 4448 835 4512 ἐπαγρυπνεῖν
862 4447 1251 4517 ἐχρημάτισεν.
1299 4452 1474 4522 Igitur
1503 4455 1548 4507 si
1576 4456 1716 4511 circa
1748 4459 2042 4531 imaginum

2158 592 2347 662 ricumj
2398 601 2453 647 et
2535 594 2966 665 evangelistam,
3036 596 3167 666 quid
3263 596 3409 651 inter
3485 596 3741 667 dogmata

2158 693 2213 738 et
2258 686 2719 751 consuetudines,
2772 687 2903 756 quid
2974 689 3118 744 inter
3185 705 3274 744 res
3322 689 3627 761 prmeipuas
3685 702 3742 746 ct

2160 776 2495 845 potissimas,
2526 793 2663 848 quas
2712 779 2797 833 vel
2847 779 3123 835 levissima
3184 781 3568 837 immutatione
3622 783 3742 837 vul-

2157 867 2473 931 neraveris,
2527 877 2583 923 et
2638 869 2782 923 inter
2827 868 3172 935 levissimas,
3221 878 3279 925 et
3324 871 3615 927 scribentis
3654 888 3742 925 ar-

2158 958 2325 1014 bitrio
2380 960 2666 1026 obnoxias,
2722 977 2844 1032 quae
2895 971 3175 1033 utcunque
3237 970 3472 1018 narrata:
3525 964 3655 1019 dum
3708 981 3739 1018 a

2157 1051 2392 1107 veritate
2455 1067 2566 1107 non
2619 1053 2935 1117 recedilur,
3000 1055 3136 1109 nulli
3197 1055 3588 1111 detrimentum
3637 1057 3737 1112 ad-

2153 1142 2410 1213 iungunt.
2477 1142 2614 1209 Quis
2673 1144 2726 1198 in
2794 1146 3095 1201 referendis
3167 1146 3450 1217 colloquiis
3523 1147 3737 1201 verosi-

2156 1232 2305 1286 milia
2330 1232 2591 1288 damnet?
2617 1232 2820 1303 Operas
2850 1244 2908 1289 et
2943 1234 3227 1290 facultates
3255 1237 3478 1291 collatas
3527 1236 3595 1291 ab
3626 1236 3736 1290 im-

2158 1324 2501 1392 peratoribus
2546 1323 2765 1379 abunde
2806 1327 3073 1395 expressit
3106 1327 3315 1382 Psellus
3356 1326 3409 1380 in
3436 1326 3687 1381 oratione
3720 1344 3733 1379 :

2155 1415 2291 1470 Φασί
2329 1415 2394 1484 γέ
2438 1433 2521 1469 τοι
2576 1416 2700 1486 μηδ’
2747 1418 2812 1470 ὲκ
2864 1419 3146 1488 παρέργου
3200 1417 3389 1472 τοῦτον
3417 1414 3605 1489 ιῆερθαι
3639 1416 3733 1470 τοῦ

2156 1509 2503 1580 πράγματος,
2539 1507 2675 1580 μηδὲ
2707 1509 2870 1562 αὐτὸν
2901 1511 3236 1582 προθέμενον
3270 1511 3319 1564 εί
3352 1510 3427 1582 μὴ
3455 1511 3577 1564 ὅσον
3609 1508 3734 1579 βού-

2155 1601 2367 1657 λεσθαι.
2415 1601 2699 1655 Βασίλειον
2728 1602 2785 1655 δὲ
2826 1601 3018 1656 τοῦτον
3047 1603 3423 1675 παρακλήσεις
3454 1603 3548 1656 ἐπὶ
3575 1601 3735 1655 τοῦτο

2159 1693 2526 1763 προήνεγκαν,
2567 1695 2663 1745 καὶ
2687 1686 2768 1757 οἷς
2807 1694 3155 1763 ὲφροντίζετο
3186 1695 3342 1763 λόγος
3371 1696 3465 1748 καὶ
3496 1693 3730 1756 σύνεσις.

2159 1784 2271 1839 Καὶ
2300 1780 2367 1856 ἦν
2399 1783 2549 1855 αὐτῷ
2585 1786 2618 1855 ἡ
2648 1785 2973 1877 παρασκευὴ
3002 1784 3063 1850 ἐξ
3094 1785 3334 1856 ἑτοίμου,
3364 1784 3562 1849 κύκλος
3590 1802 3648 1837 τε
3670 1783 3731 1837 οὐ

2085 1862 2128 1917 Β
2158 1874 2362 1947 βραχὺς
2377 1875 2486 1928 τῶν
2503 1892 2561 1928 τε
2586 1862 2815 1946 πρὶῦτως
2835 1877 3317 1948 ἑνσημαινομένων
3338 1877 3432 1947 τὴν
3454 1875 3619 1941 λέξιν,
3637 1878 3733 1930 καὶ

2151 1968 2259 2019 τῶν
2305 1967 2446 2038 μετά
2484 1967 2657 2021 ταῦτα
2707 1968 2972 2023 τεθέντων
2996 1985 3011 1999 ·
3061 1971 3156 2023 καὶ
3185 1969 3343 2033 ἄλλος
3372 1970 3457 2023 ἐπ’
3492 1968 3670 2040 ἄλλῳ*
3703 1969 3733 2021 ὁ

2156 2059 2254 2127 μὲν
2283 2059 2352 2112 τὰ
2384 2058 2579 2129 πρῶτα
2610 2060 2801 2124 ποιῶν,
2847 2064 2875 2115 ὁ
2904 2061 2961 2114 δὲ
2988 2062 3057 2114 τὰ
3089 2062 3337 2132 δεύτερα,
3371 2061 3468 2115 καὶ
3491 2061 3584 2115 ἐπὶ
3609 2061 3734 2114 τού-

2150 2167 2261 2213 τοις
2284 2152 2331 2203 οί
2346 2151 2902 2223 τὰξσυγγεγραμμένα
2916 2153 3388 2225 ὲξακριόούμενοι,
3409 2155 3475 2208 ἵν’
3496 2154 3578 2208 ὅτι
3603 2154 3729 2216 τοὺς

2152 2243 2501 2314 ὑπογραφέας
2556 2243 2730 2305 λάθοι,
2785 2246 2919 2316 πρὸς
2964 2245 3064 2315 τὴν
3102 2245 3471 2316 ὑποκειμένην
3502 2243 3728 2317 eropon-

2151 2353 2351 2390 σωνται
2394 2337 2626 2393 ἔννοιαν.
2679 2337 2755 2390 Οὐ
2802 2336 2911 2408 γὰρ
2955 2339 3081 2411 ἐνῆν
3116 2339 3264 2409 αὐτῷ
3309 2338 3397 2392 διὰ
3433 2337 3493 2391 τὸ
3528 2338 3729 2407 πλῆθος

2146 2427 2256 2481 τῶν
2287 2431 2738 2500 συγγραμμάτων
2762 2428 3024 2493 πολλάκις
3047 2430 3116 2483 τὰ
3138 2430 3278 2484 αὐτὰ
3312 2430 3645 2502 ἀνακυκλεῖν
3666 2448 3724 2484 τε

2149 2524 2244 2577 καὶ
2266 2524 2489 2594 ὲφορᾷν.
2529 2523 2670 2575 Ἀλλ’
2696 2524 2744 2576 εί
2775 2524 2870 2577 καὶ
2910 2522 3078 2586 πολὺς
3104 2524 3132 2577 ὁ
3159 2521 3319 2593 ζῆλος
3347 2523 3609 2594 ὀνόματος
3638 2523 3730 2577 καὶ

2149 2615 2182 2683 ή
2225 2615 2446 2685 φροντὶς
2478 2612 2837 2686 περιττοτέρα
2865 2613 2960 2666 τοῦ
2991 2613 3221 2677 δέοντος,
3269 2614 3302 2685 ἢ
3341 2614 3541 2681 μᾶλλον
3593 2614 3730 2684 πρὶς

2148 2703 2307 2757 τοῦτο
2338 2704 2403 2774 δὴ
2430 2703 2753 2775 ἀξιόχρεως·
2794 2703 2908 2757 ἀλλ’
2937 2705 3033 2773 ὅγε
3067 2704 3269 2775 στάχυς
3298 2707 3599 2775 ἐνενικήκει
3625 2722 3731 2775 μα-

2151 2794 2269 2867 κρῷ
2297 2796 2395 2863 τὴν
2429 2798 2661 2868 σπορὰν,
2679 2798 2773 2850 uel
2791 2797 2853 2850 τὸ
2878 2797 3028 2868 λήϊον
3056 2792 3169 2851 οἷον
3195 2797 3407 2851 οὐδέπω
3434 2798 3527 2851 καὶ
3554 2799 3727 2868 τήμε-
3809 2834 3823 2845 .

2152 2905 2267 2958 ρον.
2284 2889 2407 2942 Εἴτε
2435 2888 2527 2941 καὶ
2547 2888 2712 2959 μηδὲν
2729 2889 2858 2944 ἄλλο
2881 2889 2959 2960 τῷ
2984 2889 3140 2961 ἀνδρὶ
3164 2890 3572 2955 διεσπούδαστο,
3602 2889 3738 2961 μηδι

2149 2980 2477 3051 ἀποχρῶντα
2520 2982 2590 3035 τὰ
2640 2981 2775 3036 ἄλλα
2835 2980 3149 3053 σύμπαντα,
3198 2983 3295 3037 καὶ
3344 2982 3468 3037 καθ’
3498 2984 3729 3037 ἕκαστον

2152 3071 2290 3141 πρὸς
2318 3072 2576 3142 ἀφορμὴν
2603 3072 2879 3144 εὐφημίας
2913 3074 3138 3145 ἀρκοῦν,
3170 3075 3308 3129 ἀλλὰ
3335 3075 3462 3145 τόγε
3489 3075 3728 3131 τοιοῦτον

2151 3165 2369 3218 ἑλέσθαι
2404 3166 2749 3236 σπούδασμα,
2776 3167 2873 3221 καὶ
2894 3167 3038 3221 οὕτω
3063 3168 3522 3239 καταπράξασθαί
3547 3187 3604 3224 τε
3634 3169 3728 3224 καὶ

2149 3258 2593 3328 ἀκριϐώσασθαι,
2640 3259 2914 3327 αὖταῃκες
2963 3262 3083 3314 ἀντὶ
3133 3262 3333 3327 παντὸς
3378 3262 3541 3317 ἄλλου
3589 3264 3727 3336 πρὸς

2148 3352 2425 3422 ἐγκώμιον
2459 3352 2537 3422 τῷ
2564 3352 2732 3423 ἀνδρί.
2765 3352 2934 3408 Porro
2961 3363 3139 3407 autem
3166 3355 3345 3409 dicunt
3375 3372 3495 3409 eum
3522 3371 3626 3409 non
3653 3356 3730 3411 le-

2149 3445 2281 3497 viter
2318 3453 2367 3497 et
2382 3445 2537 3514 quasi
2559 3444 2709 3498 aliud
2728 3454 2967 3515 agentem
2988 3446 3126 3499 hanc
3142 3463 3252 3500 rem
3267 3463 3376 3501 esse
3389 3465 3687 3519 aggressum
3706 3464 3727 3503 :

2152 3552 2315 3603 neque
2338 3537 2512 3605 ipsum
2544 3536 2600 3589 id
2621 3537 2722 3590 sibi
2750 3539 3100 3607 proposuisse,
3131 3549 3189 3593 ut
3230 3541 3426 3611 faceret
3468 3553 3725 3613 quantum

2148 3628 2319 3682 vellet.
2353 3627 2456 3683 Sed
2481 3630 2819 3698 imperatoris
2843 3632 3236 3686 adhortationes
3265 3650 3382 3687 eum
3413 3637 3484 3688 ad
3504 3635 3600 3688 hoc
3625 3638 3725 3689 ad-

2148 3724 2362 3787 duxere,
2408 3734 2456 3776 et
2493 3725 2552 3786 ii,
2585 3724 2772 3796 quibus
2815 3742 2955 3781 cura:
3010 3737 3123 3781 erat
3164 3729 3402 3783 doctrina
3435 3710 3485 3784 et
3522 3732 3723 3785 intelli-

2148 3816 2348 3886 gentia,
2388 3828 2437 3871 et
2466 3829 2738 3887 promptus
2764 3822 2811 3873 ei
2838 3821 2936 3892 fuit
2962 3832 3277 3891 apparatus,
3320 3834 3368 3877 et
3400 3841 3501 3877 non
3531 3841 3724 3895 paruus

2150 3910 2289 3963 orbis
2322 3927 2525 3975 eorum,
2569 3913 2659 3977 qui
2696 3914 2867 3981 primo
2896 3916 3174 3970 dictionem
3203 3918 3338 3971 notis
3373 3920 3720 3988 excipiebant,

2148 4011 2198 4054 et
2243 4019 2445 4063 eorum,
2479 4004 2570 4072 qui
2612 4013 2793 4070 postea
2820 4005 3253 4074 [transcribebant
3274 4010 3313 4078 ξε
3344 4019 3392 4062 et
3438 4010 3578 4063 alius
3606 4022 3722 4081 post

2149 4094 2339 4159 alium,
2380 4095 2472 4148 ille
2507 4095 2717 4165 quidem
2745 4097 2920 4165 prima
2951 4098 3197 4168 faciebat,
3230 4101 3313 4153 hic
3339 4116 3457 4155 vero
3492 4108 3720 4158 secunda

2149 4188 2493 4241 exscribebat.
2530 4186 2599 4240 Et
2624 4197 2735 4256 post
2759 4188 2848 4241 hos
2880 4188 2977 4241 alii
3008 4190 3099 4259 qui
3130 4207 3247 4261 qum
3267 4195 3461 4263 scripta
3490 4196 3720 4267 fuerant,

2148 4279 2362 4346 pulchre
2396 4277 2779 4347 intelligebant,
2808 4287 2866 4331 ut
2896 4282 3033 4349 quod
3060 4283 3339 4353 scriptores
3366 4285 3617 4351 latuerat,
3653 4294 3723 4343 ad

2149 4371 2473 4439 propositam
2498 4370 2817 4438 corrigerent
2839 4373 3173 4427 sententiam.
3208 4373 3350 4428 Nam
3372 4376 3487 4451 [46]
3512 4391 3722 4449 propter

2147 4462 2462 4530 scriptorum
2501 4458 2891 4513 multitudinem
2931 4477 3035 4514 non
3071 4462 3260 4517 licebat
3303 4466 3349 4519 ei
3377 4482 3516 4535 καῖρε
3540 4470 3720 4521 eadem

456 4536 781 4606 cﬂigiaturas
829 4546 1100 4606 tantopere
1132 4542 1386 4609 probatur
1431 4545 1487 4598 id
1530 4564 1691 4616 genus
1725 4553 1906 4615 studii,
1956 4556 2035 4607 di.
2077 4566 2118 4620 ι)
2148 4552 2409 4605 revolvere
2463 4558 2511 4604 et
2541 4550 2758 4603 intueri.
2791 4548 2894 4604 Sed
2924 4554 3020 4606 etsi
3049 4555 3205 4623 fuerit
3247 4556 3443 4611 multus
3470 4556 3636 4621 labor,
3671 4569 3720 4613 et

454 4642 685 4698 gnumne
711 4630 888 4699 fuerit,
931 4634 1068 4700 quod
1099 4633 1330 4701 ipsorum
1363 4636 1489 4690 bene
1518 4640 1874 4713 prteclareque
1902 4655 2050 4715 gesta

459 4721 817 4791 negligantur,
867 4734 915 4776 et
965 4725 1180 4779 inculta:
1202 4726 1422 4796 jaceant
1454 4730 1724 4787 historice?
1762 4733 1883 4789 Non
1920 4754 2046 4806 pro-

458 4814 611 4881 fecto.
681 4812 822 4867 Nam
878 4825 933 4867 ut
990 4817 1202 4870 interim
1266 4822 1586 4875 concedatur
1640 4825 2046 4894 simplicioribus

455 4904 630 4967 uenia,
668 4905 779 4969 qui,
813 4923 916 4975 qua
946 4919 1162 4974 possunt
1214 4926 1375 4979 opera
1420 4914 1757 4979 tumulturio,
1803 4918 2044 4973 divorum

456 4996 587 5047 Acta
622 4997 953 5050 conscribunt
985 5016 1002 5051 :
1037 5000 1220 5054 diserti
1252 5011 1448 5068 tamen,
1495 5007 1804 5079 ingenioque
1844 5011 2045 5079 pollen-

457 5092 550 5149 tes,
586 5101 918 5154 nequaquam
946 5088 1204 5157 diguandi
1229 5102 1349 5145 sunt
1371 5095 1543 5157 venia,
1565 5098 1631 5162 si,
1655 5100 1793 5167 quod
1818 5101 2040 5170 faciunt,

434 5178 778 5242 ‘eontemptui
822 5178 1037 5243 habent,
1097 5180 1238 5235 Vitas
1286 5196 1611 5250 sanctorum,
1658 5194 1950 5258 praesertim
1996 5197 2042 5248 si

454 5264 667 5320 illorum
701 5269 921 5337 spiritus
951 5287 1015 5324 ac
1068 5272 1175 5325 vita
1220 5274 1515 5346 invigilat'it
1559 5279 1724 5345 libris,
1756 5292 1865 5337 etc.
1911 5287 2042 5339 Am-

457 5355 777 5423 plificaverit
805 5360 993 5425 etiam,
1024 5373 1082 5417 ut
1106 5365 1399 5436 legentium
1429 5370 1628 5425 animis
1670 5372 2036 5437 satisfaceret,

454 5448 598 5518 quod
627 5449 681 5502 in
734 5450 856 5504 aliis
918 5452 1194 5510 historicis
1238 5458 1509 5525 laudatur,
1538 5463 1919 5534 expctiturque
1971 5468 2040 5521 ab

457 5536 732 5599 omnibus,
777 5539 900 5608 jure
927 5541 979 5594 in
1014 5541 1380 5613 Mctaphraste
1413 5565 1522 5604 non
1557 5554 2033 5622 reprehendimus.

457 5628 525 5680 At
556 5626 675 5701 [45]
712 5646 798 5684 res
855 5632 971 5701 ipse
1002 5649 1185 5691 sacras
1233 5643 1606 5707 pertractavit,
1643 5645 1695 5698 in
1723 5647 1922 5715 quibus
1953 5651 2039 5704 vel

455 5718 767 5788 immutare,
812 5724 894 5777 vel
923 5726 1123 5781 addere
1157 5745 1364 5785 summa
1396 5734 1608 5805 religio.
1641 5737 1874 5794 Parcant
1902 5743 2035 5799 mihi

455 5811 544 5879 qui
591 5812 690 5867 ista
745 5827 1050 5888 opponunt.
1101 5819 1537 5895 Nesciunt'quid
1568 5828 1712 5886 inter
1743 5832 1901 5888 [idem
1931 5835 2039 5892 hu-

2145 4646 2323 4710 major
2369 4657 2531 4711 quam
2564 4657 2664 4709 par
2693 4653 2823 4696 esset
2870 4644 3191 4711 sollicitudo,
3236 4648 3342 4701 imo
3374 4665 3492 4702 vero
3536 4651 3717 4719 digna,

2146 4748 2263 4801 qua:
2293 4733 2347 4784 in
2377 4733 2471 4785 hoc
2503 4733 2874 4799 adhiberetur;
2900 4747 3179 4791 sementem
3218 4747 3394 4793 tamen
3423 4741 3572 4811 longe
3600 4744 3718 4795 vicit

2145 4823 2289 4893 spica
2324 4834 2371 4878 et
2400 4841 2564 4893 seges,
2629 4826 2803 4895 qualis
2839 4829 3069 4881 nondum
3102 4830 3202 4899 fuit
3236 4848 3397 4902 usque
3426 4834 3481 4887 in
3510 4835 3643 4889 hodit
3666 4856 3719 4888 r-

2146 4930 2271 4968 num
2299 4916 2458 4970 diem.
2490 4916 2747 4981 Quocirca
2782 4919 2967 4985 etiam,
3008 4921 3055 4973 si
3092 4921 3224 4975 nihil
3258 4924 3406 4977 aliud
3431 4941 3462 4978 a
3489 4927 3598 4980 viro
3628 4928 3719 4979 illa

2144 5007 2323 5076 fuisset
2360 5008 2713 5071 elaboratum,
2748 5020 2794 5063 et
2842 5027 2945 5065 non
2968 5012 3079 5065 alia
3111 5015 3310 5080 omnia,
3340 5033 3457 5087 qua:
3488 5019 3570 5071 uel
3609 5019 3718 5071 sin-

2143 5098 2269 5168 gula
2300 5101 2558 5169 sufﬁciunt
2587 5106 2657 5154 ad
2689 5102 2898 5157 laudem
2933 5106 3343 5173 conciliandam,
3378 5126 3509 5177 opus
3542 5119 3717 5164 tamen

2142 5193 2251 5245 tale
2275 5194 2563 5261 suscepisse
2582 5203 2630 5247 et
2656 5196 2710 5248 id
2735 5206 2845 5250 tam
2873 5199 3126 5266 pra'clare
3145 5202 3378 5272 eﬂ'ectum
3409 5204 3714 5267 reddidisse,

2141 5286 2254 5336 viro
2286 5300 2382 5353 pro
2411 5287 2592 5354 quovis
2613 5289 2685 5340 ad
2714 5291 2926 5344 laudem
2955 5293 3224 5363 sufﬁceret.

2212 5377 2432 5447 Aliquas
2462 5380 2623 5432 etiam
2665 5387 3020 5440 conversiones
3066 5390 3357 5443 astamium
3386 5406 3716 5463 paganorum

2138 5470 2195 5523 in
2235 5479 2385 5524 tanto
2412 5487 2676 5527 numero:
2710 5476 2970 5532 miracula
3012 5480 3264 5548 plurima,
3307 5491 3357 5535 et
3402 5485 3719 5539 maximam

2142 5564 2412 5618 eversione
2438 5566 2753 5634 templorum
2800 5580 2850 5623 et
2877 5573 3161 5638 idolorum,
3195 5590 3417 5641 quorum
3455 5579 3601 5631 nulla
3644 5592 3718 5633 est

2146 5656 2343 5710 mentio
2383 5660 2529 5726 apud
2551 5669 2745 5714 ueteres
2779 5662 3068 5719 historicos.
3104 5664 3315 5721 Nullam
3343 5683 3463 5724 esse
3487 5673 3719 5725 mentio-

2138 5759 2266 5799 nem
2294 5749 2437 5815 apud
2470 5758 2685 5805 veteres
2713 5752 3027 5820 historicos,
3054 5771 3217 5811 nemo
3247 5775 3396 5823 vere,
3434 5776 3610 5832 nequc
3642 5763 3719 5814 in-

2141 5852 2316 5909 genue
2347 5840 2564 5910 dixerit,
2612 5845 2716 5899 nisi
2764 5847 2856 5915 qui
2916 5850 3098 5904 omnia
3144 5851 3489 5922 antiquorum
3525 5871 3720 5908 monu-
