4134 6428
380 402 469 497 ιι
1057 411 1156 471 DE
1197 406 1545 469 scrupus.
1577 402 1956 467 SYMEUNIS

2079 402 2574 464 ETAPIIRKSTzE
2612 404 2978 465 DIATRIBA
3583 401 3653 463 42

380 506 586 588 menta,
609 520 778 579 etiam
802 536 929 592 qua:
954 520 1157 576 alicubi
1191 520 1363 575 latent
1386 518 1469 574 vel
1527 517 1824 589 disperdtta
1857 515 1972 589 [46]
2007 521 2048 573 Α
2079 517 2167 579 iis,
2196 518 2288 587 qui
2317 517 2465 570 carni
2496 517 2663 586 magis
2701 515 2901 569 addicti
2928 523 3090 578 sunt;
3138 519 3227 586 qui
3258 526 3490 571 nesciunt
3532 534 3652 586 pro-
3710 554 3715 555 κ

378 621 531 679 sunt,
551 611 781 684 legerit:
805 627 931 680 quae
953 611 1145 681 legisse
1165 608 1573 669 Bellarminum,
1595 621 1696 660 nec
1720 606 1834 675 ipsa
1856 604 1977 658 Bel-

379 708 650 762 larminus
666 706 835 759 dicet.
860 704 958 759 Sic
972 702 1208 757 Savilius
1222 700 1497 756 accusavit
1514 698 1764 753 falsitatis
1779 697 1979 753 multas

380 801 476 854 mi:
490 799 779 853 aculorum
799 795 1145 849 narrationes
1160 794 1215 847 in
1237 792 1466 863 Georgio
1480 790 1869 854 Alexandrino,
1885 787 1978 858 qui

382 890 563 946 \‘itam
604 886 985 960 Cbrysostomi
1009 886 1322 955 scripserat,
1361 883 1487 954 quia
1523 881 1877 952 antiquiores,
1919 891 1979 935 ut

407 981 685 1044 Socrates,
722 981 1086 1043 Sozomenus,
1128 976 1525 1040 Theodoretus,
1573 975 1846 1030 Palladius
1884 989 1977 1029 eas

380 1089 497 1130 non
513 1082 759 1127 narrant.
774 1073 937 1138 Quasi
959 1087 1088 1125 vero
1101 1084 1188 1124 res
1203 1068 1598 1125 ecclesiasticas
1613 1067 1701 1121 alii
1716 1082 1822 1120 non
1843 1067 1979 1120 serio

384 1166 633 1237 pserint;
663 1165 791 1219 licet
822 1163 1094 1217 scribatur
1123 1163 1191 1215 ab
1221 1160 1362 1226 aliis,
1408 1160 1625 1224 falsum,
1679 1174 1743 1213 ac
1786 1172 1978 1227 suspe-

386 1265 545 1313 ctum
569 1258 661 1311 sit.
693 1256 879 1327 Nugae.
910 1254 1074 1308 Multa
1095 1254 1252 1308 etiam
1282 1268 1349 1307 ex
1381 1252 1668 1306 traditione
1688 1250 1975 1315 habentur,

388 1365 515 1420 qua
544 1352 597 1404 in
629 1350 783 1403 libris
805 1349 1022 1419 scriptis
1039 1363 1147 1401 non
1178 1355 1412 1401 exstant.
1434 1344 1588 1399 Nilus
1604 1342 1980 1415 Chrysostomi

390 1439 699 1509 discipulus
722 1441 777 1492 in
808 1438 1055 1508 epistolis
1084 1438 1288 1497 scribit.
1342 1435 1814 1507 Chrysostomum,
1853 1434 1981 1496 Τοῖς

376 1530 644 1601 ’γνησίοις
695 1531 804 1583 τῶν
832 1529 1219 1599 πνευματικῶν
1259 1528 1428 1598 φίλων
1456 1528 1574 1580 κατ’
1619 1527 1755 1579 ἰδίαν
1784 1527 1976 1596 διηγὴο

391 1639 547 1676 σατο.
563 1620 837 1693 Legitimis
858 1620 1222 1690 spiritualibus
1242 1620 1425 1672 amicis
1447 1619 1693 1687 privatim
1715 1617 1979 1695 narravit.

392 1708 463 1765 Et
476 1711 703 1780 epistola
718 1710 785 1763 ad
808 1710 1151 1763 Anastasium
1170 1716 1352 1761 narrat
1391 1708 1627 1762 visiones
1643 1708 1976 1777 angelorum,

393 1802 484 1873 qui
523 1802 818 1857 celebranti
872 1799 1258 1871 Chrysostomo
1297 1799 1644 1854 assistebant.
1691 1798 1778 1852 Sic
1816 1798 1975 1852 etiam

390 1892 622 1949 Proclus
645 1892 908 1953 narravit.
940 1893 1023 1946 vel
1046 1893 1205 1945 etiam
1229 1891 1464 1960 scripsit.
1495 1890 1621 1944 licet
1646 1905 1754 1943 non
1777 1897 1970 1953 exstet,

374 1972 662 2041 uisionem
704 1985 880 2039 sancti
902 1982 1053 2037 Pauli
1088 1983 1343 2038 dictantis
1374 1981 1765 2053 Chrysostomo
1799 1981 1974 2035 inter-

391 2078 759 2147 pretationem
798 2075 1170 2145 epistolarum.
1205 2074 1340 2128 Male
1376 2073 1556 2143 itaque
1585 2072 1927 2128 concluditur
1959 2091 1971 2126 :

389 2166 513 2223 Non
538 2169 733 2239 legitur
748 2168 889 2236 apud
911 2175 1124 2219 veteres
1144 2165 1449 2229 historicos,
1469 2178 1597 2234 ergo
1608 2179 1714 2218 non
1741 2163 1860 2217 fuit.
1882 2162 1979 2217 Mi-

391 2259 579 2314 racula
608 2274 762 2321 sane,
786 2273 906 2326 qua:
927 2264 1113 2309 narrat
1140 2254 1550 2325 .‘lietaphrastcs,
1580 2257 1810 2308 matrima
1832 2267 1974 2312 sunt.

391 2348 517 2406 Non
559 2351 757 2403 abnuo.
786 2349 843 2403 ld
871 2348 945 2401 illi
969 2348 1022 2401 in
1049 2348 1230 2402 animo
1262 2347 1383 2413 fuit,
1409 2362 1495 2402 res
1526 2363 1767 2417 magnas,
1801 2348 1978 2402 admi-

394 2441 619 2506 randas,
651 2440 1005 2509 insuetasque
1022 2439 1076 2493 in
1094 2440 1310 2509 scriptis
1330 2440 1557 2494 referre.
1572 2439 1769 2493 Parum
1791 2439 1864 2493 illi
1882 2453 1979 2493 cu-

393 2549 472 2589 ra:
492 2533 599 2589 fuit
620 2532 909 2587 minutiora
926 2548 1354 2602 recensere,qnaa
1370 2532 1532 2588 etiam
1548 2534 1661 2603 ipse
1676 2534 1797 2588 data
1812 2548 1979 2602 opera

392 2624 767 2699 praetermisit.
796 2626 1195 2680 Conversiones
1214 2642 1542 2697 paganorum
1573 2635 1682 2681 tam
1712 2627 1900 2695 spissa:
1925 2635 1981 2681 et

396 2715 455 2769 in
498 2722 650 2768 tanto
693 2730 922 2768 numero
954 2715 1298 2770 incredibiles
1317 2725 1466 2770 sunt.
1505 2715 1853 2771 lncredibiles
1890 2716 1976 2781 iis,

393 2808 492 2876 qui
515 2807 877 2861 aeternitatem
905 2814 961 2861 et
981 2815 1214 2876 tempus,
1248 2822 1521 2861 summum
1557 2807 1781 2874 bonum,
1813 2816 1869 2863 et
1883 2823 1981 2863 sua

393 2898 721 2953 commoda:
744 2898 910 2952 vitam
928 2898 1162 2962 beatam,
1191 2915 1255 2953 ac
1280 2908 1524 2958 ventrem
1546 2917 1559 2952 :
1581 2900 1724 2954 vires
1746 2900 1976 2965 divinas,

396 2998 453 3044 et
477 2992 750 3044 humanas
784 2989 918 3058 pede
934 2997 1124 3055 suo,et
1146 2990 1387 3054 modulo,
1413 3005 1523 3044 non
1552 2990 1847 3045 rei'natura
1866 3004 1982 3046 me-

394 3080 1223 3153 tiuntur.GregoriusNyssenus
1245 3081 1301 3136 in
1323 3081 1446 3138 Vita
1465 3092 1664 3138 sanctze
1692 3081 1973 3138 Macrine):

2080 607 2316 675 portione
2345 607 2490 676 ﬁdei,
2513 622 2788 660 munerum
2806 606 2924 675 ﬁeri
2945 606 3384 668 distributionem.
3412 617 3463 662 et
3487 625 3652 677 parva

2079 704 2286 773 quidem
2314 703 2437 757 duri
2468 701 2775 756 habentibus
2799 718 3021 772 parvam
3053 701 3227 769 fidem,
3256 720 3450 775 magna
3477 715 3653 760 autem

2080 794 2205 860 illis,
2238 796 2327 865 qui
2349 796 2543 864 ingenti
2578 793 2680 863 ﬁde
2709 794 2916 864 prtediti
2943 803 3083 847 sunt.

2149 889 2353 941 Auctor
2373 888 2498 941 vita:
2524 886 2698 940 sancti
2726 884 2843 957 [i7]
2867 885 3109 951 Niconis,
3140 887 3230 957 qui
3268 903 3296 942 a
3326 888 3649 958 poenitentia

2081 979 2183 1033 sibi
2227 987 2651 1048 cognomentum
2700 977 2921 1031 habuit:
2957 977 3237 1047 Πεφύκασι
3283 982 3391 1049 γάρ
3436 996 3551 1045 πως
3603 983 3650 1034 οἱ

2081 1069 2361 1140 ἅνθρωποι
2390 1068 2528 1141 πρὸς
2556 1068 2654 1139 τὴν
2688 1068 2897 1121 οἰκείαν
2930 1068 3238 1139 ἀφορῶντες
3260 1071 3558 1135 ἀσθένειαν,
3584 1077 3653 1125 sit

2081 1160 2361 1233 παράδοξα
2409 1160 2675 1224 πολλάκις
2722 1159 2830 1213 τῶν
2867 1160 3229 1231 πραγμάτων,
3283 1161 3377 1215 καὶ
3424 1163 3528 1215 ὑπὸ
3554 1168 3654 1232 τῆς

2083 1252 2230 1315 θείας
2260 1253 2480 1323 χάριτος
2503 1253 2585 1314 είς
2615 1250 2779 1322 τιμὴν
2805 1250 2910 1303 τῶν
2931 1250 3102 1319 ἁγίων
3122 1252 3652 1324 τερατουργούμενα,

2081 1344 2317 1397 ἀδύνατα
2351 1343 2592 1406 οἴεσθαι,
2634 1343 2728 1395 καὶ
2770 1341 2844 1412 μὴ
2878 1343 3079 1413 ῥαδίως
3108 1343 3385 1396 πιστεύειν
3418 1346 3589 1399 ταῦτα
3619 1348 3652 1415 ἢ

2083 1434 2504 1503 παραδέχεσθαι.
2541 1431 2629 1487 Ita
2682 1443 2875 1487 natura
2912 1435 3147 1488 homines
3191 1439 3483 1505 comparati
3533 1452 3657 1491 sunt

2083 1543 2191 1580 sna’
2227 1525 2558 1595 inﬁrmitatis
2587 1523 2779 1577 limites
2808 1539 2913 1577 non
2931 1523 3254 1583 excedentes.
3279 1536 3335 1579 ut
3361 1542 3442 1580 res
3463 1529 3653 1595 sa'pius

2082 1632 2272 1687 pra’ter
2316 1617 2775 1686 exspectationem,
2810 1625 2860 1669 et
2905 1615 2958 1668 in
2991 1616 3240 1671 honorent
3272 1601 3576 1673 sanctorum
3625 1637 3656 1673 a

2089 1710 2195 1764 Deo
2255 1709 2477 1777 miriﬁce
2516 1717 2869 1779 perpetratas,
2901 1706 3045 1760 haud
3074 1708 3190 1777 fieri
3210 1711 3437 1776 potuisse
3467 1713 3653 1765 existi-

2086 1810 2224 1852 ment
2245 1814 2264 1851 :
2288 1816 2450 1870 neque
2475 1801 2551 1852 ita
2578 1798 2734 1868 facile
2762 1797 2868 1850 illis
2896 1795 3050 1865 ﬁdem
3089 1797 3395 1867 adhibeant,
3440 1817 3534 1855 nec
3560 1805 3657 1855 ad-

2082 1893 2317 1944 mittant.
2382 1889 2752 1960 Symeonipse
2800 1889 3189 1958 Metaphrastes
3227 1892 3281 1945 in
3315 1890 3431 1947 Vita
3482 1899 3656 1950 sancti

2080 1982 2364 2054 Symeonis
2399 1983 2600 2055 Stylitze
2654 1983 2936 2037 Senioris:
2996 1983 3157 2038 Ἀλλὰ
3192 1985 3405 2041 δέδοικα
3438 1986 3511 2058 μὴ
3546 1992 3659 2045 τοῖς

2080 2077 2216 2147 μετὰ
2240 2076 2411 2129 ταῦτα
2432 2076 2597 2147 μῦθος
2625 2073 2763 2131 εἶναι
2797 2080 2922 2150 δόξῃ
2955 2080 3055 2150 τῆς
3078 2078 3333 2152 ἀληθείας
3367 2097 3654 2150 γεγυμνω-

2076 2167 2250 2238 μένος.
2285 2168 2501 2222 Φιλοῦσι
2547 2171 2654 2241 γὰρ
2695 2170 2973 2243 ἄνθρωποι
3004 2176 3069 2244 τῇ
3127 2172 3287 2244 φύσει
3339 2177 3560 2244 μετρεῖν
3587 2176 3655 2226 τὰ

2078 2260 2340 2330 γινόμενοι
2360 2277 2373 2289 ·
2407 2263 2455 2313 εί
2487 2261 2543 2313 δέ
2578 2279 2662 2323 τις
2689 2262 2798 2315 τῶν
2827 2265 2996 2335 αὐτῆς
3020 2266 3162 2337 ὅρων
3197 2265 3452 2320 ἐπέκεινα
3476 2266 3657 2335 λέγοι·-

2074 2363 2156 2414 το,
2186 2347 2383 2419 ψευδὴς
2408 2353 2520 2405 τοῖς
2552 2352 2659 2403 τῶν
2703 2351 2860 2405 θείων
2894 2355 3161 2425 ἀμυήτοις
3191 2357 3218 2409 ὁ
3249 2356 3406 2424 λόγος
3434 2356 3656 2427 νομίζε-

2081 2456 2194 2496 ται.
2222 2438 2325 2494 Sed
2348 2457 2546 2508 vereor,
2573 2459 2636 2496 ne
2684 2446 2908 2512 posteris
2938 2446 3047 2501 haec
3071 2446 3254 2518 fabula
3289 2449 3588 2514 videantur,
3622 2466 3654 2501 α

2080 2533 2298 2586 veritate
2326 2533 2521 2587 aliena.
2564 2537 2808 2607 Namque
2833 2538 3066 2593 homines
3097 2549 3291 2594 natura
3336 2540 3477 2611 facta
3514 2558 3659 2596 com—

2082 2639 2385 2677 mensurare
2443 2624 2630 2679 solent.
2684 2615 2762 2678 Et.
2808 2627 2855 2679 si
2910 2629 3036 2697 quid
3082 2639 3232 2683 extra
3274 2630 3419 2685 illius
3467 2632 3658 2687 linutes

2081 2713 2290 2776 aliquid
2306 2713 2629 2780 narraverit;
2649 2719 2872 2772 mendax
2899 2735 3073 2773 rerum
3099 2721 3398 2776 divinarum
3417 2724 3661 2794 inexper-

2084 2807 2151 2861 tis
2182 2824 2354 2861 sermo
2374 2809 2669 2877 judicatur.
2700 2811 3052 2866 lncredibiles
3072 2814 3463 2880 nescientibus,
3483 2831 3659 2886 quan-

2083 2905 2197 2952 tum
2231 2906 2313 2953 est
2342 2899 2397 2954 in
2454 2901 2717 2971 sanguine
2757 2898 2956 2957 Christi
2996 2902 3212 2969 virium,
3245 2905 3492 2961 eamdem
3537 2921 3658 2963 esse

2082 2996 2413 3059 potestatem
2444 2990 2498 3044 in
2551 2992 2773 3046 Christo
2801 3002 3043 3055 centum,
3076 3001 3131 3049 et
3169 2993 3332 3062 mille,
3364 3002 3419 3050 et
3468 2995 3658 3052 decem

2082 3085 2274 3147 millia,
2310 3093 2366 3139 et
2396 3084 2567 3139 multo
2594 3084 2777 3154 plures
2824 3085 2879 3140 in
2915 3085 3075 3141 (idem
3123 3087 3499 3142 convertendi.
3555 3088 3660 3143 Tot

394 3173 463 3225 Oi
496 3173 687 3225 πολλοὶ
721 3172 829 3224 τῶν
875 3174 1176 3244 ἀνθρώπιον
1203 3173 1339 3246 πρὸς
1372 3174 1441 3228 τὰ
1468 3175 1679 3228 ἑαυτῶν
1712 3176 1885 3246 μέτρα
1920 3177 1978 3229 τὸ

2086 3192 2273 3246 regna,
2313 3183 2391 3231 tot
2426 3176 2716 3246 provincire
2760 3176 2957 3247 pusillo
2991 3185 3234 3248 tempore
3268 3176 3467 3235 Christi
3498 3178 3658 3235 fidem

395 3263 593 3317 πιστὸν
624 3264 683 3314 ἐν
708 3267 819 3326 τοῖς
841 3264 1154 3335 λεγομένοις
1183 3268 1450 3337 κρίνουσι.
1476 3267 1550 3320 Τὸ
1570 3267 1626 3319 δὲ
1647 3268 1975 3338 ὑπερϐαῖνον

391 3354 497 3423 τήν
544 3353 637 3405 τοῦ
693 3354 980 3415 ἀκούοντος
1012 3354 1264 3424 δύναμιν,
1308 3356 1384 3419 ὡς
1432 3356 1537 3423 ἔξω
1586 3359 1682 3427 τῆς
1717 3357 1976 3428 ἀληθείας

392 3447 519 3507 ταῖς
548 3444 641 3498 τοῦ
673 3445 902 3514 ψεύδους
942 3447 1218 3513 ὑπονοίαις
1263 3448 1564 3520 ὑϐρίζουσι.
1614 3451 1704 3502 Διὸ
1737 3451 1974 3523 παρίημι

395 3536 497 3606 τὴν
529 3537 759 3591 ἄπιστον
791 3539 1006 3608 ἐκείνην
1042 3541 1099 3592 ἐν
1132 3539 1210 3609 τῷ
1244 3540 1388 3610 λιμῷ
1412 3541 1705 3611 γεωργίαν,
1736 3542 1852 3607 πῶς
1880 3545 1975 3597 ἐκ-

394 3626 733 3697 ϐαλλόμενος
757 3630 786 3680 ὀ
816 3629 950 3699 πρὸς
974 3628 1072 3699 τὴν
1100 3630 1286 3700 χρείαν
1310 3633 1473 3694 σῖτος,
1508 3631 1766 3701 οὐδεμίαν
1788 3632 1977 3704 αἴσθη-

397 3732 487 3769 σιν
520 3719 696 3770 ἐποίει
745 3718 844 3790 τῆς
893 3720 1232 3792 ὑφαιρέσεως
1254 3736 1268 3750 ⁸
1300 3723 1359 3773 ὲν
1391 3721 1469 3790 τῷ
1501 3722 1671 3794 ὁμοίῳ
1706 3724 1975 3793 διαμένων

395 3808 574 3879 ὖτκῳ,
605 3810 700 3863 καὶ
730 3812 861 3880 πρὶν
893 3811 1109 3882 διαδοθῇ
1136 3815 1255 3874 ταῖς
1276 3812 1386 3865 τῶν
1415 3813 1710 3865 αἰτούντων
1738 3812 1972 3881 χρείαις,

396 3906 491 3954 καὶ
548 3902 687 3970 μετὰ
734 3902 927 3956 τοῦτο·
987 3904 1082 3956 καὶ
1129 3902 1264 3957 ἄλλα
1311 3903 1516 3957 τούτων
1546 3903 1972 3975 παραδοξότερα,

396 3993 593 4046 παθῶν
644 3995 848 4057 ἰάσεις,
913 3994 1008 4048 καὶ
1066 3994 1446 4066 δαιμονῶντων
1495 3996 1810 4066 καθάρσεις,
1881 3997 1976 4050 καὶ

397 4085 654 4155 ἀψευδεῖς
678 4089 1008 4157 προρρήσεις
1033 4087 1137 4139 τῶν
1162 4086 1568 4157 ἐκϐησομένων.
1588 4089 1841 4142 Ἀπαντα
1863 4090 1974 4151 τοῖς

399 4179 503 4247 μὲν
530 4177 599 4230 δι’
626 4178 910 4247 ἀκριὸείας
935 4179 1252 4246 ἐγνωκόσιν,
1281 4180 1454 4250 ἀληθῆ
1478 4177 1614 4234 εἶναι
1639 4181 1972 4244 πιστεύεται,

396 4269 504 4322 κᾶν
529 4269 673 4339 ὑπὲρ
705 4271 886 4322 πίστιν
1011 4272 1133 4325 Ἐπὶ
1157 4271 1213 4324 δὲ
1240 4272 1346 4325 τῶν
1372 4273 1845 4344 σαρκωδεστέρων,
1873 4275 1977 4341 ἔξω

393 4359 495 4413 τοῦ
534 4360 887 4431 ἐνδεχομένου
934 4360 1213 4432 νομίζεται
1236 4378 1251 4393 ο
1285 4362 1335 4417 οἶ
1369 4364 1467 4417 οὐκ
1496 4363 1692 4430 ἴσασιν,
1725 4365 1806 4417 ὅτι
1837 4365 1978 4418 κατά

392 4453 497 4522 τὴν
539 4452 835 4520 ἀναλογίαν
865 4453 965 4522 τῆς
999 4453 1256 4520 πίστεως,
1299 4455 1449 4526 καὶὴ
1489 4455 1595 4507 τῶν
1624 4457 1977 4526 χαρισμάτων

395 4541 630 4614 διανομὴ
671 4532 1103 4612 impervius-tat"
1117 4545 1288 4617 μικρά
1324 4546 1423 4616 μέν
1458 4545 1841 4615 ὀλιγοπίστοις,
1879 4564 1977 4614 με·
1999 4527 2055 4587 Ῐ)

396 4636 542 4705 γάλη
580 4634 638 4687 δὲ
679 4637 792 4695 τοῖς
829 4634 1034 4706 πολλὴν
1084 4636 1299 4706 ἔχουσιν
1347 4639 1405 4690 ἐν
1444 4639 1655 4699 ἑαυτοῖς
1692 4637 1792 4706 τὴν
1821 4638 1981 4709 εὐρυ-

396 4729 609 4799 χωρίαν
632 4726 734 4795 τῆς
772 4728 1034 4791 πίστεως.
1074 4728 1322 4800 Plerique
1358 4746 1451 4798 pro
1489 4746 1567 4792 eo,
1599 4739 1853 4800 quantum
1881 4731 1983 4800 ipsi

394 4829 619 4890 possunt
654 4819 870 4889 efﬁcere,
901 4827 1118 4875 credunt
1157 4838 1240 4885 ea,
1274 4835 1393 4891 qua:
1421 4822 1687 4887 dicuntur,
1720 4839 1835 4892 qua:
1862 4838 1981 4876 vero

396 4911 673 4963 audientis
695 4918 948 4980 superant
987 4912 1145 4976 vires,
1181 4919 1436 4982 tanquam
1466 4928 1499 4964 a
1531 4912 1748 4965 veritate
1782 4922 1980 4967 remota

398 5003 677 5056 mendacii
721 5004 1100 5073 suspicionibus
1142 5004 1485 5057 insectantur.
1521 5002 1749 5057 Proinde
1775 5004 1979 5058 miran-

394 5094 526 5148 dam
561 5095 712 5146 illam
742 5095 798 5147 in
824 5095 1065 5163 penuria,
1097 5104 1143 5148 et
1172 5096 1313 5164 fame
1347 5093 1729 5163 agriculturam
1763 5107 1981 5163 praeter-

396 5187 578 5239 mitto.
625 5182 894 5248 Quomodo
941 5185 995 5237 in
1042 5201 1335 5255 pauperum
1379 5201 1502 5239 usus
1536 5184 1828 5254 projectum
1862 5187 1979 5254 {ru-

397 5287 660 5341 uentum,
694 5292 787 5329 nec
818 5277 939 5329 dum
979 5276 1398 5341 distribueretur,
1452 5292 1542 5330 nec
1579 5287 1691 5347 post
1722 5278 1976 5332 imminu-

397 5378 515 5423 tum
538 5371 631 5433 sit,
671 5369 761 5422 sed
794 5369 977 5422 eadem
1034 5384 1279 5424 mensura
1331 5386 1644 5439 numeroque
1673 5387 1977 5439 permanse-

396 5458 479 5514 rit
500 5475 521 5512 :
555 5459 773 5531 aliaque
797 5459 875 5513 his
908 5462 1060 5529 longe
1088 5462 1257 5532 magis
1295 5460 1636 5525 admiranda,
1676 5462 1975 5516 morborum

396 5550 704 5605 arationes
732 5592 747 5613 ,
799 5551 1131 5619 expulsiones
1175 5555 1499 5618 daemonum,
1547 5561 1596 5606 et
1625 5568 1776 5608 veras
1825 5555 1972 5625 futu-

394 5656 582 5698 rarum
610 5643 974 5712 prcdietianes
998 5659 1019 5697 :
1051 5659 1166 5713 qua:
1193 5643 1400 5714 quidem
1441 5645 1618 5698 omnia
1652 5646 1737 5711 iis,
1773 5647 1863 5716 qui
1886 5647 1973 5701 di-

1071 5750 1195 5789 vera
1231 5749 1338 5789 esse
1378 5741 1597 5798 mnstut,
1647 5735 1765 5789 licet
1816 5736 1973 5806 ﬁdem

358 5842 365 5847 “
1157 5826 1274 5894 ﬁeri
1316 5827 1546 5894 potuisse
1568 5827 1875 5894 iudicentur
1902 5830 1969 5882 ab

716 5912 997 5983 ΡΑτιιοΙ..
1041 5921 1155 5981 Gn.
1208 5918 1421 5981 CXIV.

78 6214 81 6241 ι
326 6228 377 6247 ,θ
396 6208 669 6257 ντεςΐε-νυῗῖμκ

296 6260 305 6275 ,⁷
453 6261 472 6272 ,ι
486 6258 491 6261 ‘
527 6261 538 6278 ε
634 6266 639 6271 ,

78 6282 83 6313 ι
263 6309 268 6314 .
345 6277 376 6298 ’ἐ
433 6279 462 6318 ῖ-
487 6317 492 6320 _
515 6281 570 6320 re:
594 6310 597 6313 .

194 6320 210 6344 ..
240 6324 245 6325 ν
425 6329 430 6334 ο
495 6317 551 6342 ἐίς
572 6324 595 6331 ~-

511 6371 530 6380 ν
545 6357 570 6390 ἓ,
588 6354 603 6371 ⁸

481 6387 486 6392 .
543 6389 643 6428 L:

2078 3269 2356 3339 professa),
2388 3277 2468 3323 tot
2525 3277 2819 3340 martyrum
2862 3269 3137 3342 myriades
3166 3270 3488 3326 brevissimo
3518 3280 3659 3326 tem-

2077 3372 2209 3429 pore
2262 3356 2374 3412 Deo
2411 3365 2779 3424 consecratae,
2822 3359 2953 3412 tanti
3013 3359 3226 3414 numeri
3269 3375 3657 3416 conversomm

2077 3465 2406 3520 paganorum
2429 3450 2585 3505 ﬁdem
2613 3466 2716 3506 nec
2744 3452 2965 3507 dubiam
2995 3451 3237 3527 faciunt.

2148 3542 2242 3597 llis
2270 3558 2486 3613 quoque
2515 3542 2801 3597 manifeste
2819 3544 3399 3614 colligitur,'quantum
3433 3545 3660 3616 incptiat

2064 3630 2448 3698 Casaubonus,
2498 3632 2625 3686 dum
2660 3632 2866 3686 nullam
2897 3633 2969 3687 ob
2999 3649 3218 3687 causam
3260 3634 3315 3687 in
3345 3635 3658 3705 Metaphra-

2077 3732 2214 3777 stem
2233 3722 2494 3777 acerrime
2504 3722 2746 3777 desaevit.
2766 3721 3001 3776 Exercit.
3021 3721 3073 3774 6.
3104 3719 3491 3791 Metaphrastes
3521 3725 3656 3777 scri-

2076 3823 2193 3884 ptor
2221 3815 2410 3884 oppido
2461 3829 2656 3878 recens,
2693 3824 2744 3867 et
2780 3829 3011 3883 persaepe
3045 3815 3379 3882 vanissimas,
3410 3833 3660 3886 magnus-

2077 3919 2173 3973 que
2191 3900 2494 3972 fabularum
2536 3901 2762 3955 anilium
2788 3902 3205 3955 consarcinator.
3239 3901 3583 3973 Tantumque
3606 3908 3656 3960 ei

2078 3994 2286 4060 tribuit,
2333 4003 2589 4064 quantum
2632 3994 2681 4047 ei
2736 3994 2903 4060 debet,
2961 3994 3051 4065 qui
3118 3994 3396 4064 diligentia
3445 3998 3655 4065 quidem

2075 4102 2301 4151 summa,
2333 4087 2423 4139 sed
2448 4085 2641 4139 indicio
2664 4085 2808 4139 nullo
2838 4086 2893 4139 in
2943 4103 3005 4140 ea
3055 4087 3355 4142 collectione
3382 4089 3450 4143 sit
3480 4106 3659 4145 versa-

2079 4187 2196 4241 tus;
2225 4194 2388 4249 neque
2434 4177 2590 4231 aliter
2617 4176 2883 4232 Baronius
2924 4178 3158 4247 judicat,
3192 4181 3391 4250 quoties
3428 4181 3652 4236 intendit

2078 4273 2341 4335 animum,
2386 4271 2525 4342 quod
2544 4271 2749 4323 utinam
2777 4287 2978 4338 semper
3014 4273 3237 4341 fecisset.
3276 4269 3359 4325 Ne
3393 4272 3505 4326 alia
3539 4273 3657 4331 loca

2078 4361 2191 4430 ejus
2217 4361 2483 4430 proferam
2532 4360 2587 4413 in
2626 4359 2811 4430 quibus
2848 4358 3293 4431 Metaphrastem,
3336 4371 3393 4415 ut
3431 4363 3657 4417 anilium

2077 4469 2212 4521 sa'pe
2237 4452 2541 4524 fabularum
2592 4453 2968 4506 hamaxarium
2994 4470 3166 4508 severe
3198 4454 3443 4524 castigat,
3476 4455 3528 4508 in
3558 4456 3657 4508 hac

2081 4545 2196 4615 ipsa
2234 4545 2452 4598 historia
2502 4560 2604 4597 non
2632 4552 2835 4598 constat
2885 4545 2995 4613 ipse
3022 4545 3145 4610 sibi,
3177 4555 3282 4602 etc.
3339 4546 3656 4601 Modestiam

2083 4643 2254 4701 tuam,
2301 4644 2357 4691 et
2386 4636 2685 4705 pudorem!
2734 4635 3073 4701 Casaubone,
3110 4637 3157 4692 si
3197 4647 3303 4698 est.
3351 4636 3524 4693 Verba
3554 4638 3658 4692 ista

2084 4713 2178 4783 tua
2204 4737 2310 4782 tam
2364 4726 2648 4796 magniﬁca
2681 4727 2882 4781 habeto
2938 4727 3037 4782 tibi
3072 4728 3173 4797 ipsi
3220 4746 3235 4783 :
3289 4743 3360 4782 ne
3394 4729 3657 4799 appingas

2082 4818 2315 4872 Baronio
2340 4817 2593 4887 scriptori
2624 4817 3044 4880 modestissimo,
3079 4826 3133 4872 et
3164 4834 3294 4872 vere
3319 4818 3653 4874 Christiano.

2081 4909 2460 4980 Metaphrasta:
2485 4909 2686 4964 dictum
2721 4908 3009 4978 aliquando
3039 4908 3305 4964 Baronius
3330 4926 3434 4964 non
3457 4925 3656 4981 approv

2080 5002 2245 5065 bavit,
2280 4999 2571 5071 aliquando
2621 4999 2835 5070 rejecit,
2882 5000 3076 5055 idemne
3102 5003 3551 5065 etvanissimum,
3599 5013 3656 5057 et

2079 5094 2304 5149 anilium
2359 5093 2661 5148 fabularum
2723 5091 3245 5160 consarcinatorem,
3301 5103 3358 5149 et
3395 5095 3654 5148 hamata-

2077 5186 2219 5240 rium
2256 5185 2588 5240 declaravit?
2610 5184 2752 5251 Quid
2784 5184 3071 5239 diceretde
3108 5185 3221 5239 suis
3246 5184 3363 5238 istis
3378 5183 3655 5239 Exercita-

2078 5278 2321 5332 tionibus
2349 5277 2725 5337 Casaubonus,
2760 5276 2815 5329 in
2865 5276 3062 5346 quibus
3092 5289 3202 5328 non
3246 5290 3510 5344 persaepe,
3559 5275 3657 5329 sed

2077 5362 2312 5439 semper,
2347 5377 2403 5425 et
2442 5368 2666 5437 singulis
2697 5365 2906 5435 paginis
2950 5381 2980 5419 ιι
3010 5364 3340 5420 doctissimis
3373 5365 3657 5435 scriptori-

2074 5461 2199 5529 bus,
2234 5476 2343 5515 non
2370 5458 2620 5514 falsitatis
2647 5466 2881 5517 tantum.
2908 5465 2964 5512 et
2988 5458 3331 5521 temeritatis,
3377 5460 3477 5531 sed
3493 5458 3659 5514 etiam

2075 5551 2427 5623 malignitatis
2469 5548 2852 5605 convincitur?
2890 5548 2964 5605 Ut
3010 5563 3141 5620 ergo
3197 5548 3380 5604 minus
3424 5550 3660 5621 animosi

2074 5646 2245 5701 simus
2297 5644 2353 5697 in
2389 5640 2837 5711 Metaphrastem,
2889 5640 3042 5710 prius
3091 5649 3146 5695 et
3180 5648 3309 5695 ante
3357 5640 3559 5704 omnia,
3602 5656 3664 5695 ut

2072 5753 2239 5809 supra
2271 5733 2404 5800 dixi,
2441 5731 2560 5788 Vita
2594 5733 2767 5788 salicti
2825 5733 3188 5789 examinanda
3232 5740 3340 5796 est,
3378 5748 3448 5789 an
3478 5733 3552 5787 sit
3580 5729 3663 5786 le-

2072 5829 2263 5898 gitima
2298 5825 2704 5896 Hetaphrastze,
2732 5839 2800 5880 ne
2831 5824 3062 5882 aliorum
3090 5825 3254 5894 male,
3287 5821 3656 5881 inconsiderato
3734 5898 3740 5909 ἡ

3303 5918 3345 5977 2
