4134 6424
411 363 577 425 ..ιτ
1601 307 1611 316 ’
1809 353 2083 418 ιΕοΝῚε

2211 348 2428 412 {LATII
2791 417 2798 425 _
3705 345 3780 407 tl

513 475 829 548 tequedicta
851 475 904 530 in
931 475 1350 546 Metaplu'astcm
1371 471 1882 536 refundantqrﬁec
1899 471 2096 526 melius
2125 483 2167 536 Α
2199 479 2274 524 est
2319 469 2460 522 sacri
2499 467 2636 520 senis
2673 473 2721 519 et
2753 467 3104 529 anachoreta',
3153 462 3375 534 Symeon
3423 461 3778 516 admirabilis.

511 569 656 639 sapit
697 567 1020 622 Franciscus
1049 567 1370 622 Goduvinus
1397 565 1465 621 de
1517 564 1843 636 praesulibus
1891 562 2096 633 Anglia:

509 675 630 727 cap.
685 658 738 711 7.
773 657 849 712 De
908 656 1165 729 ngeone
1233 657 1614 727 Metaphraste,
1663 657 1710 710 si
1771 671 1874 709 non
1904 655 2097 725 sufﬁcit

509 749 726 813 dixisse,
762 749 901 818 quod
925 753 992 808 de
1037 747 1328 804 Sozomeno
1359 749 1610 804 Melchior
1643 746 1842 812 Canus,
1885 743 2098 800 Crtecus

514 843 559 896 is
585 843 708 912 fuit,
731 850 778 895 et
797 842 908 894 Iure
929 842 1074 894 natio
1094 850 1190 903 est,
1209 857 1514 912 semperque
1535 841 1638 912 fuit
1654 841 1724 894 ad
1746 839 2098 893 mentiendum

513 931 836 1002 promptula,
866 929 980 1003 [48]
1009 947 1170 1000 quam
1227 933 1414 1000 dignus
1461 932 1529 984 sit
1571 933 1676 998 ﬁde
1703 929 1907 998 judicet
1938 927 2102 980 Baro-

512 1024 652 1088 nius,
705 1021 858 1091 cujus
885 1022 1039 1074 verba
1072 1021 1292 1074 libenter
1323 1021 1680 1090 usurpaverint
1724 1019 1786 1071 de
1821 1035 1880 1072 eo
1923 1016 2100 1070 hacin

509 1129 674 1166 causa
706 1112 912 1164 laturus
942 1111 1291 1165 sententiam:
1312 1111 1388 1164 sic
1416 1110 1551 1164 enim
1578 1107 1689 1162 ille:
1716 1105 1865 1161 Sicut
1901 1107 1955 1159 in
1980 1105 2099 1158 aliis

515 1203 690 1256 multis
713 1203 782 1256 ibi
811 1219 844 1255 a
871 1201 1130 1272 sepositis
1145 1217 1328 1254 errare
1345 1199 1753 1269 Metapltrastem
1781 1206 1978 1251 certum
1997 1205 2097 1259 est,

514 1298 590 1350 ita
620 1307 667 1351 et
684 1297 737 1349 in
760 1296 838 1350 his
865 1295 1250 1350 hallucinatum
1279 1310 1387 1348 esse
1403 1292 1704 1346 constat.Ac
1707 1291 1836 1359 jure
1865 1290 2098 1359 profecto

517 1400 627 1443 tum
647 1389 860 1444 demum
885 1397 1090 1459 poterat
1122 1386 1513 1442 mendacissimi
1541 1383 1810 1438 nebulonis
1846 1383 2098 1451 stigmata

516 1483 745 1547 inurere,
767 1497 921 1552 quem
963 1489 1060 1546 ter,
1096 1481 1142 1533 si
1173 1494 1274 1532 non
1304 1485 1490 1547 quater
1510 1475 1770 1535 mendaci,
1796 1489 1859 1526 ac
1888 1472 2100 1543 falsita-

516 1577 581 1629 tis
633 1584 744 1628 tum
796 1574 1094 1641 nuperrime
1139 1569 1378 1640 arguisse
1425 1566 1810 1637 deprehendet,
1867 1564 2100 1635 quisquis

515 1667 742 1736 paucula
806 1664 939 1736 folia
990 1663 1160 1716 locum
1206 1660 1359 1714 illum
1421 1658 1773 1730 precedentia
1832 1655 2096 1710 evaluerit.

515 1757 660 1813 Belle
707 1755 981 1826 equidem.
1033 1752 1440 1822 Metapbrastes
1492 1747 1714 1804 Graecus
1759 1755 1843 1802 est
1879 1763 1894 1801 :
1927 1746 2099 1803 Graeci

2202 576 2353 629 quem
2409 559 2464 610 iu
2495 557 2640 611 Paro
2669 557 2844 610 insula
2885 555 3219 625 conspexisti.
3268 551 3353 620 Et,
3383 569 3478 622 pro
3523 554 3784 624 dignitate

2201 649 2436 702 laudasti
2481 646 2682 702 Lesbia:
2708 647 2962 709 illustria,
3003 657 3054 701 et
3103 647 3282 700 divina
3319 646 3635 710 certamina,
3665 661 3785 700 uere

2205 741 2580 801 Theoctistce,a
2606 738 2716 792 Deo
2751 738 3054 810 fabricatw,
3090 754 3207 809 quae
3233 737 3550 807 angelicam,
3598 745 3645 791 et
3663 746 3785 791 tan-

2202 837 2431 905 tuminon
2451 837 2812 904 incorporeum
2829 834 3050 888 absolvit
3071 835 3340 904 sapienter
3366 835 3486 888 vitm
3503 835 3781 890 rationem.

2201 924 2338 980 Cum
2407 924 2591 994 itaque
2655 931 2865 978 certum
2919 923 3010 986 sit,
3045 923 3208 978 vitam
3253 925 3397 978 banc
3431 921 3783 985 Theoctistae,
3856 920 3859 922 ’

2201 1031 2322 1086 qua:
2349 1013 2465 1087 [49]
2497 1031 2609 1086 prae
2643 1015 2897 1069 manibus
2919 1015 3164 1070 omnium
3187 1024 3290 1080 est,
3331 1015 3588 1084 scriptam
3613 1013 3786 1069 fuisse

2202 1118 2232 1156 a
2269 1105 2662 1174 Metaphraste,
2703 1105 2760 1158 in
2789 1119 2963 1174 eaque
3000 1110 3192 1174 agatur
3219 1104 3287 1158 de
3331 1113 3490 1158 aetate
3523 1104 3782 1167 auctoris,

2201 1202 2412 1248 certum
2439 1209 2662 1264 quoque
2711 1202 2959 1248 remanet
3015 1201 3228 1262 tempus
3277 1193 3562 1264 Symconis
3615 1192 3786 1248 Meta-

2203 1287 2460 1356 phrastaz.
2512 1285 2862 1356 Qumcunque
2923 1285 3066 1340 enim
3109 1285 3178 1340 de
3223 1300 3282 1341 se
3329 1295 3540 1347 auctor.
3594 1287 3682 1341 vel
3719 1287 3787 1342 de

2202 1377 2446 1432 Himerio
2489 1389 2678 1433 contra
2722 1379 2928 1434 Arabes
2985 1380 3200 1434 Cretam
3247 1378 3434 1443 misso,
3488 1387 3696 1444 narrat,
3723 1393 3786 1432 ea

2201 1485 2437 1526 evenere
2468 1479 2712 1540 tempore
2755 1471 2957 1526 Leonis
2991 1471 3336 1540 imperatoris
3384 1470 3562 1524 Basilii
3619 1469 3788 1526 Mace-

2199 1559 2362 1615 donis
2407 1559 2528 1627 ﬁlii,
2561 1569 2617 1615 et
2642 1560 2984 1616 Constantini
3033 1562 3562 1633 Porphyrogennetaa
3591 1560 3783 1630 patris,

2202 1654 2294 1724 qui
2324 1653 2394 1708 ob
2427 1653 2754 1718 doctrinam,
2785 1664 2841 1710 et
2874 1655 3110 1724 reliquas
3136 1655 3270 1710 alias
3293 1652 3631 1722 disciplinas,
3665 1653 3788 1722 qui-

2204 1742 2309 1797 bus
2339 1742 2616 1810 inclaruit,
2647 1744 2910 1814 sapientis
2950 1742 3052 1798 sibi
3104 1752 3523 1814 cognomentum
3559 1739 3784 1810 accepit.

516 1858 645 1906 sunt
676 1821 912 1920 prompti
938 1845 1005 1901 ad
1037 1821 1435 1900 mentiendum.
1490 1841 1633 1913 Ergo
1661 1841 1809 1896 nulla
1833 1839 1966 1895 ﬁdes
1997 1839 2101 1895 Me.
2131 1821 2174 1877 Β
2204 1834 2436 1890 Addesis
2471 1833 2806 1900 Cedrenum,
2857 1835 3150 1898 Zonaram,
3201 1833 3604 1904 Curopalatem,
3663 1831 3788 1886 reli-

519 1945 813 2011 taphrastae
887 1935 1224 1990 adhibenda.
1283 1934 1545 2003 Sequere,
1606 1945 1798 1987 omnes
1847 1929 2099 1984 llistorici

517 2028 874 2086 ecclesiastici
928 2027 1268 2098 antiquiores
1317 2024 1490 2081 Graeci
1547 2033 1708 2090 sunt;
1775 2036 1904 2092 ergo
1957 2021 2100 2076 dicta

514 2136 710 2178 eorum
733 2129 861 2174 sunt
885 2117 1201 2190 rejicienda.
1235 2115 1290 2171 Si
1332 2115 1458 2184 quia
1482 2112 1676 2178 Graeci,
1732 2111 1854 2166 ideo
1884 2111 1987 2165 (ide
2013 2124 2104 2165 ca-

521 2223 664 2280 rent,
696 2227 930 2284 quanam
951 2211 1162 2266 ratione
1188 2207 1540 2263 suadebimur
1580 2205 1740 2260 dictis
1763 2212 1846 2258 tot
1875 2201 2105 2259 sanctis-

519 2308 783 2362 simorum
834 2303 1179 2369 Patrum,tot
1212 2299 1567 2356 conciliorum
1613 2295 1882 2353 decretis?
1917 2294 2105 2350 Godu-

518 2397 683 2454 vinus
729 2395 1102 2466 respondebit,
1167 2393 1390 2448 omnino
1429 2405 1620 2448 omnes
1679 2392 1746 2445 ad
1803 2405 2010 2453 unum,
2050 2397 2106 2444 et

526 2505 718 2546 eorum
749 2489 892 2544 dicta
919 2487 1103 2542 omnia
1128 2485 1468 2557 negligenda,
1501 2485 1627 2555 quia
1652 2483 1963 2539 Graecorum
2000 2481 2106 2537 sci-

507 2579 652 2636 licet
685 2594 794 2634 :ne
831 2591 1009 2633 tamen
1032 2591 1182 2640 vera,
1205 2576 1332 2646 quia
1350 2591 1458 2630 non
1491 2574 1811 2644 probantur,
1847 2587 1948 2627 nec
1979 2579 2108 2626 sunt

522 2687 556 2727 e
605 2671 834 2727 cerebro
889 2669 1260 2726 recentiorum
1311 2667 1716 2723 haereticorum.
1761 2666 1846 2719 An
1892 2664 2107 2720 mentiti

521 2773 652 2820 sunt
682 2779 920 2834 unquam
954 2763 1136 2834 Angli,
1169 2769 1224 2816 et
1249 2761 1469 2830 reliqua:
1517 2759 1770 2814 nationes
1795 2758 2108 2812 occidenta—

523 2854 622 2918 les,
654 2862 935 2924 utnempe
979 2861 1236 2922 tanquam
1282 2867 1561 2920 nunquam
1595 2849 1944 2904 mentitormn
1981 2847 2106 2902 ﬁdei

527 2943 853 3000 credamus?
897 2945 1033 3000 Male
1083 2943 1338 3014 equidem
1401 2958 1523 2998 cum
1567 2941 1789 2997 historia
1831 2953 1942 2995 tum
1983 2956 2110 3010 pro-

524 3035 674 3100 fana,
739 3044 852 3090 tum
899 3035 1270 3091 ecclesiastica
1331 3043 1604 3105 ageretur,
1653 3031 1698 3086 si
1730 3031 1886 3084 [idem
1918 3046 2109 3085 eorum

2203 1937 2450 1993 quosque
2495 1923 2750 1979 Ecclesiae
2805 1922 3008 1980 Graecae
3052 1924 3367 1994 scriptores.
3401 1922 3497 1978 l-lis
3552 1921 3789 1977 Diatriba

2203 2029 2326 2070 mea
2372 2014 2440 2069 de
2499 2012 2688 2070 Psellis
2717 2014 2964 2070 CODCllbi
3004 2013 3326 2085 Symeonem
3370 2011 3790 2082 Metaphrastem

2204 2105 2453 2164 Vitarum
2501 2109 2822 2180 scriptorem
2850 2108 2954 2162 sub
2987 2107 3170 2162 Leone
3218 2106 3490 2172 ﬂoruisse,
3546 2105 3792 2160 muneri-

2205 2201 2308 2258 bus
2339 2218 2404 2258 ac
2435 2201 2794 2275 dignitatibus
2812 2211 3068 2256 auctum:
3099 2201 3201 2256 sub
3216 2200 3407 2255 eodem
3443 2199 3792 2267 scriptionem

2195 2297 2459 2350 exorsum
2506 2310 2649 2359 esse,
2673 2304 2730 2350 et
2787 2293 2890 2348 sub
2919 2293 3281 2348 Constantino
3336 2289 3534 2346 Leonis
3573 2291 3704 2356 tilio,
3737 2298 3794 2345 et

2204 2393 2406 2455 nepote
2440 2385 2708 2450 Romano,
2743 2392 2902 2440 aetate
2933 2385 3096 2439 etiam
3153 2381 3512 2454 provectiore,
3545 2381 3783 2436 assiduis

2207 2475 2485 2532 laboribus
2522 2477 2844 2532 absolvisse.

2279 2571 2410 2626 Haec
2464 2568 2819 2624 doctissimus
2881 2563 3180 2620 Bollandus
3243 2577 3355 2618 non
3407 2575 3794 2632 usquequaque

2209 2664 2478 2736 probavit.
2528 2661 2648 2716 Non
2679 2669 2792 2715 erat
2851 2669 2962 2714 tum
2993 2659 3279 2712 admodum
3346 2665 3477 2710 natu
3520 2663 3794 2724 provectus

2216 2756 2617 2827 Metaphrastcs,
2641 2760 2700 2808 ut
2728 2754 2820 2824 qui
2853 2753 3210 2822 imperatoriae
3237 2752 3446 2806 virtutis
3482 2751 3796 2820 tyrocinium

2210 2847 2506 2918 poneresub
2540 2857 2786 2901 veterano
2811 2843 2943 2898 duce
2989 2843 3282 2914 juberetur.
3333 2841 3516 2897 Fuerit
3552 2853 3676 2896 tunc
3726 2842 3796 2896 20

2214 2950 2305 2994 aut
2355 2939 2428 2993 22
2483 2953 2786 2992 annorum:
2835 2937 3005 3006 potuit
3037 2937 3202 3007 igitur
3239 2935 3310 2988 ad
3358 2949 3554 2988 annum
3601 2931 3798 2987 Christi

2213 3032 2316 3086 957
2365 3039 2456 3084 aut
2477 3029 2582 3086 960
2610 3031 2772 3083 vitam
2821 3028 3008 3082 deinde
3060 3028 3366 3096 producere,
3397 3035 3552 3098 atque
3578 3025 3656 3079 ita
3701 3027 3797 3079 sub

525 3125 744 3196 penitus
763 3124 1048 3186 vellamus,
1077 3123 1170 3192 qui
1199 3121 1486 3193 aliquando
1508 3122 1576 3175 a'b
1607 3119 1724 3174 aliis
1747 3117 2106 3188 scriptoribus
2135 3131 2178 3190 ε
2211 3122 2555 3178 Constantino
2611 3120 3059 3190 Porphyrogenito
3092 3117 3284 3172 Leonis
3335 3117 3448 3187 [ilio
3478 3127 3589 3171 tum
3633 3114 3800 3169 Theo-

526 3213 820 3275 mendacii,
869 3221 966 3268 aut
1009 3212 1264 3268 falsitatis
1309 3212 1724 3283 redarguuntnr.
1775 3209 1912 3264 Cum
1960 3208 2107 3262 enim

529 3305 782 3360 homines
838 3313 1000 3370 sunt,
1053 3312 1288 3374 possunt
1338 3303 1394 3358 in
1445 3301 1718 3372 aliquibus
1773 3301 1908 3364 falli,
1936 3307 1991 3352 et
2037 3300 2111 3354 ita

533 3397 776 3450 humana
835 3396 1152 3451 conditione
1184 3402 1443 3466 poscente
1487 3392 1787 3463 smpissime
1830 3391 2108 3454 falluntur,

529 3503 641 3543 non
673 3489 747 3544 ita
768 3498 974 3557 tamen,
1015 3497 1076 3543 ut
1105 3487 1273 3542 multo
1299 3487 1500 3558 saepius
1529 3501 1655 3540 vera
1693 3500 1804 3540 non
1835 3485 2109 3550 nuntient,

530 3589 585 3636 et
609 3581 681 3636 ita
713 3581 842 3648 sint,
874 3588 932 3635 ut
961 3580 1062 3651 ipsi
1093 3579 1301 3646 dicunt,
1325 3587 1382 3634 et
1411 3585 1658 3632 narrant.

599 3672 870 3727 Baronius
925 3671 980 3726 in
1022 3670 1327 3726 Annalibus
1378 3679 1506 3725 ante
1535 3683 1740 3723 annum
1775 3667 1900 3734 850,
1927 3667 2114 3734 ﬁlola-

528 3761 806 3832 phrastem
858 3761 1062 3817 vixisse
1088 3762 1294 3833 colligit
1317 3777 1386 3816 ex
1413 3770 1574 3816 :etate
1619 3759 1899 3814 Michaelis
1929 3759 2112 3825 Pselli,

526 3854 620 3924 qui
648 3868 716 3908 eo
745 3869 890 3910 anno
923 3853 1169 3919 vivebat,
1209 3862 1264 3908 et
1309 3855 1611 3908 orationem
1644 3854 1700 3908 in
1723 3853 1872 3908 illum
1909 3853 2116 3908 habue-

529 3952 635 4010 rat,
661 3961 766 4015 qua
796 3947 994 4002 asserit
1016 3947 1084 4002 de
1109 3947 1230 4016 ejus
1257 3946 1409 4001 obitu
1438 3945 1658 4000 audisse
1699 3961 1815 4009 eos,
1841 3945 1929 4014 qui
1963 3945 2116 3999 vide-

529 4044 674 4098 rant,
715 4035 928 4090 l'elicem
947 4037 1117 4107 ipsius
1137 4038 1204 4091 ad
1232 4037 1405 4092 Deum
1432 4037 1743 4092 transitum.
1764 4037 1945 4103 Quare
1969 4037 2114 4092 circa

534 4142 742 4180 annum
804 4127 1088 4182 minimum
1143 4129 1652 4199 octingentesimum
1699 4127 2114 4197 Metaphrastem

531 4219 777 4274 ﬂoruisse
803 4233 1031 4274 necesse
1060 4228 1163 4286 est,
1187 4219 1278 4288 qui
1309 4235 1457 4273 anno
1480 4217 1605 4285 859,
1640 4219 1967 4290 jampridem
2023 4221 2117 4275 de.

534 4310 756 4365 functus
779 4310 1050 4366 laudatur.
1079 4310 1379 4366 Baronium
1409 4313 1577 4366 secuti
1622 4321 1750 4366 sunt
1781 4313 1964 4381 plures
2003 4313 2116 4379 alii,

529 4418 668 4472 quos
703 4403 790 4457 hic
821 4417 1250 4458 commemorare
1279 4418 1504 4458 necesse
1529 4419 1637 4458 non
1669 4413 1753 4458 est
1787 4423 1800 4459 ε
1830 4405 2119 4460 sententiae

2213 3214 2385 3265 ctistcs
2417 3227 2534 3265 eam
2586 3209 2778 3268 Vitam,
2805 3217 2915 3261 tum
2955 3207 3065 3260 alia
3104 3208 3352 3261 divorum
3391 3215 3513 3260 acta
3539 3221 3658 3259 eum
3687 3204 3802 3258 elu-

2213 3304 2453 3358 cubrasse
2481 3301 2932 3364 eertumcidetur,
2988 3316 3091 3353 non
3120 3309 3176 3352 ut
3202 3299 3431 3352 Allatius
3477 3299 3676 3362 scribit,
3703 3296 3797 3351 sub

2215 3395 2384 3449 Leone
2439 3404 2486 3447 et
2518 3392 2906 3464 ;Constantino.
2953 3389 3094 3444 Nam
3149 3391 3202 3442 in
3256 3390 3357 3442 hac
3401 3388 3518 3443 Vita
3574 3387 3800 3442 Leonem

2213 3487 2405 3539 diserte
2426 3485 2516 3537 τὸν
2544 3483 2876 3554 μακαρίτην,
2915 3481 3079 3551 felicis
3106 3481 3370 3535 memoria:
3391 3479 3645 3548 appellat,
3695 3497 3800 3550 qua

2212 3579 2420 3632 ratione
2465 3577 2606 3647 loqui
2634 3577 2696 3629 de
2727 3576 2945 3629 mortuis
2989 3573 3237 3628 solemus.
3271 3571 3332 3628 Si
3359 3589 3420 3627 ea
3463 3574 3635 3642 prima
3687 3575 3803 3642 ejus

2215 3665 2602 3724 Commentatio
2624 3668 2747 3736 fuit,
2773 3665 2904 3718 nihil
2916 3665 3082 3734 igitur
3098 3663 3195 3718 νεώ
3215 3662 3386 3718 Leone
3410 3664 3638 3732 scripsit,
3663 3665 3803 3734 quod

2215 3760 2422 3826 quidem
2470 3757 2690 3811 ediderit
2725 3757 2779 3810 in
2823 3755 3012 3810 lucem.
3049 3755 3232 3827 Neque
3275 3757 3576 3810 Alexandro
3624 3771 3802 3809 rerum

2215 3850 2555 3920 potiente,ita
2588 3849 2810 3903 laudare
2837 3848 3134 3904 Himerium
3158 3864 3320 3902 ausus
3351 3857 3500 3901 esset.
3531 3847 3803 3916 Pra'cipue

2215 3943 2450 4014 publicas
2476 3951 2807 3996 restractare
2850 3941 2944 3994 sub
2977 3939 3149 3994 Leone
3173 3941 3344 4010 cmpit.
3381 3940 3484 3994 Alii
3511 3940 3674 3994 etiam
3698 3939 3800 3992 ad-

2217 4037 2392 4100 dunt,
2443 4035 2597 4088 valde
2657 4032 3103 4087 adolescentulum
3151 4033 3206 4084 in
3259 4031 3472 4085 Cretam
3510 4031 3801 4100 profectum

2218 4130 2397 4200 fuisse.
2422 4111 2729 4182 Pendamus
2774 4142 2887 4180 rem
2917 4141 3017 4180 suo
3049 4123 3312 4194 pondere.
3353 4123 3520 4192 quue
3552 4131 3612 4177 ut
3640 4139 3804 4178 accu-

2219 4223 2390 4276 ratius
2421 4220 2700 4284 succedat,
2731 4217 2891 4272 verba
2921 4215 3206 4287 Symeonis
3246 4215 3540 4270 recitemus
3573 4231 3638 4270 ex
3679 4215 3802 4271 Vita

2221 4320 2426 4367 sancta)
2472 4311 2838 4366 Theoctistes.
2883 4309 3165 4380 Γενομένῳ
3199 4309 3292 4379 μοί
3336 4327 3465 4362 ποτε
3515 4307 3656 4362 κατὰ
3701 4308 3802 4379 τὴν

2221 4403 2424 4474 Πάρον.
2456 4402 2652 4470 Γέγονε
2686 4401 2762 4454 δέ.
2795 4401 2904 4453 Καὶ
2926 4399 3034 4470 γὰρ
3060 4401 3152 4453 ἐπὶ
3183 4399 3406 4470 Κρήτην
3437 4398 3683 4452 διέπλεον
3697 4399 3802 4451 ὑπὸ

531 4493 946 4547 fundamentum
977 4493 1186 4547 nullum
1216 4492 1361 4548 aliud
1385 4493 1509 4556 erit,
1537 4508 1698 4562 quam
1740 4493 1950 4549 Psellus
1997 4495 2107 4564 ipse

2223 4494 2316 4548 τοῦ
2352 4493 2658 4564 μακαρίτου
2705 4493 2932 4555 Λέοντος
2991 4493 3167 4545 ἐκεῖσε
3217 4493 3512 4562 πεμφθεὶς,
3547 4491 3798 4555 Λέοντο·,

530 4579 806 4636 Orationis
847 4590 1074 4636 auctor:
1107 4597 1233 4636 nam
1265 4581 1406 4637 idem
1440 4583 1558 4653 ipse
1583 4582 1638 4637 in
1672 4584 1916 4654 ejusdem
1942 4583 2112 4638 Meta-

529 4674 770 4744 phrastae
787 4677 1219 4738 venerationem,
1242 4690 1306 4729 ac
1348 4676 1553 4730 cultum
1576 4673 1810 4729 cilicium
1843 4675 1896 4729 in
1924 4675 2114 4729 Eccle-

529 4767 609 4822 sia
637 4768 1038 4822 eoncinendum
1087 4770 1416 4838 composuit.
1463 4767 1514 4822 ls
1549 4767 1604 4822 in
1637 4769 1866 4822 canonis
1915 4767 2019 4822 ode
2055 4767 2110 4833 5,

529 4859 698 4915 refert
720 4861 870 4916 illum
918 4861 1148 4916 consilio
1177 4871 1339 4931 atque
1378 4861 1589 4916 monitu
1617 4861 1758 4916 Parii
1810 4861 2116 4915 anachore-

533 4959 602 5006 ιω
659 4968 860 5006 munus
890 4967 1206 5024 aggressum
1235 4953 1532 5018 scribendi,
1579 4953 1815 5022 primum
1869 4950 2112 5006 omnium

530 5043 868 5112 colloquium
927 5043 1061 5097 illud
1123 5043 1436 5112 scripsisse,
1479 5051 1535 5098 et
1575 5043 1903 5099 Thcoctistae
1935 5039 2114 5096 Vitam

511 5129 790 5200 ,graphice
823 5129 1116 5184 admodum
1147 5131 1484 5186 celebrasse:
1519 5131 1593 5184 Τδ
1617 5131 1834 5201 πρῶτόν
1858 5148 1954 5184 σου
1985 5130 2118 5198 σύγ-

529 5237 770 5291 γραμμα
794 5221 858 5274 ὲκ
905 5221 1162 5293 προνοίας
1196 5221 1406 5293 Θεῖκῆς,
1436 5225 1530 5277 καὶ
1552 5223 1768 5292 ὁμιλίας
1809 5223 1997 5292 γέγονε
2020 5221 2114 5277 τοῦ

512 5315 680 5384 ἰεροῦ
720 5313 1027 5386 πρεσϐύτου
1059 5315 1156 5368 καὶ
1173 5315 1444 5386 μοναστοῢ
1462 5360 1474 5376 ,
1501 5313 1729 5386 Συμεὼν
1751 5314 2028 5381 θεσπέσιε,
2056 5315 2116 5368 ὃν

535 5405 594 5458 ὲν
621 5406 786 5477 Πάρῳ
807 5409 873 5477 τῇ
917 5408 1070 5478 νήσῳ
1101 5406 1471 5479 τεθεώρηκας.
1518 5405 1606 5473 Et,
1651 5406 1842 5472 ’Δξίως
1875 5407 2116 5480 ὲξύμνη-

535 5512 634 5559 σας
665 5498 762 5568 τῆς
803 5498 1040 5562 Λεσϐίας
1093 5498 1162 5552 τὰ
1190 5499 1424 5572 λαμπρὰ
1464 5499 1559 5554 καὶ
1584 5499 1704 5554 θεῖα
1734 5501 2114 5571 ἀγωνίσματα,

535 5587 864 5661 Oeensium;
895 5591 993 5661 τῆς
1021 5589 1188 5654 ὅντως
1216 5591 1508 5662 ἀγγελικὸν
1539 5592 1736 5665 μικροῦ
1766 5593 1860 5646 καὶ
1887 5591 2118 5663 ἀσώμα-

532 5699 628 5736 τον
651 5680 950 5752 τελεσάσης
982 5681 1273 5752 πανσὸφως
1319 5683 1382 5738 τὺ
1433 5685 1751 5754 πολίτευμα.
1809 5683 1998 5739 Prima
2025 5692 2118 5737 tua

520 5771 909 5831 .oommentatio
948 5791 1010 5828 ex
1029 5774 1204 5830 divina
1228 5777 1578 5847 providentia,
1607 5788 1657 5832 et
1685 5775 1943 5848 colloquio
1969 5777 2115 5846 facta

2217 4585 2482 4658 φημ“ι,τοῦ
2505 4584 2764 4655 εὐτυχοῦς
2795 4583 2964 4648 ὅντως
2989 4583 3273 4654 βασιλέως.
3303 4583 3400 4638 καὶ
3418 4585 3516 4644 τὴν
3545 4583 3731 4653 εὐτυχί
3769 4600 3798 4633 ν

2228 4677 2516 4746 Ῥωμαίων
2556 4675 2634 4746 τῷ
2692 4675 2850 4744 τάφῳ
2884 4673 3282 4742 ἀναθάψαντος.
3332 4674 3690 4744 Ἐπεμπόμην
3743 4673 3798 4725 δὲ

2219 4767 2720 4839 συστρατευόμενος
2759 4765 3006 4836 Ἡμερίῳ
3039 4765 3118 4836 τῷ
3139 4763 3382 4834 πάνυ,τσ’ξ›
3421 4781 3802 4834 στρατηγικω-

2215 4861 2363 4932 τάτῳ
2407 4860 2608 4930 δηλαδὴ
2652 4858 2746 4912 καὶ
2791 4859 3012 4930 ἄρχοντι
3044 4857 3138 4910 τοῦ
3173 4873 3232 4909 τε
3271 4857 3497 4926 δρόμου,
3543 4858 3638 4912 καὶ
3693 4857 3796 4910 τοῦ

2221 4951 2406 5004 στόλου
2441 4949 2664 5014 παντὸς,
2686 4950 2718 5020 ἢ
2741 4949 2866 5016 τόγε
2898 4947 3258 5020 ἀληθέστερον
3289 4951 3675 5020 ποιησάμενος,
3707 4950 3801 5004 καὶ

2221 5039 2396 5111 μικρὰ
2438 5039 2630 5092 τούτου
2677 5036 2938 5108 μνησθεὶς
2969 5038 3223 5106 ἀτιμάσω
3250 5039 3342 5092 τὸν
3377 5039 3546 5110 ἄνδρα
3591 5038 3685 5091 ἐπὶ
3704 5037 3801 5107 τὴν

2217 5131 2500 5200 παροῦσαν
2549 5130 2686 5192 τέως
2717 5130 2978 5183 ὑπόθεσιν
3011 5125 3147 5200 εἶμι,
3193 5131 3401 5184 ἐκείνου
3439 5129 3583 5184 κατὰ
3609 5132 3800 5200 καιρὸν

2222 5219 2689 5290 μνησθησόμενος.
2741 5217 3104 5290 Ἐστελλόμην
3157 5219 3446 5292 τοιγαροῦν
3495 5218 3656 5272 τοῦτο
3700 5219 3800 5290 μὲν

2218 5313 2412 5384 ἐκείνῳ
2463 5311 3004 5382 συστρατευόμενος,
3034 5313 3129 5367 καὶ
3185 5311 3656 5383 προϐιὸαζόμενος
3718 5313 3800 5375 εἰς

2220 5408 2416 5475 πεῖραν
2479 5404 2855 5476 στρατηγικὴν
2887 5445 2902 5470 ,
2951 5397 3041 5458 οἷα
3093 5405 3272 5468 πῶλος
3333 5405 3494 5476 μητρὶ
3551 5404 3690 5477 πρὸς
3731 5403 3802 5458 τὰ

2219 5499 2577 5567 γενναιότατα
2603 5499 2712 5552 τῶν
2740 5499 3218 5571 στρατηγημάτων
3275 5497 3608 5571 συσκαίρων.
3643 5497 3800 5553 οῡτω

2219 5591 2326 5664 γὰρ
2374 5586 2444 5662 ἦν
2497 5592 2527 5645 ὁ
2576 5590 2671 5644 τοῦ
2715 5593 3020 5662 μακαρίτου
3067 5607 3170 5662 μου
3233 5589 3508 5656 Βασιλέως
3565 5591 3798 5655 σκοπός·

2222 5682 2379 5735 τοῦτο
2428 5681 2486 5736 δὲ
2559 5682 2998 5754 πρεσϐευόμενος
3054 5681 3190 5752 πρὸς
3247 5684 3373 5748 τοὺς
3421 5684 3523 5756 τὴν
3575 5683 3800 5754 Κρήτην

2223 5775 2448 5846 ἔχοντας
2485 5776 2752 5849 Ἀρασας.
2777 5774 2908 5833 Cum
2935 5775 3225 5846 aliquando
3255 5776 3310 5832 in
3353 5777 3496 5833 Paro
3525 5792 3684 5832 essem
3714 5777 3800 5830 iu-
