4134 6454
405 371 503 435 ’17
1650 420 1655 425 ,
1710 366 2004 427 ῖιΕΟΝΙΞ

2107 366 2349 426 LLATII
3600 365 3671 430 ts

435 488 625 553 νύκτα,
659 481 775 555 μεθ’
818 483 884 553 ἢν
926 479 1019 533 τοῦ
1063 479 1312 533 κινδύνου
1361 477 1465 549 ’τὴν
1502 480 1716 550 πεῖραν
1767 480 2004 542 ἅπαντες

2111 486 2270 547 taque
2322 494 2418 544 ape
2466 485 2743 545 propterea
2790 477 3090 547 indigentis,
3145 478 3405 531 auxilium
3464 478 3685 548 deferre.

436 574 758 646 ιδεξάμεθα,
778 571 989 635 ἔλαθεν,
1014 570 1114 624 ούκ
1132 566 1228 623 οἶδ’
1254 571 1425 636 ὅπως,
1453 569 1762 639 ἐξενεγκεῖν
1783 569 1881 640 τῆς
1906 569 2008 622 πό-

435 671 573 732 km;
602 669 665 720 τὺ
690 663 915 739 χρυσίον
946 665 1144 725 έκεῖνο,
1182 660 1321 731 μετὰ
1340 661 1435 713 καί
1464 677 1626 714 τινων
1667 660 1775 714 τῶν
1831 661 2010 732 ὑπηρ-

415 760 748 830 οιτουμένων
778 755 949 827 αὐτῷ,
975 754 1066 807 καὶ
1096 752 1238 823 πρὸς
1258 752 1357 807 *τὸν
1385 750 1688 822 στρατηγὸν
1720 753 2010 823 Στρυμμόο

437 869 521 913 νος
558 846 961 914 ἐξαποστεῖλαι,
1014 842 1257 915 χαράξας
1315 841 1604 912 επιστολὴν
1649 842 2010 915 περιέχουσαν

434 943 694 1011 ἀσφαλῶς
738 939 1029 1008 φυλάττειν
1061 935 1219 988 τοῦτο
1267 934 1426 1006 μέχρι
1457 933 1559 1004 τῆς
1595 933 1875 997 ἐκϐάσεως
1914 931 2008 986 τοῦ

436 1033 699 1101 πολέμου.
729 1029 1035 1100 Χειρωθεὶς
1059 1023 1152 1082 οὖν
1178 1019 1334 1088 οὗτος
1374 1022 1515 1095 ἤχθη
1537 1028 1686 1077 κατὰ
1719 1022 2009 1094 πρόσωπον

431 1123 529 1176 τοῦ
564 1122 831 1192 τυράννου
853 1137 867 1152 ·
901 1123 935 1173 ὁ·
958 1119 1016 1172 δὲ
1045 1117 1144 1189 τὴν
1182 1115 1397 1187 μορφὴν
1423 1112 1723 1179 ἀλλοιώσας
1753 1112 2011 1185 ἐμϐριθέ-

436 1214 628 1282 στερόν
665 1230 723 1265 τε
755 1211 956 1281 μᾶλλον
994 1209 1027 1279 ἢ
1063 1208 1330 1279 πρότερον
1370 1205 1483 1275 εἷχε
1519 1205 1656 1276 πρὸς
1690 1203 1851 1257 αὑτὸν
1877 1220 2011 1273 ΧρτΓ

422 1309 689 1375 σάμενος,
717 1302 1015 1374 ἀνηρώτα·
1055 1300 1166 1355 Ποῦ
1198 1300 1284 1370 δὴ,
1324 1298 1479 1369 φησὶ,
1516 1297 1576 1349 τὸ
1603 1295 1698 1348 τοῦ
1748 1294 2012 1365 βασιλέως

433 1395 678 1467 χρυσίον,
711 1394 780 1447 τά
829 1393 923 1447 δύο
951 1392 1210 1458 τάλαντα,
1258 1390 1402 1459 ειπερ
1432 1387 1526 1441 ἐπὶ
1574 1386 1825 1439 Σικελίαν
1857 1385 2010 1453 ἄγειν

436 1485 705 1556 ἐτάχθης
743 1485 803 1537 ’0
831 1483 909 1549 δὲ,
942 1481 1113 1534 Τοῦτο
1129 1480 1215 1549 δὴ,
1241 1479 1425 1548 φησὶν,
1454 1476 1535 1539 εἰς
1555 1476 1690 1544 ὅπερ
1716 1472 2013 1544 κατειλημ-

415 1594 555 1646 ,μαι,
577 1574 780 1637 δεδιὼς,
811 1575 909 1645 τὴν
942 1571 1263 1641 πολιορκίαν
1289 1569 1437 1637 λέγω
1466 1567 1568 1638 τῆς
1593 1566 1825 1630 πόλεως,
1860 1564 2010 1618 έπεί-

424 1682 541 1737 περ
572 1664 735 1726 αὐτὸς
765 1662 879 1734 [59.]
933 1660 1045 1731 ἐγὼ
1096 1659 1258 1732 δεῦρο
1294 1658 1496 1730 τυχὼν,
1553 1657 1832 1721 ἀδυνάτως
1866 1652 2011 1726 εἶχον

425 1757 682 1811 τοσούτου
732 1752 980 1807 κινδύνου
1029 1753 1298 1823 παρόντος
1340 1751 1667 1822 ὑποχωρεῖν,
1708 1747 1804 1803 καὶ
1839 1748 1913 1820 μὴ
1940 1749 2009 1801 τὰ

2119 566 2219 621 Hic
2251 571 2428 638 itaque
2457 574 2622 632 nocte,
2658 583 2773 638 qua
2825 579 3162 637 pra'cesserat
3207 569 3512 634 discrimen,
3554 571 3690 639 quod

2112 677 2290 715 omnes
2319 662 2520 730 experti
2562 678 2762 726 sumus,
2797 660 3092 715 clanculum
3123 662 3294 716 nescio
3327 678 3430 732 qua
3464 663 3688 728 ratione,

2112 761 2222 805 tum
2271 769 2461 806 aurum
2512 752 2667 813 illud,
2701 762 2810 805 tum
2860 768 3031 807 servos
3079 770 3200 808 suos
3248 751 3529 807 nonnullos
3565 757 3694 808 urbe

2112 841 2394 908 extulerat,
2426 854 2473 897 et
2522 844 2593 897 ad
2642 842 2995 913 Strymmonis
3041 845 3224 899 ducem
3270 845 3507 909 miserat,
3553 845 3694 899 datis

2112 933 2325 999 litteris,
2358 943 2414 988 ut
2442 934 2576 988 illud
2606 937 2676 989 ad
2705 935 2862 1005 ﬁnem
2899 953 3058 1007 usque
3091 936 3211 990 belli
3245 939 3528 1006 expetitum
3553 954 3694 992 secn—

2112 1027 2325 1081 ritatem
2361 1027 2594 1081 haberet.
2627 1028 2824 1097 Captus
2853 1031 3018 1100 igitur
3046 1028 3439 1102 ledophyllus
3483 1033 3554 1085 ad
3603 1043 3687 1100 ty-

2112 1133 2342 1171 rannum
2401 1121 2725 1175 conducitur.
2778 1121 2877 1175 Ille
2913 1132 3126 1191 aspectu
3169 1132 3391 1187 mutato,
3440 1133 3489 1176 et
3535 1124 3689 1178 velte-

2113 1211 2419 1264 mentiorem
2465 1228 2627 1281 quam
2670 1222 2829 1266 antea
2875 1223 3125 1267 naturam
3159 1215 3380 1268 induens
3424 1215 3690 1286 efﬂagita-

2112 1302 2250 1355 bat:
2292 1300 2389 1356 Ubi
2421 1313 2544 1356 sunt
2590 1304 2919 1374 imperatorii
2975 1306 3097 1359 auri
3154 1305 3353 1359 talenta
3401 1307 3524 1368 duo,
3575 1319 3691 1375 quia

2114 1391 2207 1443 tibi
2256 1393 2532 1446 commissa
2566 1394 2729 1464 fuere,
2765 1404 2822 1448 ut
2853 1395 2909 1447 in
2941 1394 3182 1449 Siciliam
3227 1396 3547 1448 adveheres?
3582 1393 3690 1448 Ro-

2113 1482 2386 1553 dophyllus
2422 1485 2635 1539 :Meum
2665 1486 2802 1539 [tunc
2832 1502 3032 1547 casum,
3065 1503 3214 1556 quem
3234 1488 3456 1558 perfero,
3488 1489 3692 1557 patior-

2114 1590 2213 1643 que
2240 1577 2536 1645 suspicans,
2572 1595 2887 1649 cernensque
2915 1580 3058 1633 urbis
3087 1580 3447 1642 obsidionem;
3478 1579 3690 1649 quando

2121 1666 2233 1733 ipse
2261 1668 2361 1719 huc
2395 1668 2613 1737 fortuito
2645 1668 2853 1723 detatus
2899 1686 2999 1723 non
3033 1687 3235 1740 possem
3275 1670 3341 1723 ab
3390 1670 3690 1723 imminente

2115 1765 2223 1808 tam
2256 1757 2371 1810 diro
2398 1758 2627 1827 periculo
2657 1759 2896 1824 evadere,
2932 1762 3287 1831 secedereque,
3323 1769 3370 1814 et
3401 1777 3514 1814 mea
3554 1775 3689 1830 qua-

430 1849 561 1917 παρ⁹
594 1846 788 1902 ἑαυτοῦ
814 1817 1127 1908 δεικνύναι.-
1142 1845 1364 1899 πάντων
1391 1817 1593 1912 ειξιέιι
1612 1817 1914 1913 βλεπόντων
1932 1840 2004 1905 ὡς

2117 1848 2394 1920 liacunque
2422 1850 2515 1904 illa
2546 1853 2737 1922 forent.
2763 1854 3016 1921 conferre,
3045 1853 3281 1906 omnibus
3309 1852 3365 1905 in
3402 1868 3483 1905 me
3512 1851 3688 1905 oculos

429 1942 498 1997 ἂν
528 1961 580 1996 τι
610 1942 847 2013 χρηστὸν
875 1943 1011 2005 τοῖς,
1037 1939 1132 1992 καὶ
1161 1937 1240 2007 τῷ
1281 1937 1460 2009 καιρῷ
1498 1937 1671 2007 τούτῳ
1714 1938 2004 2007 χρήσιμον,

431 2035 732 2105 δυνάμενος
756 2033 1081 2103 παρασχεῖν,
1099 2029 1291 2084 τούτου
1309 2029 1370 2100 δὴ
1400 2029 1560 2101 χάριν
1580 2028 1638 2081 τὸ
1665 2027 1765 2096 μὲν
1787 2026 2008 2096 χρυσίον

433 2128 612 2180 έκεῖνο
642 2127 741 2196 τῆς
787 2124 997 2185 πόλεως
1040 2121 1420 2192 ὑπεξήγαγον·
1474 2120 1536 2172 οὐ
1582 2118 1690 2188 γὰρ
1737 2118 2008 2189 ἐδυνάμην

433 2215 681 2287 ἀκριϐῶς
743 2217 872 2283 περὶ
923 2213 1135 2280 ἀδήλων
1185 2211 1561 2284 στοχάζεσθαι.
1613 2210 1756 2278 Ἐγὼ
1802 2212 1858 2265 δέ
1923 2228 2006 2265 σοι

434 2310 764 2381 παρέστηκα
786 2309 1029 2379 τήμερον
1060 2305 1416 2377 δορυάλωτος,
1444 2305 1654 2359 πολλῶν
1675 2304 1849 2359 ἄλλων
1869 2322 2005 2375 χρη-

435 2404 627 2474 μάτων
657 2402 970 2473 παραίτιος,
1001 2400 1057 2453 εῐ
1078 2416 1144 2469 γε
1175 2399 1353 2463 ζῶντά
1382 2416 1450 2469 με
1489 2398 1587 2453 καλ⁸
1615 2398 1826 2467 ἀϐλαϐῆ
1874 2416 2003 2451 συν-

431 2493 751 2562 τηρήσειας.
810 2490 1121 2561 Ἀχθεσθεὶς
1167 2489 1263 2544 οὖν
1313 2489 1404 2542 ἐπὶ
1452 2489 1665 2553 τούτοις
1712 2490 1742 2541 ό
1790 2488 2005 2554 ἀλαζὼν

432 2584 666 2648 ἐκεῖνος,
700 2583 794 2637 καὶ
818 2581 911 2637 τὸν
935 2581 1107 2651 θυμὸν
1138 2581 1338 2644 ὀποίως
1362 2580 1526 2635 αὐτὸν
1550 2577 1685 2652 εἶχε,
1707 2581 1796 2635 διά
1815 2597 1876 2634 τε
1896 2581 2005 2635 τῶν

425 2674 752 2745 ὀφθαλμῶν,
804 2675 901 2727 καὶ
948 2673 1049 2743 τῆς
1107 2672 1292 2741 φωνῆς
1344 2672 1568 2743 ἔκδηλον
1622 2675 2000 2743 παραστήσας,

390 2790 393 2793 ·
433 2765 620 2836 βύθιον
646 2765 961 2837 ἐξεϐόησεν·
1009 2765 1360 2835 Ἐπειδήπερ,
1380 2764 1565 2833 φησιν,
1593 2764 1691 2817 οὐκ
1715 2762 1917 2833 ἔμαθεν
1938 2765 2002 2816 ἐκ

429 2861 539 2917 τῶν
564 2861 945 2932 προκειμένων
964 2860 1320 2931 ἀδιάδραστον
1350 2856 1491 2913 εἶναι
1517 2859 1617 2930 τὴν
1648 2858 1743 2911 τοῦ
1771 2857 2001 2913 θανάτου

429 2952 631 3024 ψῆφον,
665 2955 780 3017 τοῖς
818 2954 893 3025 μὴ
926 2953 996 3007 τὰ
1035 2954 1221 3006 οἰκεῖα
1252 2952 1511 3022 χρήματα
1539 2950 1734 3022 λύτρον
1768 2966 2004 3021 παρεχο-

433 3046 616 3116 μένοις
656 3048 686 3100 ὁ
710 3047 812 3116 τῆς
838 3045 1286 3115 γυναικωνίτιδος
1336 3036 1514 3109 οὗτος,
1555 3042 1669 3097 ἀλλ’
1694 3041 1885 3113 ὥσπερ
1910 3042 2001 3095 επὶ

2110 1940 2442 2003 vertentibus,
2471 1949 2727 2011 tanquam
2756 1943 3042 2012 proﬁcuum
3083 1943 3205 2003 sibi,
3229 1950 3278 1995 et
3310 1942 3530 2009 tempori
3561 1957 3685 2010 pcr-

2110 2041 2479 2101 opportunum,
2522 2050 2713 2087 aurum
2760 2034 2895 2088 illud
2953 2034 3089 2088 clam
3141 2034 3264 2087 urbe
3293 2034 3485 2097 eduxi;
3524 2050 3686 2103 neque

2088 2124 2247 2177 ‘enim
2288 2132 2528 2194 poteram
2572 2126 2636 2179 de
2668 2126 2839 2179 dubiis
2872 2135 3010 2179 certo
3042 2125 3248 2196 aliquid
3277 2126 3583 2194 eonjcctari.
3619 2126 3684 2178 At

2105 2213 2217 2283 ipse
2247 2229 2384 2267 nunc
2412 2215 2597 2269 adsum
2629 2216 2723 2269 tibi
2751 2218 2988 2285 captivus
3012 2217 3299 2287 ingentium
3336 2215 3570 2269 aliarum
3595 2232 3687 2284 pe-

2109 2306 2388 2360 cuniarum
2419 2324 2681 2361 summam
2720 2309 3065 2373 exhibiturus,
3096 2308 3209 2381 [55]
3244 2309 3291 2362 si
3323 2309 3494 2362 vivum
3529 2317 3686 2375 atque

2106 2396 2379 2451 innoxium
2408 2402 2717 2455 servaveris.
2766 2399 2923 2455 Hisce
2961 2401 3209 2469 superbus
3242 2401 3329 2454 ille
3374 2411 3683 2467 commotus,

2110 2495 2158 2540 et
2183 2502 2322 2558 agre
2334 2491 2526 2560 ferens,
2542 2500 2590 2544 et
2610 2493 2957 2562 [ttroreni,qui
2974 2493 3120 2545 illum
3136 2493 3480 2557 obsederat,et
3496 2493 3681 2557 oculis,

2104 2588 2155 2633 et
2181 2597 2298 2635 voce
2342 2583 2632 2653 explicans,
2661 2586 2781 2639 imis
2810 2599 2876 2639 ea:
2921 2584 3224 2654 prmcordiis
3269 2585 3517 2639 intonuit.
3553 2583 3683 2640 Cum

2107 2688 2171 2725 ex
2199 2675 2537 2740 pra’sentibus
2570 2677 2715 2730 haud
2760 2678 3006 2731 didicerit
3045 2678 3306 2732 calculum
3350 2679 3531 2732 mortis
3574 2679 3684 2731 evi-

2106 2764 2213 2816 tari
2244 2765 2401 2819 abiis
2430 2782 2532 2819 non
2556 2784 2723 2836 posse,
2749 2772 2837 2839 qui
2873 2770 3117 2841 preprias
3164 2776 3413 2843 pecunias
3455 2774 3680 2842 proﬂat!

2105 2855 2461 2924 redemptione
2494 2875 2598 2912 non
2640 2860 2901 2926 exhibent,
2936 2866 3037 2924 hic,
3069 2866 3158 2934 qui
3205 2882 3232 2918 e
3273 2863 3544 2934 Cynwceio
3584 2875 3680 2930 est,

2103 2945 2208 2998 imo
2241 2949 2401 3000 veluti
2429 2950 2482 3001 in
2509 2965 2662 3002 scena
2690 2954 3023 3007 mendacium
3054 2954 3302 3023 explicat,
3335 2958 3516 3026 ingens
3546 2957 3681 3011 illud

2103 3036 2334 3105 quidem,
2362 3046 2411 3092 et
2442 3040 2837 3107 admirandum,
2874 3044 3097 3105 salutem
3126 3059 3483 3112 contemnens,
3522 3063 3681 3101 coxas

436 3138 646 3208 σκηνῆς
698 3136 963 3204 ἐπίδειξιν
996 3139 1228 3190 ποιεῖται
1260 3135 1321 3189 τὸ
1358 3136 1584 3205 πλάσμα
1617 3133 1713 3188 τοῦ
1750 3134 2002 3203 ψεύδους,

2108 3136 2158 3183 et
2185 3129 2434 3199 scapulas
2482 3133 2702 3202 fustibus
2746 3137 3138 3202 contundatur;
3190 3148 3244 3192 ut
3291 3155 3426 3192 nunc
3473 3139 3684 3193 tandem

434 3227 578 3297 μέγα
609 3230 707 3282 καὶ
742 3227 1075 3297 θαυμαστὸν,
1104 3222 1196 3281 οἷα
1239 3226 1383 3280 κατά
1412 3227 1513 3297 τῆς
1538 3226 1734 3280 ἑαυτοῦ
1767 3225 2005 3297 προϐαλ-

429 3316 658 3387 λόμενος
705 3319 1001 3387 σωτηρίας,
1053 3316 1271 3388 ῥάϐδοις
1306 3315 1593 3370 τυπτέσθω
1627 3317 1698 3369 τά
1728 3331 1788 3368 τε
1832 3315 2002 3384 ίσχία,

428 3408 526 3463 καὶ
553 3408 620 3463 τὰ
646 3407 787 3464 κατά
809 3409 900 3463 τὸν
925 3407 1094 3462 νῶτον
1122 3408 1263 3478 μέρη
1284 3421 1298 3437 ·
1318 3407 1394 3470 ὡς
1415 3407 1482 3460 ἂν
1511 3408 1633 3476 ἄρτι
1655 3405 1768 3476 γνῷ
1789 3406 2006 3476 πρῶτον

428 3495 538 3551 τίνι
565 3498 917 3569 παρίσταται,
953 3497 1049 3551 καὶ
1078 3496 1207 3567 περὶ
1245 3496 1406 3550 τίνων
1434 3494 1766 3563 διαλέγεται,
1800 3495 1895 3548 καὶ
1927 3495 2002 3566 μὴ

428 3588 731 3658 χρημάτων
765 3585 1064 3658 ἀλλοτρίων
1095 3584 1461 3656 ἀμφισϐητῶν
1507 3584 1600 3637 τὸν
1648 3584 1779 3655 περὶ
1826 3584 2004 3655 ψυχῆς

429 3680 609 3751 ἑαυτῷ
634 3682 1002 3752 περιποιεῖται
1048 3677 1318 3732 κίνδυνον.
1343 3677 1407 3730 Oi
1444 3674 1747 3747 λειτουργοὶ
1772 3674 1867 3730 οὖν
1894 3677 2005 3730 τῶν

428 3772 632 3827 ἀδίκων
658 3773 859 3843 φόνων,
889 3772 965 3834 ὡς
995 3771 1157 3841 μόνον
1186 3765 1327 3823 εἶδον
1349 3768 1514 3823 αὐτὸν
1537 3768 1658 3838 μεθ’
1684 3768 2003 3839 ὕποσυρμοῢ

420 3864 614 3933 φωνῆς
647 3864 742 3919 καὶ
803 3862 1004 3934 μανίας
1037 3860 1139 3933 τὴν
1187 3860 1444 3932 τοιαύτην
1493 3861 1672 3931 ψῆφον
1719 3861 1862 3914 κατὰ
1906 3859 2003 3913 τοῦ

431 3954 665 4018 ἑστῶτος
705 3954 1159 4024 ἐξενεγκάμενον,
1193 3953 1386 4008 θᾶττον
1425 3952 1585 4022 λόγου
1616 3951 1816 4014 παντὸς
1834 3953 1902 4021 τῇ
1930 3953 2001 4023 γῇ

423 4043 621 4098 τοῦτον
673 4042 1077 4115 προσέρραξαν,
1110 4043 1206 4096 καὶ
1240 4042 1531 4105 τοσαύταις
1565 4042 1814 4113 βάλλουσι
1858 4042 1999 4111 πλη-

426 4138 575 4204 γαῖς,
609 4136 684 4198 ὡς
710 4136 784 4207 μὴ
801 4137 894 4189 ἐπὶ
925 4136 1060 4187 πολὺ
1089 4136 1362 4204 ἀντισχεῖν
1388 4135 1482 4188 τοῦ
1514 4135 1702 4188 ἀθλίου
1734 4137 1792 4189 τὸ
1817 4134 1995 4205 σῶμα,

428 4227 546 4286 ἀλλ’
580 4227 663 4290 είς
693 4225 862 4279 πολλὰ
889 4226 1183 4296 διαιρεθὲν.
1211 4228 1306 4279 καὶ
1329 4228 1445 4288 τοῖς
1469 4225 1677 4295 ὀχετοῖς
1695 4226 1803 4279 τῶν
1831 4227 2000 4297 αἱμά-

421 4332 539 4370 των
587 4315 681 4369 τὸν
733 4306 1094 4387 ὑποκείμενον
1138 4315 1303 4370 τόπον
1337 4315 1653 4387 πληρῶσαν,
1700 4317 1873 4382 οὕτως
1903 4318 2001 4389 τὴν

428 4406 606 4477 ψυχὴν
643 4409 957 4475 ἐπαφεῖναι,
993 4413 1282 4479 καρτερεῖν
1309 4411 1429 4472 ταῖς
1459 4408 1732 4479 δριμείαις
1763 4410 2000 4473 ἐκείναις

2108 3229 2380 3286 agnoscat,
2414 3222 2500 3275 cui
2536 3234 2713 3289 astat,
2750 3233 2799 3278 et
2829 3229 2892 3280 de
2939 3229 3125 3296 quibus
3156 3229 3405 3299 loquitur,
3439 3239 3575 3283 etne
3619 3231 3685 3284 de

2106 3310 2291 3364 alienis
2325 3313 2559 3379 pecuniis
2586 3314 2698 3382 ipse
2726 3316 3027 3384 disputans,
3050 3320 3321 3388 proprium
3348 3321 3468 3373 vita:
3492 3322 3683 3376 discri-

2106 3414 2225 3452 men
2272 3400 2472 3457 subeat.
2519 3401 2751 3458 Ctedium
2793 3406 2973 3475 itaque
3019 3407 3322 3476 iniquarum
3357 3409 3679 3478 administri,

2106 3498 2163 3543 ut
2211 3492 2453 3546 viderunt
2507 3510 2625 3548 eum
2670 3505 2879 3549 extenta
2932 3513 3070 3563 voce,
3125 3508 3171 3551 et
3225 3500 3368 3552 rabie
3406 3501 3565 3570 eﬂ'usa
3623 3504 3679 3556 in

2105 3595 2408 3653 prwsentem
2505 3587 2605 3641 sibi
2706 3588 2929 3643 similem
3020 3593 3331 3646 sententiam
3426 3595 3678 3666 ferentem

2105 3674 2255 3727 verbo
2300 3675 2527 3745 quolibet
2565 3677 2737 3742 citius,
2780 3677 3041 3732 hominem
3076 3681 3128 3733 in
3177 3692 3375 3734 terram
3420 3683 3676 3746 allidunt,

2106 3768 2280 3830 totque
2307 3778 2425 3815 eum
2460 3764 2755 3819 verberibus
2781 3775 3037 3831 mactant,
3071 3775 3125 3820 ut
3154 3783 3341 3837 corpus
3374 3770 3550 3824 miseri
3577 3786 3681 3825 non

2105 3852 2197 3905 diu
2225 3855 2494 3921 restiterit,
2537 3856 2627 3909 sed
2678 3867 2854 3927 partes
2902 3859 2960 3912 in
3006 3857 3264 3928 plurimas
3310 3859 3679 3927 dilaceratum,

2104 3946 2376 4015 sanguinis
2408 3947 2567 4001 veluti
2594 3949 2836 4003 ductibus
2876 3950 3166 4020 subjectum
3194 3950 3295 4004 sibi
3326 3952 3493 4005 solum
3519 3954 3679 4005 inun-

2105 4036 2328 4101 daverit,
2357 4038 2534 4106 sicque
2562 4039 2799 4091 animam
2827 4039 3107 4107 efﬂaverit,
3127 4054 3243 4092 cum
3266 4041 3409 4093 diros
3438 4042 3558 4094 illos
3581 4043 3676 4095 do-

2105 4126 2243 4181 lores
2268 4129 2526 4181 sustinere
2556 4145 2659 4181 non
2683 4140 2873 4196 posset.
2906 4127 2974 4182 Ut
3003 4146 3123 4183 vero
3146 4131 3493 4200 defatigatum
3517 4148 3678 4201 agno-

2104 4228 2288 4273 verunt
2340 4221 2596 4273 immanes
2642 4220 2722 4273 illi
2773 4220 2999 4281 lictores.
3036 4223 3126 4291 qui
3171 4222 3343 4292 plagis
3390 4224 3677 4294 inferendis

2105 4310 2266 4363 etiam
2295 4319 2410 4377 post
2436 4310 2627 4365 caedem
2658 4313 2816 4379 ﬁnem
2852 4329 2955 4366 non
2980 4316 3233 4383 fecerant,
3255 4316 3346 4369 vix
3377 4320 3589 4370 tandem
3616 4321 3680 4371 de

2107 4401 2284 4471 furore
2332 4402 2534 4472 aliquid
2593 4404 2861 4458 remittens
2926 4405 3268 4460 inexorabilis
3330 4408 3424 4461 illa
3483 4411 3677 4475 bellua,

429 4498 727 4568 ἀλγηδόσιν
758 4499 859 4552 οὐκ
890 4499 1284 4568 ἐξισχύσασαν.
1338 4498 1426 4564 Ὧς
1474 4498 1568 4553 οὖν
1604 4502 1875 4572 ἀπείρηκε
1906 4502 2000 4555 καὶ

2108 4493 2478 4577 Esto,_inquit,
2525 4511 2642 4547 cum
2671 4511 2804 4550 auro
2852 4496 2945 4551 illo
2984 4506 3033 4551 et
3068 4499 3166 4551 iste
3213 4499 3270 4550 in
3311 4500 3677 4568 perditionem.

424 4589 589 4660 δῆλος
610 4586 681 4661 ἦν
708 4594 823 4654 τοῖς
849 4590 1022 4661 ὠμοῖς
1042 4593 1272 4655 ἐκείνοις
1301 4590 1621 4664 δορυφόροις
1636 4591 1716 4646 ἔτι
1736 4593 1837 4657 τὰς
1859 4594 1997 4663 πλη-

430 4681 535 4750 γάς
575 4684 808 4752 ἀφιεῖσι,
843 4684 942 4736 καὶ
992 4683 1131 4753 μετά
1183 4683 1436 4749 θάνατον,
1499 4684 1654 4754 μόλις
1711 4685 1843 4739 ποτὲ
1902 4685 2004 4755 τῆς

428 4776 767 4848 κατεχούσης
799 4776 990 4831 ἑαυτὸν
1034 4777 1205 4849 ὀργῆς
1234 4777 1505 4854 περιάρας
1551 4779 1580 4830 ὁ
1617 4777 2003 4841 δυσέντευκτος

430 4867 558 4937 θήρ.
602 4868 805 4932 Ἔστω,
860 4869 1018 4939 φησὶ,
1056 4869 1195 4938 μετά
1228 4868 1322 4922 τοῦ
1366 4867 1592 4939 χρυσίου
1643 4869 1855 4923 ἐκείνου
1908 4869 2003 4921 καὶ

429 4953 585 5021 οὗτος
613 4961 694 5021 είς
722 4957 998 5013 ἀπώλειαν
1018 4974 1033 4990 ·
1065 4958 1379 5022 ἀλυσιτελὲς
1407 4959 1538 5029 γὰρ,
1588 4958 1666 5022 ὡς
1701 4959 1872 5023 ἔοικε,
1908 4958 2004 5012 καὶ

428 5050 653 5122 εὑρεθὶν
675 5050 741 5105 ἂν
763 5049 1107 5106 διεδείκνυτο.
1131 5049 1261 5105 Cum
1289 5050 1489 5121 reliqua
1514 5051 1841 5121 captivorum
1862 5050 2004 5106 mul-

431 5143 654 5197 titudine
709 5150 893 5209 captus
935 5156 1138 5213 quoque
1174 5142 1350 5212 fuerat
1395 5141 1612 5211 quidam
1669 5143 2003 5212 imperatoris

430 5233 716 5300 eunuchus,
762 5248 899 5287 unus
935 5248 1002 5288 ea:
1028 5231 1365 5303 primatibus,
1401 5232 1486 5286 cui
1525 5232 1887 5303 Rhodopltyllo
1906 5249 2000 5288 nov

429 5339 547 5385 aen
579 5326 701 5396 fuit,
735 5328 824 5397 qui
868 5324 1032 5394 paulo
1073 5332 1197 5379 ante
1235 5323 1525 5394 periculum
1567 5324 1625 5377 in
1673 5322 2001 5381 Occidentem

432 5417 622 5472 missus
646 5417 707 5471 ob
733 5416 1018 5472 nonnullas
1036 5432 1225 5472 causas
1237 5416 1521 5473 admodum
1547 5417 1870 5473 necessarias
1896 5417 2001 5475 Ur-

431 5506 545 5563 bem
569 5508 854 5578 appellans,
881 5524 998 5562 eum
1029 5508 1174 5563 nobis
1210 5507 1464 5575 inclusus,
1495 5522 1670 5572 nou,
1700 5524 1863 5578 quam
1890 5525 2002 5564 me-

429 5601 770 5665 moravimus,
798 5602 1061 5671 particeps
1082 5599 1163 5668 ﬁt.
1188 5598 1424 5655 Ducebat
1443 5599 1533 5654 ille
1552 5615 1728 5654 secum
1752 5616 2003 5673 magnam

431 5692 553 5744 auri
588 5691 713 5757 vim,
749 5693 886 5763 quod
919 5691 1010 5746 ille
1045 5689 1372 5745 asseverabat
1410 5691 1466 5745 in
1516 5687 1684 5745 Siculi
1722 5693 2001 5758 exercitus,

429 5783 674 5838 continuo
705 5799 818 5836 cum
850 5781 1105 5836 Barbarie
1132 5780 1396 5851 Africanis
1422 5781 1824 5851 congredientis,
1858 5781 1999 5836 mul-

815 5899 826 5929 ι

2104 4572 2349 4654 Namque
2398 4593 2455 4637 ut
2508 4585 2732 4650 videtur,
2809 4588 3016 4642 etiamsi
3081 4599 3400 4659 compertum
3461 4592 3680 4659 fuisset,

2106 4675 2313 4728 nullum
2361 4674 2501 4728 illius
2540 4692 2693 4730 usum
2742 4679 3167 4748 percepissemus.
3198 4680 3265 4733 Et
3308 4681 3468 4747 paulo
3496 4683 3680 4751 infra:

2118 4763 2467 4833 Ἐρχομένοις
2492 4766 2601 4837 γάρ
2626 4782 2739 4820 τισι
2773 4768 2914 4838 μετά
2939 4769 3001 4821 τὸ
3028 4768 3126 4838 τὴν
3153 4768 3309 4821 πόλιν
3343 4769 3547 4823 ἁλῶναι
3565 4775 3676 4832 τοῖς

2104 4856 2524 4928 ὁπωσδηποτοῦν
2543 4858 2812 4929 διαδράσι,
2836 4860 3078 4922 καὶτοὺς
3120 4859 3283 4922 ἰδίους
3303 4862 3677 4931 αἰχμαλώτους

2104 4950 2434 5020 ὠνουμένοις
2464 4953 2768 5023 συνήπτετο
2793 4951 2907 5021 μετ’
2941 4950 3143 5015 αὐτῶν,
3173 4952 3266 5004 καί
3286 4968 3370 5015 τις
3401 4953 3540 5023 ἀνὴρ
3572 4970 3672 5006 κα-

2104 5042 2363 5115 λούμενος
2393 5045 2641 5115 Συμεὼν,
2668 5046 2926 5114 φρονήσει
2949 5041 3218 5112 βεϐηκὼς,
3248 5047 3343 5097 καὶ
3363 5044 3449 5098 διά
3480 5043 3673 5114 πείρας

2106 5135 2184 5191 ὢν
2227 5136 2440 5190 πολλῶν
2492 5136 2855 5206 πραγμάτων,
2886 5132 2945 5198 ὃς
2973 5129 3042 5205 ἦν
3091 5135 3229 5203 πρὸς
3276 5135 3372 5188 τοῦ
3413 5134 3678 5204 βασιλέως

2106 5227 2321 5289 σταλεὶς
2349 5225 2419 5280 δι’
2445 5226 2629 5279 αίτίαν
2648 5225 2771 5278 τινὰ
2787 5222 3022 5296 χρειώδη
3048 5223 3157 5296 πρὸ
3185 5222 3383 5296 μικροῦ
3408 5225 3476 5294 τῇ
3501 5220 3675 5284 πόλεί,

2107 5319 2237 5391 περὶ
2267 5312 2337 5391 ἦς
2375 5317 2473 5373 νῦν
2506 5318 2608 5373 οὐκ
2631 5318 2933 5386 ἀναγκατον
2960 5316 3159 5373 εἰπεῖν.
3187 5318 3415 5379 Τούτοις
3438 5310 3532 5370 οὖν
3552 5311 3675 5371 καθ’

2104 5413 2346 5483 ἑκάστην
2397 5410 2562 5483 μέχρι
2602 5409 2717 5465 τῶν
2762 5408 2991 5481 ἡμερῶν
3030 5407 3126 5463 τοῦ
3175 5408 3420 5463 ἀπόπλου
3466 5405 3677 5477 συχνῶς

2103 5505 2424 5575 ἐρχομένοις
2474 5502 2803 5557 ἀνεκοίνωσε
2855 5503 2959 5574 τὴν
3013 5500 3157 5559 κατά
3210 5499 3320 5554 τῶν
3365 5498 3677 5570 εἰρημένων

2105 5596 2307 5670 βουλὴν
2340 5598 2370 5651 δ
2394 5595 2567 5661 δεινὸς
2594 5590 2752 5659 οὗτος
2782 5594 2923 5648 λέων
2956 5592 3131 5648 εἰπὼν
3180 5592 3318 5662 πρὸς
3343 5592 3563 5659 αὐτοὺς,
3598 5592 3677 5653 ὡς

2114 5688 2259 5759 Ἐγὼ
2287 5686 2563 5758 ἀπεχθῶς,
2592 5687 2748 5757 φησὶ,
2768 5687 3068 5757 φερόμενος
3092 5681 3151 5750 ἑξ
3172 5680 3473 5754 ἀρχῆςκαθ’
3497 5681 3672 5751 ὑμῶν,

2101 5784 2199 5838 οὐκ
2233 5782 2446 5853 ἔκρινον
2488 5779 2709 5845 ζωῶσαι
2741 5778 2853 5833 τῶν
2879 5776 3119 5833 ἁλόντων
3164 5775 3390 5832 οὐδένα·
3430 5774 3512 5838 τίς
3564 5772 3671 5843 γὰρ
