4134 6416
413 422 489 499 £9

1087 432 1185 495 DE
1224 432 1570 494 SCRIPTIS
1611 431 1911 493 SYMEON
1925 431 1991 490 IS
2025 429 2609 494 METAPHRASTE
2649 434 3048 498 DIATRIBA.

3623 443 3738 505 50'

416 549 489 607 ικ
518 546 665 603 Θεοῦ
700 545 899 615 μισθὸς
950 547 1238 618 πολεμίοις
1266 548 1526 617 ἀνδράσιν
1554 548 1614 601 ἐν
1651 547 1829 619 καιρῷ
1862 547 2021 619 νίκης

2124 550 2404 619 πυρκαϊᾶς
2449 550 2800 609 διεσώσαντο.
2842 553 3251 612 Advenientibus
3300 561 3571 616 nonnullis
3614 567 3705 633 qui

421 641 519 696 τὸν
558 638 798 693 θάνατον
836 640 1173 710 συγχωρεῖν,
1206 638 1265 692 δν
1292 639 1447 693 αὐτοὶ
1475 637 1676 710 μᾶλλον
1707 640 2020 694 ἐτέκταινον

424 731 551 787 καθ’
580 731 780 802 ἡμῶνς
816 730 972 784 Ἀλλ’
1002 730 1194 801 ἐπειδὴ
1223 729 1383 801 χρεία
1405 747 1491 793 τις
1529 731 1762 798 ἐπείγει,
1795 731 1919 786 καθ’
1949 732 2018 804 ἦν
2059 736 2082 753 '

427 827 583 880 ἐστιν
637 823 959 892 ἐπάναγκες
1008 822 1302 896 ζωωθῆναι
1350 822 1594 888 τούτους,
1625 824 1783 895 εἴπερ
1828 824 2016 879 αἰτίου

429 916 591 986 τύχοι
619 916 714 970 τοῦ
744 917 1009 986 πέρατος,
1053 915 1183 986 περὶ
1212 914 1406 969 τούτου
1439 915 1563 969 καθ’
1595 916 1822 982 ἑαυτοὺς
1860 916 2019 987 ὑμεῖς

434 1009 716 1079 σκέψασθε
733 1026 749 1040 ·
781 1008 1077 1079 ἐπείγομαι
1097 1008 1207 1079 γὰρ
1232 1007 1333 1080 ἤδη
1362 1007 1457 1061 τοῦ
1480 1007 1674 1078 καιροῦ
1699 1025 1767 1079 με
1792 1008 2019 1062 καλοῦν-

432 1120 527 1165 τος
552 1102 689 1170 πρὸς
716 1099 817 1171 τὴν
858 1102 995 1153 ἰδίαν
1040 1100 1306 1154 ἀποπλεῖν
1355 1101 1612 1172 πατρίδα.
1644 1100 1885 1156 Δύνασθε
1923 1102 2017 1156 οῦν

433 1192 867 1263 ἀντιποιηθῆναι
884 1192 1096 1246 τούτων
1127 1193 1297 1246 όντων
1327 1192 1617 1247 διακοσίων
1640 1192 1733 1248 τὸν
1759 1193 2013 1266 ἀριθμὸν,

434 1287 506 1341 δι’
539 1287 822 1356 ἐγγράφου
846 1285 1076 1355 ἐγγύης,
1111 1284 1186 1348 ὡς
1215 1284 1400 1338 λαόεϊν
1426 1286 1574 1356 ἡμᾶς
1602 1286 1718 1341 ἀντ’
1748 1285 1929 1340 αὐτῶν
1959 1287 2018 1340 ἐν

435 1378 519 1449 τῷ
551 1377 731 1447 καιρῷ
757 1379 859 1446 τῆς
894 1376 1249 1445 καταλλαγῆς
1291 1377 1613 1449 ίσαρίθμους
1659 1379 2015 1450 Ἀγαρηνοὺς,

438 1469 633 1524 πεῖσαί
662 1488 720 1523 τε
744 1469 835 1523 τὸν
854 1469 1162 1542 κρατοῦντα
1185 1470 1294 1524 τῶν
1329 1471 1615 1540 Ῥωμαίων
1635 1471 1705 1524 τὰ
1733 1473 2009 1543 σκῆπτρα,
2029 1473 2044 1484 ⁸

440 1563 719 1634 μηδεμίαν
750 1564 881 1633 περὶ⁵
914 1563 1109 1616 τούτου
1144 1562 1476 1634 ἀμφιϐολίαν
1509 1562 1677 1633 ἔχειν,
1724 1563 1860 1617 ἀλλὰ
1891 1581 2017 1618 συνο

437 1656 633 1712 θέσθαι
660 1658 771 1720 τοῖς
802 1657 892 1725 ὑφ’
933 1655 1089 1726 ὑμῶν
1126 1656 1538 1725 πεπραγμένοις
1561 1670 1576 1687 ’
1622 1655 1655 1726 ἦ
1708 1655 2014 1710 δεδίττεσθε

439 1752 545 1819 μὲν
596 1746 697 1817 τὴν
741 1746 970 1815 ἐγγύην,
1012 1746 1088 1807 ὼς
1120 1744 1195 1815 μὴ
1225 1746 1282 1798 ἐν
1322 1738 1450 1815 ὑμῖν
1483 1745 1768 1815 κειμένην,
1821 1745 2017 1813 ἀδηλον

433 1840 521 1904 δν,
554 1840 588 1911 ἢ
620 1839 1091 1910 παραδεχθήσεται
1126 1836 1219 1891 ὑπ’
1264 1834 1499 1900 ἐκείνου,
1527 1835 1559 1908 ἢ
1610 1837 1720 1907 μή·
1751 1836 1809 1889 ἐν
1840 1835 2017 1889 οὐδενὶ

432 1932 495 1987 δὲ
523 1932 734 1985 τίθεται
758 1931 1011 1985 τοσοῦτον
1044 1929 1232 1995 κακὸν,
1256 1931 1459 1999 μικρᾶς
1491 1928 1834 1999 προμηθείας
1871 1928 2014 1998 μέγα

433 2021 737 2097 προξενοῦν
775 2024 888 2086 τοῖς
931 2020 1225 2090 ὁμοφύλοις
1252 2021 1343 2074 τὸν
1390 2019 1610 2091 ὀλεθρον
1634 2036 1647 2050 ο
1686 2021 1879 2072 εἴπατε
1922 2016 2016 2075 οὖν

432 2115 689 2187 ὁποτέρῳ
715 2115 922 2169 τούτων
958 2116 1240 2183 στοιχεῖτε,
1270 2113 1337 2166 ἵν’
1369 2113 1450 2167 ἐνί
1476 2130 1540 2181 γε
1573 2111 1673 2184 τὴν
1706 2111 1885 2182 ψῆφον
1908 2110 2017 2164 δῶ-

438 2225 570 2281 μεν,
594 2206 628 2279 ἢ
656 2207 752 2260 τοῦ
777 2205 1019 2271 ζωῶσαι,
1047 2204 1080 2275 ἢ
1114 2203 1208 2259 τοῦ
1239 2203 1546 2269 ἀπαλλάξαι
1573 2203 1793 2267 αὐτούς.
1833 2203 1891 2257 '0
1924 2197 2017 2257 οὖν

435 2298 631 2371 ῥηθεὶς
661 2297 908 2368 Συμεὼν,
948 2296 1046 2350 ἅτε
1091 2295 1155 2366 δὴ
1204 2295 1313 2349 τῶν
1355 2295 1531 2350 ἄλλων
1583 2294 1831 2365 προέχων
1881 2295 2018 2366 πρδς

433 2391 609 2449 αὐτὸν
635 2391 765 2462 ἔφη·
818 2389 961 2457 Ἐγὼ
991 2389 1198 2461 ταύτην
1230 2389 1330 2459 τὴν
1370 2389 1580 2459 ἐγγύην
1614 2389 1774 2460 μόνος
1815 2406 2017 2457 κατεγ·

433 2485 685 2555 γυῶμαι,
724 2483 913 2554 σαφῶς
947 2481 1105 2546 εἰδὼς
1146 2482 1208 2536 τὸ
1262 2483 1391 2555 περὶ
1430 2484 1609 2537 πάντα
1635 2483 2016 2554 φιλάνθρωπον

432 2575 534 2631 τοῦ
583 2574 708 2629 καθ’
755 2576 901 2646 ἡμᾶς
957 2574 1380 2646 αὐτοκράτορος,
1433 2574 1529 2628 καὶ
1561 2575 1636 2639 ὡς
1683 2574 1808 2646 δίχα
1855 2574 2014 2638 λόγου

432 2668 644 2731 παντὸς
667 2668 961 2738 παρέξεται
986 2668 1193 2720 τούτων
1216 2665 1426 2729 ἐνεκεν,
1456 2667 1516 2734 ἐξ
1535 2660 1611 2720 ὧν
1640 2666 1754 2737 ἔχει
1778 2667 2016 2737 δεσμίων

447 2754 773 2824 ’Δγαρηνῶν
820 2751 1133 2820 τοσούτους,
1157 2754 1272 2807 ὅσοι
1322 2755 1419 2807 καὶ
1462 2747 1609 2808 οὗτοι
1657 2757 2016 2827 τυγχάνουσιν

430 2845 614 2909 ὅντες,
645 2845 739 2910 οῦς
779 2846 872 2899 καὶ
904 2845 1069 2908 αὐτὸς
1102 2843 1211 2913 ἐγὼ
1237 2847 1303 2916 τῇ
1339 2846 1539 2915 Ταρσῷ
1586 2846 1915 2916 διακομίσω,
1949 2850 2015 2903 ἵν’

430 2938 527 2993 ἐπ’
721 2938 848 3008 ἐμοὶ
891 2938 1055 2992 πάλιν
1092 2939 1160 2993 τὰ
1188 2937 1319 3010 περὶ
1354 2939 1453 3009 τῆς
1487 2939 1693 3011 ἐγγύης
1732 2940 1890 3012 λυθῇ,
1920 2943 2017 2996 καὶ

434 3032 613 3105 μηδὶν
655 3034 787 3104 ἔχῃς
834 3034 955 3087 κατ’
984 3032 1122 3104 ἐμοῦ
1154 3031 1475 3103 προφέρειν,
1511 3033 1651 3088 ἐπὰν
1673 3033 1773 3105 τὴν
1793 3034 2019 3106 ὀφειλὴν

430 3123 806 3198 ἐκπληρώσω.
825 3123 1005 3178 Μόνον
1023 3122 1230 3194 τύχωσι
1251 3124 1357 3178 κᾶν
1379 3119 1526 3179 οὗτοί
1542 3141 1687 3188 τινος
1719 3127 2015 3197 σωτηρίας,

434 3215 530 3272 [Vb
583 3211 936 3280 συλλέξαντες
975 3216 1122 3284 ταφῇ
1183 3213 1317 3267 δῶσι
1359 3214 1470 3267 τῶν
1509 3215 1888 3286 ἀποιχομένων
1949 3216 2020 3270 τά
2045 3245 2088 3305 c

433 3305 697 3378 σώματα,
724 3306 764 3361 ἀ
779 3305 869 3360 ste
892 3306 1077 3376 πάσης
1099 3305 1199 3376 τῆς
1222 3305 1432 3369 πόλεως
1461 3305 1716 3375 κείμενα,
1737 3307 1833 3361 καὶ
1854 3307 2020 3362 αὐτὸν

430 3397 531 3453 τὸν
553 3396 697 3468 ἀέρα
723 3396 863 3466 πρὸς
907 3382 1106 3469 θρῆνον
1138 3395 1452 3464 ἐφέλκεται.
1496 3397 1683 3451 Ταῦτα
1714 3398 2020 3469 ἀκούσας-ό

432 3467 725 3561 κακοήθης
772 3467 1006 3553 ἐκεῖνος,
1043 3486 1321 3560 ἐγγραφόν
1364 3505 1428 3542 τε
1479 3489 1677 3551 πείσας
1725 3489 1817 3544 τὸν
1855 3467 2019 3545 αύτδν

432 3580 670 3652 Συμεὼν
709 3583 804 3636 καὶ
825 3580 1099 3652 ἐνώμοτον
1123 3584 1430 3652 παρασχεῖν
1458 3582 1551 3636 τὸν
1574 3584 1705 3653 περὶ
1733 3584 2018 3654 συνθηκῶν

433 3673 653 3729 τούτων
680 3670 861 3741 λόγον,
892 3672 1231 3737 ἀπολυθῆναι
1262 3672 1469 3735 πάντας
1502 3672 1746 3736 ἐκείνους
1789 3675 1916 3738 τοὺς
1959 3675 2019 3743 ἐξ

432 3766 600 3841 ἡμῶν
624 3765 1091 3834 περιττεύσαντας
1114 3764 1315 3835 ἄνδρας
1344 3765 1666 3837 ἐπέτρεψεν.
1684 3766 1901 3837 Ἐπειδὴ
1924 3769 2021 3821 καὶ

434 3859 508 3914 τὰ
533 3857 664 3929 περὶ
697 3859 890 3913 τούτου
920 3857 1099 3921 καλῶς
1139 3853 1287 3929 εἶχεν
1311 3857 1484 3928 αὐτῷ,
1525 3858 1622 3912 καὶ
1657 3861 1715 3912 ἐν
1749 3859 2021 3931 ἀσφαλείᾳ

435 3946 511 4023 ἦν
537 3950 601 4005 τὺ
624 3949 1040 4021 πανούργευμα,
1067 3950 1255 4021 ἕτερον
1273 3949 1435 4004 πάλιν
1455 3951 1554 4004 οὐκ
1579 3950 1800 4004 ἔλαττον
1826 3951 2017 4005 τούτου

433 4045 505 4115 τῇ
537 4043 806 4112 δολιότητι
832 4043 944 4096 τῶν
976 4042 1188 4113 φρενῶν
1236 4043 1567 4112 ἐπενόησεν·
1605 4044 2018 4113 πυρπολυθῆναι

435 4137 552 4205 γάρ
587 4136 809 4189 ἃπασαν
833 4135 935 4204 τὴν
965 4134 1125 4187 πόλιν
1158 4135 1550 4205 προσέταττεν,
1576 4131 1702 4209 ῐν’ᾗ
1734 4135 1828 4190 καὶ
1860 4136 2020 4190 τοῦτο

434 4224 593 4295 αὐτῷ
638 4225 700 4277 οὺ
736 4224 797 4277 τὸ
829 4223 990 4294 τυχὸν
1023 4224 1496 4294 παρεμπόρευμα,
1535 4224 1656 4296 ᾔδει
1703 4224 1816 4297 γάρ
1864 4226 1941 4290 ὡς
1969 4226 2020 4280 οἱ

430 4316 569 4377 τοῦς
607 4314 985 4385 αἰχμαλώτους
1032 4313 1364 4383 ὠνούμενοι,
1400 4313 1521 4368 οὐδὲ
1557 4314 1719 4368 τοῦτο
1755 4316 2019 4388 πράττειν

431 4406 601 4461 αὑτὸν
645 4407 705 4473 ἐξ
756 4408 1002 4477 ἀνάγκης
1049 4406 1391 4476 ἀνάσχοιντο,
1439 4407 1756 4476 αἱρούμενοι
1816 4409 2018 4477 μᾶλλον

430 4498 639 4561 αὐτοὺς
684 4498 928 4561 ἐκείνους
956 4496 1437 4569 καταπρησθῆναι,
1470 4499 1502 4571 ἢ
1547 4500 1790 4554 τοιοῦτόν
1817 4518 1870 4555 τι
1913 4501 2019 4555 κᾶν

2119 647 2386 713 utcunque
2414 644 2700 714 effugerant
2737 658 2852 718 post
2875 649 3108 703 excisum
3149 650 3352 718 urbem,
3381 661 3431 706 et
3472 655 3703 724 captivos

2119 736 2357 804 proprios
2388 737 2780 806 redimentibus,
2810 756 2919 793 una
2943 746 3062 795 cum
3083 741 3149 795 iis
3176 741 3462 797 advenerat
3491 745 3591 808 vir,
3618 749 3703 800 cui

2118 822 2366 896 Symeoni
2398 843 2587 883 nomen
2622 839 2758 896 erat,
2794 842 3037 902 provecta
3067 834 3372 904 prudentia,
3405 844 3454 890 et
3507 837 3703 891 multa-

2119 932 2237 969 rum
2285 934 2461 972 rerum
2491 923 2811 989 experientia
2856 922 3092 979 celebris.
3129 924 3227 979 Ille
3274 923 3341 978 ab
3384 926 3704 996 imperatore

2119 1007 2281 1074 paulo
2312 1019 2436 1063 ante
2466 1011 2521 1064 in
2550 1012 2730 1066 urbem
2758 1013 2821 1069 ob
2859 1030 3079 1070 causam
3109 1017 3341 1071 maxime
3380 1028 3702 1087 percommo-

2120 1098 2246 1153 dam
2277 1101 2467 1156 missus
2503 1115 2827 1171 accesserat,
2857 1107 2919 1162 de
2959 1123 3062 1177 qua
3115 1124 3252 1161 nunc
3290 1108 3496 1179 aliquid
3532 1111 3704 1165 dicere

2120 1209 2291 1262 operte
2332 1195 2557 1265 pretium
2585 1213 2685 1251 non
2731 1199 2910 1268 fuerit.
2961 1199 3061 1254 His
3096 1198 3273 1272 itaque
3303 1202 3533 1271 quotidie
3577 1218 3704 1257 con-

2120 1283 2398 1355 fertimque
2428 1286 2500 1339 ad
2525 1300 2783 1343 recessum
2807 1306 2973 1362 usque
3000 1293 3222 1347 nauium
3253 1294 3702 1360 concurrentibus,

2119 1374 2397 1430 consilium
2419 1392 2573 1431 suum
2603 1380 2859 1435 adversus
2879 1381 3002 1451 jam
3038 1383 3204 1437 dictas
3229 1384 3451 1439 immitis
3480 1385 3577 1439 iste
3602 1384 3706 1438 Leo

2120 1469 2541 1525 communicarit.
2578 1470 2712 1540 Ego,
2749 1474 2847 1537 ait,
2876 1474 3021 1529 vobis
3064 1476 3130 1530 ab
3163 1476 3317 1531 initio
3365 1477 3597 1548 infensus
3643 1494 3706 1530 ea:

2120 1559 2340 1627 captivis
2377 1562 2635 1616 neminem
2671 1564 2841 1618 vivum
2896 1567 3191 1638 relinquere
3225 1570 3281 1622 in
3309 1571 3490 1624 animo
3527 1567 3704 1624 habui.

2121 1648 2249 1713 Qute
2278 1652 2418 1704 enim
2445 1668 2509 1706 ea:
2547 1653 2657 1707 Deo
2690 1662 2887 1710 merces
2919 1665 2993 1710 est
3031 1656 3266 1712 hostibus
3300 1660 3532 1713 victoria
3567 1670 3703 1714 tem-

2119 1755 2246 1809 pore
2301 1751 2520 1796 mortem
2572 1745 2903 1814 condonare,
2966 1748 3057 1818 qui
3110 1748 3265 1803 illam
3320 1750 3567 1804 adversus
3614 1766 3707 1805 nos

2122 1832 2290 1902 magis
2336 1833 2516 1887 sedulo
2551 1839 2954 1903 procurabant?
2989 1837 3094 1901 Sed
3139 1855 3258 1894 cum
3290 1842 3575 1897 necessitas
3611 1859 3711 1899 αι’-ν

2117 1932 2260 1991 geat,
2287 1932 2343 1976 ut
2370 1924 2426 1977 hi
2454 1929 2756 1996 superstites
2785 1931 2983 1995 vivant,
3015 1932 3276 1999 siquidem
3306 1934 3585 2002 fortunata
3601 1936 3705 2004 ﬁne

2119 2029 2202 2067 res
2232 2017 2507 2084 sortiatur,
2537 2020 2600 2073 de
2636 2021 2732 2074 hoc
2769 2022 2908 2077 inter
2943 2028 3033 2077 vos
3088 2026 3390 2095 castnetipsi
3430 2028 3705 2082 consulite.

2117 2104 2239 2159 1am
2270 2108 2408 2162 enim
2446 2126 2620 2181 cogor,
2654 2122 2959 2184 tempestate
2999 2126 3240 2184 poscente
3265 2118 3337 2171 ad
3363 2120 3578 2189 propria
3622 2136 3704 2173 re—

2120 2214 2316 2252 meare.
2359 2198 2621 2257 Valetisne
2660 2206 2714 2258 in
2763 2221 2850 2260 vos
2891 2222 3177 2275 assumere,
3206 2210 3324 2263 cum
3368 2210 3423 2262 hi
3458 2211 3566 2264 sint
3605 2227 3706 2266 nu-

2119 2305 2262 2343 mero
2302 2293 2532 2360 ducenti,
2560 2297 2927 2366 ﬁdeijussione
2977 2301 3174 2372 scripto
3215 2302 3549 2373 consignata,
3591 2320 3703 2368 nos,

2118 2397 2214 2450 pro
2239 2383 2322 2447 iis,
2351 2399 2466 2438 eum
2497 2388 2857 2443 reconciliatio
2891 2392 3188 2446 concordia
3218 2393 3492 2449 subsecuta
3522 2394 3705 2464 fuerit.

2120 2481 2194 2526 tot
2222 2474 2356 2531 alios
2384 2475 2656 2547 Agarenos
2678 2491 3001 2549 recepturos,
3023 2484 3448 2555 persuadereque
3487 2501 3567 2539 res
3599 2482 3706 2539 Ro-

2120 2578 2399 2620 manorum
2453 2569 2759 2629 moderanti
2787 2574 2901 2626 sine
2930 2570 3055 2628 ulla
3110 2575 3445 2630 hazsitatione
3478 2594 3510 2630 a
3558 2576 3707 2631 vobis

2118 2658 2289 2724 pactis
2320 2674 2594 2713 ascensum
2624 2662 2855 2729 praebere
2883 2680 2902 2717 :
2931 2679 3002 2717 an
3042 2667 3158 2720 vero
3187 2666 3449 2721 dubitatis
3480 2669 3705 2722 similem

2119 2748 2538 2819 ﬁdeijussionem
2577 2753 2633 2806 in
2674 2764 2847 2808 vestra
2890 2767 3149 2823 potestate
3178 2772 3283 2812 non
3316 2766 3450 2825 esse,
3493 2774 3611 2813 cum
3652 2762 3735 2814 in"

2118 2840 2318 2893 incerto
2348 2857 2427 2894 res
2461 2843 2706 2912 pendent,
2740 2862 2812 2899 an
2844 2846 2909 2900 ab
2939 2862 3000 2901 eo
3056 2850 3362 2918 excipienda
3398 2852 3490 2917 sit,
3539 2853 3709 2923 negli-

2118 2939 2314 3000 gatque
2338 2940 2541 2986 tantunt
2570 2934 2793 2996 malum,
2822 2935 3118 3008 pusilloque
3145 2938 3403 2993 desiderio
3427 2950 3708 3010 postponat

2118 3022 2372 3076 damnum
2428 3040 2525 3078 suo
2581 3029 2755 3096 generi
2801 3029 3129 3083 tantumdem
3175 3030 3436 3086 noxium?
3481 3031 3711 3088 Dicitote

2119 3130 2243 3185 ergo
2289 3126 2468 3171 utrum
2514 3121 2837 3190 approbatis,
2871 3123 3124 3188 vitamne,
3165 3136 3237 3177 an
3293 3125 3540 3179 cladem?
3582 3124 3709 3180 Tum

2120 3206 2294 3261 dictus
2340 3206 2590 3279 ngeon,
2626 3221 2881 3284 tanquam
2923 3214 3046 3268 aliis
3093 3217 3434 3284 pra’stantior
3468 3220 3546 3271 sic
3590 3226 3708 3272 eum

2121 3300 2508 3373 aﬂ'atur:Ego
2555 3303 2690 3357 hanc
2733 3306 3148 3375 [ideijussionem
3189 3308 3331 3363 solus
3365 3310 3541 3378 ﬁrmo,
3591 3327 3708 3364 cum

2120 3391 2247 3445 bene
2277 3395 2443 3447 nostri
2485 3394 2823 3463 imperatoris
2859 3400 2928 3452 ad
2954 3401 3133 3454 omnia
3170 3400 3557 3454 humanitatem
3600 3403 3712 3456 cal-

2120 3487 2260 3541 leam
2282 3502 2301 3540 :
2323 3498 2371 3542 et
2399 3487 2515 3560 [55]
2548 3490 2744 3560 absque
2759 3489 2873 3543 ulla
2899 3490 3325 3560 tergiversatione
3344 3506 3440 3561 pro
3463 3491 3543 3545 his
3563 3491 3708 3545 exhio

2121 3577 2253 3633 bebit
2279 3597 2344 3635 ea:
2371 3582 2589 3651 captivis
2614 3583 2979 3653 Agarenorum
3009 3590 3084 3637 tot
3131 3583 3289 3651 alios,
3319 3590 3445 3654 quot
3468 3582 3523 3637 hi
3563 3595 3708 3648 sunt,

2119 3690 2249 3745 quos
2275 3675 2390 3744 ipse
2404 3675 2629 3729 Tarsum
2650 3676 2909 3745 deferam,
2937 3684 2994 3729 ut
3025 3690 3213 3730 rursus
3231 3677 3288 3729 in
3313 3692 3396 3730 me
3419 3676 3709 3745 ﬁdeijussio

2119 3764 2456 3830 dissolvatur,
2490 3765 2722 3836 nihilque
2767 3768 3065 3835 pratendas
3099 3776 3283 3819 contra
3319 3781 3421 3832 me,
3458 3776 3578 3820 eum
3615 3768 3708 3821 de-

2121 3857 2287 3911 bitum
2319 3857 2656 3912 exsolveritn.
2693 3858 2918 3912 Tantum
2952 3858 3007 3911 hi
3042 3858 3287 3912 libertate
3322 3858 3615 3928 potiantur,
3649 3869 3706 3912 ut

2119 3949 2398 4003 recollecta
2437 3950 2720 4013 cadavera,
2752 3965 2869 4019 qua
2894 3964 2987 4019 per
3016 3951 3318 4004 universam
3360 3952 3541 4004 urbem
3580 3968 3708 4019 pro-

2112 4039 2258 4110 jeeta
2283 4057 2458 4095 aerem
2480 4041 2651 4110 ipsum
2674 4042 2730 4095 in
2767 4042 2852 4096 sui
2882 4042 3274 4097 miserationem
3328 4058 3390 4096 ac
3443 4043 3709 4115 lacrymas

2122 4133 2359 4198 trahunt,
2393 4134 2672 4203 sepeliant.
2704 4133 2800 4188 His
2836 4132 2926 4188 ille
2958 4134 3150 4199 malus,
3179 4136 3558 4203 perversusque
3585 4151 3709 4203 per-

2121 4225 2304 4293 ceptis,
2351 4226 2539 4279 suadet
2580 4223 2850 4297 ngeoni,
2886 4235 2944 4280 ut
2993 4228 3192 4296 scripto
3242 4235 3399 4297 pacta
3447 4227 3546 4280 illa
3590 4242 3727 4280 cons

2119 4313 2308 4383 signet,
2337 4324 2386 4368 et
2413 4314 2773 4385 jurejurando
2801 4317 3077 4386 conﬁrmet
3104 4333 3122 4371 :
3151 4324 3259 4371 tum
3287 4330 3464 4371 omnes
3480 4315 3599 4371 illos
3619 4316 3710 4372 ho-

2119 4407 2307 4471 mines,
2354 4409 2446 4478 qui
2491 4424 2556 4462 ea:
2599 4410 2793 4462 nostris
2841 4417 3176 4479 supererant,
3218 4407 3350 4463 solvi
3414 4409 3715 4471 inundavit,

2124 4498 2255 4554 Hau:
2289 4512 2407 4554 cum
2435 4512 2681 4569 prospere
2707 4500 3033 4566 absolvisset,
3067 4502 3412 4572 fraudemque
3451 4500 3707 4572 comples-

427 4591 574 4663 ἀκοῇ
609 4589 1051 4661 παραδέξασθαι·
1101 4591 1269 4661 μήπω
1299 4590 1413 4662 γὰρ
1455 4590 1565 4645 τῶν
1607 4592 1908 4664 Βαρϐάρων
1931 4594 2021 4648 διά

2123 4601 2222 4655 set,
2258 4593 2427 4647 aliam
2458 4606 2564 4647 non
2611 4595 2865 4649 minorem
2900 4594 3195 4648 calliditate
3239 4592 3455 4663 propria
3489 4593 3721 4646 commic.

434 4683 610 4755 μέσου
639 4680 739 4753 τῆς
784 4682 993 4745 πόλεως
1033 4682 1134 4754 τὴν
1164 4682 1341 4752 φλόγα
1389 4683 1849 4755 διασπειράντων,
1900 4686 2016 4740 ἀλλ’

429 4774 521 4829 [si
549 4774 652 4836 τάς
714 4774 1125 4839 πλησιαζούσας
1174 4777 1244 4845 τῇ
1298 4772 1546 4845 θαλάσσῃ
1597 4777 2020 4845 πυρπολούντων

427 4866 639 4931 οἰκίας,
670 4864 830 4935 μόνον
860 4867 943 4920 δτι
968 4865 1105 4935 πρὸς
1137 4865 1201 4918 τὺ
1229 4866 1595 4920 καταϐάλλειν
1622 4868 1721 4928 τὰς
1751 4869 1896 4939 ὑπὲρ
1920 4871 2020 4940 τῆς

431 4960 648 5022 πόλεως
678 4958 844 5028 τιμάς
863 4959 915 5011 οἱ
950 4957 1218 5029 παρόντες
1247 4960 1385 5029 πρὸς
1414 4960 1684 5028 ἀλλήλους
1707 4961 2019 5032 ἐκύρωσαν,

429 5053 534 5108 καὶ
550 5051 717 5105 πάλιν
735 5052 1064 5122 πρόσταγμα
1080 5050 1358 5122 πανταχοῦ
1377 5052 1732 5123 διεπέμπετο,
1747 5054 2021 5108 παύεσθαι

429 5147 538 5216 τῆς
561 5142 770 5208 οἰκείας
808 5142 1131 5212 συνεργείας
1163 5144 1225 5196 τὸ
1252 5142 1389 5215 πῦρ,
1414 5144 1488 5207 ὡς
1511 5146 1589 5208 εἰς
1613 5146 1851 5217 χρηστὸν
1872 5146 2022 5216 αὑτῷ

431 5241 613 5309 πέρας
675 5237 771 5290 καὶ
811 5235 1017 5306 ταύτης
1061 5235 1433 5308 προελθούσης
1486 5238 1586 5307 τῆς
1637 5237 1905 5301 ἐπινοίας.
1957 5238 2021 5291 οι

429 5330 547 5401 γὰρ
590 5329 781 5400 ἄνδρες
838 5329 1043 5382 ἐκεῖνοι
1096 5331 1193 5382 σὺν
1244 5329 1323 5399 τῷ
1363 5329 1582 5401 ῥηθέντι
1636 5330 1885 5401 Συμεὼν.
1947 5331 2021 5402 μὴ

430 5423 655 5491 ιχοντες
674 5421 900 5476 ἄλλοθέν
923 5419 1089 5473 ποθεν
1119 5420 1527 5475 καταϐαλέσθαι
1546 5420 1645 5493 τὴν
1676 5437 1742 5475 πε
1754 5422 1808 5492 pl
1831 5421 2020 5476 τούτου

431 5515 737 5586 ποσότητα,
769 5515 838 5568 τὰ
870 5514 966 5567 δύο
994 5515 1296 5584 ὑπέσχοντο
1336 5515 1431 5568 τοῦ
1482 5514 1711 5584 χρυσίου
1759 5515 2019 5582 τάλαντα,

434 5612 586 5680 ειπερ
608 5603 675 5680 ἦν
696 5611 724 5662 ό
745 5607 926 5663 θανὼν
956 5608 1021 5659 ἐκ
1042 5604 1153 5660 τῶν
1182 5607 1434 5679 ῥοπάλων
1481 5607 1737 5679 εὐνοῦχος
1764 5610 1901 5679 πρὸς
1930 5609 2022 5663 τὸν

436 5700 775 5773 εῖτριιμγιόνιιΔ
796 5696 1219 5766 ἐξαποστείλας,
1269 5696 1304 5753 ἀ
1330 5697 1426 5753 καὶ
1478 5698 1671 5753 θᾶττον
1720 5700 2023 5770 ἀγαγόντες

434 5790 528 5846 {id
576 5806 738 5845 τινων
778 5786 1171 5859 ιιίαχυδρόμων,
1219 5785 1346 5841 δθεν
1379 5788 1742 5859 ἐκρύπτοντο,
1776 5790 1868 5843 καὶ
1908 5791 2023 5853 τοῖς

429 5882 745 5957 Βαρὸόροις
791 5880 1303 5952 ἐναριθμησαντες,
1343 5879 1518 5945 οὕτως
1554 5883 1655 5952 τὴν
1713 5882 1869 5936 πόλιν
1923 5883 2024 5953 τῆς

2123 4686 2368 4743 niscitur.
2428 4684 2737 4741 Universum
2784 4686 2967 4741 urbem
3014 4689 3133 4757 igne
3179 4686 3424 4740 succendi
3443 4684 3614 4756 jubet,
3653 4692 3711 4737 ut

2121 4779 2218 4832 hoc
2238 4786 2440 4849 quoque
2468 4779 2820 4849 negotiatieni
2849 4777 3054 4831 lucrum
3086 4776 3375 4839 accederet,
3396 4792 3490 4829 nec
3516 4776 3708 4829 incom-

2122 4869 2292 4922 mode.
2319 4868 2528 4923 Sciebat
2556 4869 2719 4931 enim,
2742 4868 2834 4938 qui
2858 4868 3095 4938 captivos
3118 4866 3468 4930 redimebant,
3498 4865 3707 4918 Omnino

2124 4966 2396 5024 nunquam
2429 4958 2487 5011 id
2521 4959 2888 5028 permissuros,
2921 4958 3175 5012 electurus
3205 4957 3379 5025 potitts
3407 4963 3567 5010 semet
3592 4969 3712 5008 sue-

2123 5052 2295 5105 censis
2341 5051 2550 5121 ignibus
2595 5051 2806 5115 torreri,
2836 5065 2995 5121 quam
3031 5049 3139 5104 tale
3176 5048 3451 5119 quidpiam
3480 5046 3559 5100 vel
3599 5045 3708 5099 solo

2125 5141 2314 5194 auditu
2342 5141 2621 5195 sustinere.
2644 5139 2907 5195 )Nondum
2934 5139 3072 5194 enim
3104 5152 3137 5192 a
3166 5137 3421 5192 Barbaris
3450 5137 3506 5187 in
3534 5132 3708 5187 media

2123 5234 2251 5288 urbe
2290 5234 2513 5302 ﬂamma
2558 5241 2857 5302 asportata,
2903 5234 2995 5287 sed
3057 5231 3225 5287 adhuc
3274 5229 3413 5282 mari
3455 5226 3709 5296 proximis

2123 5324 2326 5381 (edibus
2356 5320 2801 5397 deﬂagrantibus,
2833 5324 2924 5391 qui
2952 5330 3062 5374 tum
3091 5321 3315 5374 aderant
3350 5318 3576 5387 pretium
3615 5331 3711 5385 pro

2123 5422 2249 5475 urbe
2295 5428 2486 5489 ponere
2528 5421 2670 5473 inter
2716 5435 2771 5472 se
2816 5416 3091 5472 stabitiunt
3133 5431 3151 5470 :
3202 5418 3516 5467 rursitntaue
3556 5410 3709 5481 jussu

2122 5524 2328 5583 quoque
2369 5518 2717 5584 sparguntur,
2756 5512 2926 5582 ignem
2957 5513 3024 5565 ab
3059 5508 3258 5563 a'dibus'
3284 5506 3727 5567 submovenaum,.

2123 5620 2243 5658 cum
2274 5613 2324 5658 et
2353 5606 2493 5658 hanc
2526 5604 2833 5658 machinam
2857 5606 3104 5672 prospere
3131 5601 3233 5654 sibi
3266 5600 3579 5653 successisse
3621 5611 3709 5649 eo-

2124 5704 2416 5768 gnosceret.
2472 5694 2583 5751 Viri
2633 5698 2771 5751 enim
2806 5697 2889 5751 illi
2942 5697 3065 5750 cum
3101 5695 3241 5749 dicto
3282 5692 3557 5764 ngeane,
3591 5698 3710 5745 cum

2126 5804 2229 5844 non
2258 5790 2509 5845 haberent
2536 5788 2752 5843 aliunde
2786 5786 3014 5857 pretium
3048 5787 3125 5841 rei
3150 5785 3427 5854 conﬁcere,
3457 5785 3561 5835 duo
3589 5778 3708 5832 auri

2129 5884 2330 5940 talenta
2368 5883 2742 5953 promiserunt,
2779 5892 2894 5950 qua:
2940 5878 3206 5933 eunuchus
3264 5874 3491 5948 fustibus
3526 5876 3724 5923 incedo-
