4134 6416
447 436 510 500 51
1741 444 2018 505 LEONIS

2127 445 2316 504 .LA'I‘l
2328 445 2354 504 Ι
3052 451 3059 459 ”
3646 454 3717 518 52

449 558 534 601 tus
557 546 628 600 ad
654 545 1040 619 Strymmonem
1069 549 1368 620 dimiserat,
1394 555 1507 610 illis
1540 555 1788 611 citissime
1815 574 1906 628 per
1939 575 2027 614 ue-
2057 565 2102 620 Α
2131 558 2286 612 tibus.
2318 557 2606 629 Postquam
2656 572 2832 641 auten:
2872 561 2986 626 eius
3035 563 3165 631 ﬁdes
3219 564 3320 633 fuit
3359 565 3414 618 in
3453 565 3529 618 his
3557 566 3715 622 rebus

447 636 588 690 loces
635 653 892 704 cursores,
933 642 1070 697 unde
1112 643 1371 711 latebam,
1403 644 1657 712 advectis,
1685 659 1736 702 et
1770 649 2028 704 Barbaris
2129 659 2392 729 spectata,
2423 660 2471 704 et
2505 636 2798 720 praedicata
2852 655 3012 708 simul
3049 672 3168 710 cum
3219 659 3432 712 arcanis
3473 659 3711 726 publicas

450 727 766 792 numeratis,
793 727 976 783 urbem
995 731 1058 784 ab
1078 732 1318 786 incendio
1341 747 1738 792 conseruerant.
1759 737 1854 792 His
1871 740 2030 808 plane

443 818 809 886 concluditur,
857 823 1030 878 multo
1063 839 1228 894 quam
1280 825 1372 881 isti
1421 827 1652 896 faciunt,
1699 829 2028 900 Symeonem

441 916 606 965 aetate
635 911 981 982 grandiorem
1013 914 1205 970 fuisse.

511 1001 606 1066 Et,
654 1013 713 1057 ut
753 1004 924 1076 magis
971 1021 1222 1077 urgeam,
1283 1006 1519 1079 Symeon
1573 1010 1691 1080 ipse
1741 1027 1895 1066 suam
1937 1029 2004 1068 eo

445 1101 695 1163 tempore
745 1105 964 1152 aetatem
1003 1098 1309 1154 edisserat:
1356 1100 1410 1154 in
1443 1101 1566 1158 Vita
1599 1111 1802 1158 sancta:
1844 1103 2025 1158 Theo-

445 1182 635 1240 etistes
657 1196 881 1258 rogatur
911 1203 941 1242 a
980 1189 1255 1260 Symeone
1285 1193 1617 1248 anachoreta
1645 1210 1717 1250 ne
1749 1195 2024 1250 scribendi

443 1289 584 1329 onus
603 1276 889 1344 detrectet,
909 1295 1210 1352 causasque
1225 1284 1549 1353 praetendat,
1569 1286 1768 1354 quibus
1783 1301 1842 1340 se
1857 1303 1886 1340 a
1903 1302 2025 1341 sus-

443 1365 698 1436 cipiendo
739 1369 1014 1426 scribendi
1045 1389 1272 1428 munere
1301 1375 1606 1430 subtrahat.
1635 1376 1862 1442 Causas,
1888 1392 2023 1446 quas

446 1464 660 1524 poterat
674 1458 870 1515 aﬂ‘erre
887 1460 1282 1531 Metaphrastes
1299 1463 1590 1532 praecipuae
1607 1479 1730 1518 esse
1747 1475 2018 1534 poterant:

447 1543 638 1612 Λόγων
671 1547 923 1616 ἀπορίαν,
957 1550 1224 1614 δουλείας,
1255 1553 1488 1620 γυναῖκα
1519 1555 1616 1606 καὶ
1643 1555 1832 1620 τέκνα,
1864 1557 2016 1610 οἴκου

447 1638 752 1707 φροντίδας.
781 1641 986 1694 dicendi
1007 1643 1264 1712 inopiam,
1297 1647 1630 1701 servitiorum
1649 1650 2018 1719 frequentiam,

445 1729 642 1792 uxoris,
665 1741 712 1782 et
737 1729 966 1798 filiorum
979 1733 1296 1802 molestiam,
1312 1747 1360 1791 et
1377 1745 1560 1793 domus
1578 1741 1822 1808 proprias
1837 1756 2014 1794 curas.

443 1816 715 1888 Neglectis
746 1821 990 1892 reliquis,
1041 1825 1198 1890 duas,
1229 1828 1325 1883 sed
1379 1829 1706 1884 brevissime
1737 1831 2018 1885 examina-

443 1909 535 1974 bo,
579 1909 845 1977 δουλείας,
877 1915 1095 1970 seruitia
1126 1918 1338 1987 publica
1369 1920 1539 1977 fuisse
1576 1921 1644 1976 ab
1691 1921 2020 1992 imperatore
2053 1899 2093 1955 Β

444 2004 502 2058 in
529 2005 694 2060 variis
738 2009 966 2079 negotiis
1013 2011 1328 2083 reipublicae
1371 2015 1730 2080 demandata,
1790 2017 2017 2071 dubium

445 2111 556 2151 non
583 2107 690 2153 est.
717 2099 855 2171 Ergo
883 2117 992 2156 non
1021 2112 1135 2158 tum
1175 2105 1414 2175 primum
1450 2108 1608 2178 legati
1637 2123 1862 2164 munere
1888 2109 2018 2164 lun-

446 2186 690 2254 gebatur,
737 2191 832 2245 sed
865 2193 1137 2249 similibus
1189 2205 1460 2262 assuetus,
1504 2207 1666 2269 atque
1719 2199 2014 2266 exercitus,

447 2285 508 2330 ut
535 2279 654 2332 sine
700 2279 985 2336 mendacio
1010 2282 1212 2354 aliquid
1261 2285 1361 2341 sibi
1393 2287 1704 2358 imponendi
1733 2290 1799 2344 ad
1849 2305 2020 2344 excu-

448 2366 690 2422 tiendum
719 2368 988 2441 laborem,
1011 2373 1498 2448 denegandumque
1535 2381 1678 2449 quod
1704 2381 2016 2450 petebatur,

446 2457 579 2510 satis
609 2467 817 2514 essent.
853 2461 1031 2516 Altera
1066 2472 1169 2530 est,
1228 2481 1382 2528 uxor,
1407 2477 1462 2520 et
1493 2466 1611 2532 lilii,
1641 2469 1711 2520 Σὺ
1743 2468 1840 2538 μὲν
1887 2469 2018 2532 ἴσως

445 2549 772 2622 σι-τροερετιισίσαςλΓ
796 2554 922 2624 περὶ
961 2547 1035 2607 ὧν
1081 2555 1268 2620 ἀξιοῦν
1309 2557 1478 2611 ἐθέλω
1519 2575 1612 2611 σου
1639 2557 1738 2630 τὴν
1769 2559 2014 2630 ἀγάπην,

445 2641 682 2712 ἀπορίαν
711 2643 904 2712 λόγων,
930 2645 962 2717 ἢ
995 2646 1248 2702 δουλειῶν
1280 2649 1608 2720 ἀφορμὰς,ἧ
1645 2651 1903 2717 γυναικὸς
1925 2653 2018 2706 καὶ

445 2733 672 2808 τέκνων,
699 2737 791 2798 καὶ
817 2737 966 2790 οἴκου
1006 2741 1290 2809 φροντίδας
1319 2782 1333 2806 ,
1384 2743 1417 2812 ἦ
1461 2761 1614 2806 τινας
1645 2742 1734 2798 ἄλ)
1747 2761 1808 2806 ας
1842 2744 2020 2808 αἰτίας

445 2823 866 2896 διακρουόμενος
915 2827 1074 2898 ἡμῶν
1114 2831 1212 2900 τὴν
1243 2831 1486 2896 ἀξίωσιν.
1523 2832 1666 2900 Ἐγὼ
1691 2834 1747 2886 δέ
1799 2849 1879 2886 σοι
1926 2835 2019 2886 καὶ

443 2916 768 2988 εὐημερίαν,
819 2920 914 2974 καὶ
963 2921 1224 2992 εὐπορίαν
1280 2923 1500 2978 πάντων
1559 2924 2014 2993 ἐπαγγέλλομαι,

445 3011 541 3064 καὶ
581 3009 778 3082 πολλὴν
827 3014 1133 3084 ἐκελειρίαν
1185 3015 1384 3086 εὑρεῖν.
1429 3020 1498 3070 Tu
1534 3018 1741 3086 quidem
1795 3018 2018 3087 fortasse

445 3101 518 3154 ad
550 3112 598 3154 te
625 3105 975 3158 excusandum
999 3107 1061 3158 de
1082 3122 1186 3159 non
1216 3106 1546 3177 suscipiendo
1576 3123 1654 3168 eo,
1682 3109 1746 3160 de
1771 3122 1872 3176 quo
1899 3123 2016 3160 sum

447 3204 595 3252 luant
643 3204 922 3266 rogaturus
959 3199 1304 3264 c/iaritatem,
1357 3201 1413 3252 in
1454 3201 1684 3254 medium
1739 3201 1967 3253 adduces
2000 3239 2014 3265 ,
2045 3233 2089 3295 Ο

445 3301 745 3354 sermonum
787 3289 1041 3357 inopiam,
1069 3301 1163 3344 aut
1191 3293 1517 3346 servitiorum
1551 3293 1868 3356 occasiones,
1927 3301 2020 3345 aut

445 3382 651 3446 uxoris,
695 3390 746 3434 et
777 3383 1081 3451 liberorum,
1111 3394 1160 3439 et
1206 3389 1390 3440 domus
1437 3403 1642 3451 curam,
1687 3394 1780 3439 aut
1810 3385 2020 3457 aliquas

447 3472 591 3538 alias
635 3488 846 3540 causas,
893 3493 1144 3546 recusans.
1187 3479 1262 3542 id,
1296 3480 1359 3532 de
1394 3494 1496 3548 quo
1525 3495 1616 3532 nos
1663 3487 1712 3532 te
1750 3494 2020 3548 rogamus.

445 3564 560 3635 Ego
600 3577 780 3623 autem
827 3569 918 3622 tibi
957 3586 1135 3624 rerum
1191 3572 1617 3640 prosperitatem,
1667 3571 2017 3641 fertilitatem,

447 3663 497 3706 et
546 3654 928 3712 abundantiam
1146 3677 1321 3714 rerum
1353 3663 1586 3716 omnium
1641 3661 1917 3730 polliceor,
1971 3671 2022 3715 et

447 3745 560 3814 fore
592 3757 652 3800 ut
673 3765 922 3818 magnum
952 3750 1046 3804 tibi
1081 3761 1323 3820 suppetat
1355 3754 1538 3806 otium.
1574 3751 1858 3819 Quomodo
1894 3769 2024 3824 ergo

445 3837 538 3906 qui
571 3840 776 3906 majora
797 3840 853 3895 in
883 3843 1164 3916 republica
1206 3859 1374 3915 Opera
1414 3845 1688 3900 sustinere
1715 3856 1772 3900 et
1815 3854 2028 3916 poterat

447 3929 505 3978 et
575 3922 786 3987 solebat
831 3965 844 3990 ,
891 3927 1094 3996 quique
1140 3929 1291 3982 uxori
1357 3931 1646 4000 adjunctus
1703 3931 1906 3987 liberos
1961 3947 2028 3986 ex

447 4013 542 4068 illa
591 4026 975 4084 procreaverat
1006 4019 1192 4088 plures
1228 4061 1242 4086 ,
1276 4021 1464 4092 viginti
1522 4027 1754 4078 duorum
1805 4026 1890 4078 vel
1944 4025 2028 4078 vi-

448 4105 584 4174 ginti
639 4114 696 4160 et
759 4117 994 4177 quatuor
1041 4125 1310 4166 annorum
1362 4121 1480 4168 erat
1512 4153 1526 4179 ,
1589 4121 1646 4168 et
1687 4114 1853 4169 nimis
1893 4115 2024 4170 ado-

449 4193 805 4264 lescentulus,
862 4209 918 4254 et
962 4215 1074 4256 non
1121 4203 1301 4272 potius
1351 4205 1741 4276 quadraginta,
1794 4215 1889 4260 aut
1939 4207 2028 4261 tri-

450 4291 600 4360 ginta
647 4291 893 4362 quinque
958 4293 1243 4348 minimum
1307 4296 1534 4351 natus?
1601 4294 1750 4352 Ordo
1813 4313 2028 4368 quoque

450 4382 568 4452 ipse
617 4399 801 4437 rerum
855 4394 1130 4454 gestarum
1172 4386 1224 4442 id
1263 4388 1520 4457 postulat,
1563 4389 1613 4444 id
1663 4390 1926 4460 exposcit,
1973 4391 2026 4445 id

451 4472 676 4538 stabiqlit‘.
721 4475 1024 4546 Antequam
1077 4477 1224 4532 enim
1267 4477 1660 4549 Metaphrastes
1704 4480 1889 4534 munia
1923 4496 2028 4550 pu-

2131 757 2332 812 quoquc
2363 758 2520 797 curas
2548 747 2771 814 suscepit
2800 763 2822 810 ;
2873 747 3006 800 adeo
3059 758 3114 802 ut
3167 750 3484 817 imperatori
3511 769 3708 806 renun-

2131 831 2292 884 tiaret
2331 847 2416 894 ea,
2471 851 2587 904 quin
2625 837 2909 906 offerebant
2962 840 3147 903 exteri,
3180 850 3229 894 et
3281 859 3465 896 rursus
3515 847 3708 900 exteris

2127 936 2245 990 quae
2257 923 2472 994 jubebat
2497 926 2804 993 imperator.
2825 927 2959 994 Quae
2978 938 3160 983 autem
3192 940 3321 984 sunt
3343 931 3446 986 illae
3475 935 3705 1004 πράξεις

2131 1013 2553 1083 μυστικώτεραι,
2590 1016 2736 1072 illius
2765 1019 3025 1088 temporis
3055 1023 3290 1090 scriptor
3315 1023 3554 1094 Ignarius
3577 1027 3697 1082 dia-

2127 1121 2300 1160 conus
2335 1107 2387 1161 in
2422 1106 2542 1162 Vita
2563 1109 2734 1162 sancti
2774 1108 3064 1180 Nicephori
3089 1113 3413 1181 patriarchae
3439 1115 3708 1172 Constan-

2129 1197 2496 1267 tinopolitani,
2559 1199 2630 1254 ita
2653 1201 2910 1271 explicat.
2966 1204 3077 1256 Καὶ
3102 1204 3203 1274 τὴν
3245 1205 3333 1258 διὰ
3369 1208 3554 1278 χειρὸς
3608 1209 3707 1263 καὶ

2129 1289 2358 1358 μέλανος
2381 1291 2576 1360 τέχνην
2611 1293 2934 1362 ποιούμενος
2955 1311 2968 1324 ·
3005 1296 3179 1369 ᾑρέθη
3204 1297 3311 1366 γὰρ
3341 1303 3701 1370 υπογραφεὺς

2123 1381 2235 1440 τοῖς
2281 1379 2392 1431 τῶν
2445 1380 2796 1451 κρατούντων
2847 1387 3171 1456 μυστηρίοις
3235 1389 3697 1460 ὑπηρετούμενος.

2123 1469 2280 1524 Οὕτω
2321 1471 2432 1542 γὰρ
2492 1473 2644 1543 παρὰ
2702 1477 2769 1546 τῇ
2816 1477 3064 1531 Αὑσονίδι
3108 1479 3374 1551 διαλέκτῳ
3439 1481 3498 1534 τὸ
3545 1483 3700 1550 ἀση-

2121 1561 2337 1629 κρῆτις
2364 1562 2558 1630 ὀνομα,
2576 1566 2698 1618 ὀὲπὶ
2719 1567 2827 1620 τῶν
2855 1570 3172 1640 μυστηρίων
3199 1571 3702 1641 μεθερμηνεύεσθαι

2123 1655 2392 1726 βούλεται.
2447 1658 2515 1711 Ει
2563 1675 2702 1722 eam,
2761 1676 2878 1730 qua:
2920 1678 3082 1714 manu
3157 1672 3205 1716 et
3245 1673 3545 1718 atramento
3610 1681 3700 1718 ars

2121 1750 2420 1818 factitatur,
2445 1767 2686 1804 exercens
2716 1767 2738 1804 .'
2787 1769 3012 1822 namque
3055 1755 3246 1807 electus
3281 1756 3453 1822 fuerat
3504 1756 3699 1822 scriba,

2122 1842 2512 1896 dominantium
2562 1845 2776 1898 arcanis
2821 1847 3167 1900 subserviens.
3216 1845 3423 1916 Lingua
3461 1846 3700 1904 Ausonia

2121 1935 2378 2004 siquidem
2411 1953 2443 1990 a
2493 1939 2702 1991 secretis
2744 1948 3098 2007 nuncupatur,
3144 1939 3236 2009 qui
3282 1940 3427 2008 apud
3480 1957 3572 1994 nos
3631 1940 3698 1994 ab

2122 2027 2332 2080 arcanis
2360 2029 2584 2096 exprimi
2613 2031 2803 2084 suevit.
2831 2029 3070 2083 Primum
3100 2045 3228 2100 ergo
3257 2030 3361 2084 fuit
3383 2046 3410 2084 a
3449 2032 3694 2096 secretis,

2121 2128 2177 2172 et
2212 2132 2244 2170 a
2289 2119 2535 2173 cdnsiliis
2583 2121 2931 2188 imperatoris
2967 2138 2980 2174 :
3015 2120 3279 2190 deinceps
3325 2137 3435 2176 non
3487 2124 3692 2188 statim,

2122 2205 2219 2260 sed
2257 2215 2544 2275 postquam
2570 2209 2690 2274 eius
2733 2209 2865 2263 ﬁdes
2901 2218 3142 2279 spectata
3178 2210 3300 2274 fuit,
3334 2211 3568 2280 publicis
3597 2227 3698 2268 ne-

2122 2297 2282 2367 gotiis
2338 2299 2684 2354 destinatur:
2740 2311 2795 2354 et
2824 2317 2922 2356 nos
2952 2302 3442 2369 adolescentulum,
3485 2313 3539 2359 et
3585 2319 3697 2360 non

2122 2389 2264 2443 ultra
2301 2390 2490 2460 viginti
2523 2402 2758 2462 quatuor
2779 2409 3049 2448 annorum
3074 2395 3507 2450 somniabimus?
3530 2396 3696 2451 Temv

2121 2498 2225 2553 pus
2253 2483 2416 2552 idque
2445 2500 2555 2538 non
2581 2485 2858 2556 exiguum,
2893 2496 2948 2541 et
2972 2489 3308 2557 experientia
3331 2489 3487 2560 longa
3516 2505 3696 2545 anno-

2122 2585 2242 2624 rum
2269 2571 2410 2625 serie
2439 2573 2748 2626 examinata
2783 2573 2944 2628 ﬁdem
2974 2575 3211 2632 hominis
3234 2577 3692 2648 comprobabunt.

2123 2663 2420 2734 Sophocles
2449 2665 2503 2718 in
2536 2665 2747 2736 ΟΕᾱίρο
2769 2676 3000 2736 tyranno
3045 2687 3060 2722 :

2193 2817 2399 2894 ξρόνος
2422 2820 2634 2894 ρίκαιον
2655 2822 2824 2892 ἄνδρα
2846 2823 3089 2876 δείκνυσι
3124 2825 3304 2894 μόνος,

2193 2889 2379 2942 Κακὸν
2415 2892 2470 2942 δὲ
2509 2890 2613 2945 κᾶν
2639 2895 2696 2944 ἐν
2736 2889 2918 2962 ἧμέρξι
2953 2889 3142 2962 γνοίης
3181 2896 3302 2966 μιᾷ.

2198 3004 2418 3071 Tempus
2447 3002 2636 3056 bonum
2665 3003 2901 3056 declarat
2926 3005 3234 3058 immensum
3268 3006 3460 3060 uirum.

2192 3070 2320 3128 Cum
2352 3073 2417 3124 sit
2444 3075 2554 3126 dies
2584 3075 2715 3127 satis
2739 3091 2843 3127 una
2871 3075 3152 3142 prodendis
3181 3075 3354 3128 malis.

2191 3199 2260 3252 At
2285 3199 2518 3266 ponebat
2545 3207 2657 3252 tum
2692 3197 2910 3252 virtutis
2960 3197 3271 3253 tirocinium
3308 3199 3410 3253 sub
3431 3197 3693 3254 Himerio.

2124 3288 2202 3345 lta
2222 3299 2324 3343 est.
2357 3289 2462 3344 Sed
2491 3289 2647 3358 cujus
2699 3289 2919 3344 virtutis
2945 3291 2969 3344 ?
3001 3291 3161 3344 Aliud
3189 3302 3275 3344 est
3308 3290 3516 3344 militiae
3545 3299 3694 3361 tyro-

2125 3379 2327 3434 cinium
2377 3394 2501 3433 cum
2549 3379 2604 3432 in
2655 3388 2830 3432 castra
2869 3378 3214 3440 deducimur,
3272 3378 3456 3448 ibique
3503 3379 3696 3450 primis

2124 3473 2256 3528 artis
2307 3472 2557 3526 militaris
2615 3471 2906 3540 praeceptis
2976 3471 3296 3534 initiamur,
3347 3488 3468 3541 qua:
3518 3472 3696 3542 potius

2125 3561 2330 3618 militiae
2385 3562 2816 3630 auspicameuta,
2851 3569 2906 3614 et
2940 3560 3230 3624 elementa,
3261 3569 3315 3614 ct
3368 3560 3696 3615 incunabula

2127 3655 2233 3711 dici
2279 3663 2603 3708 merentur:
2651 3654 2796 3706 aliud
2821 3663 2906 3707 est
2946 3653 3310 3722 imperatoria:
3350 3654 3568 3708 virtutis
3627 3654 3698 3708 ti-

2127 3745 2416 3808 rocinium,
2459 3759 2581 3797 cum
2631 3741 2869 3795 emensis
2896 3741 3147 3795 militaris
3196 3739 3313 3812 [57]
3346 3741 3554 3809 peritiae
3603 3757 3699 3795 ru-

2127 3835 2386 3891 dimentis
2415 3836 2481 3888 ad
2527 3833 2756 3902 majora,
2788 3842 2844 3887 et
2869 3833 3137 3887 nobiliora
3186 3833 3414 3902 gradum
3449 3833 3696 3896 facimus,

2127 3939 2183 3985 et
2211 3927 2426 4000 regendi
2491 3927 2646 3992 alios,
2679 3937 2728 3981 et
2769 3926 3004 3981 ducendi
3057 3926 3350 3989 exercitus,
3387 3933 3442 3978 et
3476 3923 3699 3978 fallendi

2129 4019 2408 4073 inimicum
2467 4026 2640 4071 artem
2687 4016 2999 4077 ediscimus,
3051 4013 3295 4084 promoti
3347 4015 3461 4081 jam
3519 4022 3699 4075 actate,

2129 4127 2241 4164 non
2289 4111 2539 4180 juvenes,
2599 4107 2776 4177 qualis
2813 4117 2931 4160 erat
2983 4106 3220 4176 Symeon
3251 4104 3354 4158 iste
3407 4103 3550 4173 apud
3603 4101 3700 4156 lli—

2130 4203 2383 4264 merium,
2425 4209 2484 4254 ut
2531 4199 2648 4268 ipse
2698 4205 2886 4267 aperte
2917 4197 3026 4251 ait:
3087 4196 3288 4248 Τούτου
3355 4194 3454 4265 μὲν
3506 4195 3699 4263 ἐκείνῳ

2131 4291 2659 4362 συστρατευόμενος,
2710 4291 2804 4343 καὶ
2857 4287 3322 4358 προὸιὸαζόμενος
3373 4287 3451 4351 εἰς
3504 4287 3700 4357 πεῖραν

2133 4384 2544 4458 στρατηγικὴν,
2595 4377 2684 4436 οἷα
2734 4382 2912 4444 πῶλος
2973 4383 3140 4450 μητρὶ
3221 4381 3358 4450 πρὶς
3436 4380 3504 4432 τὰ
3579 4395 3703 4447 γεν-

2134 4477 2391 4531 ναιότατα
2427 4476 2549 4529 τῶν
2604 4473 3078 4546 στρατηγημάτων
3115 4473 3448 4541 συσκαίρων.
3494 4471 3704 4526 Partim

449 4565 612 4629 blica,
647 4577 704 4622 et
745 4568 1044 4638 legationes
1081 4570 1225 4640 apud
1261 4579 1478 4626 exteras
1523 4573 1776 4626 nationes
1823 4573 2021 4633 obiret,
2058 4580 2101 4634 ι)
2131 4585 2249 4623 cum
2291 4585 2350 4622 eo
2381 4567 2616 4620 militans
2665 4567 2736 4620 ad
2787 4566 3144 4635 imperatoria:
3187 4565 3324 4618 artis
3389 4564 3702 4618 documenta

451 4657 508 4710 in
537 4657 656 4712 aliis
697 4657 906 4723 oiliciis,
940 4675 1062 4729 quae
1098 4660 1374 4730 privatim.
1407 4669 1463 4716 et
1507 4662 1650 4716 inter
1693 4661 2027 4716 domesticos

453 4749 688 4817 parietes
726 4759 1069 4816 exercentur,
1112 4751 1259 4820 apud
1300 4750 1690 4826 imperatorem
1719 4749 1808 4805 sui
1844 4751 2026 4822 speci-

425 4832 578 4895 'men
604 4840 848 4906 dederat,
904 4851 1128 4912 tumque
1173 4859 1298 4898 cum
1331 4843 1385 4897 in
1420 4844 1654 4908 arcanis,
1699 4851 1754 4898 et
1797 4843 2028 4900 secretis

453 4932 695 4986 consiliis
725 4933 856 4987 ﬁdes
889 4932 1031 4988 illius
1059 4933 1316 5000 innotuit,
1345 4936 1732 5004 imperatorum
1769 4935 2027 4990 mandato

455 5023 699 5091 puhticas
748 5039 908 5079 curas
941 5025 1201 5094 suscepit.
1252 5025 1460 5081 Psellus
1495 5044 1508 5080 :
1548 5026 1658 5079 Καὶ
1701 5026 1894 5096 πρῶτα
1926 5025 2028 5095 μὲν

451 5119 574 5178 ταῖς
628 5115 1064 5187 μυστικωτέραις
1110 5117 1405 5188 ἐφεστήκει
1453 5117 1562 5171 ’τῶν
1614 5116 1889 5186 πράξεων,
1933 5119 2029 5172 καὶ

453 5211 568 5270 τοῖς
609 5207 942 5280 ἀπορρήτοις
984 5207 1318 5278 βουλεύμασι
1360 5209 1615 5272 κοινωνὸς
1662 5211 2027 5281 παρειστήκει

453 5301 567 5359 τοῖς
615 5299 1094 5368 συμϐουλεύουσιν.
1137 5301 1289 5354 Ἐπεὶ
1322 5299 1436 5371 δὲή
1487 5301 1581 5354 τοῦ
1599 5301 1804 5372 τρόπου
1843 5303 2029 5364 πίστις

456 5392 516 5440 ὲν
538 5388 748 5452 τούτοις
792 5390 981 5444 τοῦτον
1012 5391 1267 5462 ἐκήρυξε,
1305 5392 1445 5462 μετὰ
1494 5392 1605 5446 τῶν
1638 5391 1870 5458 ἀδύτων,
1935 5393 2030 5446 καὶ

455 5479 557 5540 τὰς
591 5481 858 5550 κοσμικὰς
882 5481 1168 5550 φροντίδας
1197 5483 1536 5551 συνείληφεν,
1559 5483 1634 5546 ὡς
1663 5484 1826 5536 αὐτὸν
1866 5501 2028 5552 γεγε-

456 5571 652 5640 νῆσθαι
709 5575 1038 5640 εἰσαγγελέα
1074 5590 1135 5628 τε
1169 5575 1245 5644 τῷ
1293 5575 1584 5646 κρατοῦντι
1631 5576 1741 5628 τῶν
1804 5575 2028 5642 ἔξωθεν,

456 5666 551 5725 καὶ
589 5663 886 5732 ἑξαγγελέα
917 5666 1024 5719 τῶν
1057 5665 1154 5719 τοῦ
1205 5666 1533 5735 κρατοῦντος
1557 5670 1668 5732 τοῖς
1701 5668 1920 5734 ἔξωθεν.
1961 5668 2030 5722 Et

459 5759 688 5827 primum
753 5757 963 5826 quidem
1012 5759 1227 5829 prmfuit
1265 5759 1415 5813 rebus
1467 5761 1634 5830 magis
1697 5761 1929 5822 arcanis,
1983 5770 2029 5813 et

457 5859 770 5916 {arctorum
815 5849 1148 5905 consiliorum
1187 5853 1286 5923 {nit
1320 5853 1578 5923 particeps
1607 5869 1725 5906 cum
1749 5852 2024 5916 consulen-

2127 4659 2523 4730 promoveudus,
2549 4669 2604 4712 ut
2627 4659 2848 4728 equulus
2872 4659 3032 4711 matri
3057 4657 3182 4711 solet
3208 4656 3278 4709 ad
3296 4655 3706 4725 praeclarissima

2128 4759 2515 4820 stratagemata
2531 4749 2793 4803 assiliens.
2816 4747 3116 4817 Strategica
3151 4745 3296 4803 enim
3327 4752 3428 4806 est,
3466 4754 3526 4798 ut
3555 4746 3704 4798 Uno-

2128 4842 2326 4897 sander
2343 4851 2400 4896 et
2421 4841 2529 4896 Leo
2548 4841 2848 4908 imperator
2872 4839 3114 4898 tradunt,
3136 4835 3460 4904 στρατηγῶν
3485 4835 3705 4904 ἀγαθῶν

2129 4935 2382 5002 ἄσκησις,
2410 4942 2747 4986 strenuorum
2797 4929 2990 4982 ducum
3034 4927 3364 4980 exercitatio.
3392 4927 3578 4996 quue
3607 4941 3704 4995 po—

2131 5025 2422 5088 tissimum,
2446 5023 2588 5092 quod
2612 5029 2821 5076 asserat
2839 5018 3258 5087 Mctaphrastes,
3284 5031 3393 5072 non
3416 5017 3483 5071 ad
3508 5018 3704 5084 πεῖραν

2131 5113 2532 5185 στρατηγικὴν,
2563 5111 2992 5166 exercitationem
3041 5111 3439 5180 stratageticam
3471 5115 3704 5172 tantum,

2131 5209 2226 5263 sed
2287 5207 2357 5261 ad
2415 5208 2484 5258 τὰ
2535 5203 2893 5274 γενναιότατα
2949 5199 3055 5253 τῶν
3100 5199 3595 5270 στρατηγημάτων,
3637 5203 3706 5251 ad

2131 5295 2544 5366 prazclarissima
2575 5299 2983 5361 strategemate.
3016 5289 3093 5342 Di<
3114 5305 3193 5352 es,
3232 5304 3294 5342 se
3323 5302 3517 5339 vocare
3544 5301 3709 5354 equu-

2135 5390 2242 5443 lum
2275 5388 2344 5441 ad
2375 5393 2619 5448 matrem,
2654 5382 2833 5436 πῶλον
2881 5381 3016 5450 πρὸς
3046 5384 3112 5450 τῇ
3150 5377 3338 5449 μητρί.
3395 5377 3708 5432 Similitudo

2132 5497 2243 5536 non
2283 5487 2497 5533 aetatem
2532 5476 2774 5546 respicit,
2807 5490 2866 5528 se
2887 5474 3218 5529 docilitatem
3253 5480 3310 5524 et
3335 5469 3704 5538 disciplinam.

2116 5569 2604 5636 Quemadmodum
2646 5567 2792 5620 enim
2820 5567 3050 5636 cquulus
3097 5562 3257 5617 matri
3303 5563 3706 5632 obtemperans,

2136 5661 2524 5728 obedicnsque,
2583 5673 2648 5711 ea
2702 5674 2822 5728 quae
2853 5656 3042 5712 matris
3081 5663 3230 5720 sunt,
3269 5653 3522 5719 addiscit,
3557 5655 3628 5706 ita
3658 5661 3710 5705 et

2137 5758 2230 5828 qui
2263 5757 2518 5811 aliorum.
2547 5755 2778 5825 imperio
2807 5755 3110 5823 morigerus
3149 5751 3359 5816 subest,
3410 5751 3706 5820 cujuscim-

2136 5864 2241 5922 que
2297 5848 2383 5903 ille
2445 5847 2516 5907 sit
2552 5846 2748 5906 aetatis,
2803 5861 2832 5897 a
2878 5844 3133 5910 ducente,
3173 5858 3236 5897 ae
3291 5845 3702 5907 manuteuentc,
