4134 6424
191 0 1426 121 πυτ-’ὴ
1006 20 1059 29 ,η

236 98 253 113 θ’
306 110 323 125 η,
356 104 385 125 ἆ)
436 124 439 125 ,
480 96 587 121 ἰ’θτςει
622 94 625 95 ⁷
662 86 675 105 7'

424 390 503 459 ω
1087 396 1184 457 DE
1221 396 1565 459 SCRIPTIS
1603 399 1979 460 SYMEONIS
2010 400 2590 461 METAPHRAS'L‘E
2632 401 2896 461 DIATlil
2910 403 3022 461 BA.
3622 406 3692 470 51

424 518 783 577 quascunque
810 504 906 560 ille
937 508 1284 576 exsequitur,
1326 518 1584 580 tanquam
1610 523 1641 565 a
1674 510 1878 581 majore
1924 527 2023 567 suo
2048 512 2098 572 Α
2125 511 2225 567 dro
2284 522 2439 567 actus
2471 521 2576 566 est.
2608 511 2852 583 Namque
2885 514 3059 584 potuit
3079 512 3392 584 aliquando,
3454 515 3538 570 vir
3565 519 3699 573 alias

426 597 725 651 instruitur
758 606 931 667 atque
970 598 1262 654 imbuitur.

432 712 463 723 ~
498 687 671 757 Atque
705 688 782 740 ita
811 694 907 742 sub
952 688 1302 743 Constantino
1352 689 1800 762 Porphyrogenito
1833 694 2023 749 Leonis

427 779 545 848 ﬁlio
584 789 695 832 tum
734 779 1044 834 Theoctista:
1087 799 1205 835 eam
1239 783 1425 847 vitam,
1475 791 1587 837 tum
1617 784 1729 838 alia
1783 787 2024 841 divorum

428 882 556 924 ecta
589 887 707 924 eum
746 870 1087 926 clucubrasse
1138 883 1335 927 certum
1383 875 1610 941 videtur,
1647 892 1748 929 non
1780 885 1838 930 ut
1874 876 2022 931 Alla-

438 965 547 1017 tius
582 964 765 1017 scribit
807 965 903 1018 sub
931 964 1101 1018 Leone
1148 975 1197 1020 et
1223 966 1591 1024 Constantino.
1623 969 1858 1025 Allatius
1896 968 2023 1023 Dia-

434 1058 603 1115 triba,
635 1070 803 1124 quam
850 1056 1148 1125 scripserat
1205 1058 1272 1112 de
1313 1058 1522 1124 Psellis,
1561 1061 1629 1114 de
1649 1060 2021 1121 aetate-Meta-

434 1146 681 1214 βίη-πω
728 1161 984 1214 quaerens
1040 1148 1205 1202 tradit
1240 1165 1367 1203 eum
1402 1151 1504 1205 Sub
1547 1151 1750 1214 Leone,
1777 1160 1832 1207 et
1874 1152 2021 1208 Con-

434 1235 685 1290 stantino
719 1236 939 1291 vixisse.
979 1236 1038 1290 Si
1070 1248 1197 1292 ante
1234 1239 1434 1294 Leonis
1462 1239 1672 1294 obitum
1703 1256 1878 1296 annos
1907 1242 2022 1298 fere

437 1326 628 1381 decem
666 1327 1062 1396 Metaphrastes
1105 1330 1353 1398 ejusdem
1390 1331 1588 1386 Leonis
1630 1334 1883 1387 mandato
1944 1334 2021 1389 le-

436 1417 551 1488 gati
614 1418 952 1487 provinciam
1016 1422 1160 1490 apud
1214 1421 1422 1476 Arabes
1502 1431 1823 1492 susceperat
1895 1423 2020 1478 ﬁliis

437 1517 658 1568 auctus.
694 1525 760 1564 ae
782 1526 953 1580 prope
995 1511 1481 1583 quadragenarius,
1539 1515 1752 1569 malene
1800 1515 2020 1584 scripsit

435 1600 674 1655 Allatius
726 1617 853 1656 eum
907 1604 1011 1667 sub
1069 1604 1247 1660 Leone
1286 1614 1340 1660 et
1373 1605 1735 1661 Constantino
1781 1609 2021 1663 vixisse?

437 1690 548 1747 Sed
576 1693 794 1762 scripsit
823 1710 950 1748 eum
990 1696 1342 1766 scriptionem
1401 1713 1652 1753 exorsum
1681 1700 1782 1755 sub
1816 1700 2015 1765 Leone,

437 1784 545 1838 sub
562 1783 927 1840 Constantino
952 1795 1006 1840 et
1038 1787 1282 1843 Romano
1305 1797 1508 1858 nepote
1532 1790 1847 1845 absolvisse.
1878 1792 2017 1857 Quid

2127 605 2587 674 prudentissimus
2647 616 2703 660 et
2749 606 3113 677 imperatoria:
3172 607 3390 664 virtutis
3440 610 3698 682 magister

2128 697 2519 752 solertissimus
2537 697 2822 752 adversam
2852 696 2994 753 ferre
3017 714 3340 765 aerumnam,
3388 708 3444 755 et
3482 701 3701 755 calami-

2128 788 2331 843 tatibus
2373 802 2593 858 gemere
2615 788 2850 843 fortunae
2896 788 3125 859 impetu,
3156 791 3486 861 etutmagis
3530 788 3698 844 infor-

2126 878 2279 933 tunio
2305 889 2549 949 gemeret
2574 879 2788 949 injuriis
2824 879 3086 949 principis
3115 882 3316 952 urgeri.
3351 882 3405 935 Id
3433 896 3562 935 vero
3596 883 3698 937 ad-

2125 968 2232 1023 huc
2266 969 2691 1023 examinandum
2715 978 2819 1035 εει,
2872 984 2938 1023 an
2973 968 3282 1023 Alexander
3310 969 3446 1024 adeo
3475 969 3697 1038 iniquus

2126 1059 2310 1122 fuerit,
2342 1070 2404 1115 ut
2432 1060 2621 1115 laudes
2645 1076 2863 1130 quoque
2893 1060 3119 1137 Himerii
3147 1061 3201 1114 in
3227 1061 3416 1115 dolore
3441 1071 3694 1130 poneret.

2122 1148 2206 1202 vel
2256 1149 2331 1203 ita
2393 1149 2619 1204 sedulus
2678 1150 2881 1220 scripta
2920 1151 3152 1205 aliorum
3212 1151 3506 1222 indagarit,
3547 1161 3605 1207 ut
3651 1152 3695 1205 si

2122 1239 2253 1308 quid
2284 1240 2338 1292 in
2402 1240 2506 1294 illis
2539 1250 2705 1306 esset,
2738 1241 2883 1311 quod
2930 1242 3112 1296 minus
3156 1242 3443 1309 arrideret,
3476 1243 3699 1298 investi-

2122 1331 2318 1402 garet?
2376 1331 2553 1387 Homo
2603 1332 2827 1387 nefariis
2859 1334 3177 1390 libidinibus
3223 1336 3464 1401 deditus,
3521 1337 3696 1390 ventri

2123 1424 2392 1488 addictus,
2430 1424 2516 1479 die
2544 1437 2817 1494 noctuque
2848 1426 2903 1479 in
2928 1442 3141 1493 somno,
3166 1436 3222 1482 et
3251 1428 3480 1497 segnitie
3516 1431 3698 1497 sepul-

2122 1523 2230 1573 tus.
2259 1524 2313 1569 et
2344 1515 2503 1584 plane
2527 1516 2876 1585 juvenculus.
2899 1518 3213 1573 Cedrenus:
3252 1519 3310 1572 Ὀ
3347 1518 3403 1570 δὲ
3447 1520 3700 1590 βασιλεὺς

2135 1606 2486 1677 Ἀλέξανδρος
2529 1609 2627 1660 καὶ
2664 1608 2832 1661 πάλαι
2868 1608 2980 1677 βίον
3028 1608 3373 1678 ἁϐροδίαιτον
3414 1611 3574 1680 ἔχων,
3607 1614 3700 1663 καὶ

2121 1696 2536 1767 διακεχυμένον,
2567 1698 2662 1752 καὶ
2722 1700 2859 1769 πρὸς
2906 1700 3042 1770 μόνα
3074 1701 3411 1770 ἐπτοημένον
3438 1701 3532 1753 ,τὰ
3559 1720 3688 1757 nov-

2121 1788 2336 1858 ηγέσια,
2388 1789 2479 1842 καὶ
2520 1790 2618 1853 τὰς
2670 1789 2832 1852 ἄλλοις
2882 1789 3234 1854 ἀκολάστους,
3268 1793 3362 1845 καὶ
3387 1792 3699 1863 ἐκδεδιῃτη-

438 1887 560 1931 tum
585 1877 611 1929 ?
664 1877 859 1931 Annon
884 1878 1078 1946 ,potuit
1116 1879 1360 1935 scribere
1389 1882 1888 1951 quadragenarius?
1912 1882 2018 1939 Sed

2134 1880 2293 1948 μένας
2327 1880 2434 1932 τῶν
2497 1882 2770 1952 πράξεων,
2818 1887 2911 1936 καὶ
2963 1884 3129 1953 μηδὲν
3179 1884 3369 1958 ἔργον.
3411 1884 3698 1955 βασιλέως,

437 1982 553 2021 non
612 1967 834 2037 scripsit
883 1968 1225 2025 Theoctistes
1278 1972 1467 2028 vitam.
1513 1974 1624 2028 Nec
1681 1975 1909 2029 Allatius
1965 1976 2018 2031 id

436 2061 601 2122 dixit,
634 2076 736 2113 nec
767 2076 944 2115 ccecus
975 2061 1027 2115 id
1068 2062 1315 2127 dixisset,
1341 2079 1465 2118 cum
1505 2075 1693 2134 aperte
1724 2067 1779 2119 in
1806 2082 1869 2121 ea
1899 2067 2021 2121 Vita

436 2150 660 2203 dicatur
691 2150 871 2203 Leone
898 2159 1117 2206 mortuo
1155 2150 1332 2207 Vitam
1357 2156 1616 2225 scriptam
1647 2156 1833 2211 fuisse.
1878 2157 2023 2213 Dixit

437 2240 678 2295 Allatius
713 2242 1067 2310 scriptionem
1102 2260 1378 2302 exorsum.
1408 2246 1643 2302 Probare
1680 2248 1869 2305 debuit
1899 2248 2022 2306 Bol-

442 2331 663 2394 landus,
693 2341 892 2401 praeter
912 2334 1065 2390 Vitas
1111 2344 1167 2390 et
1195 2338 1328 2392 Acta
1377 2348 1689 2395 sanctorum
1718 2342 1856 2395 nihil
1877 2343 2024 2398 aliud

440 2423 753 2494 scripsisse.
784 2426 920 2480 Cum
962 2428 1293 2483 anachoreta
1341 2428 1723 2499 Metaphraslte
1754 2433 2021 2504 imponat,

438 2532 517 2572 ne
550 2518 785 2587 ἀπορίαν
808 2518 1006 2587 λόγων,
1030 2536 1329 2575 sermonum
1353 2522 1676 2589 imperitiam
1705 2524 1759 2578 in
1785 2526 2022 2580 medium

440 2605 659 2670 afferat,
706 2609 865 2678 plane
914 2610 1025 2678 jam
1060 2620 1271 2664 certum
1319 2611 1545 2680 reliquit
1593 2612 2025 2684 Metaphrastem

441 2698 506 2751 in
534 2698 831 2753 scribendo
861 2699 1088 2753 multum
1120 2700 1378 2755 habuisse
1401 2716 1582 2765 usum,
1613 2703 1664 2755 iu
1685 2718 1859 2773 eoque
1884 2705 2028 2757 mul-

442 2797 569 2844 tum
596 2804 658 2843 se
693 2789 1025 2845 exercuisse.
1060 2789 1307 2855 Quanam
1359 2806 1489 2862 ergo
1520 2792 1735 2848 ratione
1793 2794 2027 2850 dicimus

444 2879 871 2949 Hetaphrastcm
897 2882 999 2936 sub
1025 2882 1204 2936 Leone
1227 2899 1335 2937 non
1367 2885 1690 2954 scripsisse?
1714 2885 2027 2941 lntervitas

443 2974 638 3045 itaque
659 2984 968 3029 sanctorum
994 2976 1227 3045 primum
1247 2977 1425 3031 locum
1440 2987 1677 3049 occupat
1689 2978 2025 3043 Theoctiste,

443 3079 578 3121 cum
617 3072 746 3120 ante
795 3066 931 3121 alias
979 3067 1126 3122 illam
1188 3069 1475 3138 scripserit
1530 3070 1615 3125 ita—
1653 3069 1833 3124 Pscllo
1879 3085 2029 3125 asse-

447 3165 631 3218 rente.
665 3168 792 3212 ante
820 3159 953 3213 alias
993 3159 1348 3230 scriptiones,
1383 3178 1495 3217 non
1530 3163 1686 3229 item,
1741 3179 1865 3218 eum
1923 3163 2025 3218 alia

444 3260 674 3316 quoque
703 3261 826 3301 eum
853 3251 1141 3319 scripsisse
1163 3252 1527 3308 certissimum
1559 3254 1648 3308 sit.
1680 3254 1746 3308 Et
1775 3269 2026 3323 quaenam

444 3337 543 3392 ille
572 3340 894 3408 scripserit?
921 3342 1111 3398 Dicent
1149 3346 1238 3399 alii
1275 3362 1289 3398 :
1321 3346 1437 3414 ipse
1457 3346 1679 3401 divinus
1723 3362 1832 3402 non
1882 3364 2024 3413 sum,

446 3439 507 3481 et
542 3429 833 3486 hominem.
871 3444 1189 3503 provectum
1239 3445 1420 3503 aetate,
1457 3445 1512 3492 et
1533 3438 1625 3508 qui
1654 3439 1918 3506 scientiis,
1965 3456 2029 3496 ac

446 3520 780 3590 disciplinis,
809 3531 867 3578 et
895 3526 1167 3596 praecipue
1222 3528 1511 3585 rhetorica:
1548 3545 1768 3600 operam
1793 3532 2027 3598 dederit,

448 3621 585 3666 ante
616 3614 971 3685 quadraginta
1000 3633 1175 3674 anuos
1197 3619 1400 3689 aliquid
1421 3621 1727 3690 scripsisse,
1763 3622 2031 3678 edidisse-

450 3721 564 3774 que
615 3706 912 3779 invvulgus,
961 3711 1085 3779 quis
1129 3713 1368 3781 prudens
1406 3714 1678 3783 negabit?
1733 3713 2033 3771 Possumus

452 3799 623 3851 etiam
669 3799 850 3855 dicere
879 3814 1005 3857 ante
1046 3803 1245 3859 Leonis
1268 3806 1616 3875 imperatoris
1649 3807 1859 3861 obitum
1917 3805 2053 3879 [58]¹

452 3890 819 3946 concinnasse
866 3894 953 3948 illa
985 3934 1001 3960 ,
1044 3912 1165 3965 quae
1219 3898 1287 3951 de
1339 3896 1686 3952 Theoctistes
1743 3899 2035 3953 virtutibus

455 3983 698 4053 scripsit,
758 3986 1161 4054 publicaturum
1223 4003 1351 4041 vero
1390 3999 1578 4057 postea
1622 4005 1701 4042 ea.
1735 3988 2030 4054 addidisse,

454 4090 582 4145 quae
602 4076 672 4129 de
702 4075 887 4132 Leone
906 4079 1188 4144 defuncto,
1221 4089 1274 4134 et
1297 4081 1461 4135 rebus
1501 4080 1617 4149 ipse
1654 4080 1769 4135 suis
1796 4091 2032 4136 enarrat.

456 4165 815 4222 Praefationes
846 4170 1013 4234 enim,
1049 4178 1104 4224 et
1138 4185 1452 4225 sermonum
1493 4173 1756 4241 prooemia
1798 4172 2038 4242 saepissi-

455 4272 551 4311 me
579 4259 772 4326 epellis
792 4261 1012 4331 scriptis
1046 4261 1319 4316 addimus.
1361 4262 1469 4334 Ego
1492 4272 1691 4331 praeter
1727 4263 1873 4317 Vitas
1894 4265 2036 4318 mul-

457 4356 516 4403 ta
544 4349 774 4418 hujusce
801 4354 1060 4419 auctoris,
1108 4361 1165 4408 et
1198 4353 1462 4419 carmine,
1487 4364 1542 4408 et
1577 4369 1758 4424 prosa,
1790 4355 2039 4409 oratione

456 4441 667 4513 scripta
694 4481 709 4507 ,
742 4459 913 4514 eaque
964 4446 1372 4518 elegantissima
1418 4445 1527 4501 vidi
1560 4486 1574 4512 ,
1631 4454 1686 4500 et
1735 4461 1833 4516 per
1864 4445 2039 4501 otium

457 4532 590 4604 legi,
642 4550 761 4603 qua:
798 4534 935 4593 infra
969 4538 1287 4591 recensebo.

538 4623 596 4676 Si
627 4620 749 4678 Vita
775 4633 976 4680 sancta:
1006 4625 1349 4681 Thcoctistes
1378 4628 1551 4696 prium
1583 4626 1697 4689 eius
1718 4637 2041 4681 commenta-

461 4713 540 4769 tio
582 4716 703 4785 fuit,
743 4716 874 4770 nillil
918 4718 1080 4787 igitur
1108 4718 1201 4772 sub
1255 4718 1425 4773 Leone
1468 4706 1698 4787 scripsit,
1742 4720 1884 4790 quod
1923 4720 2044 4790 qui-

459 4808 583 4859 dem
611 4807 829 4860 ediderit
855 4810 908 4861 in
926 4813 1114 4864 lucem.
1138 4808 1255 4864 Hoc
1279 4824 1407 4864 vero
1429 4808 1629 4864 falsum
1652 4816 1767 4875 est;
1787 4824 2041 4879 namque,

464 4903 524 4949 ut
567 4911 733 4965 supra
771 4899 1027 4964 diximus,
1079 4901 1245 4954 homo
1297 4915 1358 4955 ea
1385 4909 1543 4955 astate
1566 4899 1610 4953 si
1636 4899 1780 4954 Vitas
1825 4902 2044 4954 sancto-

460 5003 579 5042 non
611 4990 847 5060 scripsit,
902 4994 1009 5047 alia
1041 4981 1281 5063 scripsit.
1311 4994 1383 5047 At
1428 5008 1537 5048 non
1560 4992 1807 5046 cdiditin
1844 4993 2044 5047 lucem.

463 5080 606 5148 Quis
648 5085 698 5137 id
721 5085 847 5139 ait?
900 5086 956 5141 Si
981 5088 1142 5141 edere
1191 5087 1247 5141 in
1284 5087 1485 5149 lucem,
1520 5087 1799 5157 publicare
1855 5085 2042 5150 fuerit,

468 5176 643 5229 multa
676 5185 801 5230 ante
838 5177 1186 5233 Theoctistes
1220 5178 1399 5234 Vitam
1440 5179 1769 5248 publicasse,
1800 5178 1924 5246 quis
1952 5193 2048 5231 ne-

466 5275 561 5337 get
592 5266 616 5318 ?
646 5265 829 5336 Neque
867 5268 1170 5322 Alexandro
1219 5286 1397 5323 rerum
1437 5269 1666 5336 potiente
1694 5266 1771 5321 ita
1824 5267 2048 5321 laudare

471 5358 773 5413 Himerium
804 5378 969 5414 ausus
998 5372 1153 5416 esset.
1199 5360 1454 5417 Solemne
1483 5361 1535 5415 id
1578 5361 1681 5415 fuit
1711 5361 1831 5414 aliis
1878 5360 2047 5414 etiam

473 5452 770 5508 historicis.
810 5453 957 5518 Quot
1014 5452 1211 5507 laudat
1252 5452 1552 5521 Procopius
1606 5451 1752 5506 viros
1790 5452 2047 5517 illustres,

475 5559 614 5613 quos
664 5544 1009 5600 J'ustinianus
1066 5546 1396 5614 imperator,
1467 5555 1521 5598 et
1576 5542 1867 5599 Theodore
1919 5543 2053 5598 diris

476 5634 783 5690 afﬂixerant
815 5637 994 5701 malis,
1013 5636 1191 5691 adhuc
1220 5635 1534 5691 Justiuiano
1569 5636 1884 5704 superstite.
1909 5638 2054 5701 Quot

438 5750 443 5755 ·
477 5726 568 5781 alii
598 5729 704 5783 ?ne
735 5728 982 5799 singulos
1030 5742 1368 5782 recenseam.
1392 5724 1506 5781 Non
1538 5726 1722 5779 laudat
1751 5724 2051 5779 llimerium

436 5836 439 5839 '
468 5818 877 5894 Ietaphrastes
898 5826 1185 5892 propterea
1204 5817 1346 5888 quod
1380 5816 1432 5870 in
1455 5816 1703 5871 exsilium
1733 5816 1801 5872 ab
1819 5816 2052 5906 Alexan-

96 6346 103 6357 γ
148 6334 179 6343 ω’-
404 6344 407 6349 ‘
462 6356 465 6357 ν
488 6348 525 6367 ηυγ

440 6388 475 6407 ,τ’
506 6390 533 6399 ¹ιι

2125 1973 2219 2026 καὶ
2264 1973 2371 2027 τῶν
2395 1972 2531 2026 ὅλων
2552 1975 2768 2041 ἐγένετο
2812 1975 3106 2045 ἐγκρατὴς.
3150 1976 3300 2029 οὐδὲν
3346 1977 3495 2039 ἄξιον
3518 1975 3699 2044 λόγου,

2122 2064 2155 2135 ἢ
2190 2065 2522 2133 διενοήσατο,
2560 2067 2591 2139 ἢ
2626 2067 3026 2137 κατεπράξατο.
3077 2067 3363 2123 Enimvero
3406 2068 3703 2123 Alexander

2118 2155 2235 2225 jam
2267 2156 2471 2225 pridem
2510 2156 2684 2211 mollis
2740 2159 3111 2229 dissolutoque
3159 2171 3399 2213 assuetus
3434 2161 3577 2223 vitae,
3615 2178 3702 2215 so-

2124 2245 2292 2316 lisque
2366 2247 2570 2301 deditus
2620 2248 2998 2312 vcnatidnib‘us,
3076 2249 3299 2320 aliisque
3346 2251 3705 2320 intemperan-

2127 2338 2263 2389 tibus
2306 2347 2463 2407 atque
2505 2338 2881 2408 intempestivis
2923 2339 3239 2404 actionibus,
3293 2341 3488 2395 nullius
3532 2342 3703 2411 impe-

2125 2435 2358 2480 ratorem
2411 2428 2636 2482 decentis
2680 2429 2757 2482 rei
2804 2431 3039 2501 gerenda:
3097 2435 3337 2501 ignarus,
3396 2442 3705 2504 tantumque

2128 2521 2299 2586 luxui,
2323 2530 2370 2576 et
2405 2520 2706 2575 libidinibus
2735 2522 2982 2587 intentus,
3025 2524 3307 2594 imperium
3341 2526 3584 2595 adeptus,
3619 2526 3703 2579 ni-

2127 2612 2203 2665 hil
2233 2612 2567 2666 memorabile
2595 2629 2757 2682 neque
2781 2613 3051 2684 cogitavit,
3084 2630 3248 2685 neque
3274 2616 3398 2686 egit.
3455 2617 3523 2670 Et
3559 2617 3705 2671 Con-

2128 2704 2402 2759 stantinus
2437 2703 2715 2759 Manasses
2741 2723 2753 2759 :

2145 2832 2202 2886 Ὁ
2232 2832 2343 2901 γὰρ
2389 2832 2738 2900 Ἀλέξανδρος
2770 2833 3013 2899 τρυφαῖς.
3044 2830 3361 2901 ἠσχοληκὼς
3396 2833 3492 2885 καὶ
3520 2834 3704 2896 πότοις

2129 2902 2548 2984 ξζάὶεμρνονιῖρν
2581 2901 2958 2984 γαργαλισμὸν
2992 2902 3081 2984 ’Σοῦ
3109 2901 3358 2984 σώματος
3380 2902 3701 2984 ,φροντίσαςθ

2134 2970 2297 3024 "me
2319 2971 2362 3023 δ’
2393 2972 2546 3024 οὐδὲν
2580 2970 2836 3034 κατάξων
2866 2970 2958 3022 τοῦ
2992 2970 3267 3040 βασιλεξου
3292 2972 3528 3040 κράτους

2132 3044 2206 3094 Οὐ
2230 3042 2455 3111 δράσας,
2481 3043 2542 3094 οὐ
2579 3040 2971 3110 φθεγξάμενος,
3022 3042 3081 3092 οὐ
3112 3039 3256 3109 σχὼν
3283 3039 3423 3111 κατὰ
3453 3041 3701 3111 καρδίαν,

2144 3113 2232 3174 Ὦς
2262 3109 2420 3174 ἄνθος
2451 3114 2709 3183 ἕρῤευσεν
2743 3109 2960 3180 οἰκτρὸν
2991 3110 3342 3183 ἐκμαρανῢὲν
3370 3109 3526 3182 ἡλίῳ,

2058 3210 2101 3267 c
2133 3184 2244 3236 Καὶ
2275 3184 2458 3253 τάχιον
2482 3180 2697 3248 ἐξέλιπε
2730 3182 2902 3244 νόσοις
2935 3182 3119 3243 saxei;
3146 3180 3385 3250 φθινὰσι.

2130 3319 2274 3372 Nam
2309 3318 2607 3371 Alexander
2641 3316 2992 3385 voluptatibus
3032 3325 3079 3369 et
3124 3317 3595 3384 compotationibus
3625 3319 3706 3369 in-

2132 3409 2370 3480 dulgens,
2408 3425 2499 3463 nec
2528 3408 2639 3462 ulla
2684 3424 2740 3461 re
2784 3408 3171 3476 tantoimperio
3200 3406 3383 3477 digna.
3416 3407 3498 3461 vel
3535 3424 3707 3476 opere,

2132 3502 2213 3557 vel
2240 3504 2405 3556 verbis
2433 3504 2686 3572 perfecta,
2718 3501 2798 3555 vel
2820 3502 2997 3554 animo
3038 3502 3260 3571 denique
3288 3512 3555 3565 concepta,
3615 3519 3709 3555 ceu

2132 3598 2228 3666 flos
2262 3594 2386 3648 solis
2419 3594 2739 3663 efﬁcacitate
2787 3608 3112 3647 marcescens
3136 3592 3421 3646 exstinctus
3450 3602 3545 3656 est,
3588 3603 3637 3646 ct
3678 3612 3710 3645 η

2132 3688 2327 3741 morbis
2386 3686 2627 3740 celeriter
2655 3687 2983 3753 absumptus.
3017 3683 3084 3738 Et
3116 3683 3440 3738 mirabimur
3463 3684 3507 3738 si
3548 3683 3713 3737 Meta-

2134 3779 2418 3848 phrastes,
2478 3778 2604 3831 vivo
2634 3776 2948 3831 Alexandro
2977 3774 3093 3846 [59]
3131 3774 3173 3829 si
3207 3782 3387 3826 tamen
3419 3782 3553 3837 tum,
3585 3788 3725 3828 cum.

2137 3869 2227 3924 illa
2253 3867 2650 3937 Metaphrastes
2678 3866 2967 3929 scriberet,
3013 3863 3320 3918 Alexander
3342 3862 3577 3926 vivebat,
3617 3864 3711 3930 qui

2138 3959 2305 4013 Leoni
2357 3957 2617 4012 tredecim
2660 3964 2872 4010 tantum
2910 3968 3130 4007 menses
3162 3952 3484 4021 supervixit,
3522 3951 3713 4007 laudes

2138 4052 2258 4105 illas
2287 4064 2388 4107 suo
2438 4047 2679 4102 llimerio
2726 4044 2980 4099 tribuisse
3009 4043 3032 4097 ?
3060 4042 3328 4113 Equidem
3376 4040 3591 4096 dilIicile
3644 4041 3712 4095 ad

2139 4143 2301 4199 ﬁdem
2338 4153 2443 4204 est,
2471 4140 2890 4210 Metaphrastem
2937 4146 3061 4208 post
3089 4136 3350 4205 scriptum
3398 4134 3600 4204 aliquid
3636 4134 3712 4188 ita

2142 4234 2493 4306 neglexisse;
2530 4240 2590 4287 ut
2646 4245 2943 4300 numquam
2983 4238 3172 4298 postea
3229 4225 3361 4280 illud
3414 4224 3470 4279 in
3519 4240 3715 4279 manus

2142 4326 2457 4397 sumpserit,
2498 4323 2818 4395 legeritque,
2848 4323 3223 4389 relectumque
3262 4317 3578 4373 correxerit.
3610 4316 3716 4372 Po-

2143 4418 2244 4473 tuit
2277 4432 2405 4488 ergo
2454 4417 2642 4470 laudes
2690 4414 2921 4469 Himerii
2974 4421 3188 4469 mortuo
3216 4410 3526 4466 Alexandro
3583 4407 3716 4464 Vitae

2078 4546 2121 4600 Β
2147 4520 2305 4564 antea
2331 4509 2545 4579 scriptae
2565 4516 2880 4562 annectere.

2221 4602 2499 4663 Subditur,
2525 4601 2786 4670 prwcipue
2808 4598 3043 4667 publicas
3062 4614 3141 4651 res
3160 4605 3414 4650 tractasse
3434 4595 3527 4648 sub
3542 4592 3720 4646 Leone

2148 4697 2320 4766 coepit.
2352 4695 2489 4761 Quid
2508 4703 2634 4747 ante
2667 4691 2899 4746 Leonem
2937 4688 3541 4761 egerit-Metaphrastes,
3570 4686 3722 4756 igno-

2149 4798 2317 4843 ratur.
2366 4790 2431 4841 Et
2477 4786 2656 4840 forsan
2712 4783 2888 4854 potuit
2931 4779 3461 4836 BasiliiMacedonis
3494 4777 3723 4847 imperio

2148 4881 2365 4950 publico
2419 4877 2642 4947 negotio
2690 4873 2930 4943 defungi.
2994 4871 3101 4926 Sed
3171 4879 3291 4925 esto
3345 4867 3573 4938 eruperit
3620 4866 3724 4922 sub

2151 4972 2354 5026 Leone.
2390 4970 2585 5023 Annon
2636 4968 2812 5037 potuit
2837 4965 2939 5020 sub
2969 4965 3089 5034 ipso
3117 4961 3334 5033 imperii
3364 4959 3588 5016 exordio
3615 4973 3739 5014 non»

2151 5064 2504 5126 adolescens,
2545 5061 2642 5115 sed
2694 5066 2854 5114 mtate
2900 5064 3157 5127 provecta
3192 5068 3393 5109 munus
3443 5050 3721 5123 publicum

2152 5153 2461 5209 sustinere?
2490 5152 2631 5217 Quid
2666 5165 2797 5219 ergo
2814 5149 3168 5204 doctissimus
3207 5145 3497 5199 Bollandus
3534 5151 3726 5197 contra

2151 5245 2410 5299 Allatium
2448 5242 2666 5304 inferet,
2688 5240 2780 5310 qui
2816 5239 2951 5293 dixit
2979 5235 3397 5304 Metaphrastem
3417 5233 3521 5288 sub
3540 5231 3725 5286 Leone

2153 5333 2392 5389 vixisse?
2447 5331 2531 5385 An
2585 5332 2674 5399 qui
2727 5331 2828 5383 sub
2874 5326 3056 5380 Leone
3113 5323 3307 5393 incipit
3352 5337 3440 5377 res
3482 5320 3727 5390 publicas

2154 5436 2413 5489 tractare,
2461 5424 2564 5478 sub
2598 5421 2779 5474 Leone
2825 5418 3043 5480 vivere,
3091 5424 3186 5470 aut
3226 5415 3419 5468 florere
3466 5412 3728 5469 dicendus

2156 5534 2263 5572 non
2293 5515 2425 5572 est?
2474 5510 2617 5567 Vixit
2664 5510 2866 5578 itaque,
2900 5506 3226 5576 scripsitque
3274 5503 3378 5559 sub
3424 5501 3624 5566 Leone,
3673 5508 3729 5557 et

2153 5605 2512 5666 Constantino
2538 5601 2932 5671 Metaphrastes
2956 5639 2972 5664 ,
3001 5607 3061 5653 ut
3088 5597 3316 5653 Allatius
3348 5591 3570 5660 scribit;
3620 5609 3730 5649 non

2157 5710 2218 5757 ut
2252 5697 2546 5753 Bollandus
2592 5692 2889 5749 excludens
2936 5687 3195 5755 Leonem,
3229 5689 3331 5745 sub
3377 5685 3759 5743 Constantino-

2160 5787 2629 5859 Porphyrogenito
2659 5780 2860 5843 Leonis
2898 5780 3029 5839 filio.
