4134 6458
405 383 476 446 55
1699 385 1977 450 LEONIS
2011 386 2320 449 suam
2986 351 3000 355 ’
3580 390 3650 455 se

467 494 806 550 'l'estimonio
843 493 1004 549 Pselli
1051 501 1201 547 certo
1235 493 1548 546 innotuerit
1596 493 1754 550 nobis
1796 495 1968 549 Meta-
1996 499 2043 556 Λ
2071 495 2144 550 ad
2177 497 2312 550 hanc
2343 513 2454 552 rem
2483 498 2835 566 producimus,
2869 496 3179 566 Symeonem
3209 496 3382 562 illum,
3411 499 3502 566 qui
3539 499 3648 554 ble-

394 587 631 659 plirastm
663 597 814 641 tetas.
847 585 1200 640 Postmodum
1231 599 1356 639 cum
1395 584 1649 652 Baronio,
1683 594 1740 640 et
1765 585 1968 654 Bellar-

395 681 567 742 mino,
600 679 827 748 aliisque
877 678 1240 734 laudationem
1285 677 1431 731 illam
1481 677 1860 747 Metaphrastte
1903 677 1970 732 ad

395 771 671 827 seniorem
722 768 959 824 Psellum
1011 769 1214 824 Leonis
1262 767 1580 839 Phil050phi
1650 769 1969 839 magistrum

395 863 647 919 retulisse
676 863 825 918 visus
851 877 992 926 sum,
1027 877 1156 938 cum.
1181 861 1491 931 scripserim
1525 879 1537 914 :
1566 858 1778 915 Juniori
1800 859 1970 916 Psello

395 955 701 1024 adjudicari
745 953 887 1007 nullo
931 970 1144 1024 prorsus
1191 961 1500 1023 argumento
1537 963 1803 1008 auctorem
1849 969 1972 1006 ora-

397 1044 553 1101 tionis
597 1043 833 1098 Psellum
880 1043 1104 1097 alterum
1135 1059 1262 1108 esse,
1295 1059 1396 1096 non
1444 1042 1630 1096 Leonis
1667 1041 1971 1109 Philosophi

397 1135 732 1208 magistrum,
769 1150 1034 1204 nunquam
1068 1135 1343 1199 evicturos,
1377 1133 1467 1204 qui
1508 1142 1691 1188 contra
1718 1133 1968 1187 sentiunt.

395 1227 696 1281 Audiamus
750 1224 1238 1280 Bollandum:Leo
1302 1223 1644 1294 Philosophus
1696 1233 1972 1294 postquam

395 1318 570 1372 Psello
607 1317 689 1372 illi
721 1317 916 1372 seniori
962 1318 1016 1370 in
1045 1317 1214 1371 Antro
1269 1315 1444 1369 insula
1489 1315 1702 1368 dederat
1735 1329 1970 1384 operam,

397 1425 516 1462 cum
549 1424 652 1464 non
677 1417 932 1478 quantum
961 1407 1226 1472 voluisset,
1255 1405 1318 1459 ab
1351 1422 1408 1460 eo
1433 1405 1688 1459 hausisset
1715 1405 1971 1458 eruditio-

399 1501 515 1564 nis,
569 1501 892 1553 monasteria
943 1499 1095 1552 varia
1145 1497 1322 1558 obivit.
1373 1497 1728 1567 repositosque
1768 1496 1822 1548 in
1866 1494 1972 1548 illis

399 1591 554 1645 libros
601 1591 920 1660 investigatis
965 1589 1198 1643 studiose
1247 1587 1391 1659 legit,
1433 1597 1591 1658 atque
1639 1585 1972 1640 excellente»:

397 1689 472 1733 est
505 1681 847 1754 eruditionem
883 1679 1124 1748 adeptus,
1153 1690 1208 1730 ut
1236 1675 1580 1745 Curopalates
1609 1676 1772 1729 tradit
1801 1675 1974 1728 :Dein

398 1768 905 1840 Constantinopolim
937 1784 1172 1822 reuersus
1197 1767 1445 1831 privatim
1470 1768 1724 1836 quosdam
1755 1764 1927 1818 docuit
1957 1781 1971 1817 :

2079 590 2351 654 taphrases
2374 588 2628 658 praeclare
2657 588 2964 657 composuit.
2989 585 3133 642 Satis
3156 587 3322 658 igitur
3347 589 3415 642 sit
3434 587 3535 649 hic,
3559 592 3649 652 qui

2075 679 2134 732 in
2160 689 2400 733 sanctum
2440 679 2634 733 Lucam
2680 681 3059 733 commentario
3089 679 3432 732 existimauit.
3463 679 3651 734 Memi-

2076 771 2159 826 nit
2187 772 2367 841 itaque
2395 771 2774 842 Mclaphrastzn
2808 769 3194 840 Theophanes,
3237 772 3334 825 sed
3359 771 3653 838 TbeOpha-

2077 877 2178 916 nes
2212 863 2430 918 vivebat
2480 873 2723 932 tempore
2765 861 2948 916 Basilii
2986 861 3330 926 Macedonis,
3363 869 3421 916 et
3460 860 3654 916 Leonis

2079 954 2226 1008 illius
2257 953 2376 1019 ﬁlii,
2409 971 2536 1024 ergo
2578 954 2973 1022 Metaphrastes
3016 953 3293 1022 antiquior
3319 953 3654 1023 Theophane

2079 1046 2256 1114 potuit
2277 1063 2306 1100 a
2335 1045 2528 1111 Psello,
2559 1047 2650 1115 qui
2681 1045 2783 1100 sub
2809 1044 3071 1098 Michaele
3097 1045 3256 1099 tertio
3279 1045 3421 1100 circa
3449 1059 3652 1099 annum

2080 1135 2292 1190 Domini
2325 1137 2429 1191 860
2460 1138 2676 1192 vivebat
2705 1138 2934 1201 laudari,
2966 1153 3142 1206 eoque
3185 1137 3376 1207 magis,
3412 1139 3553 1208 quod
3585 1137 3655 1192 de

2078 1225 2464 1299 Metaphraste,
2514 1238 2766 1298 tanquam
2813 1229 2938 1284 fatis
2986 1229 3206 1294 iuncto,
3257 1239 3313 1283 et
3363 1229 3650 1298 plurimam

2084 1319 2230 1388 apud
2262 1333 2452 1372 omnes
2482 1318 2862 1372 auctoritatem
2899 1326 3172 1376 assecuto.
3221 1316 3366 1386 quod
3415 1317 3470 1368 in
3519 1331 3653 1384 pau-

2079 1409 2159 1462 cis
2182 1409 2338 1461 annis
2366 1423 2475 1462 non
2505 1409 2580 1469 ﬁt,
2626 1422 2808 1462 sermo
2853 1407 3136 1462 habeatur.
3167 1407 3384 1460 Cadunt
3411 1421 3540 1476 ergo
3577 1414 3656 1460 tot

2079 1500 2326 1555 Bollandi
2381 1509 2674 1570 computus
2721 1509 3032 1569 exactaque
3085 1507 3392 1567 temporum
3441 1497 3654 1550 discus-

2079 1591 2282 1651 siones,
2331 1590 2626 1645 dummodo
2653 1604 2841 1644 verum
2887 1589 2976 1648 sit,
3009 1585 3153 1656 quod
3184 1586 3254 1640 de
3279 1591 3438 1638 aetate
3470 1581 3654 1636 Theo-

2081 1682 2278 1752 phanis
2307 1681 2469 1736 tradit
2502 1681 2753 1736 Scorsus.
2790 1679 3087 1734 Constituit
3125 1676 3357 1731 Scorsus
3379 1674 3516 1728 duos
3555 1688 3654 1726 an-

2081 1790 2276 1828 norum
2309 1775 2792 1829 intcrcurrentium
2825 1771 3108 1835 terminos,
3131 1770 3271 1823 intra
3303 1782 3442 1837 quos
3478 1765 3658 1819 Theo-

397 1861 582 1914 horum
633 1861 848 1931 quidam
895 1860 951 1913 in
992 1857 1178 1929 pradio
1239 1866 1420 1926 captus
1469 1874 1502 1910 a
1555 1855 1858 1920 Saracenis,
1915 1871 1980 1909 ac

2089 1865 2317 1936 phanem
2340 1866 2540 1920 vixisse
2567 1872 2778 1919 certum
2808 1863 3034 1917 omnino
3065 1871 3259 1916 censet
3295 1876 3308 1912 :
3340 1857 3551 1928 primus
3573 1863 3658 1910 est

397 1951 510 2004 viro
538 1950 733 2004 illustri
781 1949 1011 2002 traditus
1050 1949 1107 2001 in
1131 1947 1458 2009 servitutem,
1493 1962 1612 2000 cum
1646 1947 1974 2014 postmodum

399 2043 711 2098 {.‘eometria:
747 2041 997 2112 peritiam
1028 2040 1325 2109 professus,
1359 2054 1390 2090 a
1412 2053 1514 2108 quo
1551 2053 1669 2090 eam
1716 2037 1976 2090 didicerat

397 2131 622 2186 Leonem
671 2129 970 2200 privatum,
1015 2137 1064 2182 et
1103 2129 1309 2196 inopem
1357 2127 1544 2197 degere
1605 2125 1971 2196 signiﬁcasset,

403 2223 592 2276 litteris
625 2227 744 2276 eum
776 2221 845 2274 ad
877 2236 931 2274 se
969 2219 1291 2290 amplissima
1323 2219 1586 2287 proposita
1619 2223 1852 2271 mercede
1892 2219 1977 2271 in-

401 2313 586 2369 vitavit
630 2310 991 2366 Barbarorum
1033 2326 1144 2365 rex.
1180 2308 1298 2363 Hac
1331 2309 1532 2362 litteras
1563 2308 1664 2360 Leo
1693 2307 1976 2362 Theoctisto

403 2400 725 2474 Logothetaz,
749 2402 831 2457 hic
871 2400 1148 2470 Theophila
1178 2399 1488 2469 imperatori
1504 2398 1708 2459 obtulit,
1741 2398 1828 2467 qui
1861 2413 1976 2452 eum

403 2511 606 2550 summa
631 2495 807 2566 favore
835 2493 1156 2562 complexus,
1196 2491 1384 2560 amplis
1417 2491 1598 2558 opibus
1621 2491 1828 2551 ditavit,
1854 2489 1977 2559 jus-

403 2587 576 2654 sitque
607 2585 808 2660 publice
837 2585 1021 2638 docere
1040 2625 1054 2650 ,
1087 2598 1150 2636 ac
1177 2593 1354 2652 postea
1387 2580 1828 2635 Thessalonicensi
1876 2579 1980 2632 Ec-

406 2679 576 2734 clesiae
634 2676 1030 2748 prteficiendum
1097 2675 1318 2730 curavit.
1387 2673 1572 2728 Verum
1633 2682 1836 2727 mortuo
1886 2672 1978 2726 sub

408 2786 610 2825 annum
641 2769 738 2824 841
781 2766 1082 2836 Theophila,
1129 2766 1372 2820 redactus
1399 2781 1602 2831 quoque
1642 2765 1699 2816 in
1745 2763 1979 2816 ordinent

407 2871 482 2918 est
515 2861 633 2924 Leo,
657 2869 794 2932 quod
815 2861 1052 2915 hteresim
1081 2868 1312 2914 sectatus
1334 2866 1464 2913 esset
1499 2855 1980 2910 lconomachorum.

408 2954 537 3018 Qui?
567 2953 612 3008 si
642 2954 757 3023 quis
783 2961 919 3007 recte
948 2950 1126 3004 omnia
1157 2949 1440 3020 expendat,
1477 2947 1725 3019 fatebitur
1751 2945 1843 3000 sub
1878 2945 1983 2998 Mi-

410 3046 585 3105 ehaele
604 3045 790 3110 Balbo,
819 3045 908 3114 qui
929 3060 1066 3098 anno
1079 3042 1180 3098 820
1205 3044 1262 3096 in
1283 3043 1582 3110 imperium.
1607 3057 1672 3094 ac
1703 3040 1797 3094 sub
1828 3039 1978 3092 illius

410 3139 670 3195 decessore
695 3135 920 3192 Armeno
956 3135 1122 3189 uideri
1153 3132 1379 3186 Leonem
1423 3130 1598 3186 Psello
1629 3131 1828 3184 dedisse
1861 3145 1985 3200 ope-

411 3245 530 3286 ram
571 3237 796 3282 matura:
835 3227 955 3295 jam
983 3226 1157 3280 a-tatis
1199 3225 1331 3280 viro.
1380 3223 1482 3288 Qui
1530 3222 1700 3292 potuit
1749 3222 1914 3290 igitur
1951 3237 1984 3273 a

419 3321 588 3376 Psello
621 3320 830 3375 laudari
865 3317 1244 3387 Metaphrastes
1295 3317 1400 3371 vita
1449 3317 1682 3385 functus,
1733 3315 1821 3384 qui
1863 3329 1986 3368 cen-

418 3423 530 3466 tum
561 3421 675 3482 post
715 3409 949 3465 Psellum
985 3409 1140 3464 annis
1163 3408 1335 3463 uixit?
1363 3405 1546 3474 Neque
1574 3407 1639 3460 de
1680 3403 1852 3460 Pscllo
1875 3403 1985 3458 Me-

417 3504 708 3571 taphrastte
735 3499 1011 3555 laudatore
1031 3505 1365 3569 repugnasset
1391 3495 1675 3560 Baronius,
1705 3495 1750 3550 si
1775 3494 1991 3549 aliunde

418 3593 584 3653 asseri
634 3591 1004 3660 Metaphrasttc
1049 3597 1260 3646 aetatem
1295 3604 1443 3658 posse
1490 3587 1859 3642 existimasset.
1899 3588 1991 3640 Ast

418 3687 557 3740 hunc
603 3683 699 3740 alii
740 3698 855 3736 cum
897 3682 988 3740 sub
1022 3681 1362 3738 Constantino
1409 3679 1874 3749 Porphyrogenito,
1903 3679 1992 3747 qui

417 3775 678 3844 septennia
717 3773 1018 3828 Alexandro
1041 3781 1254 3841 patruo,
1293 3785 1434 3824 anno
1459 3768 1566 3824 912
1594 3767 1708 3840 [60]
1732 3769 1990 3824 exstincto

417 3870 684 3938 imperare
705 3866 878 3936 cmpit,
899 3865 1082 3920 vixisse
1097 3865 1400 3934 fateantur:
1419 3863 1581 3916 miror
1592 3877 1694 3915 non
1706 3861 1992 3930 perspicere

419 3981 455 4016 α
486 3959 659 4016 Pssllo
697 3960 786 4030 qui
831 3967 1062 4021 centum,
1113 3965 1172 4010 ut
1216 3957 1494 4009 minimum
1535 3971 1654 4008 eum
1695 3954 1990 4017 antecessit,

421 4052 640 4107 laudari
679 4050 916 4119 equidem
943 4055 1207 4102 mortuum
1229 4061 1332 4099 non
1357 4045 1605 4112 potuisse.

493 4143 561 4198 Et
595 4141 711 4196 haec
741 4139 959 4209 quidem
987 4136 1280 4193 Bollandus
1316 4153 1330 4190 :
1355 4135 1484 4204 quid
1508 4150 1636 4189 vero
1674 4134 1992 4190 Franciscus

423 4235 654 4292 Scorsus
693 4249 758 4288 ex
803 4230 992 4286 eadem
1034 4228 1292 4284 societate
1331 4223 1590 4282 Bollando
1623 4228 1858 4288 dixerit,
1906 4228 1992 4282 in—

425 4327 738 4400 spiciamus.
769 4324 985 4394 Optime
1027 4323 1271 4393 potuisse
1303 4322 1721 4391 Metaphrastem
1753 4339 1783 4376 a
1816 4321 1992 4376 Pscllo

422 4419 645 4477 seniore
691 4417 932 4482 laudari,
985 4415 1343 4486 antiquiorem
1389 4415 1768 4470 arecentiore.
1822 4414 1994 4469 Meta-

2075 1972 2253 2012 annus
2287 1957 2394 2010 862
2429 1964 2750 2028 argumento
2801 1953 2986 2008 Jacobi
3025 1949 3268 2008 Gretseri
3308 1957 3444 2003 tom.
3497 1945 3544 2002 ll
3587 1947 3656 2002 de

2081 2048 2256 2104 Cruce
2291 2048 2344 2102 in
2371 2047 2522 2102 Notis
2551 2047 2616 2102 ad
2645 2047 2781 2101 duas
2808 2043 3097 2100 Orationes
3125 2039 3479 2110 Theophanis
3501 2078 3518 2104 ,
3562 2037 3654 2107 qui

2075 2148 2234 2210 putat
2257 2154 2381 2194 eum
2431 2137 2700 2201 ﬂoruisse,
2746 2152 2856 2206 quo
2884 2146 3130 2204 tempore
3177 2133 3365 2186 Sicilia
3410 2129 3654 2185 nondum

2077 2240 2190 2286 tota
2243 2247 2273 2284 a
2323 2229 2610 2284 Saracenis
2666 2236 2814 2282 esset
2869 2227 3129 2290 subacta,
3177 2223 3320 2294 quod
3371 2230 3457 2278 est
3513 2221 3654 2277 circa

2078 2337 2284 2378 annum
2338 2320 2839 2390 nongentesimum.
2876 2319 3028 2372 Alter
3061 2324 3146 2371 est
3191 2329 3390 2374 annus,
3417 2327 3526 2382 quo
3563 2325 3658 2365 ca-

2077 2423 2232 2484 ptum
2279 2427 2310 2465 a
2367 2409 2658 2465 Saracenis
2685 2407 3112 2464 Tauromenium
3167 2403 3303 2468 luit,
3359 2403 3505 2473 quod
3557 2401 3660 2454 sub

2079 2502 2285 2560 Leonis
2336 2501 2516 2555 Basilii
2571 2499 2884 2554 Macedonis
2943 2497 3040 2552 ﬁlii
3086 2496 3314 2564 imperio
3368 2493 3659 2561 contigisse

2083 2597 2302 2652 tradunt
2326 2595 2521 2648 Leonis
2551 2593 2693 2646 ﬁlius
2715 2590 3110 2646 Constantinus
3139 2589 3659 2658 Porphyrogenneta

2079 2687 2220 2742 libro
2254 2703 2290 2740 ιι
2331 2685 2657 2740 'l‘hematum
2692 2682 2905 2752 imperii
2939 2679 3149 2736 Orient.
3187 2679 3427 2734 Joannes
3486 2677 3659 2731 Curo-

2081 2777 2302 2848 palata,
2337 2785 2394 2830 et
2426 2775 2516 2829 alii
2571 2774 2925 2838 recentiores,
2977 2786 3140 2841 quem
3191 2769 3363 2824 fuisse
3413 2767 3662 2838 pluribus

2083 2870 2432 2937 antiquorum
2467 2867 2931 2922 monimentorum
2960 2863 3288 2919 testimoniis
3311 2862 3509 2930 probat
3533 2861 3658 2915 895.

2085 2959 2293 3014 Floruit
2331 2959 2515 3028 itaque
2565 2955 2914 3011 Tauromenii
2957 2955 3026 3009 ab
3075 2968 3218 3008 anno
3259 2951 3440 3006 Basilii
3474 2949 3656 3016 tertio,

2085 3051 2178 3121 qui
2205 3049 2370 3104 fuerit
2399 3047 2606 3102 ChriSti
2629 3047 2732 3102 870
2763 3061 2934 3115 usque
2959 3045 3026 3101 ad
3057 3043 3257 3100 Leonis
3281 3041 3658 3098 annum-deci-

2091 3159 2237 3198 mum
2293 3151 2526 3207 sextum,
2569 3141 2661 3210 qui
2709 3149 2794 3195 est
2823 3138 2952 3194 902.
3005 3138 3207 3192 Probat
3253 3136 3374 3191 aliis
3419 3133 3662 3204 ejusdem

2091 3235 2330 3290 auctoris
2379 3233 2554 3288 locis:
2593 3234 2649 3288 in
2685 3231 2885 3286 Homil.
2925 3229 3002 3286 De
3035 3229 3292 3300 parabola
3319 3223 3472 3283 (ξωηῇ
3505 3231 3664 3282 vocat

2093 3330 2372 3397 Agarenos
2433 3324 2688 3396 ὁμόρους,
2739 3323 2958 3397 ὁποίους
3009 3319 3226 3391 ὁρῶμεν
3269 3319 3396 3380 τοὺς
3433 3317 3665 3394 ῥμόρους

2093 3420 2228 3490 ἡμῖν
2277 3415 2565 3485 ἀπογόνοις
2613 3415 2721 3468 τῶν
2764 3413 3008 3483 Ἰσμαήλ.
3073 3409 3383 3480 Cujusmodi
3432 3407 3665 3461 videmus

2092 3512 2182 3580 has
2211 3511 2464 3582 ﬁnitimos
2509 3507 2750 3562 Ismaelis
2796 3513 3045 3573 posteros.
3077 3501 3306 3558 Homiiia
3349 3501 3416 3554 de
3461 3497 3664 3552 sanctis

2093 3601 2354 3672 apostolis
2385 3599 2545 3653 Petro
2571 3605 2628 3650 et
2651 3595 2818 3648 Paulo
2840 3591 3124 3662 magniﬁce
3150 3599 3380 3646 exornat
3405 3588 3664 3656 templum

2093 3693 2372 3748 conditum
2395 3691 2464 3745 ab
2489 3691 2818 3758 imperatore
2850 3684 3050 3739 Basilio
3083 3684 3138 3738 in
3168 3682 3372 3736 Palatio
3399 3679 3671 3735 Constan-

2099 3785 2346 3855 tinopoli.
2409 3779 2714 3849 Συνήδομαί
2747 3795 2848 3845 σοι,
2891 3775 3066 3844 πόλις,
3123 3777 3218 3828 καὶ
3281 3774 3384 3840 σοὶ,
3417 3773 3526 3825 θεῖε
3561 3770 3670 3824 τῶν

2095 3873 2408 3942 ἀνακτόρων
2442 3869 2556 3943 [6i]
2581 3866 2958 3924 vaé.Cratulor
2979 3866 3096 3932 tibi,
3124 3867 3326 3926 civitas,
3361 3873 3410 3918 et
3440 3862 3554 3926 tibi,
3577 3877 3670 3914 sa-

2095 3981 2241 4020 crum
2287 3965 2343 4017 in
2385 3960 2601 4015 Palatio
2647 3958 2900 4029 templum
2960 3967 3206 4012 erectum.
3246 3954 3537 4009 Concludit
3567 3953 3670 4008 hoc

2095 4057 2320 4128 palntari
2379 4062 2744 4125 argumento,
2800 4066 2908 4118 quo
2954 4064 3068 4103 rem
3113 4063 3332 4102 omnem
3389 4045 3673 4102 evidenter

2095 4148 2348 4203 evincere
2370 4145 2594 4198 conﬁdit
2621 4161 2635 4195 :
2665 4156 2793 4196 nam
2824 4139 2968 4194 idem
2996 4138 3357 4207 Theophanes
3387 4135 3576 4190 scribit
3601 4134 3672 4188 ad

2095 4239 2355 4294 amussim
2408 4239 2800 4304 imperatores,
2849 4247 2950 4300 pro
3018 4229 3216 4299 quibus
3265 4227 3318 4282 in
3369 4227 3673 4298 perorando

2095 4333 2267 4386 Deum
2329 4329 2694 4398 deprecatur,
2744 4323 2942 4378 llomil.
2995 4321 3070 4376 De
3125 4321 3310 4376 ltamis
3341 4319 3670 4382 Palmarum,

2108 4420 2494 4490 Ἐπευχὸμῖνοι
2517 4417 2577 4470 τὸ
2610 4414 3014 4486 Θεοφρούρητον
3043 4413 3245 4483 κράτος
3271 4410 3366 4466 τοῦ
3405 4408 3673 4472 εὐσεϐοῦς

425 4513 662 4582 phrastte
691 4509 836 4565 enim
868 4507 1115 4562 meminit
1151 4505 1514 4576 TheOphanes
1565 4505 1890 4568 Cerameus,
1935 4511 1984 4558 el

2097 4511 2358 4583 βασιλέως
2374 4507 2531 4579 ἡμῶν
2547 4510 2657 4570 τοῖς
2679 4507 2818 4568 υἱοῖς
2846 4504 3008 4558 αὑτοῦ
3029 4503 3328 4573 διαμένειν,
3355 4501 3674 4562 ἀσάλευτον,

429 4604 660 4660 Homilia
683 4603 750 4658 de
767 4600 970 4658 Lazaro
987 4599 1266 4656 suscitato.
1302 4597 1361 4652 Ὀ
1383 4597 1438 4651 δὲ
1457 4599 1566 4651 τῶν
1581 4596 1992 4666 Μεταφράσεων

425 4695 628 4766 γλυκὺς
672 4693 1044 4764 συγγραφεὺς,
1101 4691 1418 4760 παρῥησίας
1463 4685 1587 4742 εἷπε
1639 4689 1796 4756 λόγον
1857 4684 1996 4741 εἶναι

423 4785 740 4860 δηλωτικόν.
769 4783 1168 4854 Metaphraseon
1198 4797 1318 4860 vero
1347 4781 1526 4834 suavis
1553 4781 1796 4850 scriptor,
1833 4779 1998 4848 ﬁden-

425 4893 530 4936 tem
567 4897 631 4934 ac
659 4879 879 4934 liberum
922 4876 1162 4931 animum
1187 4890 1221 4928 a
1260 4887 1498 4928 sermone
1539 4872 1765 4926 indicari
1806 4880 1996 4926 censet.

425 4974 494 5030 Et
519 4976 574 5028 in
599 4981 795 5044 quarto
841 4973 1124 5028 Matutino.
1173 4970 1334 5025 ’Δλλὰ
1365 4970 1495 5040 περὶ
1543 4967 1748 5022 τούτων
1777 4968 2000 5037 ἄμεινον

427 5064 567 5134 ιμοῦ
601 5063 748 5132 λέγει
772 5063 880 5117 τῶν
907 5062 1318 5132 Μεταφράσεων
1339 5063 1366 5114 ὁ
1391 5059 1596 5128 γλυκὺς
1622 5057 1997 5130 συγγραφεύς.

427 5156 536 5212 Sed
563 5157 628 5211 de
650 5156 730 5210 his
756 5155 962 5220 melius,
989 5169 1150 5226 quam
1177 5169 1270 5218 eqo
1300 5153 1356 5206 id
1394 5153 1608 5224 faciam,
1651 5152 1880 5218 scriptor
1914 5150 2010 5205 ille

427 5248 598 5304 dulcis
627 5247 1026 5320 Metaphraseon
1045 5245 1276 5301 disserit.
1320 5244 1389 5298 Et
1418 5243 1610 5314 quinto
1638 5261 1652 5298 :
1689 5241 1799 5296 Καὶ
1838 5241 1914 5306 ὡς
1936 5241 2003 5295 ἂν

434 5341 510 5411 μὴ
571 5341 664 5394 καὶ
716 5341 876 5410 ἡμεῖς
929 5337 1187 5408 δόξαιμεν
1257 5336 1553 5390 ἁπεοικὸτα
1619 5333 2002 5405 μαντεύεσθαι,

431 5430 730 5501 ἀξιόχρεων
762 5429 996 5482 ἐνταῦθα
1029 5428 1370 5500 παράγωμεν
1409 5427 1660 5498 μάρτυρα
1688 5424 2002 5494 Συμεώνην,

431 5522 522 5576 τὸν
544 5521 642 5583 τὰς
673 5521 1059 5591 Menippus“;
1087 5517 1146 5574 εὖ
1177 5521 1322 5592 μάλα
1357 5519 1705 5588 συνθέμενον.
1753 5519 2004 5589 Ἀπὸχρη

431 5611 525 5666 οὖν
567 5605 724 5674 οὗτος
756 5615 814 5665 iw
851 5613 932 5684 τῷ
957 5615 1036 5676 εἰς
1071 5611 1166 5665 τὸν
1210 5612 1352 5680 ἱερὸν
1393 5613 1608 5665 Λουκᾶν
1655 5611 2008 5682 ὑπομνήματι

433 5702 592 5758 τοῦτο
639 5701 980 5772 ποιούμενος.
1033 5703 1112 5756 Aa
1150 5719 1214 5756 ue
1259 5718 1351 5757 nos
1395 5703 1556 5756 etiam
1597 5703 1710 5758 sine
1751 5703 2010 5772 probabili

436 5812 598 5856 causa
639 5798 876 5855 divinare
924 5795 1049 5852 velle
1093 5795 1383 5862 videamur,
1429 5794 1530 5866 ﬁde
1578 5796 1792 5865 dignum
1827 5807 2002 5851 testem

2097 4604 2194 4658 καὶ
2216 4599 2635 4658 κατευοδοῦσθαι
2665 4597 2768 4651 ὑπὸ
2797 4597 2931 4650 Θεοῦ
2986 4595 3085 4650 τοῦ
3114 4597 3496 4665 κοσμήσαντος
3554 4591 3679 4644 τοῦ-

2097 4710 2190 4748 τον
2241 4691 2424 4763 σοφίᾳ,
2457 4690 2554 4744 καὶ
2581 4688 2806 4760 ἀνδρείᾳ
2843 4685 3105 4757 βασιλικῷ
3119 4685 3426 4755 διαδήματι.
3457 4683 3678 4738 Oremus

2099 4787 2282 4850 etiam,
2317 4793 2374 4838 ut
2391 4783 2614 4854 piissimi
2635 4777 3161 4844 imperator-itnostri
3185 4775 3464 4843 imperium
3486 4775 3678 4828 divini-

2101 4888 2185 4930 tus
2215 4877 2554 4937 custoditum,
2595 4873 2722 4943 ﬁliis
2739 4871 2900 4926 etiam
2943 4869 3059 4939 ejus
3090 4875 3395 4936 permaneat
3417 4866 3682 4920 inconcus-

2101 4986 2240 5036 sum,
2271 4978 2327 5024 ut
2356 4969 2620 5031 intendat,
2651 4975 2699 5020 et
2725 4977 2966 5030 prospere
2993 4959 3091 5015 Dei
3112 4959 3268 5014 ductu
3294 4958 3562 5028 procedat,
3593 4958 3682 5028 qui

2102 5061 2242 5113 hunc
2265 5059 2550 5128 sapientia,
2577 5064 2627 5110 et
2657 5053 2985 5126 fortitudine,
3030 5060 3077 5106 et
3117 5051 3457 5119 imperatorio
3495 5049 3682 5102 diade-

2105 5157 2245 5204 mate
2273 5147 2566 5202 exornavit.
2610 5144 2672 5198 Et
2716 5141 2947 5196 Homilia
2999 5139 3068 5195 de
3118 5139 3326 5194 sanctis
3361 5137 3622 5209 apostolis
3662 5151 3679 5190 :

2093 5243 2502 5304 .‘Abtalslmm;
2539 5241 2821 5308 εὐχόμενοι
2864 5237 2922 5289 ὲν
2963 5235 3184 5300 πολλαῖς
3219 5236 3355 5288 ἑτῶν
3412 5231 3684 5302 περιόδοις

2105 5337 2167 5391 τὸ
2193 5336 2394 5406 κράτος
2422 5330 2879 5399 διαφυλάττεσθαι
2931 5329 3025 5383 τοῦ
3087 5326 3347 5388 εὐσεϐοῦς
3421 5323 3685 5396 βισιλὲως

2105 5429 2286 5500 ἡμῶν,
2312 5426 2371 5491 ὃς
2397 5424 2648 5495 εὐσεὸεξᾳ
2693 5424 2788 5492 τῆς
2831 5423 3006 5493 ἀρχῆς
3061 5421 3256 5476 ἰθύνων
3304 5418 3431 5482 τοὺς
3469 5416 3684 5484 οἴακας,

2108 5517 2203 5572 καὶ
2233 5516 2412 5584 λόγοις
2433 5513 2653 5582 κοσμῶν
2678 5513 2740 5564 τὸ
2761 5513 3021 5582 διάδημα,
3057 5511 3151 5564 κ.ιὶ
3200 5507 3528 5580 χρηστότητι
3556 5507 3684 5577 τρό-

2110 5627 2229 5663 πων
2259 5606 2638 5678 κοσμούμενος
2669 5605 2728 5671 ἐξ
2758 5605 2958 5674 ἀρετῆς
2981 5605 3204 5674 γνήσιον
3235 5601 3351 5672 ἔχει
3387 5600 3478 5654 τὸν
3531 5599 3689 5653 ἔπαι-

2110 5718 2218 5754 νον.
2250 5699 2317 5753 Et
2344 5701 2456 5754 sine
2472 5697 2851 5752 intermissione
2869 5695 3031 5749 Deum
3053 5709 3279 5755 oremus,
3312 5700 3368 5746 ut
3400 5708 3492 5760 per
3521 5691 3686 5744 multa

2113 5808 2374 5850 annorum
2415 5791 2588 5861 spatia
2623 5791 2710 5863 pio
2746 5788 3056 5860 imperatori
3080 5795 3254 5840 nostro
3305 5794 3562 5840 conseri-et
3595 5793 3687 5848 po-
