4134 6430
226 120 227 123 η
402 116 411 119 -
512 88 709 123 λιέ..

330 390 405 459 57
992 390 1091 451 DE
1129 389 1476 450 SCRIPTIS
1517 390 1897 452 SYMEONIS
1932 390 2512 453 ME'l‘APHRAST/E
2552 394 2943 458 DIATRIBA.
3537 395 3603 456 δε

315 503 561 563 tentiam.
590 501 684 571 qui
709 499 836 554 dum
875 499 1088 556 clavum
1127 502 1335 569 imperii
1368 518 1459 571 per
1488 505 1732 572 pietatem
1782 503 1912 557 diri-
1943 509 1986 561 Α
2016 520 2165 559 mare
2196 515 2581 576 argumentum
2614 514 2978 563 excutiamus.
3020 507 3169 560 Bona
3210 515 3464 575 precatur
3498 512 3597 560 lm-

313 600 414 666 git,
444 604 494 647 et
550 609 672 648 rum
727 608 936 645 morum
983 591 1245 660 probitate
1287 602 1504 646 ornatus
1548 594 1658 663 ipse
1685 595 1772 657 sit,
1803 602 1914 647 tum

317 688 480 739 etiam
513 683 769 744 diadema
799 681 1057 735 doctrinis
1089 693 1329 744 exarnat,
1380 699 1561 736 veram
1601 685 1916 754 ingenuam-

316 792 416 847 que
446 777 647 828 obtinet
671 775 903 827 laudent.
939 772 1137 827 Subdit
1160 771 1391 828 Scorsus
1412 792 1424 827 :
1446 774 1576 840 Quis
1601 785 1780 828 autem
1815 784 1911 838 est,

319 866 714 927 obsecro,alius
738 865 822 918 hic
850 865 1159 934 imperator,
1180 867 1269 935 qui
1297 866 1559 933 sapientia
1601 877 1840 928 ornatus,
1867 875 1917 919 et

321 961 571 1013 diadema
601 959 847 1011 doctrina
882 960 1179 1023 exornavit,
1213 961 1315 1013 nisi
1366 959 1467 1013 Leo
1512 960 1701 1015 Basilii
1738 960 1919 1016 Mare-

324 1052 479 1105 donis
509 1050 675 1119 ﬁlius.
715 1051 806 1118 qui
835 1052 1065 1118 sapiens,
1101 1066 1191 1104 seu
1217 1051 1547 1119 philosophus
1577 1053 1641 1105 ab
1671 1053 1911 1107 omnibus

325 1142 677 1209 scriptoribus
692 1144 1111 1211 cognominatur.
1130 1141 1195 1196 Et
1211 1157 1319 1195 rent
1338 1143 1554 1212 insuper
1568 1144 1759 1197 metatio
1783 1144 1919 1210 ﬁlio-

330 1250 449 1286 rum
474 1234 546 1284 im
554 1234 817 1302 paraturis
831 1249 947 1303 qua:
962 1234 1023 1301 ﬁt
1047 1251 1077 1286 tt
1096 1233 1400 1303 Theophane
1416 1234 1565 1288 valde
1584 1237 1916 1288 corroborat:

331 1322 523 1375 habuit
543 1325 681 1375 enim
703 1322 935 1377 Basilius
967 1324 1174 1394 quidem
1203 1324 1427 1379 Leonem
1449 1326 1602 1389 hunc,
1620 1336 1667 1378 et
1685 1325 1920 1379 Alexan-

334 1413 538 1466 drum:
578 1412 783 1467 addere
827 1422 1048 1483 poterat
1088 1414 1530 1481 Constantinum,
1581 1425 1636 1470 ct
1682 1415 1921 1486 Stepha-

336 1517 507 1566 num;
540 1501 664 1559 Leo.
691 1502 1118 1556 Constantinum.
1147 1504 1438 1564 Praeterea.
1462 1505 1514 1558 id
1549 1505 1691 1559 idem
1726 1507 1923 1575 probat

337 1590 574 1658 epistola
608 1588 786 1645 Photii
836 1579 1162 1661 patriarcha:
1209 1594 1273 1647 ad
1305 1591 1699 1662 Theophanem
1733 1610 1923 1648 mona.

336 1682 509 1736 chum
542 1682 742 1746 missa,
780 1698 943 1752 quam
996 1683 1260 1753 integram
1296 1683 1484 1739 Graece
1519 1685 1678 1739 simul
1722 1696 1777 1740 et
1820 1685 1925 1740 La-

339 1772 456 1826 tine
505 1772 837 1840 descriptam
888 1773 1057 1827 edidit
1106 1773 1160 1826 in
1215 1772 1473 1828 Prommii
1510 1775 1733 1830 secundi
1794 1775 1822 1846 §
1865 1778 1919 1842 5,

338 1881 503 1935 quem
553 1864 950 1935 Theophanem
1000 1880 1122 1919 esse
1168 1864 1490 1919 Cerameum
1541 1866 1835 1932 suadent;
1863 1875 1921 1921 ut
1955 1840 1997 1894 Β

342 1956 584 2011 Scorsus
614 1957 909 2025 conjectat,
948 1957 1130 2011 Sicilia
1165 1957 1300 2027 ipsa,
1340 1958 1495 2027 cujus
1530 1959 1592 2013 ﬁt
1631 1961 1835 2014 mentio
1866 1960 1925 2014 in

340 2045 457 2115 ipsa
488 2047 746 2116 epistola,
778 2062 845 2102 eo
871 2048 1015 2116 quod
1051 2064 1171 2102 cum
1204 2048 1322 2102 aliis
1352 2050 1595 2118 epistolis
1622 2067 1727 2104 una
1765 2067 1925 2122 repe-

342 2139 537 2201 riatur,
582 2155 705 2208 qua:
757 2150 809 2193 et
860 2138 1119 2210 Gregorio
1170 2141 1512 2211 Syracusano
1557 2144 1837 2214 episcopo,
1872 2155 1927 2200 et

342 2228 641 2302 Euthymio
689 2229 909 2287 Catanae
953 2233 1345 2302 Μθῑτοροείιιιι,
1398 2243 1454 2289 et
1505 2236 1691 2290 Marco
1741 2237 1926 2292 Siculo

343 2323 566 2393 scripta:
609 2332 759 2384 sunt.
796 2332 851 2376 et
883 2324 1143 2394 temporis
1189 2325 1349 2389 ratio,
1393 2342 1556 2395 quam
1594 2327 1727 2382 dicit
1756 2344 1815 2385 se
1846 2330 1930 2383 in-

343 2424 426 2467 tra
454 2414 712 2469 subtilius
743 2422 1187 2484 supputaturum.
1222 2418 1589 2487 Theophanes
1624 2420 1806 2490 igitur,
1835 2422 1930 2491 qui

343 2512 413 2553 eo
438 2509 689 2569 tempore
732 2503 1043 2557 monachus
1076 2514 1222 2571 erat,
1259 2516 1446 2575 postea
1479 2509 1545 2561 ad
1581 2511 1819 2580 episcopi
1844 2512 1930 2565 di-

344 2594 612 2662 gnitatem
640 2608 886 2659 evecaus,
917 2594 1191 2653 Zachariae
1231 2598 1334 2653 fuit
1378 2616 1682 2657 successor.
1727 2603 1792 2657 Et
1819 2604 1933 2660 haec

344 2683 574 2753 quidem
604 2684 836 2765 Scorsus
875 2685 1135 2744 Bollando
1166 2703 1472 2758 reponeret.

417 2774 566 2843 Quid
597 2774 797 2833 Scorso
842 2776 1177 2835 Bollaudus?
1208 2783 1404 2850 Pauca,
1440 2784 1536 2840 sed
1565 2801 1662 2855 pro
1705 2803 1784 2842 re.
1822 2788 1935 2842 Mc-

351 2866 652 2937 taphrastzn
671 2866 886 2951 aetatem
921 2872 1024 2928 sub
1059 2872 1273 2938 Leone,
1312 2883 1368 2929 et
1412 2876 1771 2932 Constantino
1817 2879 1936 2949 ejus

348 2958 469 3018 ﬁlio
508 2964 875 3021 certissimam
925 2982 989 3020 ex
1032 2965 1211 3022 Psello
1256 2969 1468 3024 haberi.
1514 2968 1735 3026 Frustra
1773 2972 1935 3027 aliam

350 3050 582 3123 inquiri.
633 3048 773 3108 Hinc
810 3057 1153 3125 conjecturas
1193 3072 1386 3112 omnes
1428 3058 1495 3113 de
1528 3067 1688 3112 rotate
1735 3058 1932 3113 Theo-

2018 597 2257 667 peratori
2287 614 2302 663 ;
2333 607 2389 652 et
2422 597 2571 663 ﬁliis,
2602 606 2766 667 quem
2789 597 2922 653 dicit
2955 606 3010 651 et
3036 596 3304 665 sapientia
3324 640 3339 661 ,
3366 604 3422 652 et
3447 597 3573 652 forti

2020 688 2227 754 tudine,
2263 700 2319 743 et
2355 689 2664 744 diademate
2701 704 2732 744 a
2764 687 2877 743 Deo
2915 696 3259 751 exornatum,
3327 697 3384 742 et
3434 689 3606 758 impe-

2019 780 2157 834 rium
2192 796 2290 850 per
2316 781 2576 851 pietatem
2612 780 2846 850 dirigere
2887 788 3015 835 cum
3056 796 3271 835 morum
3313 780 3603 848 probitate.

2021 878 2133 923 tum
2161 871 2323 924 etiam
2358 869 2622 924 doctrinis
2637 870 2944 938 praeditum.
2972 867 3028 923 hl
3056 870 3152 934 ait,
3174 885 3284 923 non
3303 885 3462 938 nego.
3489 868 3602 923 Leo

2020 962 2316 1032 imperator
2346 962 2450 1016 fuit
2503 963 2709 1033 pietate
2764 970 2821 1017 et
2858 962 3123 1017 doctrinis
3170 961 3423 1030 insignis,
3469 961 3607 1015 adeo

2022 1064 2081 1107 ut
2133 1053 2407 1123 Sapientis
2461 1062 2887 1122 cognomentum
2935 1052 3039 1108 sibi
3082 1044 3604 1109 asciverit.'Verum

2021 1149 2125 1196 est.
2165 1140 2305 1211 Ergo
2348 1142 2417 1195 de
2461 1140 2647 1196 Leone
2697 1140 3029 1210 imperatore
3070 1139 3236 1195 verba
3277 1138 3366 1192 illa
3408 1137 3608 1191 intelli-

2021 1233 2192 1305 genda
2226 1241 2373 1287 sunt.
2404 1231 2519 1287 Hoc
2574 1247 2704 1287 vero
2759 1245 3126 1301 nequaquam.
3183 1229 3469 1295 Nunquam
3520 1228 3597 1292 id.

2024 1325 2127 1379 nisi
2156 1324 2433 1379 dormiens
2454 1324 2754 1379 aﬂirmabo.
2781 1324 3100 1392 Imperator,
3126 1322 3219 1391 qui
3245 1321 3385 1376 ﬁlios
3410 1320 3603 1378 habet.

2022 1416 2115 1471 illo
2143 1426 2249 1482 est,
2280 1417 2373 1486 qui
2414 1424 2469 1470 et
2499 1416 2814 1481 virtutibus,
2861 1424 2918 1471 et
2962 1413 3265 1484 disciplinis
3312 1414 3497 1484 pollet.
3547 1410 3606 1465 Si

2022 1509 2088 1565 de
2114 1507 2295 1562 Leone
2336 1507 2604 1576 intelligas
2646 1506 2844 1573 falsum
2876 1515 2999 1561 est:
3032 1505 3283 1574 quamvis
3328 1505 3477 1558 enim
3508 1503 3602 1558 ille

2023 1613 2079 1659 et
2112 1604 2333 1674 pietate.
2377 1610 2433 1656 et
2463 1601 2711 1656 doctrina
2749 1599 3023 1662 excelluit,
3095 1613 3376 1665 nunquam
3424 1607 3611 1652 tamen

2025 1697 2168 1751 ﬁlios
2207 1695 2468 1750 habuisse
2503 1692 2769 1749 dicendus
2811 1699 2917 1753 est,
2957 1690 3049 1759 qui
3086 1690 3249 1743 unico
3270 1697 3479 1742 tantum
3518 1705 3612 1742 su-

2026 1784 2272 1854 perstite.
2318 1798 2494 1852 eoque
2536 1781 2767 1851 puerulo
2809 1780 2990 1834 adhuc
3035 1778 3400 1834 Constantino
3440 1777 3610 1831 vitam

2027 1876 2188 1932 ﬁniit.
2215 1876 2300 1931 An
2334 1886 2443 1929 non
2480 1873 2746 1926 insaniret
2781 1869 3183 1938 Theophanes,
3222 1869 3501 1938 probeque
3542 1868 3615 1922 ab

2026 1966 2392 2035 imperatore,
2428 1962 2658 2032 aliisque
2692 1960 3047 2022 irrideretur',
3087 1959 3256 2013 ﬁlium
3302 1958 3524 2012 unicum
3557 1957 3610 2011 in

2027 2054 2187 2115 ﬁlios.
2218 2067 2420 2121 eosque
2452 2052 2637 2120 plures
2666 2048 3020 2118 discerpens?
3064 2048 3122 2101 Si
3164 2049 3232 2102 de
3270 2047 3472 2101 Basilio
3510 2046 3616 2100 lal-

2028 2162 2149 2200 sum
2175 2160 2392 2214 quoque
2417 2152 2538 2206 est;
2573 2140 2823 2211 quamvis
2855 2140 3001 2194 enim
3035 2139 3124 2194 ille
3156 2137 3295 2192 ﬁlios
3331 2138 3612 2203 haltuorit,

1980 2290 1995 2301 ,
2029 2253 2307 2307 nunquam
2356 2246 2538 2291 tamen
2586 2250 2711 2290 eum
2760 2243 2819 2288 ct
2860 2233 3106 2288 doctrina
3144 2270 3159 2295 ,
3210 2241 3266 2285 et
3311 2230 3621 2299 disciplinis

2028 2338 2316 2399 praestasse
2345 2328 2515 2383 dices.
2563 2327 2615 2382 ls
2645 2331 2749 2381 arti
2791 2324 3010 2383 militari
3051 2322 3291 2385 deditus.
3329 2332 3384 2376 et
3415 2337 3615 2390 σοι-ρο-

2032 2420 2109 2475 ris
2136 2419 2344 2474 viribus
2373 2427 2666 2482 strenuus,
2715 2432 2826 2472 non
2880 2417 3157 2482 doctrina,
3211 2421 3307 2469 aut
3348 2412 3618 2482 sapientia

2034 2511 2289 2567 innotuit.
2326 2511 2390 2565 Et
2418 2512 2545 2566 licet
2582 2510 2684 2566 sub
2708 2510 2830 2579 ejus
2859 2509 3083 2563 nomine
3128 2517 3182 2562 et
3223 2505 3402 2575 capita
3446 2521 3620 2574 partc-

2031 2603 2208 2659 netica
2243 2603 2311 2657 ad
2340 2602 2573 2656 Leonem
2607 2602 2800 2664 ﬁlium,
2850 2610 2906 2654 et
2943 2598 3206 2654 nonnulla
3255 2596 3359 2650 alia
3389 2600 3626 2652 circum-

2033 2695 2301 2758 ferantur,
2350 2708 2461 2747 non
2506 2703 2795 2763 pmplerea
2839 2691 3138 2760 Sapientis.
3170 2693 3257 2747 vel
3299 2688 3620 2759 Philosophi

2036 2782 2138 2838 sibi
2175 2797 2375 2836 nomen
2417 2798 2607 2836 eorum
2650 2792 2842 2837 auctor
2878 2781 3195 2837 vindicabit.
3245 2782 3428 2847 Quare
3466 2788 3622 2835 certo

2038 2874 2244 2930 certius
2270 2874 2733 2937 concludendum,
2764 2873 3159 2942 Theophanem
3193 2888 3301 2927 non
3331 2872 3615 2940 deprecari

2039 2965 2232 3030 Deum,
2278 2981 2459 3036 neque
2500 2981 2597 3034 pro
2630 2964 2849 3030 Basilio,
2897 2964 2990 3034 qui
3034 2963 3339 3032 disciplinis
3372 2978 3623 3016 exorna-

2041 3066 2129 3112 tus
2158 3071 2268 3111 non
2312 3055 2435 3121 fuit,
2465 3070 2645 3124 neque
2685 3070 2784 3124 pro
2823 3053 3029 3117 Leone,
3060 3053 3152 3122 qui
3197 3053 3340 3107 ﬁlios
3381 3068 3491 3108 non
3531 3052 3631 3106 ha-

350 3144 556 3213 phanis
601 3144 779 3199 nullas
825 3162 966 3201 esse.
1005 3148 1220 3203 Etenim
1276 3149 1322 3203 si
1365 3147 1733 3221 TheOpbanes
1771 3149 1935 3206 Meta-
1962 3162 2012 3227 (ι
2046 3149 2182 3205 buit.
2212 3147 2290 3203 De
2313 3148 2545 3219 epistola
2575 3147 2755 3202 Photii
2798 3145 2866 3201 ad
2912 3144 3329 3214 Theophanem,
3373 3144 3511 3199 nihil
3546 3152 3631 3198 est

349 3235 584 3309 pbraste
629 3239 903 3295 recentior
926 3250 1032 3304 est,
1071 3250 1129 3295 ut
1153 3243 1310 3313 plane
1338 3252 1443 3310 est,
1473 3260 1597 3299 cum
1623 3244 1739 3314 ipse
1768 3244 1936 3298 Meta-

352 3329 620 3401 pbrastte,
662 3340 921 3402 tanquam
953 3332 1300 3403 antiquioris,
1342 3346 1399 3391 et
1445 3338 1785 3393 auctoritatis
1822 3338 1936 3408 jam

352 3421 561 3478 adultae
606 3424 919 3481 meminerit
961 3445 977 3481 :
1028 3436 1083 3482 ct
1135 3426 1532 3496 Metaphrastes
1587 3428 1783 3483 vixerit
1838 3428 1940 3482 sub

354 3514 548 3572 Leone
602 3526 660 3571 et
714 3518 1095 3583 Constantino,
1149 3535 1377 3576 necesse
1422 3531 1507 3575 est
1552 3520 1942 3593 Theophanem

356 3606 673 3662 subsecutis
743 3610 1076 3678 temporibus
1156 3619 1370 3664 aetatem
1431 3612 1627 3682 egisse,
1672 3627 1944 3682 ruereque

356 3700 547 3754 omnia
576 3698 785 3765 Scorsi,
814 3702 1015 3770 quibus
1049 3701 1397 3772 Theophanis
1417 3711 1629 3758 aetatem
1657 3703 1759 3758 sub
1793 3703 1944 3758 Basi-

358 3789 434 3845 lio
458 3800 518 3846 et
551 3789 732 3844 Leone
761 3792 1101 3855 constabilit,
1135 3803 1189 3846 et
1218 3792 1483 3847 terminos
1523 3792 1644 3847 illos
1671 3807 1939 3847 annorum

359 3882 873 3947 intercurrentium.
901 3882 1015 3956 [δὲ]
1060 3885 1203 3938 inter
1238 3899 1375 3953 quos
1425 3883 1813 3953 TheOphanem
1865 3884 1942 3937 vi-

360 3976 517 4030 xisse
541 3987 754 4038 censet,
783 3975 938 4044 leves
963 3991 1118 4035 esse.
1156 3992 1225 4030 ne
1267 3976 1396 4045 quid
1436 3977 1590 4046 pejus
1629 3975 1825 4029 dicam.
1879 3975 1947 4029 At

359 4063 552 4120 ﬂoruit
611 4078 741 4119 anlc
793 4064 1215 4120 Tauromenium
1280 4075 1495 4136 captum
1547 4081 1575 4120 a
1639 4064 1945 4131 Saracenis,

360 4157 515 4226 quod
542 4165 762 4225 captum
792 4156 894 4210 fuit
925 4158 1027 4211 sub
1057 4155 1257 4212 Leonis
1290 4156 1468 4212 Basilii
1513 4157 1821 4213 Macedonis
1853 4158 1949 4213 ﬁlii

363 4248 603 4318 imperio
639 4265 652 4300 :
684 4264 807 4302 cum
849 4248 1199 4303 Tauromenii
1245 4249 1563 4304 concionem
1600 4249 1809 4306 habens
1854 4267 1950 4305 vo-

363 4346 457 4392 cet
499 4335 807 4391 Saracenos
857 4336 1123 4391 conﬁnes.
1173 4335 1337 4390 Plura
1384 4335 1471 4390 hic
1511 4337 1789 4405 probanda
1833 4336 1952 4390 fuc-

367 4438 519 4494 rant,
565 4430 885 4484 concionem
926 4429 1072 4483 illam
1115 4428 1463 4483 Tauromenii
1508 4428 1749 4482 habitam
1780 4445 1794 4482 :
1826 4444 1951 4483 cum

2046 3240 2193 3308 quod
2222 3239 2420 3304 dicam,
2454 3241 2546 3309 qui
2588 3238 2735 3293 enim
2776 3237 3018 3293 scribere
3052 3236 3229 3306 potuit
3269 3234 3497 3291 Photius
3529 3238 3633 3291 sub

2046 3332 2249 3388 Basilio
2286 3331 2602 3400 TheOphani
2634 3330 2897 3385 Cerameo
2921 3370 2935 3392 ,
2970 3328 3063 3398 qui
3105 3329 3443 3383 mentionem
3497 3328 3632 3383 facit

2046 3426 2428 3495 Metaphrastae
2444 3424 2545 3478 sub
2559 3423 2738 3477 Leone
2770 3421 2965 3477 Basilio
2999 3421 3108 3475 lilio
3130 3460 3144 3484 ,
3180 3428 3238 3475 et
3271 3419 3631 3475 Constantino

2046 3524 2245 3587 nepote
2275 3515 2438 3567 vitam
2475 3514 2703 3582 agentis,
2756 3510 2860 3565 nisi
2896 3525 3079 3563 rerum
3111 3508 3360 3563 ordinem
3391 3507 3634 3562 inverta-

2044 3605 2204 3663 mus?
2228 3604 2416 3660 Fuerit
2434 3618 2498 3675 eo
2518 3614 2760 3672 tempore
2794 3600 3080 3656 ethiarcus
3096 3600 3334 3660 Siculus,
3352 3608 3407 3653 et
3427 3599 3636 3668 Euthy-

2046 3700 2189 3755 mius
2222 3698 2438 3753 Catanze
2484 3694 2856 3765 metropolita,
2905 3702 2960 3747 et
3005 3690 3636 3761 GregoriusSyracusa-

2047 3805 2174 3853 nus,
2200 3790 2267 3842 ad
2300 3802 2438 3859 quos
2482 3787 2681 3839 scribit.
2708 3785 2936 3839 i‘hotius
2974 3801 2987 3839 ;
3022 3783 3187 3837 fuerit
3211 3791 3269 3836 et
3310 3782 3410 3835 iste
3459 3780 3640 3834 Theo-

2050 3879 2260 3948 phanes
2298 3877 2619 3936 monachus.
2651 3888 2781 3943 ergo
2815 3889 2883 3928 ne
2909 3875 3093 3926 statim
3126 3869 3228 3926 iste
3263 3869 3642 3939 Theophanes

2050 3973 2157 4025 erit
2184 3966 2771 4035 Ceramcusille.cujus
2793 3964 2904 4038 [65]
2931 3966 3048 4021 istae
3078 3966 3329 4022 tlomilia:
3363 3964 3639 4033 leguntur,

2051 4042 2107 4118 et
2131 4062 2276 4130 quod
2302 4059 2474 4131 magis
2503 4046 2609 4118 est.
2644 4058 2920 4112 Zachariae
2947 4057 3270 4112 successor?

2123 4153 2374 4220 Quonam
2404 4167 2534 4222 ergo
2562 4159 2808 4220 tempore
2837 4150 2972 4205 vixit
3014 4148 3426 4219 Theophanes?
3478 4146 3646 4211 Qua:—

2052 4256 2138 4303 rat
2167 4247 2253 4302 cui
2315 4245 2574 4315 placitum
2637 4253 2746 4298 est.
2806 4242 2951 4297 Satis
2984 4242 3059 4296 sit
3097 4241 3259 4296 nobis
3315 4238 3645 4302 ostendisse,

2053 4356 2177 4394 eum
2218 4337 2399 4392 Basilii
2449 4335 2779 4401 Macedonis,
2829 4342 2888 4389 et
2946 4333 3146 4388 Leonis
3194 4332 3343 4386 illius
3407 4329 3502 4387 ﬁlii
3531 4344 3651 4384 aevo

2053 4432 2224 4487 multo
2254 4428 2612 4500 posteriorem
2644 4442 2789 4496 esse.
2818 4424 2885 4478 Et
2908 4440 3071 4494 quam
3118 4423 3237 4492 ipse
3268 4438 3328 4476 se
3373 4419 3652 4476 invenisse

368 4519 673 4575 coneioilla
701 4519 1002 4573 habebatur
1024 4561 1039 4585 ,
1067 4519 1309 4572 nondum
1337 4518 1764 4573 Tauromenium
1795 4534 1827 4573 a
1850 4517 1953 4572 Sa-
1983 4522 2029 4577 ι)
2057 4525 2347 4597 proﬁtetur
2391 4522 2623 4576 Scorsus
2652 4518 3034 4589 Metaphrastae
3062 4524 3278 4571 atatem
3325 4514 3463 4568 adeo
3505 4512 3651 4567 anti-

314 4680 321 4687 .
371 4611 591 4667 racenis
611 4611 890 4665 subactum
914 4611 1102 4665 fuisse.
1126 4610 1545 4665 Tauromenium
1590 4609 1760 4665 semel
1785 4625 1950 4665 oecu-

315 4694 327 4747 ἓ
366 4713 564 4774 patum
600 4717 633 4755 a
664 4702 971 4767 Saracenis,
1026 4717 1305 4771 nunquam
1352 4717 1382 4754 a
1414 4699 1742 4754 Christianis
1792 4714 1952 4754 recu-

370 4799 653 4862 peratum.
842 4798 947 4845 nec
988 4790 1216 4860 probata
1243 4799 1392 4853 sunt,
1424 4804 1527 4843 nec
1561 4804 1798 4858 unquam
1827 4803 1954 4858 pro-

370 4881 497 4938 ituri
831 4872 1010 4948 Quare
1030 4891 1256 4951 potuere
1280 4894 1403 4935 esse
1432 4879 1687 4934 Saraceni
1712 4877 1954 4945 ﬁnitimi,

371 4972 470 5028 sed
494 4980 613 5027 non
638 4970 1037 5037 Tauromenio,
1081 4972 1176 5025 sed
1208 4971 1327 5024 urhi
1350 5011 1365 5035 ,
1402 4971 1455 5023 in
1492 4986 1599 5040 qua
1640 4970 1759 5040 ipse
1796 4984 1959 5039 pero-

370 5062 551 5129 rabat,
580 5074 936 5135 “perorasse
964 5062 1355 5134 Theophanem
1388 5064 1443 5117 in
1458 5063 1576 5117 aliis
1608 5062 1833 5117 urbibus
1850 5079 1960 5117 non

374 5175 489 5215 uno
516 5158 766 5227 exemplo
793 5157 936 5212 idem
981 5153 1212 5213 Scorsus
1240 5157 1505 5227 probavit.
1556 5156 1649 5211 Sic
1696 5154 1962 5211 ﬁnitimos

373 5265 501 5305 esse
524 5264 631 5302 non
661 5257 873 5304 tantum
901 5248 1044 5311 urbi,
1075 5248 1129 5302 in
1159 5264 1264 5319 qua
1287 5264 1497 5312 sumus,
1532 5247 1831 5318 proximos,
1865 5248 1961 5302 sed

374 5354 475 5396 eos
505 5341 689 5407 etiam,
723 5340 816 5411 qui
846 5339 1144 5410 provincia:
1167 5382 1181 5404 ,
1216 5340 1271 5393 in
1303 5357 1408 5410 qua
1447 5356 1657 5403 sumus,
1692 5349 1749 5393 et
1788 5340 1963 5410 impe-

375 5432 442 5487 rii
474 5432 735 5487 limitibus
779 5431 1049 5500 adjacent.
1090 5431 1168 5485 Ita
1203 5430 1393 5486 Turcae
1425 5430 1632 5486 ﬁnitimi
1677 5441 1806 5485 sunt
1854 5430 1966 5486 Ita-

374 5523 486 5585 lize,
533 5531 588 5576 et
634 5521 830 5578 Siciliae
878 5520 1140 5585 Africani,
1194 5529 1249 5573 et.
1300 5521 1538 5576 Polouia:
1595 5521 1830 5575 Tartari.
1890 5520 1967 5577 De

376 5616 585 5684 templo
638 5615 971 5671 Sanctorum
1030 5613 1417 5685 Apostolorum
1476 5615 1531 5667 in
1590 5614 1795 5684 palatio
1823 5614 1963 5669 nihil

374 5717 485 5763 est.
503 5708 615 5764 Non
640 5718 787 5767 unus
806 5700 1046 5764 Basilius
1066 5707 1120 5761 id
1148 5706 1324 5760 solum
1344 5715 1571 5761 conatus
1603 5717 1706 5762 est.
1729 5706 1797 5762 Et
1815 5707 1967 5762 πόλιν

375 5816 447 5859 eo
480 5801 601 5862 loco
640 5790 968 5877 ﬂyzauti‘um
997 5799 1120 5871 quis
1164 5798 1350 5853 dicet?
1397 5798 1783 5855 Verumtamen
1855 5803 1969 5882 pal-

2061 4632 2248 4688 quam,
2280 4624 2342 4670 ut
2374 4630 2404 4669 a
2429 4612 2606 4668 Psello
2623 4611 2839 4668 seniore
2869 4609 3081 4664 laudari
3113 4606 3378 4677 potuerit,
3410 4605 3650 4660 fabulam

2063 4724 2205 4765 esse.
2233 4707 2340 4762 Sed
2378 4721 2447 4761 ne
2498 4705 2556 4760 in
2605 4711 2928 4775 argumento
2975 4709 3085 4755 tam
3127 4699 3272 4754 serio
3307 4697 3483 4767 jejuni
3532 4708 3656 4751 esse

2063 4802 2375 4864 videamur,
2427 4813 2540 4854 non
2567 4796 2716 4851 aliud
2744 4795 2801 4851 in
2833 4793 3061 4865 gratiam
3090 4788 3459 4846 studiosorum
3512 4786 3657 4841 aﬁ‘e-

2065 4908 2270 4959 remus,
2292 4905 2454 4961 quam
2486 4887 2631 4958 quod
2665 4887 2780 4957 ipse
2816 4885 3045 4940 Scorsus
3070 4880 3377 4938 convellere
3403 4888 3655 4945 conatur,

2067 4994 2125 5040 et
2190 4984 2247 5038 in
2293 4981 2478 5047 aliam,
2525 4990 2689 5049 atque
2742 4977 2903 5031 aliam
2964 4974 3293 5031 sententiam
3344 4971 3656 5027 traducere.

2068 5076 2131 5131 1n
2157 5072 2381 5130 humilia
2406 5070 2552 5126 dicta
2576 5069 2668 5124 die
2693 5066 2977 5123 Dominico
3010 5064 3323 5121 Palmarum
3358 5060 3647 5130 inscriptio

2069 5156 2218 5220 illaf
2263 5162 2488 5234 Ἐλέχθη
2539 5161 2597 5214 δὲ
2669 5160 2898 5214 ἐνώπιον
2950 5155 3048 5211 τοῦ
3119 5154 3289 5224 ῥηγδς
3360 5151 3659 5219 Ῥογερξου,

2070 5258 2209 5311 dicta
2250 5264 2325 5309 est
2373 5263 2630 5324 praesente
2676 5268 2796 5324 rege
2822 5249 3067 5323 Roget-io,
3108 5244 3358 5317 quamvis
3390 5260 3422 5298 a
3448 5242 3662 5298 duobus

2077 5348 2360 5406 codicibus
2391 5343 2689 5401 Gallicanis
2719 5340 2884 5406 absit,
2913 5336 3175 5406 recipitur
3191 5344 3371 5390 tamen
3407 5334 3478 5390 ab
3503 5334 3665 5388 innu—

2074 5439 2239 5495 meris
2291 5438 2411 5492 aliis
2458 5431 2865 5500 manuscriptis.
2901 5440 3160 5497 tanquam
3198 5425 3419 5496 antiqua
3471 5433 3526 5479 et
3572 5440 3664 5495 ge—

2076 5530 2263 5594 nuina,
2305 5527 2432 5582 licet
2453 5527 2507 5580 in
2535 5522 2805 5592 aliquibus
2836 5521 2910 5575 ita
2944 5518 3220 5589 descripta
3245 5517 3336 5579 sit,
3368 5524 3428 5572 ut
3462 5530 3663 5571 nomen

2077 5618 2297 5687 Rogerii
2340 5632 2435 5688 per
2489 5612 2875 5685 compendium
2930 5610 3145 5682 signet:
3199 5622 3438 5679 namque
3476 5607 3665 5676 expri-

2080 5711 2247 5781 mitur
2302 5708 2356 5763 in
2405 5707 2546 5762 linea
2625 5706 2744 5777 ρογ,
2800 5717 2963 5773 supra
3030 5698 3286 5754 lineolam
3363 5710 3665 5767 expansum

2079 5800 2419 5874 apertissime
2446 5814 2504 5850 oo
2531 5794 2861 5869 agnoscitur.
2910 5788 3066 5858 Quod
3108 5787 3311 5844 indicat
3356 5788 3500 5842 inter
3550 5786 3666 5855 pri.
