4134 6432
478 401 550 468 59
1810 397 2084 460 LEONIS
2122 397 2431 458 ALLATII
3675 385 3748 451 80

477 533 598 574 mas
622 517 836 572 litteras
857 516 912 571 in
952 517 1119 582 linea,
1143 525 1200 572 et
1230 515 1364 571 alias
1393 531 1560 587 supra
1600 515 1658 571 in
1678 517 1854 588 spatio
1883 518 2062 572 medio

2169 516 2289 571 aliis
2335 513 2728 579 circumvestit,
2771 525 3063 583 reponens,
3097 507 3292 579 ἐλέχθη
3311 507 3368 561 δὲ
3399 507 3458 561 ὲν
3488 509 3554 578 τῇ
3587 508 3746 580 ρὁᾳ,

477 607 682 678 aliquid
726 608 937 670 deesse.
959 607 1191 677 ideoque
1234 607 1379 662 facili
1427 607 1646 675 negotio
1697 607 1962 677 suppleri,
2013 607 2059 662 si

478 708 698 754 estente
738 699 1012 768 Ῥογερίου
1078 713 1280 754 nomen
1311 698 1594 769 proferas:
1653 714 1780 752 nam
1809 699 1856 754 si
1900 699 2060 768 ρόγου

479 793 756 856 enuntias,
784 793 976 848 miram
1001 793 1288 863 scriptoris
1332 794 1872 856 inconsiderantiam,
1899 802 2061 864 atque

479 884 740 953 ineptiam
785 885 1165 954 deprehendes
1211 884 1304 954 qui
1337 885 1488 940 nullo
1536 885 1736 948 fructu,
1773 893 1830 939 et
1870 893 1930 938 ut
1986 885 2060 938 ita

477 973 675 1036 dicant,
728 973 1032 1028 litterarum
1080 973 1292 1028 fanore
1331 989 1533 1028 nomen
1589 971 1722 1027 illud
1753 988 1816 1027 ea
1847 973 2062 1028 ratione

397 1056 400 1061 ’
485 1064 814 1128 decurtavit,
877 1065 1026 1134 quod
1058 1073 1276 1134 poterat
1313 1063 1526 1121 facilius
1572 1065 1762 1119 eadem
1809 1064 1952 1117 linea
1979 1065 2063 1117 in-

478 1163 690 1225 tegrum
743 1155 1076 1225 exprimere.
1124 1156 1262 1211 Tum
1299 1157 1444 1210 enim
1483 1155 1704 1210 nomina
1742 1155 1814 1210 ita
1863 1155 2060 1208 decur-

488 1256 696 1314 tantur,
743 1257 805 1302 ut
852 1249 1048 1302 littera:
1090 1247 1226 1302 alias
1262 1248 1320 1302 in
1349 1247 1492 1300 linea
1521 1247 1636 1317 pari
1663 1246 2058 1316 exprimendae,

478 1338 884 1407 quodammodo
941 1339 1263 1408 intercepta:
1318 1354 1387 1392 ex
1422 1336 1602 1392 indice
1655 1336 1949 1405 superioris
1992 1335 2063 1391 li-

480 1429 673 1492 neolae,
699 1437 755 1484 et
799 1429 1102 1484 litterarum
1123 1429 1346 1498 integra:
1376 1427 1682 1482 habeantur
1715 1445 1728 1480 :
1764 1427 1907 1497 quod
1935 1427 1995 1481 fit
2031 1443 2062 1481 a

481 1521 840 1590 scriptoribus
867 1523 952 1576 vel
979 1536 1104 1576 cum
1137 1521 1320 1589 inopia
1359 1510 1562 1595 papyri
1585 1529 1764 1589 urget,
1800 1519 1888 1574 vel
1917 1527 2060 1574 tem-

480 1626 583 1680 pus
613 1610 780 1664 breve
808 1625 990 1664 moras
1015 1609 1274 1664 sollicitat
1301 1627 1314 1662 :
1351 1609 1554 1678 szepius
1592 1609 1757 1664 etiam
1785 1609 1853 1664 ad
1887 1610 2062 1680 scrip-

484 1707 618 1752 turae
646 1697 1094 1761 concinnitatem,
1142 1706 1198 1750 et
1236 1697 1586 1768 elegantiam,
1617 1704 1674 1750 et
1715 1695 2062 1765 potissimum

479 1789 703 1852 Graeca,
727 1805 849 1860 qua:
903 1789 1178 1844 similibus
1203 1788 1513 1842 litterarum
1539 1787 1826 1852 tractibus,
1863 1795 1918 1842 et
1970 1785 2064 1840 de-

478 1881 710 1938 curtatis
753 1882 979 1954 syllabis
1017 1889 1362 1938 venustatur.
1395 1879 1580 1934 Scorsi
1629 1880 1896 1950 machinae
1931 1895 2062 1933 exa-

480 1975 763 2030 minantur
799 1993 812 2028 :
844 1973 1062 2044 Rogerii
1093 1974 1238 2044 regis
1264 1982 1509 2042 tempore
1533 1971 2058 2025 Tauromenitanum

478 2068 796 2138 episcopum
818 2065 1090 2130 floruisse,
1120 2065 1208 2121 vel
1241 2065 1403 2120 etiam
1441 2063 1614 2118 fuisse
1647 2062 1703 2116 in
1737 2061 1924 2116 Sicilia
1955 2075 2057 2117 ne-

481 2175 572 2216 mo
595 2159 813 2226 dixerit,
845 2159 930 2214 vel
973 2161 1197 2225 lectum,
1237 2159 1324 2214 vel
1353 2158 1637 2221 traditum,
1667 2158 1832 2213 modo
1880 2158 2058 2214 histo-
2104 2161 2110 2167 '

482 2253 687 2306 riarum
719 2249 972 2318 lectione,
1007 2260 1064 2306 et
1111 2250 1412 2320 praesertim
1445 2249 1814 2304 Siciliensium
1869 2264 2058 2304 rerum

479 2343 762 2414 paululum
787 2343 858 2397 sit
909 2342 1174 2396 imbutus.
1206 2339 1408 2396 Probat
1448 2340 1763 2396 testimonio
1812 2339 2060 2396 Gaufridi

481 2436 767 2490 Malaterra
817 2449 1005 2489 eorum
1056 2443 1363 2503 temporum
1389 2431 1692 2501 scriptoris,
1723 2432 1815 2502 qui
1851 2433 1907 2487 in
1960 2447 2058 2488 sua

483 2527 724 2582 Historia
754 2527 918 2580 unius
953 2534 1164 2580 tantum
1208 2523 1580 2579 Panormitani
1611 2525 2057 2594 archiepiscopa-

483 2627 572 2674 tus
607 2619 1006 2675 restitutionem
1059 2633 1090 2672 a
1131 2616 1364 2688 Rogerio
1388 2618 1614 2682 comite,
1671 2627 1727 2674 et
1755 2618 1894 2673 duce
1951 2617 2060 2672 Ro-

483 2712 642 2766 berto
673 2719 1086 2766 commemorat.
1147 2708 1250 2774 Qui
1283 2725 1413 2764 sane
1459 2726 1579 2763 cum
1631 2719 1742 2762 tam
1777 2709 2060 2780 diligenter

481 2816 662 2854 eorum
717 2811 1010 2869 temporum
1039 2801 1183 2870 facta
1237 2799 1520 2862 describat,
1571 2801 1618 2852 is
1647 2801 1762 2869 quis
1801 2799 1936 2852 alius
1990 2799 2056 2853 ab

481 2887 576 2941 illa
603 2887 751 2942 clade
779 2887 1058 2942 incolumis
1102 2889 1354 2942 evasisset
1383 2891 1675 2958 episcopus,
1711 2889 1882 2942 dicere
1917 2899 2058 2943 certe

481 2994 582 3033 non
600 2979 876 3032 omisisset.
911 2978 1192 3032 Siluerunt
1212 2979 1453 3036 Thomas
1484 2977 1754 3042 Facellus,
1780 2978 1894 3042 alii,
1918 2993 2061 3048 quo-

483 3085 602 3124 rum
653 3071 759 3125 hoc
789 3070 964 3139 ipsum
1009 3069 1112 3124 fuit
1157 3070 1470 3124 institutum
1508 3069 1866 3140 perscrutari,
1899 3079 1960 3124 et-
2002 3069 2060 3124 in

479 3161 659 3217 lucem
711 3162 945 3232 prodere
995 3161 1250 3217 notitiam
1294 3161 1702 3232 episeOporum.
1740 3162 1798 3217 Si
1852 3161 2057 3233 aliquid

481 3255 549 3309 de
582 3253 1046 3310 Tauromenitana
1065 3255 1326 3325 episcopo
1355 3255 1424 3309 ad
1471 3254 1686 3325 Rogerii
1723 3255 1866 3326 regis
1919 3265 2060 3309 tem-
2086 3224 2131 3286 δ

482 3361 614 3415 pora
649 3347 944 3414 superstite
979 3345 1175 3400 alicubi
1234 3345 1497 3416 scriptum
1537 3361 1660 3400 esse
1701 3346 2058 3415 reperissent,

481 3438 848 3508 evulgassent.
895 3436 961 3491 Et
1001 3452 1124 3492 cum
1161 3438 1228 3492 de
1279 3437 1400 3492 aliis
1430 3437 1839 3507 episcopalibus
1897 3438 2062 3492 resti-

485 3527 640 3592 tutis,
689 3527 806 3582 sive
839 3529 1039 3583 erectis
1083 3543 1208 3582 eum
1244 3544 1274 3582 a
1307 3529 1564 3599 llogerio,
1601 3537 1719 3583 tum
1747 3545 1776 3583 a
1827 3545 2063 3599 sequen-

485 3619 632 3675 tibus
669 3620 888 3692 regibus
917 3623 1174 3676 memoria
1222 3622 1507 3688 habeatur,
1541 3625 1586 3678 si
1641 3622 2062 3679 Tauromenita-

482 3727 588 3767 nus
627 3713 960 3768 instauratus
991 3729 1022 3768 a
1068 3715 1302 3786 llogerio
1335 3730 1462 3784 rege
1516 3715 1729 3779 fuisset,
1761 3717 1815 3772 id
1864 3715 2063 3786 aliquis

481 3803 718 3872 scriptor
744 3805 1024 3859 memoria:
1059 3807 1411 3874 prodidisset.
1445 3805 1742 3877 Propterea
1777 3807 2062 3877 inscriptio

479 3894 574 3948 τοῦ
619 3895 785 3964 ρηγὸς
823 3911 935 3950 non
968 3897 1226 3952 convenit
1255 3913 1380 3952 cum
1411 3899 1496 3963 iis,
1524 3914 1646 3968 quae
1704 3900 1759 3952 in
1805 3899 1920 3969 ipsa
1951 3899 2061 3954 Ho-

483 3988 627 4042 tnilia
677 3989 952 4054 dicuntur,
1006 3989 1062 4042 in
1103 4006 1210 4059 qua
1264 3989 1519 4060 βασιλεὺς
1571 3990 1686 4063 liii]
1729 3991 2059 4060 appellatur,

481 4085 630 4146 cuius
657 4082 960 4150 praesentia,
991 4099 1151 4151 quam
1193 4098 1334 4136 nunc
1381 4084 1557 4146 timeo,
1617 4092 1668 4136 et
1718 4085 2060 4144 contremisco

481 4171 672 4225 sudore
695 4188 961 4240 aspersus,
997 4189 1190 4243 pavore
1221 4181 1527 4241 occupatus,
1560 4175 1852 4229 reverentia
1888 4175 2062 4229 deten-

482 4273 584 4326 tus,
621 4273 840 4334 pavente
887 4267 1090 4328 anima,
1128 4274 1349 4320 nutante
1391 4277 1582 4333 mente,
1619 4277 1668 4322 et
1727 4269 2060 4322 subsultante

481 4355 653 4416 corde,
683 4355 962 4410 intercluso
1013 4357 1174 4410 etiam
1211 4359 1348 4413 vocis
1377 4375 1524 4423 sono,
1573 4361 1712 4429 quod
1749 4359 2057 4427 βασιλικαῖς

481 4449 696 4510 ἀκοαῖς,
721 4449 1078 4515 imperatoriis
1107 4450 1324 4504 auribus
1365 4467 1676 4517 sermonem,
1708 4455 1860 4521 quasi
1888 4451 2061 4506 salsu-

2165 607 2254 662 vel
2296 606 2546 661 fortassis
2575 605 2808 658 ἐνώπιον
2855 603 2954 672 τῆς
2990 601 3181 672 ρόγας,
3223 615 3282 656 re
3327 599 3446 669 ipsa
3477 607 3532 654 et
3559 599 3743 654 distri-

2164 695 2390 750 butione
2447 708 2734 748 munerum
2804 707 2905 761 pro
2981 697 3304 750 conventu,
3377 702 3744 756 consessuquc

2168 794 2387 854 sumpta
2417 803 2429 839 :
2464 784 2610 854 quod
2643 783 2712 837 ab
2743 781 3140 854 ignorantibus,
3189 780 3320 850 quid
3371 779 3475 834 sibi
3524 779 3656 834 velit
3687 781 3746 832 ὲν

2163 878 2231 948 τῇ
2271 877 2432 947 ῥόγᾳ,
2493 877 2576 930 vel
2609 876 2792 944 ρόγου,
2820 882 2876 929 et
2913 875 3314 929 hariolantibus
3371 888 3575 927 nomen
3609 872 3748 927 illud

2163 981 2286 1021 esse
2317 967 2537 1022 concise
2561 967 2824 1036 scriptum
2864 981 2964 1035 pro
3005 965 3284 1035 Ῥογερίου
3315 965 3533 1020 titulum
3566 965 3746 1034 ipsum

2165 1057 2437 1112 addidisse
2470 1057 2565 1110 τοῦ
2601 1059 2790 1127 ῥητός.
2834 1058 2966 1124 Quae
2985 1057 3058 1111 ita
3086 1057 3250 1111 velim
3273 1074 3305 1110 a
3331 1057 3632 1112 lectoribus
3651 1069 3746 1111 ac-

2165 1157 2344 1218 cepta,
2375 1157 2434 1202 ut
2461 1163 2525 1202 ex
2562 1149 2648 1203 his
2679 1149 2808 1202 illud
2853 1164 2912 1204 se
2943 1149 3082 1204 scire
3107 1148 3448 1218 profiteatur,
3486 1165 3593 1202 non
3623 1163 3749 1204 esse

2165 1254 2286 1293 eam
2331 1237 2618 1293 Homiliam
2672 1239 2742 1294 ad
2788 1239 3009 1310 Rogerii
3055 1249 3299 1308 tempora
3357 1240 3748 1305 referendam;

2165 1339 2360 1384 cratera
2407 1332 2476 1384 de
2515 1331 2836 1402 epigraphe,
2879 1341 2940 1386 ut
2977 1333 3281 1402 excogitata
3322 1347 3354 1386 a
3378 1347 3448 1388 se
3469 1340 3525 1388 et
3547 1332 3744 1402 opina-

2165 1431 2217 1476 ta
2245 1437 2354 1475 non
2392 1422 2690 1492 explorata,
2718 1433 2880 1494 atque
2914 1434 3193 1494 comperta
3231 1424 3361 1479 dici.

2238 1511 2463 1568 Subtilis
2487 1522 2590 1577 est,
2623 1523 2678 1568 et
2711 1515 2846 1568 satis
2873 1523 3032 1569 acuta
3061 1513 3283 1586 Rogerii
3317 1514 3371 1568 in
3423 1515 3608 1586 ρόγου,
3654 1515 3744 1568 vel

2168 1603 2334 1674 ρόγας
2367 1605 2716 1660 immutatio:
2754 1615 2814 1660 ut
2844 1615 3056 1660 tantum
3105 1607 3452 1676 antiquitatis
3492 1617 3746 1663 servetur

2165 1697 2486 1768 Theophani
2516 1701 2618 1753 sub
2642 1698 2864 1778 Basilio,
2921 1710 2976 1755 et
3005 1700 3207 1756 Leone.
3253 1702 3382 1754 Eam
3413 1711 3594 1756 tamen
3620 1703 3744 1756 nul-

2165 1787 2270 1842 lam
2309 1803 2456 1854 esse,
2501 1797 2561 1843 ut
2599 1791 2814 1859 opinor,
2857 1807 2980 1844 cum
3037 1807 3202 1860 supra
3254 1791 3472 1845 abunde
3510 1791 3744 1846 demon-

2089 1867 2138 1928 Β
2165 1889 2397 1935 stratum
2439 1881 2532 1945 sit,
2563 1883 2711 1936 nulla
2741 1898 2907 1937 causa
2943 1882 3127 1948 fuerit,
3164 1892 3228 1938 ut
3257 1883 3401 1938 vires
3434 1884 3638 1954 ingenii
3676 1886 3743 1939 ad

2167 1981 2250 2028 tot
2273 1973 2739 2029 comminisccnda
2797 1990 3170 2029 exerceamus.
3203 1973 3422 2046 Rogerii
3477 1991 3593 2030 aevo
3622 1975 3747 2030 nul-

2166 2065 2252 2122 lus
2305 2064 2408 2120 fuit
2440 2062 2938 2121 Tauromenitanus
2969 2067 3280 2136 episcopus,
3329 2067 3745 2136 comprobatur-

2166 2172 2274 2226 que
2306 2157 2522 2212 silentio
2564 2157 2915 2227 scriptorum.
2973 2158 3364 2228 Argumentum
3404 2159 3472 2213 ab
3506 2160 3746 2213 auctori-

2117 2279 2128 2292 -
2169 2257 2279 2304 tate
2308 2249 2592 2320 negativae,
2643 2259 2907 2320 quantum
2943 2251 3139 2312 valeat,
3186 2249 3496 2304 doctissimi
3544 2251 3746 2321 quique

2165 2341 2266 2397 viri
2298 2343 2499 2396 sciunt.
2521 2343 2653 2397 Cum
2683 2343 2866 2397 omnia
2905 2344 3232 2413 scriptorum
3261 2351 3618 2398 monumenta
3635 2359 3746 2398 non

2167 2431 2276 2486 sint
2305 2432 2372 2486 ad
2411 2447 2628 2487 manus.
2664 2431 2731 2486 Et
2760 2433 2900 2487 forte
2930 2431 3051 2494 fuit,
3081 2433 3177 2502 qui
3209 2432 3354 2487 illius
3408 2433 3741 2498 meminerit,

2166 2520 2377 2576 incuria
2424 2531 2607 2576 tamen
2668 2521 2974 2586 hominum,
3024 2523 3112 2576 vel
3164 2522 3360 2590 injuria
3415 2531 3742 2591 temporum,

2167 2626 2291 2667 cum
2315 2613 2632 2684 deperditus
2661 2613 2729 2668 sit
2779 2602 3034 2684 scriptor,
3069 2629 3178 2668 non
3213 2614 3388 2684 putuit
3409 2613 3570 2667 nobis
3599 2613 3746 2667 indi-

2167 2705 2296 2760 cari.
2349 2705 2410 2758 1d
2443 2706 2509 2758 de
2564 2705 2950 2760 Panormitano
2993 2705 3156 2760 etiam
3197 2704 3455 2759 restituto
3489 2703 3746 2774 contigis-

2166 2802 2268 2857 set,
2299 2793 2402 2848 nisi
2425 2803 2702 2862 superstes
2727 2791 3022 2848 Gaufridus
3055 2793 3342 2846 Malaterra
3364 2801 3742 2848 memorasset.

2165 2885 2232 2939 Et
2259 2885 2468 2956 Rogerii
2494 2897 2738 2956 tempore
2767 2888 2951 2957 plures
2979 2887 3034 2940 in
3065 2887 3246 2940 Sicilia
3279 2886 3568 2956 episcopos
3591 2885 3743 2942 Grat-

2167 2991 2260 3032 cos
2290 2978 2458 3032 fuisse
2485 2977 2700 3047 probari
2733 2987 2915 3046 potest
2945 2995 3011 3032 ex
3063 2977 3279 3048 Rogerii
3305 2979 3532 3050 Eetypo,
3589 2977 3746 3048 cujus

2167 3066 2410 3124 Graecam
2458 3069 2868 3138 inscriptionem
2903 3070 3062 3124 nobis
3106 3069 3338 3126 Scorsus
3383 3071 3452 3124 ab
3480 3070 3602 3125 aliis
3653 3086 3746 3125 ac.

2166 3171 2378 3232 ceptam
2412 3163 2696 3231 expressit.
2741 3163 2858 3228 Qua
2901 3164 3047 3218 enim
3079 3179 3243 3219 causa
3276 3163 3546 3236 Rogerius
3597 3163 3746 3220 Gras-

2164 3257 2244 3312 cis
2275 3256 2470 3310 litteris
2501 3271 2702 3310 nomen
2744 3255 2986 3326 imprimi
3011 3272 3169 3310 suum
3204 3265 3570 3326 procurasset,
3612 3256 3656 3312 si
3714 3273 3745 3310 a

2165 3350 2400 3405 nemine-
2439 3349 2531 3403 vel
2581 3347 3000 3420 intelligeretur,
3034 3348 3119 3402 vel
3155 3348 3450 3417 legeretur,
3486 3359 3543 3403 et
3605 3363 3745 3419 pra:-

2165 3439 2354 3496 sertim
2379 3455 2445 3494 eo
2477 3449 2744 3509 tempore,
2783 3454 2889 3506 quo
2927 3437 3209 3492 barbaries
3241 3439 3355 3493 fere
3403 3439 3587 3493 omnia
3651 3455 3744 3495 oc-

2165 3541 2482 3602 cupaverat,
2515 3532 2800 3586 exstinctis
2833 3531 3157 3584 litteratura:
3191 3531 3465 3600 politioris
3525 3532 3749 3587 lumini-

2163 3625 2310 3680 bus?
2355 3626 2424 3680 Et
2456 3639 2587 3680 sane
2635 3623 2842 3677 nemini
2874 3623 3101 3677 dubium
3131 3639 3252 3678 esse
3291 3625 3454 3679 debet
3484 3641 3550 3678 eo
3610 3634 3749 3678 tem-

2163 3730 2296 3786 pore
2326 3713 2532 3769 Graecis
2556 3713 2796 3768 Siciliam
2829 3713 3160 3780 abundasse,
3203 3716 3446 3768 nondum
3486 3729 3580 3783 per
3607 3713 3751 3769 Lati-

2163 3823 2268 3862 nos
2296 3805 2500 3862 Graecis
2549 3807 2827 3876 episcopis
2884 3806 3147 3877 expulsis,
3195 3807 3280 3860 vel
3329 3823 3543 3861 summo
3581 3807 3745 3860 etiam

2164 3901 2348 3958 studio
2388 3916 2417 3954 a
2463 3899 2698 3970 llogerio
2728 3899 2880 3970 ipso,
2915 3899 3000 3953 cui
3045 3915 3168 3954 cum
3215 3898 3476 3954 Romanis
3523 3899 3751 3969 pontifi-

2165 3992 2322 4048 cibus
2351 3991 2651 4046 inimicitite
2686 3991 2861 4053 fuere,
2886 4001 2941 4045 et
2968 4006 3177 4060 magmn
3205 3990 3280 4042 rei
3312 3989 3596 4044 familiaris
3613 4005 3750 4044 con-

2167 4084 2466 4148 troversize,
2492 4083 2798 4151 procuratis
2825 4125 2840 4150 ,
2874 4092 2932 4137 ut
2953 4082 3134 4136 medio
3152 4081 3476 4142 Schismate,
3516 4079 3630 4152 [65]
3666 4082 3775 4158 vel,

2164 4191 2354 4232 eorum
2389 4191 2606 4245 quoque
2630 4174 2984 4229 auxiliaribus
3036 4173 3322 4228 conatibus
3347 4189 3406 4228 se
3435 4173 3549 4229 suis
3581 4173 3754 4228 hosti-

2163 4269 2268 4324 bus
2291 4268 2544 4322 redderet
2599 4266 3108 4321 formidabiliorem.
3136 4263 3277 4319 Dicit
3305 4262 3590 4318 Malaterra
3643 4264 3754 4320 Ro-

2163 4361 2395 4431 gerium,
2437 4370 2494 4415 et
2525 4359 2822 4416 Robertum
2876 4359 3075 4428 adepto
3124 4357 3395 4412 Panormo
3451 4357 3764 4420 Ecclesiam,

2167 4453 2381 4506 Sancta:
2427 4450 2610 4504 Maria:
2653 4490 2667 4515 ,
2717 4467 2838 4520 quae
2895 4449 3197 4520 antiquitus
3249 4449 3754 4520 archiepiscopatus

481 4539 600 4606 gine
625 4554 870 4592 amarum
914 4540 1158 4608 prapina.
1199 4539 1374 4596 Tanta
1424 4538 1704 4608 demissio,
1769 4551 2062 4613 tantusque
2091 4560 2140 4618 ι)
2169 4545 2368 4611 fuerat,
2413 4545 2668 4599 violatam
2701 4561 2730 4599 a
2759 4544 3071 4611 Saracenis,
3122 4543 3473 4600 reconciliata
3522 4543 3668 4606 dote.
3698 4553 3766 4602 et.

483 4640 688 4683 tremor
733 4630 966 4686 dicentis
1015 4633 1236 4687 nonnisi
1274 4635 1343 4688 ab
1373 4635 1725 4703 imperatoria
1774 4635 2062 4703 majestate

478 4719 702 4775 excitari
767 4721 983 4776 videtur
1035 4737 1216 4792 posse.
1272 4722 1481 4779 Nomen
1548 4723 1816 4795 βασιλέως
1859 4742 2064 4782 conve-

479 4811 599 4866 nire
631 4811 866 4882 Rogerio
893 4828 1002 4867 non
1035 4814 1213 4883 potuit
1243 4823 1316 4870 et'
1338 4816 1512 4870 solum
1543 4817 1850 4885 appellatos
1891 4816 2060 4886 impe-

480 4913 690 4959 ratores
733 4921 765 4958 a
805 4904 1087 4962 Michaelis
1149 4905 1318 4962 Tertii
1378 4909 1716 4978 temporibus
1769 4924 1943 4979 usque
1995 4911 2062 4966 ad

480 4995 770 5051 concilium
830 4999 1205 5052 Florentinum
1267 5001 1528 5055 trecentis
1582 5011 1710 5072 post
1769 5001 2062 5074 Rogerium

478 5089 640 5144 annis
661 5087 996 5142 celebratum
1019 5092 1370 5161 comperitur.
1403 5094 1560 5158 Hinc,
1597 5111 1812 5150 necnon
1859 5112 1924 5150 ex
1947 5096 2065 5151 dia-

479 5181 715 5245 demate,
743 5191 798 5236 et
823 5198 1107 5250 consessu,
1145 5185 1490 5257 adventuque
1517 5188 1918 5258 episcoporum,
1943 5205 2064 5260 quae

479 5290 588 5328 non
621 5276 773 5340 alibi,
811 5293 972 5346 quam
1000 5278 1054 5332 in
1091 5281 1226 5334 urbe
1253 5279 1368 5348 ipsa
1399 5280 1871 5352 Constantinopoli
1927 5299 2060 5337 eon-

479 5364 764 5430 gruentius
781 5367 1001 5420 evenire
1020 5383 1180 5436 posse
1206 5369 1482 5435 videntur,
1519 5379 1575 5424 et
1609 5369 1912 5439 frequentia
1947 5372 2057 5426 du-

480 5467 626 5518 cum,
675 5463 731 5508 et
793 5455 1204 5525 magistratuum
1256 5460 1395 5515 aulae
1437 5461 2063 5532 Constantinopolitanae

481 5543 628 5598 illam
665 5547 955 5602 Homiliam
998 5549 1474 5622 Constantinopoli
1541 5553 1801 5620 habitam,
1839 5563 1896 5610 et
1925 5555 2062 5610 titu-

481 5635 594 5690 lum
623 5647 940 5707 eorruptum
963 5642 1275 5710 suspicatur
1303 5644 1536 5700 Scorsus
1567 5661 1584 5712 ε
1625 5653 1682 5700 et
1715 5663 1840 5702 cum
1875 5662 1942 5702 eo
1973 5647 2059 5702 dic

483 5728 841 5797 imperatores
865 5729 993 5785 olim
1012 5747 1077 5786 ac
1099 5732 1422 5802 patriarcha:
1466 5737 1652 5806 ρύγας,
1687 5737 1793 5792 hoc
1823 5746 1907 5792 est
1935 5753 2058 5792 mu-

483 5838 637 5889 nera,
681 5837 735 5878 et
767 5820 906 5878 dona
934 5823 1351 5898 distribuerent,
1394 5829 1670 5898 emendat,
1701 5839 1757 5888 et
1816 5829 2058 5886 vestibus

2164 4637 2502 4692 ornamentis
2559 4638 2947 4693 ecclesiasticis
2999 4638 3240 4700 auxisse,
3319 4647 3754 4707 renovantesque

2167 4731 2476 4786 restituisse
2509 4730 2988 4801 archiepiscopum
3013 4730 3235 4784 natione
3257 4727 3530 4792 Graecum,
3566 4729 3662 4797 qui
3694 4729 3753 4783 in

2165 4839 2408 4893 paupere
2454 4823 2698 4878 Ecclesia
2733 4831 2936 4878 sanctas
2967 4822 3207 4892 Cymaea:
3247 4819 3454 4876 cultum
3489 4819 3755 4875 Christia-

2165 4932 2249 4971 nae
2273 4917 2550 4986 religionis
2571 4934 2669 4987 pro
2719 4932 2880 4986 posse
2921 4913 3346 4983 exsequebatur.
3375 4913 3654 4983 Quidquid
3683 4913 3754 4968 sit

2166 5007 2234 5062 de
2269 5009 2734 5062 Tauromenitano
2767 5009 3044 5076 episc0po,
3076 5019 3139 5059 ex
3185 5005 3276 5060 his
3306 5003 3604 5060 Malaterraa
3631 5019 3754 5058 ver-

2167 5099 2250 5154 bis
2275 5100 2408 5153 nihil
2436 5101 2501 5153 tle
2529 5099 2736 5152 Latinis
2787 5095 3062 5166 episcopis
3101 5095 3318 5150 elicitur
3355 5113 3368 5148 :
3411 5095 3522 5148 imo
3553 5095 3596 5148 si
3627 5108 3753 5148 ver-

2165 5191 2232 5245 ba
2261 5191 2404 5244 illius
2429 5189 2688 5244 attentius
2722 5187 3158 5250 considerentur,
3198 5185 3614 5241 Panormitanus
3637 5186 3753 5254 epi-

2167 5298 2367 5352 scopus
2423 5281 2646 5335 Grzccus
2693 5287 2812 5334 erat
2873 5279 3096 5338 natione
3153 5279 3210 5332 in
3274 5277 3478 5346 templo
3545 5286 3750 5330 sancta:

2168 5373 2405 5442 (Syriaca:
2455 5384 2824 5432 commorans,
2877 5379 2931 5422 et
2980 5370 3119 5424 forte
3171 5369 3339 5423 etiam
3385 5365 3577 5422 Graeco
3639 5368 3746 5421 ritu

2168 5465 2474 5530 ordinatus,
2505 5463 2804 5532 Graecoque
2851 5447 2960 5517 ritti
3014 5463 3220 5517 cultum
3261 5459 3593 5516 Christianae
3625 5461 3754 5514 reli-

2167 5557 2344 5630 gionis
2389 5570 2688 5611 exercens:
2721 5563 2778 5610 et
2818 5560 2966 5611 hunc
3019 5553 3274 5610 eumdem
3305 5566 3416 5607 non
3447 5552 3612 5608 alium
3663 5569 3751 5609 re—

2165 5658 2422 5704 vocantes
2465 5649 2844 5704 restituerunt.
2901 5647 3093 5702 Solent
3119 5647 3174 5700 id
3219 5645 3395 5700 Graeci
3440 5647 3601 5702 etiam
3645 5647 3760 5702 sub’

2168 5737 2456 5810 tyrannide
2512 5739 2868 5794 Barbarorum
2919 5776 2934 5800 ,
2983 5747 3041 5792 et
3093 5734 3424 5791 Christiana:
3475 5737 3750 5806 religionis

2168 5831 2405 5890 hostium
2453 5831 2741 5906 episcopos
2797 5831 2840 5885 a'
2870 5845 2929 5886 se
2978 5829 3263 5885 ordinatos
3309 5829 3526 5884 mittere
3551 5828 3604 5882 in
3654 5843 3748 5886 eas
