4134 6442
709 59 780 74 τι,
823 55 832 64 ’⁸
954 68 961 73 ,
1058 48 1063 67 l
1106 66 1109 67 ν

207 77 210 82 ’
249 95 280 104 -.
331 95 384 104 ‹-.
445 99 484 104 .-
561 81 610 104 ’θ’
653 85 682 104 .v’r
764 84 791 97 ’Ψ

198 114 211 121 -
301 105 589 149 ἐδεγῲτ
620 105 661 149 11»

1022 436 1125 497 DE
1166 434 1511 495 SCRIPTIS
1551 434 1931 496 SYMEONIS
1979 436 2552 498 METAPHRASTAS
2596 439 2983 499 DIATRIBA.
3556 440 3625 502 6‘2

312 586 323 599 .
352 549 538 615 when,
564 548 623 603 in
653 546 867 620 quibus
915 556 1212 621 antequam
1255 566 1283 605 a
1315 548 1569 604 Barbaris
1611 566 1949 621 occuparen-
1974 554 2025 612 A
2050 563 2102 606 et
2136 569 2303 608 unum
2371 555 2658 624 episcopos
2691 554 2993 623 subjectos,
3024 551 3268 607 secundo
3311 552 3432 607 loco
3477 553 3632 622 ponit

354 651 467 703 tur.
499 640 594 708 jus
641 641 872 709 aliquod
927 641 1115 710 adepti
1155 639 1393 695 fuerant.
1439 639 1556 694 Imo
1620 639 1725 694 hoc
1754 641 1952 696 eodem

358 743 610 799 tempore
651 729 879 801 Rogerii
921 731 1039 787 fere
1101 746 1199 800 per
1232 730 1542 784 universam
1591 730 1853 795 Siciliam,
1901 741 1958 787 et

364 822 533 877 urbes
553 822 705 877 illius
738 823 1054 892 praecipuas
1081 820 1301 877 Graecos
1345 822 1634 891 episcopos
1658 837 1686 874 a
1712 822 1952 892 patriar.-

362 915 471 970 eha
522 912 1148 983 Constantinopolitano
1189 913 1474 967 ordinatos
1512 914 1953 983 iurisdictionem

365 1011 427 1060 et
448 1012 781 1072 potestatem
818 1005 875 1057 in
908 1018 1006 1057 eos
1054 1005 1283 1072 papulas
1315 1004 1629 1057 exercuisse
1683 1005 1857 1059 habeo
1891 1021 1958 1060 ex

366 1103 601 1149 auctore
629 1094 776 1147 illius
809 1094 911 1148 aevi
944 1091 1070 1148 Nilo
1111 1093 1458 1163 Doxapatrio,
1495 1095 1588 1164 qui
1619 1095 1686 1150 de
1715 1096 1957 1165 quinque

365 1188 593 1243 thronis
642 1188 1105 1257 patriarchalibus
1162 1196 1384 1255 rogatus
1409 1187 1478 1241 ab
1537 1188 1728 1242 eodem
1781 1189 1959 1260 Roge-

368 1279 456 1334 rio
508 1279 580 1333 ad
645 1284 897 1334 eumdem
932 1279 1222 1350 Rogerium
1259 1279 1496 1347 scripsit,
1545 1288 1600 1333 et
1647 1280 1947 1349 praefatur:

369 1373 735 1443 Σὺτγραμμα
759 1374 1057 1442 γενόμενον
1100 1373 1249 1445 παρὰ
1297 1373 1494 1425 Νείλου
1525 1374 1954 1444 ἀρχιμανδρίτου

370 1466 473 1518 τοῦ
503 1467 821 1535 Δοξοπατρὶ
849 1465 991 1519 κατὰ
1031 1455 1280 1518 κέλευσιν
1299 1464 1394 1518 τοῦ
1424 1466 1815 1533 εὐγενεστάτου
1857 1482 1955 1536 με-

370 1558 548 1627 γάλου
570 1560 740 1628 ρηγδς
800 1558 1081 1626 Ῥογερῐου
1118 1557 1246 1626 περὶ
1296 1556 1406 1611 τῶν
1467 1559 1627 1611 πέντε
1682 1575 1953 1629 πατριαρ-

371 1650 550 1722 χικῶν
603 1652 830 1720 θρόνων,
859 1651 951 1702 καὶ
990 1650 1099 1703 τῶν
1130 1649 1221 1702 ὑπ’
1247 1648 1450 1713 αὐτοὺς
1489 1649 1954 1720 ἀρχιεπισκοπῶν,

372 1743 475 1794 καὶ
530 1742 944 1811 μητροπόλεων,
1014 1741 1111 1794 καὶ
1156 1740 1268 1792 τῶν
1307 1740 1411 1792 ὑπὸ
1449 1741 1548 1803 τὰς
1593 1742 1956 1811 μητροπόλεις

2058 642 2600 699 Tauromenitanum.
2633 645 2784 700 Illius
2805 644 2969 698 verba
2993 643 3046 696 in
3067 641 3415 711 Syntagmate
3445 650 3630 695 nostro

2058 738 2125 792 de
2158 737 2414 792 Ecclesia:
2445 737 2819 801 occidentalis,
2853 736 3016 805 atque
3055 733 3336 787 orientalis
3369 741 3630 802 perpetua

2057 827 2423 882 consensione
2457 827 2551 881 lib.
2587 844 2603 881 ι
2653 827 2958 895 posuimus.
2996 824 3238 878 Primum
3269 824 3418 878 enim
3449 823 3631 876 locum

2056 916 2302 981 Catania,
2330 916 2629 971 secundum
2655 915 3101 979 Tauromenium,
3134 913 3357 968 tertium
3387 912 3632 966 Messana

2058 1019 2310 1080 occupat.
2345 1012 2412 1065 Et
2443 1019 2602 1064 antea
2635 1011 2847 1065 dixerat
2877 1024 2977 1063 suo
3002 1024 3118 1063 aevo
3150 1008 3491 1077 episcopatus
3515 1022 3544 1060 a
3571 1022 3633 1061 se

2058 1114 2395 1167 numeratos,
2424 1104 2564 1158 inter
2583 1119 2718 1173 quos
2734 1113 2790 1157 et
2811 1101 3125 1156 Sicilienses
3148 1100 3322 1159 fuere.
3349 1115 3486 1157 quos
3518 1099 3635 1156 inse

2059 1205 2448 1251 commemorat
2496 1198 2598 1251 sub
2649 1196 2961 1265 patriarcha
3022 1190 3634 1262 Constantinopolitano

2058 1286 2390 1353 fuisse.N6v
2412 1283 2503 1339 οὖν
2525 1286 2746 1355 κατέχει
2782 1288 2810 1339 ὁ
2840 1284 3241 1355 θεοφρούρητος
3261 1282 3449 1352 Θρόνος
3488 1283 3635 1334 Κων-

2060 1377 2674 1440 σταντινουπόλεως.ὃνὸ
2693 1377 3075 1450 πρωτὸκλητος
3091 1375 3345 1445 Ἀνδρέας
3361 1375 3636 1442 ὲνίδρυσεν

2057 1469 2273 1538 πρῶτος
2300 1469 2593 1522 ἐπίσκοπον
2628 1472 2687 1524 ὲν
2716 1467 2864 1538 αὐτῷ
2895 1469 3248 1537 καταστήσας
3275 1467 3373 1535 τῆς
3430 1465 3637 1526 πόλεως

2057 1561 2137 1612 ἔτι
2155 1560 2446 1624 Βυζαντίου
2466 1557 2650 1627 οὔσης,
2703 1559 2865 1628 μέρος
2888 1559 2987 1610 οὐκ
3014 1558 3193 1625 ὀλίγον
3226 1558 3324 1627 τῆς
3351 1556 3638 1625 Εὔρὼπης

2058 1653 2153 1706 καὶ
2181 1652 2278 1719 si;
2313 1652 2522 1717 Ἀσίας,
2555 1650 2738 1714 καθὼς
2783 1651 2910 1717 ἑξῆς
2953 1649 3292 1720 δηλώσομεν.
3345 1649 3501 1702 Nunc
3534 1650 3636 1718 igi-

2061 1753 2144 1796 tur
2175 1745 2396 1813 possidet
2425 1761 2456 1796 a
2491 1744 2596 1797 Deo
2625 1743 2913 1796 custoditus
2946 1743 3161 1796 thronus
3199 1741 3639 1808 Constantinopo-

370 1833 728 1896 ἐπισκοπῶν,
762 1834 855 1884 καὶ
884 1833 994 1885 τῶν
1028 1830 1252 1899 ἐνοριῶν
1277 1831 1510 1883 ἑκάστου
1555 1830 1955 1902 πατριαρχικοῢ

2071 1835 2278 1896 litanus,
2305 1835 2359 1887 in
2388 1851 2488 1903 quo
2509 1834 2681 1887 adhuc
2712 1851 2829 1887 cum
2860 1848 2986 1887 esset
3032 1834 3371 1905 Byzantium,
3406 1832 3635 1902 primunt

371 1923 597 1995 θρόνου,
624 1924 721 1976 καὶ
752 1923 871 1987 πῶς
911 1923 1007 1976 καὶ
1056 1924 1185 1975 πότε
1236 1923 1467 1992 συνέστη
1496 1924 1725 1985 ἕκαστος
1758 1940 1956 1994 πατρι-

369 2015 605 2087 αρχικδς
652 2015 859 2085 Θρόνος,
902 2015 993 2067 καὶ
1032 2016 1158 2084 περὶ
1201 2018 1299 2086 τῆς
1353 2015 1558 2080 τάξεως
1598 2015 1799 2081 αὐτῶν,
1867 2017 1961 2068 καὶ

370 2106 484 2159 τῶν
512 2106 700 2159 ἰδικῶν
732 2106 964 2158 ὲνάστου
1012 2106 1321 2173 ὀνομάτων,
1369 2107 1464 2160 καὶ
1494 2106 1597 2158 ποῦ
1643 2107 1803 2173 λόγον
1862 2108 1960 2160 ἐπ-

370 2194 582 2262 ὐίουσι.
624 2196 951 2265 Συνεγράφη
998 2195 1054 2248 δὲ
1096 2196 1205 2248 ἔτει
1268 2202 1464 2266 ,ςχνα’,
1500 2196 1833 2260 ἰνδικτιῶνος
1875 2203 1949 2261 ς’.

376 2287 859 2351 Πανευγενέστατε
885 2287 1117 2341 αὑθέντα
1154 2306 1276 2356 μου,
1309 2291 1437 2356 περὶ
1464 2283 1530 2361 ἧς
1578 2306 1668 2357 μοι
1712 2288 1963 2358 ἔγραψας

372 2378 711 2440 ὒωῠὲσεως,
748 2378 1051 2447 μέμνημαι,
1070 2380 1150 2431 ὅτι
1180 2382 1236 2429 ὲν
1257 2379 1333 2447 τῷ
1359 2380 1653 2449 καστελλίῳ
1679 2380 1960 2449 Πανόρμῳ

374 2469 455 2521 ὢν
493 2469 713 2539 ἔγραψα
753 2469 888 2538 πρὸς
910 2469 1010 2538 τὴν
1052 2468 1147 2538 σὴν
1169 2468 1472 2538 ἀντίληψιν,
1501 2468 1639 2537 πλὴν
1668 2469 1766 2538 οὐχ
1813 2466 1966 2521 οὕτω

376 2558 741 2627 πλατύτερον,
770 2559 845 2621 ὡς
869 2558 964 2611 νῦν
985 2558 1316 2637 ἠρώτησαςο.
1353 2559 1439 2611 νῦν
1478 2558 1532 2611 δὲ
1558 2558 1727 2612 πολλὰ
1749 2559 1859 2611 εἱσι
1897 2560 1966 2613 τὰ

378 2652 752 2721 ἐρωτηθέντα,
811 2652 902 2702 7.1".
955 2650 1113 2719 χρεία
1171 2650 1500 2722 λεπτοτέρας
1563 2651 1805 2723 γραφῆς,
1869 2652 1965 2704 καὶ

379 2743 713 2813 διηγήσεως.
748 2745 845 2794 Διὰ
875 2743 1033 2794 τοῦτο
1064 2743 1154 2795 καὶ
1183 2743 1382 2804 παντὸς
1421 2743 1583 2794 πόνου
1619 2746 1970 2814 καταφρονή-

380 2853 479 2900 σας
511 2838 693 2907 (τοῦτο
718 2837 823 2906 γὰρ
864 2837 929 2889 ἐκ
953 2838 1147 2905 χρέους
1172 2837 1315 2889 ἐστὶν
1346 2837 1721 2907 ἀπαραιτήτου
1762 2835 1972 2905 ὀφειλό-

381 2946 569 3000 μενον,
598 2931 660 2982 τὸ
677 2928 956 2997 ὁλοῲύχως
969 2927 1276 2996 ἐκπληροῦν
1293 2928 1352 2981 τὸ
1382 2929 1533 2999 παρὰ
1550 2927 1649 2995 τῆς
1678 2927 1778 2996 σ’ἡς
1806 2944 1972 2997 μεγα-

388 3022 705 3091 increpo/po
734 3023 1007 3091 ὑπεροχῆς
1060 3020 1481 3089 ἐπιταττόμενον
1540 3037 1628 3091 μοι
1684 3022 1822 3091 μετὰ
1880 3021 1974 3072 καὶ

378 3115 708 3185 προτροπῆς
784 3112 877 3165 τοῦ
937 3112 1090 3179 ἁγίου
1162 3130 1260 3182 μου
1302 3112 1567 3183 Haupt),
1640 3113 1974 3183 πειράσομαι

2063 1936 2274 1980 vocatus
2303 1926 2538 1980 Andreas
2566 1928 2766 1997 primus
2818 1928 3043 1981 instituit
3079 1927 3392 1994 episcopum,
3435 1934 3639 1992 partem

2065 2035 2401 2089 nonpuruam
2424 2020 2677 2088 Europaz,
2714 2019 2976 2089 Asiazque,
3008 2029 3065 2071 ut
3091 2017 3234 2086 infra
3258 2017 3630 2071 indicabimus.

2055 2103 2249 2163 Potuit
2286 2124 2414 2179 ergo
2448 2108 2814 2180 Tchpbanes
2868 2108 3090 2179 Rogerii
3140 2117 3385 2177 tempore
3433 2107 3644 2161 Tauro...

2066 2200 2230 2254 menii
2265 2200 2552 2271 episcopus
2605 2216 2746 2265 esse,
2784 2210 2838 2255 ct
2866 2216 3048 2256 coram
3082 2201 3316 2272 Rogerio
3366 2199 3645 2253 homiliatn

2010 2310 2025 2327 ·
2068 2291 2211 2345 illam
2242 2291 2461 2345 habere.

2138 2379 2382 2446 Quanam
2420 2380 2580 2450 igitur
2612 2381 2818 2435 ratione
2859 2380 3145 2449 βασιλέως,
3191 2380 3442 2448 illiusque
3473 2377 3646 2432 titulis

2068 2472 2358 2542 Bogcrium
2386 2488 2566 2544 regem
2597 2483 2791 2542 printer
2816 2472 3126 2526 Grzecorum
3154 2487 3361 2526 morem
3401 2469 3634 2539 insigni-

2070 2563 2148 2617 vit
2177 2562 2199 2616 ?
2224 2562 2491 2633 Tyrannis
2534 2561 2772 2631 [logei-ii,
2835 2563 3081 2627 ambitio,
3106 2561 3277 2615 fastus
3308 2578 3324 2627 ;
3351 2570 3462 2614 tum
3489 2560 3642 2614 Grie—

2071 2670 2258 2709 corum
2290 2655 2632 2709 subditorum
2665 2655 2930 2721 adulatio,
2960 2654 3052 2724 qui
3087 2655 3153 2708 de
3176 2669 3242 2708 eo
3278 2654 3419 2708 bene
3451 2652 3646 2707 mereri

2073 2757 2358 2817 cuperent,
2393 2748 2445 2802 id
2475 2747 2626 2802 fecit.
2671 2737 2927 2801 Solemnc
2964 2747 3016 2801 id
3049 2746 3150 2800 fuit
3172 2745 3374 2800 Grzccis
3401 2743 3650 2813 proprios

2074 2842 2354 2905 dominos,
2379 2856 2489 2894 non
2528 2840 2725 2909 quibus
2754 2840 2857 2894 illis
2906 2839 3247 2894 debebantur
3280 2836 3452 2889 titulis
3480 2876 3494 2899 ,
3546 2834 3644 2889 sed

2076 2935 2247 2990 multo
2292 2933 2649 3002 amplioribus
2677 2932 2969 2994 adornare,
3009 2937 3067 2983 ut
3092 2945 3187 2984 eos
3223 2928 3326 2983 sibi
3364 2927 3524 2981 simili
3581 2926 3651 2979 ti-

2078 3027 2313 3081 tulorum
2346 3024 2667 3078 liberalitate
2709 3022 3088 3077 conciliarent.
3141 3018 3205 3074 Et
3256 3034 3326 3072 ne
3365 3016 3517 3087 plura
3558 3016 3647 3069 hic

2079 3135 2329 3191 aggerum
2375 3134 2437 3172 ex
2465 3119 2680 3181 eodem,
2739 3131 2803 3170 ex
2850 3131 2957 3184 quo
3011 3113 3242 3167 Scorsus
3307 3107 3642 3163 contrarium

380 3206 470 3258 ﬁci
503 3205 755 3274 βραχέων
785 3205 909 3257 ὅσον
943 3204 1001 3256 τὸ
1043 3202 1183 3256 κατὰ
1204 3203 1433 3272 δύναμιν
1480 3203 1569 3256 διὰ
1614 3204 1834 3273 γραφῆς
1876 3220 1967 3256 σα-

2078 3210 2429 3266 constabilire
2469 3218 2716 3272 conatur,
2771 3222 2800 3261 a
2852 3206 3039 3259 Niccta
3072 3203 3352 3273 probatur.
3412 3208 3468 3253 et
3519 3212 3651 3253 con-

382 3298 521 3367 ςοῧς
552 3300 912 3367 παραστῆσαι
943 3296 1118 3348 πάντα
1143 3295 1210 3346 τὰ
1242 3296 1645 3364 ἐπιτεταγμένα
1674 3312 1785 3365 μοι.
1816 3293 1972 3350 Com-

382 3390 683 3442 mentarius
714 3388 1058 3440 concinnatus
1089 3405 1119 3439 a
1146 3386 1267 3440 Nilo
1307 3388 1635 3454 onapatrio
1664 3386 1971 3439 archiman-

384 3483 553 3542 drita,
590 3479 750 3548 jussu
778 3478 1086 3531 nobilissimi
1115 3478 1289 3547 magni
1328 3477 1463 3545 regis
1488 3477 1697 3547 Rogerii
1726 3477 1790 3531 de
1813 3478 1970 3547 quin-

386 3587 488 3640 que
524 3568 973 3636 patriarchalibus
1010 3568 1228 3630 tltronis,
1287 3580 1332 3621 et
1362 3569 1468 3620 illis
1502 3567 1744 3636 subjectis
1790 3566 1967 3621 archi-

386 3660 801 3731 episcopatibus,
825 3668 874 3713 et
906 3658 1402 3727 metropolitatibus,
1451 3668 1500 3712 et
1555 3661 1641 3726 qui
1679 3658 1975 3728 metropoli-

389 3750 589 3803 tatibus
603 3750 915 3812 subdantur,
934 3748 1208 3817 episcopis,
1236 3757 1283 3800 et
1309 3748 1608 3801 diwcesibus
1636 3747 1975 3815 uniuscujus-

388 3857 488 3911 que
533 3840 669 3894 sedis
712 3839 1110 3908 patriam/talis.
1164 3841 1231 3892 Et
1294 3839 1551 3909 quomodo
1583 3879 1597 3901 ,
1637 3848 1686 3892 et
1748 3840 1971 3909 quando

388 3931 739 4002 patriarchici
774 3931 943 3984 throni
988 3930 1217 3983 instituti
1272 3939 1414 3992 sunt,
1462 3938 1721 3983 eteorum
1766 3930 1972 3994 ordine,

390 4034 442 4077 ct
465 4023 694 4091 propriis
732 4022 1047 4086 nominibus,
1082 4031 1130 4074 et
1173 4022 1322 4090 cujus
1363 4021 1531 4075 locant
1561 4029 1798 4074 teneant.
1833 4021 1973 4076 Con-

388 4114 638 4165 cinnatus
666 4121 742 4166 est
769 4129 909 4165 anno
937 4113 1100 4176 6651,
1136 4113 1428 4166 indictione
1449 4123 1622 4166 sexta.
1659 4113 1761 4166 Per
1788 4130 1970 4183 quam,

389 4203 750 4257 illustrissime
782 4205 990 4259 domine
1021 4206 1114 4270 mi,
1143 4206 1207 4258 de
1229 4221 1286 4257 eo
1312 4207 1449 4275 quod
1491 4206 1561 4258 ad
1584 4222 1663 4258 me
1690 4207 1969 4274 scripsisti,

388 4305 707 4364 argumento
764 4299 1004 4349 recordor
1046 4312 1147 4361 me,
1202 4312 1318 4349 cum
1369 4296 1425 4348 in
1472 4306 1644 4349 castra
1701 4296 1970 4350 Panormo

390 4403 579 4449 essem,
630 4389 700 4438 ad
740 4397 884 4440 tuam
924 4388 1261 4455 queestionem
1301 4388 1628 4456 rescripsisse
1675 4428 1690 4452 ,
1738 4404 1839 4440 non
1896 4389 1971 4441 ita

391 4486 575 4531 tamen
614 4479 747 4547 fuse,
779 4488 834 4531 ut
864 4477 978 4549 [66]
1020 4495 1158 4531 nunc
1188 4478 1485 4546 postulasti.
1516 4478 1669 4531 Nunc
1691 4495 1810 4532 vero
1858 4495 1975 4548 qua:

2074 3300 2412 3358 stantissime
2471 3299 2699 3353 Pbotius
2754 3296 2862 3350 illis
2892 3295 3084 3349 iisdem
3138 3291 3492 3362 temporibus,
3531 3288 3651 3358 qui-

2072 3393 2178 3448 bus
2236 3393 2605 3447 controversia
2632 3389 2751 3445 haac
2799 3389 2941 3443 inter
2966 3386 3258 3442 orientales
3295 3393 3457 3452 atque
3504 3382 3653 3436 occi-

2071 3484 2318 3539 dentales
2377 3484 2703 3553 agitabatur,
2736 3478 3051 3549 imperatori
3089 3474 3438 3536 occidentali,
3487 3480 3649 3543 atque

2074 3576 2401 3647 imperatici,
2430 3576 2471 3629 si
2500 3575 2602 3630 sibi
2623 3589 2829 3628 morem
2867 3579 3139 3642 gererent,
3162 3569 3448 3639 pollicetur
3471 3581 3529 3619 se
3553 3581 3651 3620 eos

2097 3669 2334 3741 βασιλεῖς
2356 3668 2837 3737 pi'oi'21antaturum.
2884 3663 3087 3743 έώροις
3109 3662 3218 3731 γὰρ
3267 3647 3538 3729 λαμιὶτροῖς
3572 3659 3653 3710 ὅτι

2084 3762 2312 3833 μάλιστα
2336 3761 2423 3813 τὸν
2467 3762 2605 3827 pina
2626 3756 2905 3826 Φραγγίας
2932 3749 3622 3823 ΛοδὸηχονμκαὶἮγγιλσὲρ
3639 3779 3651 3791 ι

2092 3865 2192 3899 ταν
2222 3848 2275 3899 δὲ
2299 3849 2395 3911 τὴν
2423 3845 2591 3897 αὐτοῦ
2614 3846 2883 3913 γαμετὴν,
2934 3842 3361 3909 ὑποποιούμενος
3417 3838 3653 3907 βασιλεῖς

2080 3936 2301 3995 τούτους
2331 3936 2664 4001 ἀνευφημεῖ-ι
2691 3935 2746 3983 ἐν
2776 3929 3342 3984 Κωνσταντινουπὸλει
3376 3927 3650 3997 ἐπηγγέλ·

2074 4027 2215 4089 λετο,
2246 4024 2358 4092 εἴγε
2397 4024 2774 4093 συνεργήσειεν
2805 4020 2953 4091 αὐτῷ
2987 4020 3122 4090 πρὸς
3152 4019 3250 4089 τὴν
3280 4019 3474 4073 ἄτοπον
3528 4017 3658 4070 ταύ-

2074 4133 2173 4185 την
2218 4116 2310 4167 καὶ
2330 4113 2569 4181 ἄθεσμον
2603 4111 2923 4182 ἐπιθυμίαν,
2956 4112 3049 4165 καὶ
3087 4111 3197 4162 τὸν
3229 4109 3434 4162 δίκαιον
3483 4107 3650 4178 ἄνδρα

2070 4208 2169 4275 τῆς
2199 4205 2316 4256 κατ’
2342 4202 2502 4257 αὑτὸν
2543 4202 2865 4273 Ἐκκλησίας
2916 4202 3104 4273 βιαίως
3133 4200 3493 4270 ὲξωϐήσειεν.
3532 4199 3652 4252 Ma-

2075 4300 2190 4371 gnis
2214 4315 2392 4352 eorum
2420 4296 2720 4351 muneribus
2763 4295 3024 4365 prwcipue
3051 4308 3223 4362 regem
3257 4289 3503 4344 Francia:
3551 4289 3651 4343 Lo-

2077 4388 2329 4441 docchum
2359 4396 2406 4441 et
2436 4384 2839 4457 Engltilbertam
2874 4385 2989 4453 ejus
3023 4398 3239 4437 uxorem
3264 4382 3363 4434 sibi
3401 4380 3653 4449 propitios

2076 4481 2318 4545 reddens,
2350 4495 2435 4532 eos
2458 4480 2822 4547 imperatores,
2869 4474 3127 4545 βασιλεῖς,
3160 4474 3214 4527 in
3238 4472 3364 4525 urbe
3398 4470 3657 4525 Constan-

392 4587 429 4623 α
459 4579 510 4622 te
541 4578 828 4635 poscuntur
859 4567 1107 4638 pleraque
1136 4578 1274 4631 sunt,
1322 4570 1657 4639 iudigeutqne
1685 4570 1965 4639 scriptione
1998 4565 2041 4618 D
2072 4569 2289 4638 tinopoli
2327 4566 2443 4640 [δη
2472 4583 2526 4621 se
2556 4565 3007 4636 proclamaturum
3066 4564 3431 4633 pollicebatur,
3474 4562 3519 4615 si
3557 4561 3657 4614 sibi

393 4659 663 4713 cxactiore
733 4667 780 4711 et
839 4660 1166 4712 narratione.
1238 4656 1523 4728 Propterea
1599 4660 1741 4712 omni
1796 4659 1974 4713 labore

344 4808 349 4813 ,
392 4752 631 4822 neglecta
656 4751 769 4813 (hoc
801 4752 938 4804 enim
961 4767 1025 4804 ea;
1058 4750 1232 4803 debito
1256 4752 1394 4820 quod
1446 4752 1668 4820 effugere
1707 4768 1856 4804 nemo
1883 4767 1978 4803 vu-

346 4826 491 4907 iter,
534 4834 902 4921 timur,
959 4850 1065 4894 toto
1122 4850 1325 4911 pectore
1396 4858 1459 4894 ac
1513 4843 1690 4894 animo
1740 4842 1972 4911 explere,

392 4928 657 5003 quidquid
701 4950 733 4985 α
765 4942 854 4985 tua
904 4932 1224 5003 prwexcelsa
1254 4934 1538 4987 eminentia
1576 4934 1704 4986 mihi
1752 4934 1980 5003 imponi-

398 5036 508 5088 tur,
540 5036 589 5078 et
634 5027 961 5094 potissimum
992 5042 1111 5078 cum
1152 5027 1321 5078 sancti
1347 5026 1528 5079 Patris
1558 5028 1658 5079 mei
1698 5028 1974 5095 imperium

394 5117 641 5183 accedat)
663 5118 894 5169 conabor
922 5115 1166 5181 breviter,
1213 5118 1291 5169 uti
1324 5126 1524 5185 potero,
1554 5117 1833 5185 scriptione
1861 5116 1980 5185 pla-

398 5224 493 5271 na,
514 5220 673 5275 atque
703 5217 887 5276 aperta
921 5208 1199 5261 commissa
1231 5208 1358 5260 mihi
1402 5209 1580 5261 omnia
1614 5208 1976 5277 complanarc.

400 5301 460 5356 Si
496 5302 708 5372 llogerii
761 5310 1006 5370 tempore
1055 5301 1187 5354 nulli
1220 5309 1375 5355 erant
1425 5301 1663 5369 episcopi
1696 5301 1866 5355 Graeci
1923 5302 1977 5355 in

388 5390 610 5450 'Sicilia.
645 5390 841 5444 frustra
872 5392 941 5445 de
982 5390 1224 5458 quinque
1256 5390 1709 5460 patriarchalibus
1745 5391 1975 5457 throuis,

399 5490 459 5538 ct
477 5497 663 5534 eorum
703 5481 967 5550 subjectis
996 5481 1269 5549 episcopis
1294 5481 1637 5550 quaesivisset
1666 5481 1929 5551 Rogerius
1963 5500 1978 5537 :

400 5573 605 5626 frustra
626 5574 771 5627 enim
803 5586 1022 5636 eorum,
1052 5588 1173 5641 qua:
1203 5572 1271 5626 ad
1321 5587 1425 5626 nos
1470 5588 1579 5626 non
1607 5581 1856 5642 spectant
1884 5589 1979 5628 co-

394 5663 577 5737 gnitio
593 5665 879 5736 quaeritur.
925 5664 1029 5719 llic
1061 5663 1243 5734 itaque
1277 5663 1431 5719 Nilus
1465 5680 1588 5719 cum
1617 5666 1683 5720 de
1706 5665 1977 5736 cpisCOpis

400 5755 741 5827 patriarcha
761 5754 1380 5827 Constantinopolitano
1432 5758 1687 5813 obnoxiis
1732 5767 1919 5829 ageret
1957 5796 1971 5818 .

402 5848 733 5925 Syracusani
774 5849 830 5904 in
876 5847 1062 5909 Sicilia
1100 5848 1371 5913 imminit,
1400 5848 1557 5919 cujus
1595 5849 1735 5905 inter
1786 5847 1977 5919 viginti

2077 4679 2225 4732 opem
2258 4663 2452 4733 ferrent
2481 4661 2536 4714 in
2561 4661 2661 4714 hac
2690 4676 2745 4713 re
2774 4660 2903 4712 adeo
2926 4658 3182 4719 absurda,
3226 4666 3277 4711 et
3320 4655 3545 4726 injuste,
3599 4663 3657 4707 ut

2077 4739 2319 4809 sanctum
2344 4753 2497 4807 illum
2528 4754 2700 4808 virum
2731 4753 2796 4805 ab
2820 4741 3063 4805 Ecclesia.
3078 4750 3129 4804 vi
3163 4749 3431 4817 ejicerent.

2152 4844 2208 4897 Si
2262 4844 2563 4914 patriarcha
2612 4842 2669 4895 in
2726 4842 2861 4895 urbe
2909 4839 3169 4910 Byzantii,
3218 4838 3541 4896 reluctante,
3594 4850 3659 4888 ac

2081 4934 2444 4990 cantendcnte
2473 4933 2820 5001 imperatore,
2849 4944 3048 4982 nomen
3078 4929 3183 4981 hoc
3208 4925 3408 4980 exteris
3435 4923 3659 4977 tribuis»

2081 5034 2181 5089 set,
2213 5034 2416 5095 quanto
2450 5023 2620 5094 magis
2649 5022 2828 5075 minor
2855 5021 3146 5090 episcopus
3184 5019 3236 5072 in
3276 5018 3493 5087 prepria
3521 5015 3659 5070 dioe-

2079 5115 2209 5179 cesi,
2244 5123 2495 5186 tyranno,
2547 5128 2611 5167 ac
2661 5112 2849 5181 impio,
2885 5120 2941 5165 et
2984 5110 3125 5165 forte
3173 5111 3334 5164 etiam
3377 5107 3659 5161 ambitiose

2081 5207 2381 5270 affectanti,
2429 5213 2582 5260 extra
2616 5206 2810 5259 urbem
2851 5197 3550 5270 Constantinopolitanam?
3586 5196 3660 5250 Ne

2079 5299 2209 5369 quid
2244 5298 2310 5352 de
2338 5297 2638 5350 minoribus
2663 5295 2824 5349 etiam
2856 5294 3209 5362 principibus,
3243 5290 3332 5358 qui
3372 5288 3475 5341 hoc
3516 5287 3658 5340 idem

2080 5391 2227 5445 inter
2276 5388 2493 5443 Graecos
2544 5388 2920 5448 obtinuerunt,
2964 5384 3161 5449 dicam,
3203 5383 3304 5437 etsi
3354 5380 3662 5435 serenitatis

2081 5481 2273 5537 titulus
2316 5480 2572 5551 praefecto
2621 5479 2740 5531 urbi
2790 5477 3052 5530 tributum
3093 5484 3196 5535 est.
3240 5488 3408 5544 quare
3456 5473 3507 5526 id
3551 5488 3658 5526 non

2082 5572 2278 5643 potuit,
2306 5581 2360 5625 et
2395 5567 2694 5624 bonestiori
2726 5575 2976 5635 rcSpectu
3018 5563 3256 5636 Rogerio
3286 5562 3486 5618 tribui?
3513 5561 3659 5618 Con-

2082 5666 2295 5721 cludam
2322 5670 2730 5733 argumentum,
2760 5659 2802 5714 si
2827 5660 3000 5714 altero
3031 5657 3274 5727 ejusdem
3298 5656 3398 5711 {cvi
3429 5656 3661 5725 scripto-

2085 5759 2162 5811 ris
2192 5754 2503 5811 testimonio
2533 5753 2857 5823 probavero,
2887 5750 3180 5819 Rogerium
3208 5749 3476 5803 honorum
3510 5745 3664 5800 simi-

2083 5847 2215 5900 lium
2295 5859 2356 5900 ac
2419 5843 2743 5916 dignitatum
2808 5854 3070 5910 perquam
3135 5838 3391 5908 cupidum
3468 5832 3658 5899 fuisse,
