4134 6488
482 414 554 477 63
1776 415 2056 475 LEONIS
2094 413 2397 473 ALLATII
3659 419 3730 482 64

462 535 770 591 nomenque
837 519 1178 592 imperatoris
1242 534 1588 591 summopere
1651 531 1922 591 captasse.
1993 521 2046 577 Is
2072 534 2117 594 Α
2146 519 2530 590 Metaphrastae
2558 518 2737 575 Pselio
2768 520 2994 587 seniori,
3036 519 3130 591 qui
3167 530 3387 578 centum
3418 539 3593 581 annos
3630 542 3733 583 an-

462 612 630 667 fuerit
690 611 930 668 Joannes
1006 611 1305 667 Cinnamus
1386 610 1618 667 Historia
1677 613 1875 669 librum
1960 632 2042 671 ut.

473 701 748 776 Ῥογέριος
781 705 838 758 δὲ
888 706 1074 775 ἐπειδὴ
1110 706 1205 758 τοῦ
1256 705 1398 758 κατὰ
1445 707 1646 759 σκοπὸν
1687 706 1867 778 ἔτυχε,
1905 708 2042 780 πρέ-

465 800 613 861 σϐεις
647 801 727 860 εἰς
776 797 1006 866 βασιλέα
1062 797 1341 867 Ἰωάννην,
1372 798 1452 851 ἔτι
1485 800 1745 869 περιόντα
1784 802 2005 871 πέμψας
2028 841 2042 864 ,

461 892 638 961 ᾐτεῖτο
679 891 873 958 κήδους
916 888 1009 943 τοῦ
1058 890 1122 942 ὲκ
1169 889 1455 960 βασιλείων
1486 892 1732 959 αἱμάτων
1763 892 1859 945 ἐπὶ
1892 892 2044 945 παιδὶ

462 981 754 1044 τεύξασθαι
804 980 881 1049 τῷ
929 981 1117 1035 αὐτοῦ.
1162 981 1304 1034 Ἀλλ’
1338 980 1491 1034 οὔπω
1534 977 1647 1052 εἶχε
1678 982 1745 1035 τὰ
1776 983 1874 1052 τῆς
1907 999 2042 1053 πρε-

466 1072 671 1135 σϐείας,
701 1072 794 1126 καὶ
829 1071 1083 1143 Ἰωάννης
1104 1073 1194 1126 τὸν
1219 1075 1329 1144 βίον
1353 1074 1635 1127 κατέλυσε.
1663 1074 1818 1128 Μετὰ
1842 1075 1895 1127 δέ
1924 1092 2043 1127 τινα

463 1163 652 1232 χρόνον
694 1162 949 1231 Μανουὴλ
997 1163 1097 1233 ἤδη
1133 1164 1228 1232 τὴν
1258 1164 1689 1234 αὐτοκρατορίαν
1740 1164 2041 1230 διέποντος,

462 1254 634 1305 ταυτὰ
666 1254 761 1306 καὶ
808 1253 967 1305 πάλιν
999 1254 1218 1323 πέμψας
1247 1255 1420 1323 ἠξίου.
1450 1254 1609 1308 Ὅθεν
1641 1255 1732 1307 καὶ
1773 1255 2044 1326 βασίλειός

462 1360 547 1405 τις
577 1343 864 1413 ἐπώνυμον
896 1345 1069 1414 Ξηρδς
1109 1347 1187 1408 εἰς
1225 1346 1476 1398 Σικελίαν
1505 1347 1720 1414 ἀφῖκτο,
1780 1345 2043 1417 Ῥογερίῳ

454 1441 595 1507 ⁸περ).
651 1438 840 1490 τούτου
894 1436 1287 1507 διαλεξόμενος.
1358 1435 1497 1490 Ἀλλ’
1565 1438 1773 1501 ἐκεῖνος
1833 1438 2044 1508 χρυσίῳ

465 1524 697 1589 κλαπεὶς
725 1526 855 1594 παρ’
890 1527 1053 1579 αὑτοῦ
1088 1527 1353 1580 ἀλλόκοτά
1380 1543 1501 1579 τινα
1532 1526 1822 1595 ὡμολόγει,
1871 1520 1945 1580 ὧν
1977 1526 2043 1594 δὴ

466 1601 877 1685 κεφάλαιονῆν
916 1617 974 1669 τὸ
1008 1620 1065 1671 ὲν
1119 1619 1218 1689 ἴσῳ
1265 1618 1554 1688 μεγαλείου
1612 1619 1834 1672 Βασιλεῖ
1860 1636 1917 1671 τε
1950 1616 2043 1671 τοῦ

465 1707 650 1760 λοιποῦ
678 1709 767 1762 καὶ
809 1708 1080 1780 Ῥογέριον
1108 1710 1354 1764 ἔσεσθαι.
1400 1711 1559 1764 Ὄοεν
1587 1710 1651 1780 δὴ
1674 1711 1772 1774 τὰς
1806 1710 2045 1780 μεγάλας

465 1798 845 1867 ἀναρραγῆναι
881 1800 1195 1869 ξυμϐέϐηκε
1249 1801 1449 1870 μάχας.
1498 1800 1716 1870 Ἐπειδὴ
1750 1800 1858 1871 γὰρ
1885 1802 1913 1854 ὁ
1945 1801 2047 1871 μὲν

2148 620 2444 668 tecesserat
2478 611 2829 667 attribuisse?
2868 612 2990 680 Ipse
3037 612 3362 683 scripseram
3407 617 3509 671 sub
3551 616 3737 674 Leone

2149 713 2205 760 et
2226 703 2584 758 Constantino
2606 702 3050 774 Metaphrastem,
3080 720 3191 761 non
3219 706 3321 760 sub
3345 705 3730 776 Constantino,

2149 795 2372 849 excluso
2411 794 2616 858 Leone,
2650 804 2867 850 :etatem
2894 797 3089 867 egisse,
3122 798 3267 868 quod
3308 799 3529 854 abunde
3567 816 3737 871 supra

2147 885 2434 957 probatum
2481 885 2754 941 existimo.
2805 884 2913 941 Sed
2963 888 3087 957 quis
3137 904 3265 944 vere
3310 884 3473 945 (Ποεῖ
3495 891 3732 948 Psellum

2149 952 2570 1043 Metaphi'astem
2612 978 2959 1046 praecessisse
3003 989 3223 1033 centum
3270 982 3480 1036 annos?
3522 981 3735 1040 Vixerit

2150 1066 2253 1121 sub
2302 1064 2607 1136 Theophilo
2656 1067 2886 1131 Psellus,
2938 1069 3050 1122 imo
3097 1071 3200 1124 sub
3244 1069 3427 1127 Leone
3468 1073 3738 1140 Armenii,

2148 1157 2370 1212 vivebat
2399 1159 2501 1213 sub
2530 1157 2710 1214 Leone
2741 1160 2987 1229 sapiente
3023 1160 3421 1232 Metaphrastes
3449 1179 3559 1218 non
3600 1166 3735 1220 ado-

2149 1250 2383 1315 lescens,
2424 1251 2518 1305 sed
2568 1260 2732 1306 aetate
2775 1264 3011 1317 matura,
3060 1263 3424 1325 proveclaque
3469 1265 3524 1310 et
3541 1252 3735 1311 ‘dubio

2146 1341 2338 1409 procul
2370 1342 2571 1395 media.
2619 1339 2919 1396 Numerant
2949 1344 3017 1397 ab
3048 1345 3288 1399 Armeno
3320 1347 3389 1400 ad
3425 1347 3730 1416 sapientem

2148 1446 2324 1485 annos
2370 1432 2435 1484 75
2478 1432 2546 1486 ab
2573 1432 2879 1503 Theophilo
2921 1450 3097 1489 annos
3144 1436 3235 1499 65,
3282 1437 3329 1491 si
3373 1437 3440 1491 de
3474 1437 3735 1493 defuncto

2150 1522 2518 1593 Metaphraste
2548 1539 2729 1579 sermo
2759 1535 2863 1590 est,
2898 1535 3013 1579 tum
3045 1527 3209 1595 plane
3239 1528 3366 1581 anni
3395 1538 3616 1584 centum
3647 1528 3734 1583 in-

2148 1616 2452 1672 tercedant.
2492 1615 2598 1671 Sed
2638 1617 2764 1686 quis
2791 1626 2900 1672 tam
2936 1621 3218 1688 perspicax
3244 1619 3387 1674 diem
3415 1621 3598 1675 obitus
3620 1621 3734 1676 Me-

2151 1708 2445 1777 taphrasta:
2482 1719 2634 1763 certo
2684 1709 3016 1779 signaverit?
3053 1711 3398 1765 Constantini
3444 1712 3731 1782 imperium

2149 1799 2524 1869 longissimum
2574 1798 2697 1865 fuit,
2750 1809 2805 1854 et
2847 1799 3076 1854 aliorum
3119 1801 3493 1857 dominatione
3531 1803 3731 1873 saepius

464 1884 639 1958 Ξηρὸς
671 1891 750 1951 εἰς
802 1867 1097 1952 Βυζάντιον
1120 1867 1368 1943 νὲπανιῶν
1402 1891 1494 1943 τὸν
1530 1890 1643 1961 βίον
1681 1867 2045 1961 διατέστρειῖιε,

2160 1867 2537 1958 interruptum.

463 1977 622 2048 δίκην
666 1980 818 2033 οὔπω
850 1980 960 2034 τῶν
1006 1982 1425 2052 τετολμημένων
1467 1981 1621 2047 δοὺς,
1663 1982 1919 2052 βασιλεὺς
1948 1984 2049 2038 ὅσα

465 2070 564 2123 καὶ
591 2068 869 2140 ἀθύρμασι
894 2075 1013 2135 ταῖς
1033 2074 1243 2126 ἐκείνου
1277 2074 1601 2143 πρεσϐείαις
1636 2075 2047 2145 προσεσχηκὼς,

476 2158 755 2231 Ῥογέριον
821 2161 986 2214 αὑτοῦ
1038 2162 1249 2232 χαίρειν
1297 2163 1403 2215 εἴα.
1453 2162 1702 2233 Rogerius
1743 2181 1881 2229 vero,
1933 2181 2051 2234 quae

468 2254 581 2321 ipse
633 2256 872 2323 cupiebat
922 2265 1190 2308 assecutus
1245 2256 1314 2308 ad
1365 2256 1735 2323 imperatorem
1787 2248 2048 2310 Joannem

468 2344 641 2417 adhuc
686 2346 1017 2412 superstitem
1054 2345 1350 2399 oratoribus
1402 2348 1574 2402 missis
1611 2365 1674 2402 ea:
1709 2349 2049 2417 imperatorio

466 2412 653 2507 genere
702 2436 973 2490 mulierem
1010 2446 1228 2504 nuptum
1270 2437 1381 2505 ﬁlio
1420 2455 1514 2491 suo
1568 2438 1740 2491 locare
1782 2439 2045 2506 poscebat.

470 2525 577 2580 Sed
604 2527 836 2580 nondum
865 2526 1055 2597 legatio
1083 2527 1241 2596 ﬁnem
1272 2529 1551 2591 habuerat,
1585 2538 1633 2583 et
1673 2529 1903 2583 Joannes
1936 2529 2048 2598 fato

469 2616 795 2688 defungitur.
846 2614 969 2671 Post
1008 2619 1224 2687 aliquod
1259 2628 1460 2687 tempus
1509 2637 1625 2673 cum
1660 2620 1873 2674 Manuel
1906 2637 2049 2674 sum-

472 2724 616 2762 mam
641 2709 847 2776 imperii
871 2710 1293 2776 administraret,
1313 2711 1424 2765 htcc
1449 2712 1631 2765 eadem
1657 2728 1839 2766 rursus
1863 2712 2050 2781 legatis

473 2799 644 2852 missis
675 2800 997 2866 postulabat.
1037 2800 1174 2853 liinc
1199 2798 1436 2855 Basilius
1466 2803 1681 2872 quidam
1715 2812 2052 2873 cognomento

473 2886 640 2943 Xerus
672 2887 913 2943 Siciliam
948 2892 1086 2944 venit
1112 2890 1177 2944 de
1204 2893 1284 2944 his
1307 2909 1422 2945 cum
1445 2891 1664 2963 Rogerio
1690 2902 2052 2948 tractaturus:

471 2979 563 3033 sed
600 2996 732 3033 auro
777 2997 809 3034 a
856 2981 1077 3053 Roget-io
1115 2985 1383 3051 seductus,
1423 2988 1657 3042 absurda
1700 2996 1940 3059 quautam
1992 3006 2057 3043 ea:

471 3087 545 3136 se,
576 3081 732 3142 atque
762 3074 1018 3128 immania
1055 3079 1388 3143 concedebat,
1420 3096 1642 3150 quorum
1669 3090 1827 3150 caput
1857 3098 1969 3134 erat
2002 3082 2055 3135 in

2227 1981 2434 2035 Scribit
2468 1979 2782 2041 Bollandus,
2813 1996 2898 2035 me
2926 1982 2981 2035 in
3015 1982 3251 2036 Diatriba
3283 1984 3351 2037 de
3381 1983 3570 2038 Psellis
3599 1999 3733 2043 cen-

2150 2086 2294 2134 sere,
2367 2070 2689 2140 Panegyrim
2758 2070 2909 2123 illam
2962 2072 3018 2124 in
3064 2071 3475 2141 Metaphrastem
3525 2072 3732 2141 juniori

2151 2162 2326 2217 Psello
2361 2163 2666 2232 adjudicari
2689 2164 2831 2216 nullo
2857 2180 3069 2234 prorsus
3094 2173 3422 2234 argumento.
3454 2164 3732 2217 Auctorem

2146 2256 2293 2309 illius
2343 2256 2598 2308 orationis
2642 2254 2873 2309 Psellum
2925 2255 3151 2307 alterum
3204 2271 3332 2318 esse,
3389 2271 3490 2308 non
3542 2254 3729 2309 Leonis

2147 2346 2439 2417 philosophi
2472 2347 2805 2415 magistrum,
2834 2362 3102 2415 nunquam
3130 2347 3405 2410 evicturos,
3429 2347 3518 2416 qui
3548 2356 3729 2399 contra

2149 2439 2405 2492 sentiunt.
2439 2436 2755 2511 Videamus,
2787 2437 2914 2505 quid
2948 2437 3066 2506 ipse
3099 2437 3353 2501 sentiam,
3386 2452 3509 2491 cum
3537 2436 3604 2490 de
3634 2436 3735 2489 Ba-

2152 2530 2310 2584 ronio
2362 2530 2429 2583 ad
2480 2529 2755 2583 seniorem
2808 2527 3045 2581 l’scllum
3096 2530 3411 2599 panegyrim
3464 2526 3735 2583 referente

2152 2630 2329 2677 tracto
2362 2638 2486 2692 pag.
2516 2622 2601 2674 ll.
2637 2620 2705 2674 Et
2740 2637 2831 2674 nos
2864 2621 2934 2673 ad
2967 2637 3248 2690 quemnam
3289 2620 3519 2674 Psellum
3563 2620 3734 2674 oratio

2152 2714 2249 2768 illa
2298 2715 2486 2785 referri
2531 2714 2736 2779 debeat,
2781 2726 2921 2767 certo
2966 2715 3230 2784 afﬁrmare
3275 2729 3376 2766 non
3414 2727 3683 2781 possumus
3713 2726 3734 2766 :

2155 2805 2459 2875 conjectura
2495 2815 2694 2866 tamen,
2727 2822 2890 2874 eaque
2920 2804 3181 2858 levissima
3212 2805 3453 2857 ducimur
3482 2803 3734 2854 hunc/rs-

2155 2898 2437 2951 centiorem
2471 2912 2580 2950 esse
2625 2896 2766 2949 illius
2796 2906 3061 2949 auctorem
3091 2912 3109 2947 :
3137 2895 3274 2966 quod
3323 2903 3370 2947 et
3410 2897 3564 2963 plura
3607 2892 3736 2946 serio

2155 2988 2317 3057 pserit
2358 2987 2411 3039 in
2455 2987 2597 3039 omni
2654 2984 2954 3054 disciplina,
3020 2995 3069 3038 et
3132 2987 3441 3054 scriptorum
3502 2984 3736 3037 omnium

2156 3078 2327 3148 gloria
2353 3077 2713 3131 celeberrimus
2738 3077 2918 3145 fuerit.
2950 3077 3027 3129 An
3056 3093 3175 3129 vero
3212 3076 3383 3129 senior
3418 3075 3508 3129 ille
3535 3074 3735 3145 aliquid

473 3162 595 3230 pari
641 3162 915 3233 dignitatis
957 3168 1129 3234 gradu
1180 3168 1520 3237 imposterum
1571 3187 1693 3225 cum
1743 3173 2059 3241 imperatore
2088 3169 2131 3226 C
2162 3171 2355 3239 scripto
2412 3170 2712 3234 tradiderit,
2762 3178 2901 3222 certo
2958 3184 3061 3221 non
3128 3175 3350 3221 constat.
3397 3164 3503 3233 Qui
3572 3173 3732 3234 negat

476 3254 758 3323 Rogerium
788 3258 1045 3327 futurum.
1082 3257 1223 3314 Hinc
1253 3262 1485 3332 ingentia
1526 3263 1665 3318 bella
1695 3274 1878 3319 exorta
1907 3275 2051 3319 sunt.

477 3346 609 3400 Cum
633 3349 770 3401 enim
799 3348 967 3404 Xerus
999 3349 1316 3421 Byzantium
1344 3355 1547 3409 rediens
1576 3365 1794 3409 mortem
1823 3357 2056 3422 obiisset,

478 3438 663 3507 Frenis,
696 3456 824 3510 quas
858 3441 946 3494 ille
975 3452 1235 3496 meruerat
1264 3443 1322 3496 ob
1354 3461 1415 3498 ea
1442 3461 1559 3516 qua:
1592 3446 1900 3515 deliquerat,
1927 3464 2057 3501 non-

481 3531 603 3583 dum
646 3531 943 3599 persolutis,
992 3532 1280 3603 imperator
1322 3535 1464 3589 illius
1509 3536 1849 3608 legationibus
1898 3538 2058 3592 veluti

484 3618 699 3674 ludicris
737 3622 975 3675 animum
1017 3640 1119 3677 non
1154 3627 1446 3691 advertens,
1484 3643 1566 3681 res
1613 3626 1822 3699 Rogerii
1863 3630 2054 3696 minus,

482 3712 754 3780 minusque
794 3715 1055 3784 impendio
1073 3706 1310 3771 curavit.
1347 3718 1481 3774 llinc
1510 3729 1772 3789 quantum
1812 3720 1929 3775 ﬁeri
1962 3721 2059 3776 de-

480 3803 604 3858 beat
633 3805 897 3859 correctio
924 3805 1010 3859 illa
1037 3807 1105 3861 dc
1133 3806 1293 3878 ρόγου
1319 3817 1375 3862 et
1401 3805 1567 3881 ρὸγας
1594 3810 1833 3879 prudens
1858 3811 2062 3867 indicet

481 3894 670 3951 lector.
719 3897 786 3952 Et
837 3900 952 3954 haec
984 3901 1204 3970 quidem
1252 3917 1348 3972 pro
1391 3912 1553 3959 aetate
1593 3902 1963 3975 TheOphanis,
2006 3912 2061 3959 et

484 3985 860 4058 Iletaphrasta:
891 3992 959 4045 ad
1001 3992 1278 4048 Scorsum.

552 4081 711 4137 Nunc
764 4082 831 4138 ad
891 4082 1212 4141 Bollandum
1282 4098 1665 4145 convertamus
1737 4089 2057 4146 orationem.

485 4171 779 4228 Postremis
837 4174 950 4228 suis
996 4178 1180 4231 verbis
1231 4177 1525 4233 Bollandus
1573 4180 1630 4235 in
1682 4197 1771 4237 me
1827 4183 2062 4237 latenter

483 4265 680 4335 stylum
711 4267 946 4323 exacuit.
989 4267 1390 4339 lgnoscendum
1430 4287 1628 4342 nempe
1656 4288 1777 4330 esse
1804 4274 2057 4341 Baronio,

484 4355 576 4426 qui
608 4372 731 4410 cum
763 4357 982 4412 aliunde
1009 4368 1225 4414 aetatem
1262 4360 1641 4431 Metaphrastm
1674 4380 1782 4418 non
1814 4365 2058 4431 haberet,

486 4446 852 4501 laudationem
888 4448 1033 4502 illam
1080 4448 1135 4503 in
1179 4449 1599 4521 bletaphrastem
1646 4452 1823 4509 Psello
1859 4454 2060 4509 seniori

2165 3260 2372 3323 Omnia,
2431 3268 2595 3329 negat
2649 3274 2867 3328 quoque
2922 3258 3240 3329 Panegyrim
3294 3257 3438 3311 illam
3503 3254 3735 3311 senioris

2164 3350 2326 3406 Pselli
2370 3351 2559 3406 fuisse.
2602 3351 2668 3405 Et
2709 3351 2800 3418 qui
2846 3349 3108 3403 orationis
3160 3347 3306 3401 illius
3353 3354 3630 3400 auctorem
3680 3343 3734 3398 in

2166 3443 2394 3499 dubium
2442 3442 2497 3496 in
2525 3443 2903 3511 incertumque
2935 3447 3168 3494 revocat.
3209 3438 3343 3492 nihil
3386 3439 3453 3493 de
3486 3454 3552 3493 co
3588 3447 3738 3493 certo

2167 3533 2392 3600 statuit;
2428 3542 2484 3588 et
2514 3533 2605 3602 qui
2634 3533 2815 3602 potius
2852 3534 2916 3585 ad
2956 3531 3311 3585 recentiorem
3342 3530 3523 3594 refert,
3554 3528 3737 3584 senio.

2168 3642 2283 3681 rem
2318 3626 2575 3680 excludit.
2611 3624 2723 3678 lmo
2751 3623 2888 3677 infra
2917 3639 3040 3692 pag.
3071 3623 3139 3676 5'5
3175 3622 3534 3691 apertissimis
3560 3620 3742 3675 verbis

2168 3717 2346 3773 Psello
2387 3716 2590 3786 iuniori
2636 3713 2879 3782 ascripsi.
2926 3712 3031 3767 Sed
3076 3713 3185 3766 dixi
3238 3711 3547 3782 Panegyrim
3593 3710 3738 3765 illam

2169 3809 2323 3863 nullo
2359 3818 2677 3878 argumento
2711 3806 3011 3875 adjudicari
3054 3805 3227 3859 Psello
3256 3804 3477 3872 juniori.
3511 3811 3566 3857 et
3606 3802 3742 3857 alte-

2171 3917 2291 3955 rum
2345 3899 2578 3954 Psellum
2639 3913 2759 3952 esse
2819 3914 2928 3951 non
2972 3897 3170 3952 Leonis
3218 3897 3527 3966 Philosophi
3581 3896 3744 3966 magi-

2171 4000 2343 4044 strum
2397 4004 2675 4059 nunquam
2733 3989 3007 4043 evicturos
3058 3988 3372 4058 (Bollandus
3422 3986 3591 4049 addit,
3651 3986 3740 4055 qui

2171 4079 2331 4132 aliter
2351 4080 2604 4132 sentiunt.
2640 4077 2743 4132 Sed
2775 4093 2882 4130 non
2916 4076 3165 4141 Allatius,
3193 4079 3283 4145 qui
3319 4077 3363 4129 si
3387 4076 3512 4144 quid
3545 4076 3743 4128 addere

2168 4170 2352 4235 vellet,
2405 4170 2628 4223 adderet
2681 4168 2798 4222 sine
2856 4169 2959 4220 ulla
3013 4167 3374 4235 haesitatione)
3452 4166 3741 4230 hazreticos,

2169 4271 2360 4317 coatra
2388 4274 2524 4330 quos
2556 4268 2668 4313 tum
2696 4259 2907 4327 agebat,
2955 4265 3009 4309 ct
3040 4257 3461 4326 Metaphrastem
3492 4271 3557 4309 ex
3588 4263 3746 4310 actate

2168 4353 2331 4407 Pselli
2365 4351 2652 4423 panegyris
2691 4348 2932 4405 auctoris
2960 4349 3362 4404 contendebant
3403 4363 3525 4403 esse
3554 4361 3745 4401 recen-

2172 4432 2466 4499 tissimum.
2500 4442 2725 4496 Frustra
2759 4442 2905 4495 enim
2947 4457 3182 4518 operam_
3202 4449 3501 4505 sumerent,
3534 4438 3746 4493 etiamsi

484 4537 815 4607 azijudicavit
844 4556 856 4592 :
888 4555 998 4593 non
1030 4539 1158 4595 item
1179 4542 1397 4608 Allaiio,
1434 4545 1527 4613 qui
1563 4560 1687 4599 cum
1715 4561 1839 4599 cum
1864 4561 2063 4615 posue.
2099 4548 2143 4602 υ
2173 4537 2224 4591 id
2252 4536 2379 4590 totis
2405 4535 2610 4588 viribus
2636 4542 2990 4588 conarentur.
3019 4533 3171 4587 Licet
3191 4533 3336 4587 enim
3366 4538 3747 4602 argumentum

486 4629 558 4682 rit
584 4628 683 4683 sub
709 4627 1067 4686 Constantino
1100 4632 1589 4706 Porphyrogenito,
1636 4654 1746 4692 non
1788 4640 2065 4709 perspexit

487 4717 908 4788 Metaphrastem
959 4739 1067 4777 non
1114 4726 1356 4795 potuisse
1409 4729 1941 4813 laudariiniortuum
1994 4731 2064 4788 ab

377 4865 389 4875 ,
485 4811 579 4866 illo
608 4811 804 4880 Psello;
834 4815 926 4883 qui
963 4831 1087 4871 eum
1129 4828 1371 4887 centum,
1427 4828 1488 4874 ut
1536 4811 1846 4888 minimum,
1892 4838 2067 4880 annos

483 4912 873 4962 antecesserat.
913 4906 1029 4979 [68]
1074 4908 1304 4979 Vapulo,
1342 4912 1487 4981 quod
1532 4914 1612 4967 rei
1668 4923 1873 4984 partem
1914 4915 2070 4986 igno-

484 4996 756 5064 raverim;
796 5001 943 5068 quod
980 5009 1190 5069 partem
1229 5004 1506 5070 sciverim,
1534 5006 1762 5077 aliisque
1793 5007 2069 5062 indicave-

486 5088 610 5155 rim,
665 5089 846 5144 nullus
893 5090 1048 5145 sum?
1095 5091 1479 5163 Metaphrastaa
1542 5106 1759 5152 aetatem
1823 5098 2066 5168 ignotam

487 5177 773 5243 hactenus,
799 5187 853 5234 et
883 5181 1304 5250 suspicionibus.
1330 5184 1507 5255 iisque
1540 5186 1835 5242 levissimis
1860 5188 2070 5253 nixam,

487 5279 690 5324 certam
724 5279 886 5340 atque
920 5273 1198 5328 indubiam
1228 5274 1345 5345 ipse
1372 5277 1582 5345 primus
1607 5278 1816 5349 signavi
1845 5300 1857 5333 :
1889 5294 2070 5347 neque

491 5370 777 5429 propterea
811 5363 976 5418 nimis
1024 5365 1156 5420 mihi
1201 5382 1415 5438 arrogo,
1466 5370 1716 5438 quamvis
1762 5369 1968 5438 aliquid
2017 5369 2071 5423 id

489 5464 708 5520 quoque
749 5453 842 5515 sit,
881 5462 938 5507 et
975 5454 1041 5508 ad
1079 5458 1407 5513 refellendos
1467 5460 1755 5515 haereticos
1793 5461 1884 5530 qui
1930 5457 2071 5514 Vitis

493 5550 805 5597 sanctorum
834 5546 1172 5600 tantumdem
1204 5547 1520 5616 detrahunt,
1553 5551 1925 5621 pietatemque
1952 5566 2074 5621 qua:

496 5648 562 5687 ex
589 5648 778 5687 eorum
813 5634 1047 5690 lectione
1086 5640 1408 5710 percipitur,
1440 5643 1949 5706 constabiliendam,
1978 5641 2077 5697 ad-

497 5724 719 5779 modum
778 5728 1178 5785 necessarium.
1233 5720 1299 5786 Et
1350 5734 1577 5789 miratur
1631 5734 1926 5790 Bollandus
1986 5748 2075 5788 me

499 5826 740 5888 tempora
794 5818 1036 5876 exactius
1091 5837 1198 5878 non
1247 5824 1557 5896 digessisse,
1603 5835 1658 5882 et
1708 5827 2075 5884 laudationem

2168 4628 2412 4683 Bollandi
2459 4628 2525 4682 de
2570 4635 2730 4681 artato
2772 4624 2961 4690 Pselli,
3011 4625 3103 4695 qui
3147 4635 3275 4679 ante
3325 4623 3747 4693 Metaphrastem

2166 4720 2278 4776 vita
2322 4729 2654 4780 excesserat.
2685 4719 3066 4790 gravissimum
3100 4716 3192 4779 sit,
3235 4715 3375 4769 nihil
3417 4724 3598 4769 tamen
3642 4711 3746 4783 ipsi

2170 4813 2583 4879 concluderent,
2620 4828 2744 4869 cum
2773 4811 3107 4880 respondere
3140 4815 3367 4877 possent
3401 4806 3592 4860 eodem
3630 4805 3750 4875 ipso

2170 4923 2288 4962 aevo
2370 4907 2712 4963 Constantini
2778 4905 2898 4978 [69]
2978 4902 3429 4974 Porphyrogeniti
3513 4901 3748 4959 Psellum

2171 4997 2364 5066 fuisse,
2395 5000 2480 5053 vel
2518 5000 2770 5053 eumdem
2807 4997 3190 5065 Metaphrastaa
3215 4994 3626 5055 encomiastem.
3665 4992 3750 5046 vel

2171 5089 2339 5144 alium
2377 5090 2637 5154 omnino;
2669 5097 2818 5143 certe
2862 5086 3073 5141 Psellus
3112 5084 3394 5141 Michaelis
3429 5085 3580 5140 ducas
3611 5098 3751 5152 prae-

2175 5188 2364 5248 ceptor
2387 5194 2510 5234 esse
2541 5194 2649 5233 non
2683 5178 2878 5248 potuit,
2924 5188 2982 5233 et
3030 5192 3154 5232 cum
3200 5178 3473 5234 diversum
3507 5190 3539 5229 a
3579 5174 3754 5243 primo

2173 5272 2266 5326 illo
2292 5272 2461 5327 fuisse
2490 5271 2666 5327 evinci
2706 5286 2815 5325 non
2852 5279 3056 5340 posset,
3094 5269 3463 5325 ﬁrmissimum
3494 5265 3755 5336 quodam-

2176 5363 2339 5418 modo
2366 5373 2634 5427 remanet,
2670 5362 3109 5431 antiquissimum
3140 5361 3307 5416 fuisse
3339 5377 3352 5413 :
3380 5357 3625 5413 etfuisse
3653 5357 3754 5411 sub

2176 5455 2691 5537 Porphyrogenneta
2737 5454 3100 5509 Constantino
3144 5468 3213 5508 ex
3249 5450 3446 5507 latrico
3490 5447 3657 5504 Pselli
3687 5450 3753 5503 ad

2176 5544 2599 5600 Constantinum
2676 5545 3291 5616 Porphyrogennetam,
3364 5542 3522 5611 cuius
3597 5542 3759 5596 nobis

2177 5638 2428 5709 prooemii
2456 5638 2666 5708 c0piam
2694 5638 2887 5694 fecerit
2922 5637 3270 5695 doctissimus
3306 5634 3565 5690 Melehior
3600 5632 3759 5688 Incu-

2179 5732 2279 5796 lcr,
2314 5741 2368 5786 et
2395 5731 2603 5803 legitur.
2640 5731 2692 5785 in
2731 5729 2993 5787 Vaticana
3031 5727 3381 5790 bibliotheca,
3418 5733 3474 5781 ct
3505 5724 3654 5788 alibi,
3688 5723 3756 5775 de

2177 5838 2286 5895 quo
2320 5821 2817 5879 animadvertebam
2853 5836 2975 5892 pag.
3005 5820 3093 5877 89.
3124 5817 3243 5874 Sive
3276 5819 3413 5874 enim
3455 5815 3759 5873 Constanti-
