4134 6450
539 381 610 444 67

1839 366 2116 431 LEONIS
2150 359 2454 429 ALLATIT

3723 366 3800 428 6'3

599 487 736 546 Nam
817 483 996 556 excipi
1047 482 1262 539 videtur
1310 481 1538 534 heroum
1573 478 1705 532 illud
1737 492 1929 549 genus.
1959 477 2120 532 Jose-
2151 491 2193 546 Α
2222 475 2409 530 salutis
2438 474 2564 531 900.
2624 473 2690 527 Et
2741 473 2809 527 de
2861 481 3022 529 aetate
3081 471 3462 544 Metaphrastrc
3499 477 3615 535 haec
3670 482 3806 537 satis

531 585 669 656 pbu:
699 580 958 650 Scaliger,
1003 577 1095 647 qui
1127 577 1184 630 in
1213 589 1418 628 musaeo
1464 573 1679 628 abditus
1739 572 2110 641 inclusosque,

533 673 676 745 quod
707 688 773 726 ex
823 669 941 723 aliis
972 683 1082 721 non
1125 673 1394 735 potuerat,
1426 679 1485 717 se
1535 663 1792 732 magistro
1813 661 2023 727 didicit,
2059 669 2116 716 et

534 765 625 819 vix
653 761 904 818 delibatis
929 757 1410 829 conjugationibus
1430 755 1632 810 Graecis
1665 754 1956 807 llomerum
1987 769 2112 808 cum

537 853 985 925 interpretatione
1047 859 1352 916 arreptum,
1407 862 1515 901 uno
1583 853 1636 900 et
1684 845 1872 914 viginti
1923 845 2118 900 diebus

539 957 712 1002 totum
735 943 925 999 didicit
959 941 1222 1013 :poeticae
1247 955 1381 994 vero
1417 937 1634 994 dialecti
1665 935 1910 1004 vestigiis
1952 935 2118 988 insis-

541 1049 662 1093 tens
689 1035 1094 1108 grammaticam
1127 1034 1226 1088 sibi
1277 1031 1376 1102 ipsi
1413 1029 1667 1086 formavit
1697 1047 1710 1082 :
1747 1041 1924 1096 neque
1955 1026 2117 1080 ullam

539 1133 703 1186 aliam
741 1129 948 1192 didicit,
975 1143 1138 1196 quam
1169 1141 1290 1194 quae
1322 1125 1424 1178 sibi
1459 1138 1525 1177 ex
1563 1121 1806 1192 analogia
1833 1121 2120 1174 verborum

543 1223 952 1277 ilomericorum
981 1222 1262 1274 observata
1303 1217 1424 1271 fuit.
1459 1215 1717 1284 Reliquos
1768 1228 1894 1266 vero
1939 1220 2126 1282 poetas

547 1312 768 1367 Grmeos
823 1324 1018 1366 omnes
1064 1309 1208 1366 intra
1259 1316 1499 1376 quatuor
1557 1319 1775 1358 menses
1825 1301 2126 1356 devoravit.

547 1404 744 1459 Nescio
783 1419 854 1457 an
881 1402 1041 1456 citius
1085 1416 1144 1455 se
1179 1399 1528 1468 expediisset,
1560 1396 1604 1450 si
1645 1395 1702 1448 in
1743 1403 1951 1448 vastam
2007 1393 2128 1445 illos

548 1495 862 1563 voraginem
917 1491 1079 1545 simul
1147 1490 1426 1558 colligatos
1496 1483 1839 1554 projecisset.
1899 1481 2128 1536 lmmani

547 1585 734 1640 fauces
755 1583 992 1638 diducta:
1028 1581 1198 1640 hiatu,
1242 1592 1378 1646 quas
1408 1588 1516 1630 tam
1555 1589 1840 1644 operosus,
1863 1573 2130 1626 indiscre-

549 1687 742 1744 tusque
797 1657 1099 1727 bolus'non
1142 1668 1520 1739 strangulavit,
1579 1667 1674 1723 sed
1705 1666 1774 1721 de
1814 1665 1898 1718 bis
1945 1665 2033 1718 alii
2060 1664 2136 1719 di-

548 1773 675 1818 cent
701 1779 714 1814 :
757 1763 876 1831 ipse
896 1775 1110 1830 nequeo
1138 1759 1272 1812 satis
1297 1759 1619 1812 decernere.
1657 1755 1863 1810 Addam
1897 1762 2136 1808 tantum-

2216 567 2410 622 multa.

2289 660 2382 714 llis
2407 659 2573 712 etiam
2610 665 2778 728 patet,
2814 671 2978 726 quam
3017 657 3256 712 absurde
3311 657 3346 712 ii
3400 669 3582 730 agant,
3619 663 3710 731 qui
3737 678 3805 718 ex

2221 767 2332 806 uno
2357 751 2724 819 Metapbraste
2753 751 2889 802 duos
2920 748 3128 804 faciunt
3169 765 3181 800 :
3219 751 3468 818 quamvis
3515 753 3662 806 enim
3694 753 3806 808 Mc-

2220 841 2516 910 taphrasta:
2567 855 2870 907 cognomen
2916 853 2945 892 a
2996 839 3393 907 posterioribus
3447 841 3647 898 Graecis
3687 845 3806 898 aliis

2219 930 2392 984 doctis
2445 928 2776 988 hominibus,
2837 935 2894 980 et
2939 926 3050 980 illis
3095 927 3434 996 potissimum
3504 929 3596 998 qui
3654 929 3810 984 Vitas

2221 1026 2536 1073 sanctorum
2579 1031 2690 1070 non
2728 1015 2868 1069 bene
2909 1024 3188 1080 consutas,
3243 1031 3420 1085 neque
3472 1018 3654 1088 aliquo
3718 1018 3806 1072 di-

2224 1110 2382 1165 cendi
2421 1111 2619 1164 decore
2649 1108 2994 1177 conspicuas,
3021 1123 3160 1162 nova
3197 1107 3410 1162 dicendi
3452 1109 3644 1175 forma,
3690 1127 3807 1165 no-

2225 1219 2400 1273 vaque
2433 1203 2726 1273 figurarum
2759 1209 3033 1255 structura
3087 1215 3116 1252 a
3149 1215 3275 1253 rure
3328 1209 3382 1254 et
3412 1202 3554 1271 agris
3599 1203 3651 1255 in
3697 1205 3816 1257 ele-

2231 1295 2578 1366 gantissimas
2607 1292 2877 1351 civitates.
2911 1300 2970 1344 ut
3001 1307 3124 1346 cum
3154 1291 3276 1346 aliis
3301 1291 3511 1346 civibus
3539 1293 3812 1360 viverent,

2233 1389 2600 1449 deduxerunt,
2632 1394 2692 1439 ut
2735 1385 2790 1438 in
2842 1384 3206 1438 Constantino
3257 1385 3564 1454 Acropolita
3609 1385 3816 1440 factum

2232 1481 2489 1543 vidimus,
2523 1487 2764 1533 attamen
2793 1477 2922 1530 dum
2955 1477 3021 1530 de
3040 1475 3309 1547 Symeone
3342 1493 3522 1531 sermo
3562 1483 3664 1542 est,
3697 1479 3818 1533 solo

2234 1570 2619 1640 MetaphraStae
2670 1569 2997 1639 cognomine
3055 1568 3296 1622 contenti
3350 1568 3504 1623 fuere
3544 1585 3664 1624 cum
3695 1570 3820 1624 aliis

2235 1661 2668 1722 communicant,
2694 1659 2786 1713 τοῦ
2822 1660 2965 1722 νέου,
3001 1659 3245 1714 .lunioris
3273 1660 3474 1715 addere
3511 1677 3822 1716 consueve-

2238 1762 2386 1807 runt.
2441 1751 2911 1818 Quemadmodum
2947 1751 3129 1818 itaque
3159 1751 3455 1805 absurdum
3506 1751 3821 1822 Metaphra-

548 1836 711 1911 modo
737 1854 973 1909 Psellum
1020 1860 1292 1913 nostrum,
1317 1848 1567 1920 quamvis
1595 1857 1652 1902 et
1688 1845 1889 1918 ingenii
1928 1845 2130 1899 acutis-
2158 1834 2207 1894 B
2233 1853 2370 1900 stem
2429 1843 2728 1912 duplicare,
2782 1843 2850 1896 ita
2913 1856 2980 1896 ex
3021 1839 3289 1912 Symeone
3339 1857 3483 1896 novo
3518 1842 3820 1914 Theologo,

550 1947 672 2002 simi
711 1945 894 2010 fuerit,
931 1953 983 1998 ct
1019 1943 1296 1996 memoriae
1347 1939 1702 1995 tenacissimae
1751 1947 1806 1993 et
1857 1952 2136 2006 nunquam

553 2037 851 2092 intermissi
883 2035 1086 2088 laboris
1131 2033 1413 2087 hominem
1443 2031 1634 2095 fuisse,
1656 2045 1759 2085 nec
1789 2045 1951 2098 supra
1974 2043 2136 2098 quam

555 2129 734 2183 ferant
757 2125 905 2180 vires
940 2125 1194 2178 humanm
1217 2124 1499 2194 potuisse;
1539 2137 1708 2190 quare
1735 2135 1859 2174 eum
1895 2128 2142 2190 tempore

553 2230 611 2274 et
637 2227 795 2272 :rtate
837 2218 890 2271 in
943 2217 1156 2281 studiis,
1213 2224 1269 2270 et
1301 2214 1663 2284 comparanda
1694 2212 1982 2283 prudentia
2014 2227 2144 2281 pro-

557 2309 774 2374 fecisse,
826 2318 881 2362 et
913 2309 1053 2369 haec,
1097 2322 1216 2376 qua;
1267 2323 1330 2360 ex
1383 2306 1500 2375 ipso
1541 2305 1849 2368 retulimus,
1890 2319 1996 2359 non
2032 2293 2139 2357 alia

2233 1934 2352 1990 sive
2375 1935 2594 2003 juniore
2622 1944 2678 1988 et
2709 1932 2979 2004 Symeone
3021 1933 3392 2003 Metaphraste
3421 1947 3591 1989 unum
3637 1937 3823 1991 facere

2235 2027 2580 2098 Symeonem,
2611 2025 2756 2095 quod
2801 2026 3109 2095 suSpieatur
3147 2025 3456 2090 Gretserus,
3489 2028 3827 2084 absurdissi-

2237 2132 2385 2172 mum
2441 2117 2628 2170 fuerit.
2676 2115 2996 2186 Suspicatur
3055 2118 3203 2171 enim
3264 2119 3598 2188 ipsissimum
3652 2119 3830 2174 Meta-

2236 2211 2518 2280 phrastem
2551 2210 3046 2280 esse.Symeonem
3080 2208 3234 2263 illum
3279 2210 3556 2266 Juniorem
3593 2210 3835 2266 Theolo—

2239 2317 2390 2373 gum,
2443 2301 2602 2372 cujus
2649 2299 2938 2356 Orationes
2984 2300 3053 2355 de
3109 2301 3354 2356 moribus
3406 2301 3731 2358 Christianis
3759 2305 3833 2372 fet

557 2415 720 2467 quam
745 2397 888 2452 dicta
914 2406 1070 2449 zetate
1098 2394 1774 2462 attentasse,ausisseque.
1822 2393 2146 2448 Pervenisse
2242 2393 2592 2448 monasteriis
2625 2395 2788 2448 vertit
2815 2407 2884 2447 ex
2907 2391 3098 2448 Graeco
3122 2394 3400 2448 Pontanus
3427 2403 3482 2449 et
3511 2395 3833 2464 publicavit.

559 2491 725 2544 etiam
755 2489 821 2541 ad
849 2487 1156 2540 Romanum
1209 2486 1498 2556 Diogenem
1543 2470 1610 2539 ὧι
1640 2486 1885 2553 ejusdem
1915 2485 1980 2540 ad
2013 2487 2149 2540 alios
2244 2485 2370 2539 Vult
2399 2485 3254 2555 dictumJuniorem'l‘heologum
3284 2495 3534 2556 respectu
3553 2485 3836 2556 antiquio-

561 2586 615 2632 et
644 2577 897 2630 eumdem
929 2575 1288 2636 orationibus,
1315 2574 1679 2629 certissimum
1703 2572 1782 2626 ﬁt.
1815 2573 1995 2638 Quare
2021 2589 2146 2628 eum
2243 2576 2318 2629 ris
2343 2573 2588 2646 Gregorii
2641 2573 2966 2629 Nazianzeni
2987 2614 3000 2636 ,
3041 2575 3132 2644 qui
3185 2575 3445 2644 Theologi
3477 2589 3678 2630 nomen
3702 2576 3840 2630 ade-

564 2669 798 2738 imperio
853 2666 1038 2721 Basilii
1074 2665 1337 2731 Junioris,
1387 2675 1442 2720 ct
1501 2665 1845 2720 Constantini
1911 2665 2155 2736 Porphy-

563 2763 918 2828 rogt-nnetae,
997 2756 1097 2808 sub
1177 2768 1286 2823 quo
1382 2752 1774 2822 Metaphrastes
1863 2751 2151 2818 ﬂorebat,

543 2839 822 2915 nepotum
855 2843 998 2898 circa
1029 2858 1230 2898 annum
1283 2843 1631 2898 millesimum
1683 2854 1871 2898 natum
1918 2860 2028 2898 non
2065 2844 2154 2898 in-

563 2953 802 3010 congrue
840 2937 1179 3003 dixerimus;
1230 2935 1581 3006 potuisseque
1629 2935 1916 2990 commode
1961 2935 2030 2990 ab
2061 2935 2150 2999 iis,

565 3032 659 3102 qui
689 3016 1010 3108 deﬁunctum
1046 3027 1468 3098 Metapbrastem
1501 3027 1771 3092 viderant,
1797 3045 1918 3097 qua:
1951 3029 2005 3082 in
2037 3028 2156 3098 ejus

567 3123 722 3178 obitu
746 3137 1004 3187 evenere,
1031 3121 1238 3184 audire,
1265 3129 1322 3174 et
1339 3119 1459 3174 aliis
1475 3119 1676 3188 scripto
1701 3121 1936 3174 tradere.
1955 3117 2157 3185 Quem-

569 3217 864 3272 admodum
906 3230 1008 3286 ego
1060 3215 1172 3282 jam
1219 3213 1332 3266 fere
1376 3211 1759 3282 sexagenarius
1814 3212 1982 3266 multa
2008 3227 2038 3264 a
2065 3227 2153 3266 se-

571 3308 843 3374 nioribus,
875 3307 968 3378 qui
1003 3305 1270 3368 viderant.
1312 3305 1632 3360 adolescens
1653 3303 1832 3359 audivi
1872 3313 1998 3360 ante
2029 3319 2160 3360 cen-

574 3409 691 3454 tum
717 3415 892 3454 annos
920 3407 1092 3470 gesta.
1120 3395 1304 3466 Neque
1323 3397 1377 3451 id
1401 3396 1644 3467 implicat
1663 3399 1806 3450 aetati
1826 3412 2159 3466 mem,quam

578 3510 714 3564 ago;
741 3507 920 3562 neque
949 3490 1182 3560 tempori
1216 3505 1326 3559 quo
1351 3490 1469 3543 ha'c
1501 3489 1702 3542 scribo.
1736 3487 1914 3553 Quare
1941 3503 2040 3544 nec
2078 3497 2165 3544 est

576 3585 716 3642 alius
772 3582 979 3638 Psellus
1013 3581 1198 3650 junior
1253 3580 1598 3651 quaerendus.
1659 3579 1750 3650 qui
1799 3580 2158 3634 laudationem

578 3678 724 3732 illam
747 3670 1046 3746 scripserit.
1075 3673 1214 3741 Quid
1245 3675 1312 3728 de
1353 3673 1530 3728 Psello
1555 3673 1818 3742 prtefante
1848 3673 1901 3726 in
1944 3671 2161 3742 Dioptra

579 3767 817 3841 Philippi
871 3766 1215 3823 sentiendum
1269 3765 1359 3830 sit,
1409 3765 1629 3820 abunde
1661 3765 1772 3819 dixi
1813 3765 1868 3818 in
1920 3763 2163 3822 Diatriba

579 3878 700 3917 mea
725 3863 794 3917 de
821 3859 1036 3916 Psellis.

651 3953 828 4007 Nimis
851 3953 1067 4006 tandem
1099 3951 1378 4006 subtiliter
1401 3949 1742 4019 explicantur
1767 3949 1932 4004 verba
1964 3946 2124 4004 Pselli
2149 3965 2164 4016 ;

583 4043 713 4096 dum
745 4043 1114 4100 narrationem
1145 4056 1241 4095 ore
1261 4041 1458 4095 factam
1511 4055 1635 4093 cum
1686 4055 1771 4107 ea,
1811 4055 1932 4109 quae
1962 4044 2167 4109 scripto

587 4133 818 4187 traditur
840 4124 1255 4188 confunditnus.
1309 4131 1394 4185 Ita
1429 4131 1714 4201 loquimur,
1759 4133 1931 4186 dicere
1963 4133 2170 4203 aliquid

587 4224 904 4288 Ciceronem,
975 4223 1202 4288 Livium,
1274 4222 1547 4284 Tacitum,
1605 4238 1706 4276 non
1764 4224 1914 4286 quasi
1947 4225 1985 4278 ii
2047 4234 2170 4276 tunc

587 4317 787 4380 vivant,
846 4316 937 4370 sed
1009 4316 1136 4386 quia
1181 4315 1348 4368 onmis
1401 4315 1576 4369 celatis
1624 4314 1918 4368 hominibus
1955 4315 2168 4368 illorum

588 4411 786 4480 scripta
849 4407 1154 4478 loquuntur.
1180 4405 1251 4462 Ut
1286 4414 1492 4460 taceam
1529 4406 1673 4476 cogit
1721 4407 2026 4462 reverentia
2043 4407 2171 4472 viri,

2181 3161 2227 3222 C

2248 2675 2373 2735 ptus
2401 2665 2602 2720 fuerat.
2629 2664 2826 2721 Subdit
2857 2665 2914 2719 in
2950 2664 3133 2720 Indice
3176 2665 3527 2722 Bibliotheca:
3559 2666 3840 2722 Vaticana

2249 2758 2302 2811 in
2333 2757 2456 2812 cod.
2491 2756 2582 2821 58,
2617 2757 2720 2826 legi
2759 2775 2772 2810 :
2800 2757 2904 2810 Τοῦ
2963 2757 3360 2827 Μεταφραστοῦ
3409 2757 3579 2828 κυροῦ
3610 2755 3840 2826 Συμεὼν

2249 2847 2342 2900 τοῦ
2368 2847 2488 2900 νέου
2516 2847 2780 2916 Θεολόγου
2813 2847 2943 2918 περὶ⁸
2971 2847 3264 2918 προσῡχῆς.
3313 2847 3694 2916 Metaphrasta!
3725 2847 3842 2901 Do—

2253 2939 2384 2993 mini
2398 2938 2671 3009 Symeom's
2695 2939 2833 3004 novi,
2865 2955 2956 2992 seu
2989 2938 3223 3009 junioris
3271 2919 3516 3011 Titeologi
3545 2941 3610 2994 de
3655 2939 3847 2993 Atten-

2255 3030 2412 3083 tione.
2441 3029 2605 3084 Vides
2633 3045 2780 3094 eum,
2835 3029 2926 3096 qui
2952 3029 3138 3098 junior
3179 3029 3485 3100 Theologus
3513 3039 3622 3091 est.
3657 3030 3845 3086 nomi-

2255 3120 2376 3174 nari
2410 3117 2870 3189 Metaphrastem?
2898 3117 3010 3174 Nec
3052 3119 3290 3184 obstare,
3316 3121 3460 3190 quod
3498 3120 3707 3176 Psellus
3735 3121 3844 3176 alia

2259 3211 2504 3278 ejusdem
2547 3211 2749 3280 scripta
2785 3226 2896 3266 non
2929 3214 3290 3279 recensuerit,
3327 3227 3430 3268 nec
3485 3213 3848 3269 monachatus

2263 3303 2611 3371 meminerit;
2660 3319 2790 3360 nam
2823 3303 3034 3360 Psellus
3063 3305 3198 3360 satis
3221 3303 3412 3360 habuit
3435 3306 3691 3362 historica
3717 3321 3849 3364 san-

2263 3407 2475 3452 ctorum
2538 3397 2811 3453 volumina
2867 3398 3160 3468 attingere,
3215 3406 3270 3452 et
3319 3398 3566 3453 brevitati
3619 3399 3851 3454 studens

2263 3505 2372 3544 non
2411 3489 2593 3544 omnia
2624 3489 2692 3544 de
2719 3505 2806 3550 eo.
2837 3505 2958 3558 quae
2998 3497 3228 3560 poterat,
3283 3491 3374 3544 sed
3396 3490 3640 3560 quaedam
3669 3490 3850 3544 addu-

2265 3598 2392 3638 cere
2421 3582 2634 3647 voluit;
2671 3583 2971 3651 testarique
2990 3583 3226 3652 idipsum
3257 3583 3569 3638 cneomium
3609 3582 3762 3637 valde
3793 3589 3856 3636 et

2269 3675 2452 3737 rebus.
2485 3683 2540 3730 et
2565 3674 2746 3728 verbis
2766 3675 3066 3729 concisum.
3096 3674 3320 3728 Poterat
3354 3673 3536 3741 plures
3561 3672 3698 3726 alios
3733 3686 3858 3726 ma-

2271 3771 2581 3837 nuscriptos
2621 3767 2840 3822 codices
2886 3781 3016 3821 cum
3043 3781 3110 3822 ex
3139 3765 3420 3830 Vaticana,
3451 3771 3566 3818 tum
3617 3779 3682 3818 ex
3729 3763 3856 3818 aliis

2271 3859 2616 3914 bibliothecis
2657 3858 2926 3913 adducere
2955 3899 2970 3925 ,
3021 3857 3112 3928 qui
3165 3840 3586 3926 Metaphradtem
3643 3869 3852 3909 novum

2274 3951 2609 4022 Theologum
2671 3951 2976 4006 nominant.
3040 3950 3266 4021 Συμεὼν
3296 3948 3391 4002 τοῦ
3449 3945 3855 4018 Μεταφραστοῢ

2273 4047 2370 4099 καὶ
2401 4045 2522 4097 νέου
2563 4043 2825 4110 Θεολόγου
2871 4043 3143 4110 κεφάλαια
3175 4043 3357 4111 ἕτερα.
3380 4040 3652 4109 Symeonis
3683 4044 3855 4094 Meta-

2273 4136 2527 4207 plu'astw,
2563 4145 2610 4189 et
2624 4135 2859 4204 juniorir
2887 4133 3129 4204 Tlteologi
3161 4135 3340 4200 capita
3369 4133 3502 4186 alia.
3535 4131 3642 4186 Τοῦ
3667 4133 3854 4186 Μετα-

2277 4223 2542 4295 φραστοῦ,
2578 4224 2610 4294 ἥ
2643 4223 2764 4276 νέου
2811 4223 3071 4289 Θεολόγου
3137 4222 3264 4296 περὶ
3319 4224 3494 4294 ἀρχῆς
3559 4221 3676 4293 βίου
3741 4223 3856 4284 τοῖς

2274 4318 2560 4388 ἀρχαρίοις
2621 4318 2892 4387 μοναχοῖς.
2946 4316 3342 4386 Metaphrastae,
3373 4317 3482 4371 sive
3533 4315 3652 4370 novi
3695 4315 3858 4370 Theo-

2277 4409 2381 4480 logi
2396 4412 2458 4463 de
2495 4410 2756 4478 principio
2797 4410 2916 4464 vita
2934 4410 3200 4464 Araharii:
3229 4411 3518 4464 monachis.
3552 4410 3694 4464 Ante
3721 4406 3858 4462 Gre-

590 4516 750 4571 quem
775 4501 846 4554 ob
875 4498 1176 4554 doctrinam
1209 4497 1562 4566 singularem,
1585 4505 1642 4550 et
1669 4496 1906 4550 laborem
1937 4497 2167 4552 immen-
2192 4509 2246 4569 ι)
2276 4516 2484 4559 [serum
2507 4542 2519 4566 ,
2577 4501 3000 4570 Metaphrastem
3051 4515 3176 4556 cum
3233 4502 3338 4556 hoc
3397 4515 3542 4556 novo
3577 4500 3855 4570 Theologo

593 4602 714 4642 sum
747 4600 1100 4654 summopere
1123 4584 1381 4650 suspicio.
1413 4584 1570 4638 Plura
1603 4600 1764 4654 posse
1792 4586 1978 4640 dicere
2002 4587 2174 4641 satius

593 4687 701 4744 est,
729 4693 891 4748 quam
946 4677 1150 4731 dicere.
1197 4675 1294 4730 llis
1333 4691 1549 4745 quoque
1599 4676 1865 4732 refellitur
1906 4677 2180 4732 sententia

592 4770 740 4825 Petri
805 4768 1046 4822 Lanselii
1095 4769 1461 4838 disputatione
1517 4768 1853 4839 apologetica
1882 4769 1950 4823 de
1989 4781 2180 4824 sancto

594 4861 869 4932 Dionysio,
897 4869 1059 4929 atque
1084 4859 1204 4927 ejus
1228 4845 1467 4928 scriptis,
1509 4868 1714 4914 temere
1741 4859 1955 4915 decimo
1977 4863 2179 4916 seculo

597 4951 926 5024 Symeonem
975 4951 1400 5020 Melapbrastcm
1436 4951 1734 5022 ponentis:
1771 4967 2008 5020 namque
2051 4968 2179 5008 cum

597 5047 758 5101 initio
789 5046 919 5100 noni
961 5041 1358 5113 Metaphrastes
1396 5053 1562 5110 esset,
1613 5054 1672 5098 ut
1727 5059 1889 5114 supra
1928 5045 2184 5114 probavi—

598 5155 744 5202 mus,
783 5147 944 5203 mtate
979 5136 1341 5205 provectiore,
1375 5153 1479 5190 non
1514 5137 1690 5205 potuit
1749 5137 1962 5191 decimo
1989 5152 2182 5206 super-

598 5229 803 5294 vivere,
837 5227 941 5282 nisi
972 5241 1096 5280 eum
1126 5225 1442 5280 centenario
1481 5227 1741 5294 majorem
1784 5227 1948 5282 vitam
1980 5227 2183 5282 obiisse

597 5320 863 5374 dicamus.
911 5317 1104 5372 Nullus
1134 5316 1374 5379 interim,
1404 5326 1464 5370 ut
1494 5315 1550 5370 id
1580 5331 1798 5386 quoque
1827 5327 2010 5372 notem
2041 5319 2185 5373 inter

601 5408 900 5463 [hereticos
919 5407 1132 5460 cautius
1171 5407 1386 5459 locutus
1432 5413 1539 5467 est,
1569 5414 1626 5460 et
1681 5421 1794 5459 rem
1857 5421 1958 5460 acu
1985 5408 2183 5475 tetigit,

601 5511 662 5553 ut
687 5498 978 5569 proverbio
1009 5497 1202 5557 fertur.
1250 5495 1369 5569 [7‘2]
1399 5511 1563 5566 quam
1625 5497 1950 5555 Franciscus
1997 5498 2186 5555 Godu-

601 5592 764 5644 vinus
779 5588 848 5642 de
873 5585 1208 5642 Praesulibus
1235 5575 1443 5657 Anglia:
1485 5603 1609 5658 cap.
1653 5604 1692 5644 ι.
1727 5589 1794 5644 de
1811 5591 2187 5646 Conversione

604 5679 914 5734 Britanniae.
941 5679 1357 5750 Metapbrastes,
1403 5681 1712 5750 octingentis
1742 5690 1790 5736 et
1821 5682 2050 5752 amplius
2081 5699 2182 5736 an.

605 5773 686 5828 uis
722 5782 838 5845 pou
878 5771 1074 5828 obitum
1100 5770 1166 5828 ι).
1194 5770 1346 5825 Petri
1373 5771 1526 5838 uixit,
1549 5768 1688 5828 circa
1728 5790 1926 5829 annum
1955 5769 2189 5831 t'idelice‘

2277 4592 2592 4648 confudisse
2613 4593 2767 4648 visus
2795 4603 2880 4648 est
2910 4593 3183 4664 Iosephus
3208 4593 3581 4649 Methonensis
3602 4593 3857 4662 Apologia

2278 4700 2379 4754 pro
2415 4685 2622 4756 synodo
2660 4683 2971 4739 Florentina
3000 4693 3190 4740 contra
3245 4685 3484 4740 Marcum
3540 4683 3854 4754 Ephesium,

2279 4777 2390 4829 Kal.
2429 4774 2651 4846 Συμεὼν
2677 4775 2734 4827 δὲ
2765 4777 2795 4828 ὁ
2821 4777 2938 4839 νέος
2966 4775 3248 4842 Θεολόγος,
3279 4777 3308 4826 ὁ
3331 4775 3427 4828 καὶ
3456 4775 3858 4845 Μεταφραστὴς

2279 4866 2634 4936 καλούμενος.
2658 4867 2728 4920 Et
2752 4867 2965 4922 Simon
2991 4881 3152 4920 novus
3169 4866 3210 4918 Τ
3208 4867 3473 4937 lteologus,
3499 4868 3589 4938 qui
3611 4876 3660 4921 et
3691 4866 3860 4921 Meta-

2279 4959 2516 5024 pltrastes
2563 4959 2778 5012 dicitur.
2823 4957 2930 5014 Sed
2970 4956 3285 5012 Gretserum
3345 4959 3742 5028 exscriptorum
3778 4957 3863 5012 in-

2281 5048 2433 5102 curia
2485 5047 2621 5102 nihil
2675 5047 2829 5116 juvat
2879 5066 2892 5101 :
2932 5061 3035 5102 nec
3089 5047 3298 5103 dictum
3336 5049 3708 5104 Metltonensis
3741 5049 3864 5104 aliis

2281 5137 2482 5193 intenti
2530 5139 2800 5207 prolatum
2846 5147 3070 5203 temere.
3113 5139 3344 5207 'Obstat,
3376 5157 3446 5196 ne
3480 5142 3533 5196 hi
3571 5141 3681 5195 duo
3707 5137 3866 5197 "unus

2283 5229 2416 5294 sint,
2451 5239 2585 5284 aetas
2615 5231 2898 5298 utriusque
2931 5231 3090 5303 longe
3108 5232 3352 5294 diversa;
3403 5232 3531 5286 vitae
3554 5230 3864 5286 institutum

2283 5321 2518 5381 varium.
2567 5321 2726 5376 oiﬁcii
2759 5322 2994 5393 dignitas
3049 5339 3160 5380 non
3189 5327 3403 5380 eadem.
3441 5323 3671 5393 Impedit
3710 5323 3867 5379 deni-

2286 5427 2394 5482 que
2441 5413 2655 5468 dicendi
2718 5414 2912 5482 forma,
2982 5418 3200 5480 modus,
3243 5417 3508 5472 orationis
3571 5425 3866 5486 structura,

2289 5503 2520 5572 reliqua,
2555 5520 2676 5574 quae
2708 5521 2804 5560 nos
2837 5521 2960 5564 cum
2987 5509 3056 5564 de
3075 5509 3346 5581 Symeone
3379 5507 3484 5564 hoc
3506 5525 3652 5564 novo
3685 5509 3866 5565 Theo-

2287 5594 2412 5664 logo
2433 5611 2676 5666 agemus,
2709 5609 2834 5666 post
2871 5611 3116 5656 nostrum
3147 5601 3570 5672 Metaphrastem
3595 5603 3867 5659 examina-

2289 5683 2492 5740 bimus.

2369 5776 2482 5850 [75]
2507 5779 2734 5853 Scripsit
2763 5785 3159 5856 Metapbrastes
3183 5788 3335 5845 Vitas
3359 5800 3692 5846 sanctorum.
3725 5786 3869 5842 Scri-
