4134 6450
507 405 576 470 71

1801 385 2078 448 LEONIS
2117 382 2422 447 ALLATII

3691 380 3765 446 7‘3

508 516 671 587 ναμίς
691 528 773 575 τις
792 508 1023 581 πρδσῆν,
1038 504 1159 561 obs;
1178 502 1500 575 δυναμένοις
1522 499 1800 571 βούλησις.
1819 496 1960 549 Ἀλλ’
1978 497 2101 566 οὐχὶ

2216 500 2492 566 integram,
2539 494 2679 548 nihil
2717 493 2784 548 de
2823 492 3094 549 sententia
3156 490 3453 546 immutans
3496 504 3596 545 suo
3655 505 3769 545 ser-

507 607 605 663 καὶ
636 609 664 661 ὁ
695 604 996 673 θαυμάσιος
1031 598 1256 671 Συμεὼν
1287 595 1487 650 ταυτὸν
1524 591 1812 647 ἐπεπόνθει
1840 590 2080 652 τούτοιςο

508 698 644 753 ἀλλᾶ
688 698 849 766 μέχρι
874 692 967 746 τοῦ
999 688 1327 761 μέμψασθαι
1357 688 1469 747 τοῖς
1502 682 1912 752 γεγραμμένοις
1947 696 2086 749 συμ-

511 786 722 859 προῐὼν
768 786 973 847 αὐτοῖς,
1030 781 1221 833 ἔπειτα
1255 776 1565 848 περαιτέρω
1597 772 1960 845 προϐέϐηκεν.
1992 770 2087 821 καὶ

511 881 705 951 θαρῤεἰ
734 894 789 929 τι
806 876 1041 944 πρᾶγμα
1062 868 1540 939 ventum/qia).on
1564 867 1617 918 δὲ
1645 864 1841 933 εὐτυχῆ
1865 863 2087 933 πρᾶξιν,

509 971 577 1042 ἣν
597 968 773 1030 οὐδεὶς
796 967 902 1018 τῶν
925 965 1143 1019 πάντων
1168 963 1458 1029 εὐτύχηκε.
1480 959 1556 1011 Δι’
1586 953 1653 1028 ἧς
1675 956 1881 1017 ἐκεῖνός
1907 971 1965 1005 τε
1992 970 2089 1004 πει

513 1061 904 1132 ριφανὲστερος
939 1056 1047 1108 τῶν
1075 1052 1366 1121 ἀπανταχῆ
1388 1050 1692 1117 ἐλλογίμων
1723 1047 1964 1114 ἐγένετο,
1994 1044 2088 1096 καὶ

509 1152 588 1221 τῷ
612 1169 673 1204 τε
708 1149 827 1218 Θεῷ
851 1151 922 1200 τὰ
947 1147 1214 1201 κάλλιστα
1242 1146 1349 1197 τῶν
1388 1143 1559 1194 ὄντων
1582 1136 1963 1208 ἀφωσιώσατο,
1995 1136 2091 1187 καὶ

510 1243 638 1304 τοὺς
659 1239 768 1293 τῶν
789 1237 1085 1309 μαρτύρων
1111 1234 1350 1302 ἀγῶνας,
1370 1233 1465 1284 καὶ
1484 1230 1740 1300 δρόμους.
1760 1226 1860 1288 τάς
1892 1241 1950 1277 τε
1977 1222 2088 1276 τῶν

512 1331 774 1402 ἀσκητῶν
803 1329 1155 1400 ἐγκρατείας,
1183 1327 1274 1378 καὶ
1300 1322 1598 1393 καρτερίας
1623 1317 1885 1372 ἐκάλλυνέ
1911 1332 1970 1367 τε
1994 1313 2091 1366 καὶ

515 1422 924 1488 κατεκόσμησε,
999 1423 1093 1470 καὶ
1132 1415 1231 1485 τὴν
1280 1414 1451 1480 αὐτὴν
1492 1411 1720 1472 ἐκείνοις
1767 1406 1881 1479 [75]
1928 1422 2099 1476 προσ-

518 1511 757 1580 ενεγκὼν
790 1510 1024 1572 εὕνοιαν,
1084 1508 1158 1560 τὰ
1195 1506 1348 1576 παρὰ
1376 1506 1592 1557 πάντων
1647 1502 1960 1570 ἀντεξληφε.
1992 1498 2093 1561 Qui

518 1615 692 1658 autem
725 1578 873 1654 'ante
919 1603 1056 1653 [tunc
1090 1601 1293 1651 beatum
1340 1597 1511 1649 virum
1545 1610 1625 1647 res
1652 1604 1822 1661 gestas
1882 1590 2093 1644 illorum

516 1703 859 1766 scripserunt,
897 1715 1001 1751 non
1049 1704 1199 1749 erant
1234 1695 1445 1746 illorum
1477 1690 1709 1745 assecuti
1750 1688 2094 1756 magniﬁcen-

517 1791 686 1853 tiam;
726 1790 816 1842 sed
844 1787 1036 1856 partim
1059 1786 1266 1853 quidem
1292 1785 1357 1835 de
1384 1785 1447 1835 iis
1468 1789 1618 1835 erant
1644 1779 1872 1840 mentiti,
1901 1778 2094 1845 partim

2185 603 2346 642 mone
2400 595 2689 639 exornatas
2748 585 2973 657 digessit
3040 604 3052 639 :

3119 599 3239 654 qua:
3314 583 3531 638 tandem
3617 592 3777 637 erant

2191 679 2397 748 optime
2435 679 2671 749 scriptae,
2716 693 2819 733 nec
2866 692 2961 732 sua
3016 692 3120 746 ope
3167 675 3500 746 indigebant,
3549 676 3623 729 ita
3683 690 3777 730 eas

2190 767 2334 823 inter
2382 784 2508 823 suas
2559 769 2798 833 elucere,
2843 768 3007 823 veluti
3062 768 3264 831 sidera,
3302 765 3620 836 lapidesque
3649 781 3775 835 pre-

2188 859 2354 914 tiosos
2400 860 2636 929 reliquit,
2689 860 2885 929 quibus
2939 868 2994 913 et
3036 874 3151 913 sua:
3196 858 3524 914 celebriores
3584 856 3781 911 ﬁerent

2195 961 2250 1006 et
2279 952 2379 1021 piis
2444 951 2777 1015 hominibus,
2850 950 3161 1020 populoque
3234 950 3587 1019 acceptiores.
3640 948 3778 1002 Iliuc

2196 1042 2512 1112 frequenter
2566 1043 2708 1096 inter
2754 1043 2873 1111 ejus
2930 1042 3211 1094 volumina
3290 1048 3589 1094 occurrunt
3645 1054 3773 1092 ora-

2194 1137 2393 1197 tiones,
2452 1143 2506 1187 et
2539 1134 2786 1186 encomia
2822 1133 2876 1185 in
2924 1132 3103 1186 varias
3151 1131 3472 1186 festivitates
3515 1131 3779 1194 aliorum;

2194 1224 2337 1278 inter
2368 1239 2463 1277 eos
2490 1223 2743 1293 praecipui
2791 1223 3061 1277 habentur
3100 1223 3427 1277 Athanasius
3477 1221 3784 1291 patriarcha

2198 1318 2615 1382 Alexandrinus,
2654 1317 2881 1371 Basilius
2912 1316 3136 1387 Magnus
3161 1316 3536 1376 Czesarzensis,
3581 1315 3788 1384 Grego-

2202 1410 2316 1463 rius
2338 1408 3033 1479 Nazianzenusﬁregorius
3050 1407 3342 1478 Nyssenus,
3358 1408 3596 1461 Joannes
3613 1405 3786 1475 Chry-

2201 1509 2494 1562 sostomus,
2533 1498 3195 1560 BasiliusSeleuciensis,
3229 1496 3642 1565 Amphilochius
3667 1494 3787 1548 Ico-

2204 1591 2430 1655 niensis,
2460 1590 2710 1660 Ephrtetn
2741 1591 2930 1662 Syrus,
2952 1590 3203 1659 Ephrmm
3224 1587 3337 1660 [76]
3364 1585 3783 1653 Chersonensis,

2204 1686 2491 1753 Antipater
2514 1684 2827 1738 Bostrorum
2861 1684 3169 1754 episcopus.
3203 1680 3434 1751 Cyrillus
3465 1679 3789 1732 Alexandri-

2203 1794 2329 1839 nus,
2362 1777 2697 1848 Epiphanius
2723 1777 2904 1847 Cypri,
2930 1776 3169 1829 Joannes
3201 1775 3582 1837 Damascenus,
3614 1772 3787 1827 Geor-

517 1890 694 1934 autem
731 1896 847 1933 cum
886 1894 987 1931 non
1043 1887 1253 1943 possent
1296 1875 1448 1926 rebus
1479 1887 1661 1924 eorum
1704 1870 2098 1934 respondentem
2135 1859 2174 1912 Β
2200 1870 2318 1939 gius
2363 1868 2818 1930 Nicomediensis,
2859 1866 3116 1920 Pantalco
3163 1866 3426 1920 diaconus
3475 1872 3527 1917 et
3562 1864 3785 1917 charto—

520 1973 705 2042 afferre
730 1972 1040 2033 orationem,
1060 1967 1254 2020 bonum
1284 1966 1367 2019 illi
1391 1964 1985 2031 conscripserunt,quod
2012 1974 2102 2010 nec

521 2074 651 2118 esset
688 2062 796 2114 ulla
815 2063 879 2115 de
901 2063 1075 2130 gratia
1099 2068 1365 2123 ornatum,
1393 2075 1485 2111 nec.
1511 2057 1670 2109 laude
1686 2052 2101 2125 prosequendum

522 2166 581 2209 ut
612 2155 702 2224 qui
743 2169 833 2206 nec
867 2153 1143 2215 pulchram
1191 2151 1469 2202 tribuerint
1492 2147 1825 2205 sententiam,
1871 2159 1961 2197 nec
1988 2159 2102 2194 cum

526 2247 696 2301 rerbis
721 2245 950 2298 stramime
988 2244 1307 2304 decentibus,
1350 2256 1510 2311 neque
1543 2250 1791 2292 accurate
1818 2239 2107 2300 descripse-

527 2341 657 2403 rint,
680 2355 843 2407 neque
860 2338 1113 2392 stevitiam
1143 2346 1189 2389 et
1225 2336 1557 2389 atrocitatem
1585 2348 1784 2395 eorum,
1809 2331 1900 2401 qui
1926 2331 2111 2398 punie-

527 2439 674 2492 runt,
707 2444 868 2498 neque
911 2436 1207 2495 martyrum
1252 2425 1307 2477 in
1349 2424 1539 2476 dandis
1583 2422 1845 2491 responsis
1880 2422 2106 2488 pruden-

527 2522 697 2584 tiam;
731 2519 858 2587 quin
887 2520 1046 2572 etiam
1079 2516 1454 2571 monac/torum
1505 2513 1879 2566 adulterarum
1909 2510 2114 2565 exerci-

528 2612 804 2672 tationem,
842 2609 1162 2678 simplicius,
1204 2618 1251 2659 et
1277 2607 1432 2675 quasi
1457 2615 1669 2669 temere,
1711 2612 1759 2657 et
1788 2613 1844 2656 ut
1898 2601 2113 2663 accidit,
2152 2610 2163 2622 '

531 2703 833 2772 referentes,
859 2715 979 2770 quae
1009 2698 1238 2752 studiose
1269 2697 1333 2749 ab
1359 2696 1468 2749 illis
1495 2696 1640 2765 facta
1690 2706 1830 2747 sunt.
1862 2690 2004 2745 Hinc
2031 2692 2113 2761 fa-

530 2804 673 2848 ctum
704 2802 776 2846 est
807 2803 859 2845 ut
892 2792 1133 2845 nonnulli
1171 2806 1233 2843 ne
1254 2788 1424 2857 legere
1441 2792 1655 2859 quidem
1677 2791 1995 2841 sustinerent
2029 2801 2113 2848 ea,

529 2901 648 2955 qua:
692 2892 845 2937 erant
899 2885 1197 2938 litterarum
1244 2882 1498 2933 mandata
1548 2878 1898 2932 monumentis
1938 2897 1951 2930 :
1994 2876 2117 2929 aliis

531 2988 707 3030 autem
737 2994 796 3029 ea
844 2991 965 3047 qua!
996 2975 1327 3038 dicebantur,
1367 2970 1656 3042 pra'berent
1688 2969 1897 3023 ridendi
1945 2978 2121 3021 mate-

534 3071 671 3122 riam
694 3083 713 3121 :
744 3066 1191 3134 etcompositionis
1226 3063 1567 3133 iuelegantia,
1593 3061 1848 3116 sententia
1890 3059 2121 3113 absurda

533 3171 582 3215 et
610 3161 757 3214 nulla
796 3159 1185 3229 consequentia,
1235 3168 1281 3210 et
1305 3157 1465 3209 dictio
1488 3156 1608 3208 vilis
1638 3164 1685 3209 et
1716 3154 1940 3222 objecta.
1968 3159 2120 3205 erant

2204 1963 2397 2032 phylax
2436 1962 2638 2031 Magum
2680 1960 2940 2022 ecclesize,
2990 1959 3312 2014 Theodorus
3350 1957 3613 2017 Studites,
3672 1957 3785 2008 An-

2207 2054 2365 2108 dreas
2395 2053 2694 2118 Cretensis,
2724 2051 2949 2106 Proclus
2977 2052 3282 2122 patriarcha
3318 2048 3786 2117 Constantinopo-

2207 2147 2427 2207 litanus,
2458 2146 2716 2202 Leontius
2757 2147 3064 2219 Byzantius,
3103 2145 3362 2199 Leontius
3397 2139 3787 2210 Hierosolymi-

2210 2250 2389 2303 tanus,
2424 2240 2721 2309 ProcOpius
2755 2242 3014 2295 diaconus
3037 2248 3090 2293 et
3138 2236 3547 2306 chartophylax,
3579 2232 3788 2303 Grego-

2211 2329 2325 2382 rius
2356 2329 2826 2395 Neoca-sariensis,
2860 2330 3165 2385 Germanus
3191 2327 3496 2397 patriarcha
3524 2324 3791 2378 Constan‘

2213 2420 2624 2489 tinopolitanus,
2642 2421 2887 2475 Asterius
2907 2421 3169 2481 Amascze,
3195 2418 3539 2488 Sophronias
3562 2413 3792 2484 patriar-

2214 2513 2315 2565 cha
2341 2511 2724 2583 llierosolym.,
2748 2511 3068 2568 Timotheus
3095 2512 3495 2584 Hierosolymit.
3533 2519 3585 2564 et
3605 2509 3716 2564 alii.

2287 2606 2394 2661 Sed
2463 2622 2727 2675 quasnam
2794 2605 3185 2677 Metaphrastes
3258 2606 3411 2662 Vitas
3476 2615 3790 2661 sanctorum

2217 2698 2577 2767 conscripsit?
2625 2697 2737 2754 lloc
2760 2715 2887 2755 vero
2914 2698 3287 2754 dillicillimum
3323 2707 3408 2753 est
3454 2698 3786 2753 discernere.

2221 2788 2333 2844 Nec
2390 2789 2528 2843 alius
2580 2790 2801 2859 poterit,
2853 2790 2955 2844 nisi
2996 2791 3090 2860 qui
3141 2789 3346 2843 similes
3398 2786 3551 2842 Vitas
3599 2786 3790 2842 GT£CB

2221 2882 2577 2951 percurrerit,
2640 2890 2694 2935 et
2747 2880 3070 2946 orationem,
3116 2889 3172 2935 et
3214 2879 3421 2934 lumina
3479 2879 3536 2932 in
3562 2876 3793 2933 dicendo

2218 2973 2503 3045 Symeouis
2533 2974 2737 3043 optime
2785 2973 3049 3027 calluerit.
3108 2970 3242 3025 Nam
3274 2971 3326 3025 id
3364 2986 3432 3025 ex
3463 2970 3670 3024 Latinis
3692 2983 3792 3023 ex-

2221 3066 2421 3136 piscari
2454 3065 2830 3119 stultissimum
2862 3064 3041 3128 fuerit,
3074 3065 3218 3135 quod
3258 3063 3535 3132 continget
3601 3059 3795 3116 diffici-

2230 3159 2354 3221 lius,
2386 3159 2529 3229 quod
2562 3158 2803 3213 nomium
2836 3158 2991 3228 capio
3038 3173 3143 3226 qua
3169 3173 3332 3212 causa
3363 3156 3417 3211 id
3467 3155 3670 3214 factum
3702 3153 3794 3216 sit.

534 3254 627 3315 iis,
658 3253 747 3323 qui
785 3253 1088 3311 audiebant,
1116 3249 1363 3301 insuavia
1390 3287 1405 3313 ,
1443 3257 1491 3301 et
1518 3246 1637 3299 odio
1673 3245 2000 3299 habebantur
2028 3259 2114 3311 po-

2227 3267 2350 3306 cum
2377 3252 2433 3306 in
2463 3250 2585 3305 aliis
2617 3250 2957 3305 orationibus
2984 3249 3203 3312 et\’itis,
3226 3260 3505 3303 auctorum
3539 3255 3597 3300 ut
3627 3245 3795 3315 pluri-

535 3345 659 3408 tius,
683 3359 839 3409 quam
880 3343 1336 3406 admittebantur;
1372 3350 1418 3395 et
1472 3348 1689 3408 promer
1720 3354 1805 3391 eos
1861 3337 1950 3406 qui
1997 3351 2123 3389 cou-

538 3438 859 3503 scripserant
915 3434 1082 3495 nobis,
1130 3432 1357 3485 ludibrio
1400 3431 1728 3484 habebantur
1782 3427 2126 3481 admirabilia

535 3525 967 3582 Christianorum
998 3525 1288 3577 certamina
1350 3533 1506 3591 atque
1566 3534 1767 3589 tropa'a
1813 3535 1829 3573 :
1864 3533 1909 3573 et
1952 3535 2129 3573 omnes

539 3618 749 3687 quidem
767 3625 943 3683 aperte
970 3629 1174 3682 semper
1197 3613 1593 3666 insectabantur
1622 3611 1934 3667 maledictis.
1954 3624 2130 3663 eorum

538 3718 716 3762 autem
749 3709 859 3761 loco
881 3706 1068 3775 afferre
1084 3706 1327 3767 meliora,
1354 3703 1475 3756 aliis
1496 3704 1705 3774 quidem
1730 3711 1939 3770 propter
1954 3716 2132 3754 eorum

536 3798 859 3862 socordiam,
901 3796 1022 3849 aliis
1064 3804 1263 3857 autem,
1289 3803 1344 3847 ut
1374 3793 1512 3863 quod
1536 3803 1609 3846 est
1639 3808 1766 3859 Opus
1819 3789 2136 3860 perfectissi-

539 3904 681 3941 mum
716 3896 763 3940 et
811 3886 1035 3940 maximi
1078 3886 1262 3950 studii,
1303 3896 1352 3939 et
1404 3886 1487 3937 cui
1524 3900 1615 3937 nec
1645 3892 1754 3936 tota
1797 3883 2003 3952 quidem
2032 3880 2135 3934 viri

541 3983 647 4032 vita
671 3979 965 4047 suffecerit:
991 3993 1153 4046 neque
1197 3978 1335 4029 uires
1363 3977 1584 4030 aderant
1608 3974 1919 4035 volentibus,
1942 3988 2038 4026 nec
2070 3973 2133 4025 iis

538 4070 629 4137 qui
655 4075 923 4136 poterant,
974 4069 1215 4119 voluntas
1249 4085 1263 4119 :
1311 4066 1401 4119 sed
1441 4081 1545 4117 non
1595 4066 1757 4118 etiam
1798 4064 2132 4116 admirabilis

540 4158 767 4229 Symeon
805 4162 985 4212 eodem
1025 4159 1180 4210 modo
1206 4174 1307 4227 quo
1327 4158 1387 4221 ii,
1411 4159 1508 4227 fuit
1552 4158 1795 4227 affectus;
1818 4158 1905 4210 sed
1926 4173 2039 4211 cum
2057 4159 2132 4212 eis

540 4252 827 4322 procedens
860 4251 928 4303 ad
966 4253 1429 4318 reprehensionem,
1484 4249 1671 4302 deinde
1714 4252 1966 4318 processit
1997 4249 2133 4302 ulte-

542 4345 676 4408 rius,
716 4352 763 4399 et
780 4341 1013 4411 juvenile
1033 4341 1343 4411 aggrediens
1375 4341 1606 4404 fucinus,
1640 4339 1720 4393 vel
1743 4340 1943 4411 felicem
1959 4341 2131 4408 potius

542 4439 827 4499 actionem,
876 4450 1036 4504 quam
1066 4433 1241 4486 nullus
1294 4433 1524 4486 omnium
1577 4437 1726 4503 gessit
1772 4432 2007 4504 feliciter,
2040 4448 2134 4501 per

2223 3359 2371 3398 mum
2431 3344 2652 3397 nomina
2706 3342 3098 3414 praeﬁgantur;
3136 3342 3192 3395 in
3223 3342 3326 3404 bis,
3377 3355 3513 3410 quas
3561 3339 3795 3410 Symeon

2227 3430 2560 3500 descrispsit,
2623 3446 2902 3501 nunquam
2949 3444 3042 3485 aut
3077 3445 3200 3485 raro
3249 3438 3609 3501 praenotatum
3649 3429 3800 3484 inve~

2228 3523 2434 3577 niatur.
2468 3524 2608 3578 Hinc
2636 3523 2739 3578 viri
2770 3523 2838 3578 de
2875 3522 3197 3592 antiquitate
3247 3523 3614 3579 ecclesiastica
3657 3523 3799 3577 bene

2227 3619 2406 3672 meriti
2449 3617 2600 3671 Vitas
2632 3625 2967 3683 sanctorum,
3010 3632 3130 3685 qua:
3164 3625 3443 3670 auctorem
3495 3614 3599 3669 sibi
3653 3628 3797 3683 prte-

2233 3708 2496 3778 scriptum
2541 3723 2651 3762 non
2709 3705 3028 3776 pra-ferunt,
3063 3720 3255 3759 onmes
3301 3720 3410 3758 non
3447 3704 3563 3758 sine
3598 3704 3798 3758 erroris

2228 3809 2389 3868 atque
2425 3800 2652 3853 inscitia:
2679 3808 2805 3853 nota
2850 3796 3103 3868 Symeoni
3128 3797 3494 3863 vindicarunt,
3527 3808 3646 3867 (pne
3673 3811 3798 3851 vere

2231 3890 2517 3963 Symeonis
2565 3906 2672 3946 non
2706 3899 2853 3946 sunt.
2900 3889 3254 3944 Vindicantur
3296 3899 3475 3943 tamen
3520 3888 3798 3960 Symconi,

2228 3991 2281 4034 et
2313 3983 2474 4035 veluti
2527 3980 2812 4051 Symeonis
2856 3997 3127 4051 germana:
3179 3982 3556 4051 evulgantura
3614 3979 3797 4041 Surio,

2228 4079 2281 4123 et
2329 4070 2687 4139 Lippomano,
2711 4077 2766 4123 et
2791 4069 2907 4122 aliis
2952 4069 3142 4123 Latine
3198 4079 3428 4132 tantum,
3476 4068 3652 4123 Mense
3700 4070 3801 4123 Ja-

2229 4165 2419 4217 nuario
2444 4180 2482 4225 ι,
2515 4163 2699 4218 Sancti
2752 4162 2952 4225 Basilii,
2988 4163 3371 4234 Euphrosynes
3403 4163 3797 4217 Alexandrinte.

2231 4255 2283 4317 5,
2354 4256 2683 4324 Apollinaris
2739 4255 2982 4325 virginis.
3043 4255 3098 4320 7,
3135 4254 3356 4310 Luciani
3419 4256 3691 4331 martyris.
3743 4255 3798 4317 9.

2228 4345 2500 4417 Polyeucti
2551 4347 2823 4417 martyris,
2876 4344 3073 4400 Juliani
3115 4348 3392 4418 martyris,
3428 4355 3480 4402 et
3501 4349 3800 4402 sociorum.

2230 4441 2317 4504 10,
2343 4440 2595 4494 Marciani
2627 4439 2944 4509 presbyteri.
2971 4439 3058 4505 Η,
3076 4436 3365 4492 Theodosii
3383 4439 3801 4494 cmnobiarchae.

539 4545 699 4596 quam
749 4527 835 4581 ille
877 4528 1041 4580 evasit
1085 4526 1287 4579 clarior
1325 4529 1561 4579 erunibus
1613 4527 1704 4595 qui
1755 4538 1908 4579 erant
1942 4528 2129 4595 ubique
2160 4565 2202 4620 υ
2235 4535 2322 4597 15,
2360 4533 2591 4603 llcrmyli
2624 4541 2678 4586 et
2713 4531 3001 4587 Stratonici
3070 4542 3387 4601 martyrum,
3420 4533 3506 4594 15,
3576 4530 3800 4586 Joannis

541 4621 783 4683 eruditi}.
828 4628 877 4673 ει
931 4619 1042 4673 Deo
1098 4620 1416 4673 consecravit
1478 4637 1539 4672 ea
1569 4636 1683 4689 quw
1738 4629 1859 4672 sunt
1893 4620 2124 4672 omnium
2163 4619 2170 4620 “
2228 4624 2504 4695 Calymne.
2535 4626 2626 4690 ~22,
2662 4624 2931 4679 Timothei
2961 4627 3210 4695 apostoli,
3245 4626 3511 4680 Vincentii
3537 4626 3714 4680 levitze
3748 4633 3803 4678 et

538 4713 937 4780 pulcherrima;
962 4721 1254 4780 martyrum
1290 4712 1584 4763 certamina
1618 4724 1666 4764 et
1697 4726 1900 4773 cursus,
1939 4719 1986 4765 et
2013 4727 2128 4764 mo-

544 4805 834 4858 nachorum
878 4804 1250 4858 abstinentiam
1302 4818 1348 4859 et
1384 4806 1695 4876 patientiam
1724 4806 1928 4860 amarit
1960 4818 2004 4858 et
2031 4809 2127 4861 de-

538 4900 740 4953 coravit
791 4908 840 4951 et
882 4904 1123 4952 eamdem
1191 4916 1348 4965 quam
1392 4900 1476 4952 illi
1516 4900 1768 4953 adhibens
1824 4899 2125 4953 benevolen-

540 4992 711 5053 tiam,
755 4993 918 5044 etiam
984 4992 1189 5059 gratias
1262 4992 1495 5044 uicissim
1571 4994 1770 5059 accepit
1840 4991 1904 5044 ab
1962 4993 2128 5045 omni-

538 5083 655 5135 bus.

615 5174 736 5229 Non
763 5175 835 5230 ita
877 5183 1056 5228 tamen
1088 5173 1225 5227 adeo
1259 5188 1452 5228 severe
1499 5189 1559 5228 se
1593 5175 1779 5245 gessit,
1809 5185 1871 5230 ut
1919 5192 2114 5232 omnes

536 5266 783 5319 omnium
834 5272 1153 5319 sanctorum
1214 5263 1360 5318 Vitas
1402 5273 1458 5317 et
1514 5264 1703 5318 laudes
1758 5276 1884 5320 ante
1941 5282 1999 5321 se
2053 5268 2122 5324 ab

538 5358 663 5410 aliis
721 5358 1119 5427 prohatissimis
1200 5357 1515 5411 auctoribus
1564 5359 1795 5428 scriptas
1850 5361 2119 5430 reiecerit,

538 5458 596 5501 et
628 5447 807 5514 factis,
867 5447 1212 5517 decretisque
1259 5449 1615 5519 jugulaverit;
1657 5451 1753 5506 sed
1789 5451 1971 5515 falsas,
2029 5463 2126 5509 aut

540 5541 795 5609 nequiter
855 5541 1206 5610 compositas,
1258 5541 1428 5595 veluti
1472 5542 1741 5614 indignas,
1786 5559 1909 5613 qua:
1949 5562 1977 5600 a
2018 5547 2123 5617 piis

541 5632 853 5705 legerentur
904 5634 1212 5688 voluntaria
1256 5635 1530 5692 oblivione
1570 5638 1848 5693 contrivit:
1889 5639 1958 5694 ab
2006 5639 2128 5694 aliis

542 5730 725 5781 errata
772 5722 1005 5780 aliorum
1042 5724 1315 5791 codicum,
1359 5727 1446 5781 vel
1486 5728 1814 5800 scriptorum
1871 5730 1976 5785 (ide
2007 5746 2127 5785 cor-

544 5815 704 5882 rexit,
756 5831 965 5886 snoque
1006 5816 1148 5888 stylo
1178 5828 1469 5875 exornatas
1498 5821 1703 5890 edidit;
1738 5822 1966 5879 aliarum
2011 5839 2124 5883 rem

2232 4722 2503 4789 martyris,
2536 4718 2807 4773 Anastasii
2850 4717 3049 4772 Persae.
3081 4718 3173 4783 23,
3200 4717 3496 4771 Clementis
3530 4717 3801 4787 Aucyrani

2227 4813 2490 4881 episcopi,
2513 4812 2738 4867 Joannis
2764 4810 3200 4880 Elcemosynarii.
3235 4808 3329 4872 25,
3370 4809 3639 4871 Eusebiae,
3684 4826 3804 4880 qute

2224 4905 2602 4976 cegnominata
2639 4913 2723 4959 est
2751 4904 2983 4972 hospita.
3015 4901 3107 4964 27,
3140 4899 3369 4955 Joannis
3408 4900 3802 4973 Chrysostomi.

2225 4997 2317 5058 28,
2376 4996 2564 5051 Jacobi
2608 4994 2874 5048 Eremitte.
2919 4994 3009 5057 5|,
3040 4992 3160 5063 Cyri
3203 4994 3523 5059 ctJoannis,
3580 4994 3806 5050 Melana:

2225 5089 2504 5144 Romanae.
2556 5086 2736 5141 Mense
2820 5085 3134 5140 Februario.
3169 5089 3220 5146 1.
3276 5087 3460 5158 lgnatii
3540 5090 3801 5159 episc0pi,

2224 5183 2500 5251 martyris,
2534 5178 2705 5233 Pionii
2754 5178 2935 5247 presb.
2968 5188 3132 5234 mart.
3172 5178 3440 5249 Epitraemi
3472 5179 3609 5250 Syri.
3667 5179 3802 5252 Try-

2222 5271 2441 5341 phonis.
2492 5269 2545 5332 5,
2584 5266 2743 5321 Blasii
2778 5265 3047 5336 Episcopi,
3095 5270 3267 5323 sancti
3327 5268 3534 5334 Isidori,
3583 5271 3805 5340 Agatba

2227 5361 2467 5427 virginis.
2494 5360 2548 5422 6,
2574 5358 2806 5423 Faustze,
2845 5359 3100 5422 Euelasii.
3136 5371 3185 5417 et
3218 5362 3540 5416 Maximinus.
3571 5362 3623 5429 8,
3661 5364 3803 5419 Eva-

2227 5455 2328 5521 grii
2379 5463 2433 5508 et
2461 5454 2641 5507 Maria:
2682 5455 2803 5523 ejus
2845 5453 2989 5510 ﬁliai.
3016 5454 3071 5518 9,
3100 5452 3391 5525 Nicephori
3420 5458 3689 5526 martyris.
3716 5459 3803 5523 i3,

2227 5546 2537 5602 Martiniani
2589 5548 2954 5602 anachoreta.
3017 5549 3106 5605 Μ.
3143 5548 3397 5603 Auxentii
3426 5550 3663 5608 abbatis.
3714 5551 3802 5618 16,

2228 5636 2471 5695 Onesimi
2496 5641 2838 5709 martyrium,
2862 5641 3107 5696 Juliante.
3137 5637 3427 5706 l8,Leonis
3456 5651 3514 5697 et
3531 5642 3805 5715 Paregoril

2230 5742 2548 5804 martyrum.
2609 5733 2696 5795 l9,
2731 5733 2947 5788 Auxibii
2992 5733 3381 5806 archiepiscopi
3412 5734 3670 5791 Selensis.
3711 5733 3804 5803 20,
3868 5732 3872 5736 “

2228 5824 2428 5882 Jadotb
2481 5825 2746 5897 episcopi,
2806 5834 2862 5880 et
2891 5825 3162 5882 sociorum
3204 5839 3524 5899 martyrum.
3553 5827 3643 5894 27,
3684 5830 3801 5881 An-
