4134 6480
482 388 559 452 75
748 395 755 401 ·
1792 380 2076 442 LEONIS
2109 382 2417 444 ALLATII
3683 395 3755 459 τδ

422 526 425 529 ·
477 526 571 580 ius
616 522 835 577 Patrum
892 534 994 591 pro
1041 518 1391 591 processione
1431 518 1666 590 Spiritus
1712 535 1743 574 a
1791 519 1965 584 Filio,
2008 500 2420 574 etAnomine:
2449 526 2506 574 et
2540 534 2664 590 quae
2707 519 2999 590 aliquando
3052 534 3251 575 nomen
3300 522 3595 591 praeterunt
3650 543 3754 581 au-

477 615 868 671 Constantinus
908 611 1279 667 ﬁelitiniotes'
1303 610 1454 666 Orat.
1492 612 1548 674 2,
1593 612 1661 667 de
1708 611 2059 682 processione

479 706 717 778 Spiritus
749 705 949 759 sancti.
993 704 1104 757 Kal.
1139 705 1169 756 ὁ
1203 703 1303 766 τὰς
1352 700 1464 755 τῶν
1524 702 1694 770 ἁγίων
1758 701 2055 766 πολιτείας,

478 797 576 851 καὶ
614 796 713 858 τὰς
761 795 942 849 αὐτῶν
995 793 1253 864 ἀθλήσεις
1296 794 1723 865 ἀφηγησάμενος
1778 808 2060 863 μεταφρα-

484 885 712 949 οτικῶς,
731 886 811 947 εἰς
829 881 999 936 τὸτοῦ
1028 882 1422 953 ’Δρεοπαγετου
1446 881 1749 954 μαρτύριον
1780 880 2057 934 Διονυσίου

478 976 633 1047 φησι,
667 974 762 1060 seu
781 973 888 1027 τῶν
917 974 1244 1044 ἀπορρήτων
1266 971 1620 1043 ἐκφὰντορος,
1657 973 1866 1041 δεήσων
1884 972 2061 1024 εἰπεῖν

477 1066 609 1135 περὶ
657 1065 760 1135 τῆς
796 1066 1111 1134 οἰκονομίας
1160 1064 1427 1135 Χριστοῦ,
1480 1063 1620 1134 πρὸς
1664 1064 1725 1116 τὸ
1771 1064 1923 1127 τέλος
1969 1062 2064 1116 ἐπὶ
2100 1098 2111 1111 .

476 1156 674 1221 λέξεως
693 1155 867 1218 οὕτως
883 1154 1203 1224 ἐφθέγξατό.
1227 1154 1337 1207 Καὶ
1351 1157 1429 1218 εἰς
1449 1155 1710 1225 οὐρανοὺς
1732 1154 1762 1206 ὁ
1780 1156 1802 1206 ἐ
1812 1154 1913 1224 μδς
1931 1156 1975 1208 Χ
1984 1171 2066 1224 ρι-

481 1249 604 1312 στὸς
624 1247 985 1316 ἀναφέρεται,
1014 1246 1108 1300 καὶ
1154 1244 1223 1297 τὰ
1249 1245 1397 1310 ἑξῆς.
1421 1244 1488 1298 Et
1525 1247 1615 1313 qui
1650 1252 1953 1297 sanctorum
1983 1258 2066 1296 res

480 1351 650 1414 gestas
667 1360 731 1397 ac
754 1343 1075 1405 certamina,
1111 1348 1170 1394 ut
1189 1340 1561 1408 metaphrasta:
1575 1339 1760 1404 solent,
1778 1338 2065 1398 enarravit,

479 1435 537 1488 in
574 1433 815 1504 Dionysii
840 1432 1171 1502 Areopagita:
1188 1431 1464 1500 martyrio.
1496 1428 1664 1492 illius,
1698 1429 1940 1499 inquam,
1974 1428 2067 1497 qui

481 1541 563 1579 res
593 1542 708 1596 qua
754 1524 978 1594 exprimi
1032 1532 1312 1593 nequeant,
1342 1521 1621 1586 reuelauit,
1647 1537 1765 1575 eum
1781 1520 1846 1573 de
1867 1518 2065 1575 Christi

479 1614 765 1667 oeconomia
792 1608 907 1683 [79]
937 1613 985 1666 ei
1006 1611 1367 1665 disserendum
1380 1619 1536 1677 esset,
1554 1611 1736 1679 ipsein
1749 1609 1854 1678 ﬁne
1870 1609 1949 1661 his
1964 1623 2074 1663 ver-

458 1707 557 1759 -bis
569 1704 867 1772 complexus
889 1712 966 1758 est
983 1720 1002 1760 :
1018 1703 1084 1758 Et
1102 1720 1156 1756 ιη
1177 1702 1327 1757 emtas
1336 1701 1576 1758 Christus
1594 1717 1741 1755 meus
1758 1700 2068 1763 assumitur,

475 1804 582 1852 etc.
629 1795 863 1851 Michael
909 1794 1102 1866 Clycas
1141 1793 1315 1863 Epist.
1350 1794 1443 1848 21.
1485 1793 1702 1847 Sanctae
1738 1789 2064 1845 Anastasius.

475 1885 820 1957 Nicephorus
844 1885 1101 1941 Callistus
1128 1885 1224 1940 lib.
1246 1900 1359 1950 xw,
1387 1899 1509 1955 cap.
1541 1885 1629 1939 51.
1674 1880 2067 1937 Ecclesiasticae

477 1979 738 2044 historiae,
761 1978 939 2032 sancti
957 1976 1229 2032 Simeonis
1250 1977 1456 2048 Stylitae
1473 1976 1723 2041 senioris,
1744 1986 1797 2029 et
1815 1973 1910 2028 lib.
1931 1987 2071 2028 xvm

475 2085 600 2140 cap.
623 2071 713 2125 24.
749 2068 936 2124 Sancti
964 2067 1236 2123 Simeonis
1262 2066 1467 2138 Stylitte
1506 2065 1757 2137 junioris.
1784 2064 1916 2130 Quae
1946 2078 2074 2118 vero

482 2162 747 2217 hactenus
779 2160 1032 2227 ineditaa,
1072 2160 1313 2214 tenebris
1337 2160 1607 2229 lineisque
1629 2157 1856 2212 addicta:
1877 2155 2072 2210 biblio-

480 2256 771 2310 thecarum
846 2252 1054 2307 loculos
1092 2258 1381 2320 occupant,
1423 2250 1625 2304 frustra
1656 2256 1872 2316 tempus
1916 2246 2101 2300 insu-.

479 2362 685 2405 meram
721 2345 766 2401 si
796 2358 988 2399 omnes
1010 2343 1098 2398 hic
1141 2356 1424 2397 recensere
1449 2353 1696 2395 conarer.
1726 2337 1882 2391 Nulla
1931 2337 2074 2391 enim

480 2428 597 2492 fere
625 2435 953 2491 bibliotheca
986 2432 1168 2499 fuerit,
1196 2426 1321 2486 cuin
1355 2429 1707 2499 manuscripti
1734 2427 1949 2483 codices
1978 2426 2078 2480 ad—

488 2528 623 2592 sint,
655 2527 710 2581 in
731 2541 839 2597 qua
864 2525 1120 2581 volumen
1144 2522 1361 2593 aliquod
1383 2522 1575 2576 harum
1596 2520 1830 2574 vitarum
1849 2533 1954 2572 non
1995 2532 2081 2570 re-

489 2618 755 2689 periatur.
786 2615 988 2671 Verum
1019 2614 1135 2684 ipse
1159 2610 1559 2668 soliusAntonii
1585 2609 1872 2681 Augustini
1892 2621 2082 2663 receiv-

483 2711 609 2766 suis
630 2710 699 2764 ad
735 2709 940 2778 reliqua
969 2707 1197 2779 gradum
1216 2705 1428 2760 faciam.
1449 2703 1507 2757 In
1526 2704 1854 2758 bibliotheca
1896 2702 2080 2770 itaque

487 2798 720 2854 Antonii
742 2796 1031 2868 Augustini
1049 2797 1151 2853 sub
1167 2795 1440 2850 Simeonis
1458 2792 1836 2863 Metaphrasta:
1854 2792 2081 2845 nomine

492 2890 581 2945 ha
601 2889 946 2959 legebantur.
968 2892 1145 2945 Mense
1155 2887 1436 2942 Januario.
1461 2886 1744 2940 Athanasii
1761 2883 2084 2939 Alexandri-

489 2983 576 3038 ni.
600 2979 897 3052 Euthymii.
921 2978 1463 3050 Timotheiapostoli.
1483 2974 2085 3033 Anastasii.Clementis

496 3074 799 3145 Ancyrani.
824 3072 1074 3128 Eusebiae
1102 3078 1469 3144 cognomento
1501 3068 1689 3124 Xenae.
1711 3054 1957 3137 Gregorii
1974 3066 2083 3121 Na-

2171 607 2362 675 ctoris,
2386 609 2439 662 in
2468 610 2586 664 aliis
2605 609 2887 665 codicibus
2905 610 3024 665 sine
3047 619 3273 665 auctore
3285 611 3472 680 jacent
3491 614 3756 685 inglorius.

2162 693 2286 749 Illas
2342 697 2589 766 profecto
2643 713 2836 753 omnes
2891 698 3274 770 Metaphrasta:
3297 702 3342 756 si
3395 704 3760 760 vindicaveris

2162 785 2514 841 acerbissime
2574 787 2921 853 insaniveris;
2973 790 3019 843 si
3095 790 3297 858 nullas,
3352 792 3524 846 multa
3591 794 3760 865 impie

2163 875 2536 945 scelerateque
2555 879 2913 933 commiseris.
2935 880 3346 935 Observandum
3378 897 3508 936 vero
3524 892 3607 937 est
3634 894 3762 937 ante

2163 964 2290 1031 alia,
2342 966 2482 1019 male
2516 980 2545 1019 a
2606 967 2886 1022 nonnullis
2928 969 3058 1032 dici,
3114 985 3240 1024 cum
3276 970 3507 1038 alicujus
3560 972 3749 1026 Sancti

2166 1054 2302 1110 Vitae
2331 1071 2532 1110 nomen
2561 1058 2843 1127 praeﬁxum
2871 1074 2979 1113 non
3011 1060 3258 1126 habetur,
3289 1077 3413 1116 eam
3437 1062 3611 1116 Vitam
3644 1063 3749 1135 legi

2166 1147 2310 1216 apud
2346 1146 2786 1218 Metaphrastem,
2839 1151 2994 1220 quasi
3026 1168 3153 1208 vero
3188 1154 3539 1209 collectiones
3562 1169 3760 1209 omnes

2174 1238 2415 1294 V‘itarum
2459 1240 2529 1294 ab
2549 1241 2739 1295 eodem
2767 1238 3135 1312 Metaphraste
3164 1243 3428 1300 confecta:
3462 1246 3592 1311 sint;
3614 1247 3760 1316 quod

2167 1344 2268 1400 ego
2286 1330 2541 1385 existimo
2559 1333 2929 1388 falsissimum.
2948 1332 3083 1387 Cum
3102 1334 3219 1406 |80]
3232 1336 3377 1389 enim
3396 1336 3763 1393 Collectiones

2167 1419 2394 1483 Similes,
2432 1436 2551 1490 quae
2578 1421 2691 1475 fere
2717 1422 3018 1477 innumerae
3050 1434 3197 1490 sunt,
3221 1441 3342 1479 raro
3362 1434 3457 1479 aut
3480 1442 3761 1497 nunquam

2184 1513 2328 1566 inter
2351 1529 2409 1568 se
2458 1514 2805 1580 conveniant,
2834 1517 2929 1569 sed
2962 1517 3044 1570 Ine
3087 1517 3273 1586 plures
3311 1517 3414 1571 ille
3476 1519 3763 1587 pauciores

2171 1601 2324 1656 Vitas
2377 1603 2718 1669 contineant,
2754 1614 2809 1658 et
2835 1606 2942 1659 alio
2991 1616 3155 1676 atque
3184 1608 3291 1661 alio
3324 1607 3541 1662 dicendi
3596 1609 3761 1663 modo

2172 1693 2536 1763 methodoque
2553 1697 3016 1767 conscriptae,‘qui
3047 1698 3096 1752 id
3123 1698 3236 1753 ﬁeri
3269 1700 3469 1770 potuit,
3491 1700 3632 1755 utab
3652 1716 3764 1755 uno

2173 1783 2441 1839 inchoata:
2473 1788 2582 1838 sint
2613 1787 3004 1858 absolutaeque,
3047 1790 3151 1844 nisi
3176 1808 3300 1845 eum
3330 1792 3558 1862 singulis
3598 1792 3753 1848 boris

2174 1886 2337 1945 atque
2364 1878 2658 1932 momentis
2685 1879 2790 1932 alia
2823 1889 2985 1948 atque
3008 1881 3111 1936 alia
3148 1893 3331 1938 mente
3360 1899 3466 1937 una
3489 1898 3761 1947 versasse,
3798 1949 3813 1952 υ

2179 1977 2236 2022 et
2267 1968 2429 2022 modo
2466 1969 2563 2022 bas
2596 1970 2756 2023 modo
2787 1970 2905 2025 illas
2942 1973 3272 2041 approbasse
3325 1975 3761 2044 reprobasseque

2177 2058 2358 2113 dicere
2378 2060 2625 2113 velimus.
2649 2060 2704 2113 Si
2724 2076 2865 2115 unus
2881 2078 2975 2117 eas
3024 2063 3285 2126 absolvis,
3316 2065 3517 2119 eaedem
3544 2080 3766 2135 semper

2180 2150 2236 2207 in
2264 2152 2401 2206 codil
2422 2153 2545 2206 ibus
2565 2154 2950 2223 manuscriptis
2967 2165 3160 2227 magna
3190 2173 3254 2211 ex
3284 2168 3435 2225 parte
3454 2157 3764 2228 objiceren-

2181 2250 2292 2296 tur:
2338 2253 2394 2296 at
2441 2244 2599 2297 modo
2630 2244 2787 2298 aliter
2822 2244 2898 2298 tit.
2936 2244 3115 2310 Quare
3144 2246 3437 2303 dicendum
3455 2257 3563 2313 est,
3590 2248 3765 2303 Meta-

2180 2334 2463 2403 phrastem
2505 2334 2790 2405 scripsisse
2836 2337 2981 2391 Vitas
3035 2337 3383 2407 Sanctorum,
3438 2356 3549 2396 non
3595 2342 3767 2396 colle—
3841 2367 3845 2370 ν

2179 2426 2340 2496 gisse;
2389 2434 2444 2479 et
2471 2442 2607 2495 quas
2646 2427 2761 2496 ipse
2797 2428 3034 2497 scripsit,
3060 2431 3252 2485 eodem
3304 2446 3521 2501 semper
3547 2441 3771 2488 servato

2179 2516 2373 2571 ordine
2429 2518 2666 2584 cudisse,
2701 2527 2755 2573 ut
2802 2521 2997 2575 asserit
3039 2520 3324 2586 Baronius;
3368 2523 3435 2578 iis
3463 2525 3627 2578 etiam
3661 2524 3768 2577 ali-

2180 2610 2399 2678 quando
2423 2610 2652 2664 annexis
2681 2626 2806 2665 cum
2836 2611 2995 2681 primi
3031 2608 3316 2683 scriptoris
3350 2616 3596 2681 nomine,
3622 2632 3766 2686 quas

2183 2699 2297 2769 ipse
2330 2703 2758 2769 comprobasset,
2798 2719 2898 2758 nec
2922 2703 3285 2762 immutasset.
3325 2708 3392 2762 Et
3424 2708 3554 2764 hinc
3601 2710 3766 2779 plane

2182 2790 2436 2847 videatur
2468 2792 2620 2848 Vitas
2640 2794 2713 2849 ita
2744 2810 2775 2849 a
2812 2795 3175 2867 Mctaphraste
3202 2799 3440 2870 digestas
3475 2800 3589 2855 fere
3614 2818 3767 2856 sem-

2183 2899 2283 2953 per
2351 2886 2604 2941 eumdem
2667 2889 2885 2942 modum
2916 2889 2971 2943 in
3004 2890 3125 2946 aliis
3176 2886 3461 2946 codicibus
3516 2907 3765 2950 servare.

2184 2976 2320 3030 Male
2354 2992 2493 3048 ergo
2549 2978 2867 3045 allirmatur,
2921 2996 3043 3035 cum
3083 2981 3206 3050 quis
3261 2982 3424 3036 nobis
3472 2984 3525 3036 in
3566 2998 3767 3038 manus

2185 3070 2355 3123 codex
2395 3072 2727 3138 pervenerit,
2766 3082 2827 3126 et
2857 3072 2912 3126 in
2955 3090 3020 3127 eo
3054 3074 3327 3128 habentur
3360 3073 3498 3130 Vita:
3528 3075 3766 3131 Sancto-

486 3165 740 3221 zianzeni
767 3165 1153 3236 Xenophontis
1178 3173 1233 3219 et
1255 3164 1509 3218 ﬁliorum.
1533 3159 1611 3215 De
1628 3160 1873 3229 reliquiis
1901 3157 2078 3215 sancti
2104 3175 2149 3239 ρ
2188 3175 2329 3225 rum,
2383 3161 2533 3215 nullo
2593 3163 2816 3231 praeﬁxo
2851 3164 3136 3233 scriptoris
3187 3167 3431 3233 nomine,
3464 3167 3582 3221 illas
3618 3167 3768 3224 Vitas

482 3258 712 3314 Joannis
725 3256 1120 3329 Chryaostomi.
1139 3253 1576 3326 EphreemﬁSyri.
1601 3251 1727 3322 Cyri
1749 3261 1806 3306 et
1821 3250 2071 3305 Joannis.

486 3348 660 3405 Mense
701 3348 1013 3404 Februario.
1086 3347 1420 3417 Tryphonis.
1487 3342 1766 3399 Parthenii
1834 3341 2077 3411 episcopi

489 3441 800 3511 Lampsaci.
830 3438 1103 3495 Theodori
1134 3437 1445 3494 Stratilatte.
1476 3436 1636 3492 Luca:
1665 3432 2075 3504 Thaumaturgi.

499 3530 818 3603 Nicephori.
850 3531 1033 3587 Blasii.
1065 3530 1395 3586 Martiniani.
1412 3533 1591 3584 Mense
1614 3527 1824 3583 Martio.
1852 3526 2081 3581 Sancto-

490 3639 615 3679 rum
658 3622 1017 3692 quadraginta
1087 3622 1322 3677 duorum
1387 3629 1713 3691 martyrum.
1753 3618 2078 3673 Sanctorum

486 3714 845 3786 quadraginta
870 3713 1122 3769 Narratio
1134 3713 1203 3767 de
1214 3711 1507 3768 obsidione
1521 3708 2048 3778 Constantinopolim
2058 3735 2078 3749 -

490 3821 585 3860 na.
601 3806 773 3861 Mense
788 3806 983 3876 Aprili.
1019 3804 1239 3874 Georgii
1262 3802 1535 3874 martyris.
1567 3798 1743 3857 Mense
1761 3800 1942 3855 lunia.
1962 3799 2076 3853 Ma-

490 3898 694 3962 nuelis,
712 3895 1255 3952 Sabeliietlsmaelis.
1278 3893 1597 3964 Sampsonis
1610 3890 1952 3947 Xenodochi.
1976 3890 2080 3946 Pe-

489 3989 886 4058 regrinationes
935 3987 1081 4041 Petri
1114 3996 1170 4040 et
1202 3985 1374 4040 Pauli.
1397 3984 1570 4038 Mense
1609 3982 1774 4037 Julia.
1803 3982 2074 4051 Procopii.

470 4079 855 4149 Pantaleonis.
872 4077 1145 4133 Callinici.
1175 4075 1482 4131 Eudocimi.
1506 4073 1690 4129 Hense
1708 4074 1966 4144 Augusto.
2000 4072 2077 4128 De

491 4179 612 4228 ortu
631 4178 686 4225 et
702 4169 1050 4224 educatione.
1073 4168 1334 4237 Deiparae.
1357 4167 1433 4223 De
1447 4166 1647 4222 Christi
1663 4166 1896 4236 imagine
1911 4166 2076 4220 missa

494 4263 564 4319 ad
586 4262 883 4334 Agbarum.
929 4260 1010 4314 De
1042 4257 1257 4314 Joanne
1285 4257 1547 4329 Baptista.
1574 4258 1748 4314 Mense
1774 4256 2075 4312 Novembri.

492 4350 767 4415 Samonze,
833 4347 1017 4404 Curia:
1092 4356 1148 4402 et
1206 4346 1388 4403 Abibi.
1442 4345 1595 4403 Pauli
1679 4345 2077 4417 archiepiscopi

492 4440 1103 4512 Constantinopolitani.
1142 4439 1396 4496 Hieronis
1440 4452 1493 4494 et
1518 4439 1612 4510 qui
1649 4456 1775 4496 cum
1818 4454 1886 4494 eo
1927 4437 2073 4509 passi

2186 3248 2373 3308 haberi
2415 3255 2559 3322 apud
2593 3254 3042 3324 Metaphrastem,
3090 3272 3214 3312 cum
3249 3260 3497 3314 collectio
3528 3259 3616 3314 illa
3665 3260 3764 3314 Vi-

2184 3352 2360 3397 tarum
2410 3341 2792 3410 Metaphrastis
2821 3359 2930 3397 non
2957 3346 3048 3409 sit;
3080 3353 3137 3399 et
3193 3358 3596 3415 consequenter
3642 3348 3766 3402 illas

2181 3433 2624 3503 Metaphrastem.
2650 3442 2705 3488 et
2737 3435 2780 3488 si
2831 3449 2939 3489 non
2973 3436 3275 3505 scripserit,
3309 3438 3657 3507 approbasse,
3677 3439 3765 3492 vel

2181 3525 2371 3580 saltem
2418 3524 2607 3595 dignas
2645 3525 3006 3590 existimasse,
3054 3542 3175 3597 quae
3221 3543 3320 3598 per
3344 3544 3541 3583 manus
3583 3530 3764 3585 homi-

2181 3631 2313 3670 num
2346 3615 2660 3670 volitarent.
2701 3616 2818 3670 Dixi
2854 3617 3021 3688 supra
3064 3618 3295 3673 arduum
3328 3619 3475 3675 hunc
3513 3635 3636 3675 esse
3681 3621 3765 3675 la-
3868 3642 3887 3653 ο

2178 3709 2367 3765 berem
2397 3720 2453 3763 et
2480 3707 2810 3778 improbum,
2853 3720 2909 3765 et
2940 3725 3103 3781 quem
3157 3711 3274 3782 ipse
3316 3712 3768 3781 prudentioribus

2179 3801 2568 3871 relinquerem.
2610 3800 2900 3857 Conferant
2970 3812 3152 3859 tamen
3226 3804 3427 3874 aliquid
3495 3806 3662 3860 studii
3708 3816 3766 3861 et

2178 3907 2376 3962 operte,
2406 3902 2462 3948 et
2490 3895 2629 3947 viam
2660 3894 2780 3949 aliis
2820 3896 3080 3964 aperiam,
3117 3902 3176 3950 ut
3216 3903 3407 3966 potero
3436 3914 3451 3964 ;
3493 3906 3547 3951 et
3569 3911 3764 3967 quem-

2179 3984 2477 4040 admodum
2562 3986 2800 4055 prudens
2873 3985 3110 4056 agricola
3161 3995 3285 4056 post
3338 3988 3484 4057 jacta
3516 3988 3568 4041 in
3620 3998 3764 4041 terra

2177 4079 2408 4142 semina,
2480 4088 2770 4147 enataque,
2816 4093 2885 4131 ne
2918 4078 3153 4147 genuina
3180 4093 3209 4131 a
3242 4079 3467 4147 spuriis,
3518 4079 3765 4149 aliusque

2176 4168 2391 4240 generis
2428 4169 2790 4233 suﬂ‘ocentur,
2831 4168 3178 4237 fructumque
3220 4168 3494 4225 sincerum
3542 4170 3767 4240 habeat,

2176 4260 2414 4331 primum
2455 4260 2711 4315 herbulas
2742 4258 2862 4316 illas
2896 4273 3107 4324 omnes,
3133 4273 3269 4328 quas
3300 4258 3391 4314 ille
3433 4275 3545 4315 non
3592 4277 3768 4329 agno-

2177 4350 2300 4418 scit,
2335 4351 2595 4406 sementis
2626 4351 2935 4421 colligendi,
2969 4366 3278 4421 germanas,
3307 4353 3517 4408 etiamsi
3547 4355 3769 4423 optimm

2178 4442 2404 4506 fuerint,
2444 4457 2636 4498 severa
2683 4442 2961 4512 diligentia
3010 4443 3292 4514 exstirpat,
3336 4445 3570 4514 reliquas
3621 4445 3769 4501 fovet

474 4543 643 4589 sunt.
698 4532 975 4588 Matronae.
1009 4530 1351 4587 Theoctistes
1368 4531 1596 4587 Lesbius.
1623 4530 1795 4585 Mena:
1813 4529 2071 4602 Egyptii.
2100 4547 2154 4608 Ι)
2180 4543 2237 4589 et
2263 4534 2413 4602 colit;
2447 4534 2526 4589 sic
2572 4542 2627 4589 et
2661 4534 2777 4604 ipse
2802 4549 2870 4589 ex
2904 4535 3244 4606 amplissimo
3292 4537 3419 4603 isto,
3451 4538 3541 4606 qui
3594 4536 3765 4592 Meta-

491 4624 720 4680 Joannis
734 4622 1810 4694 EleemosynariiJoannisChrysostomi.
1829 4622 2064 4692 Philippi

494 4716 744 4786 apostoli.
766 4716 935 4769 Mense
950 4713 1241 4768 Decembri.
1259 4712 1524 4769 Bonifacii
1540 4712 2070 4769 Romani.Sebastia~

494 4810 575 4863 ni.
605 4807 983 4876 Tranquillini,
1002 4805 1315 4872 Nicostrati,
1332 4806 1563 4873 Claudii,
1585 4806 1847 4873 Castoris,
1865 4807 2072 4862 etalio-

496 4916 640 4956 rum.
674 4899 880 4970 lgnatii.
915 4898 1165 4955 Juliante.
1198 4897 1520 4954 Anastasis.
1551 4897 1747 4954 Decem
1776 4908 2071 4968 martyrum

495 4992 859 5048 Cretensium.
879 4991 1132 5060 Eugeniae
1145 4998 1203 5044 et
1215 4998 1524 5059 parentum.
1545 4988 1882 5046 Theodoriet
1897 4987 2075 5043 Theo-

494 5084 694 5156 phanis
743 5084 1092 5152 Graptorum.
1137 5080 1255 5137 indi
1298 5090 1355 5138 et
1394 5082 1638 5146 Domnaa,
1668 5090 1725 5136 et
1777 5081 2070 5137 sociorum.

496 5173 757 5230 Marcelli.
792 5172 1037 5228 Melania:
1081 5171 1365 5228 Romanae.
1407 5172 1733 5227 Eleutherii.
1773 5173 1833 5225 In
1880 5171 2074 5227 Danie-

495 5266 607 5319 lem
632 5263 977 5334 prophetam,
996 5268 1189 5316 ettres
1209 5276 1430 5333 pueros.
1474 5260 1593 5316 Non
1622 5261 1849 5316 aliarum
1879 5260 2074 5317 biblio-

502 5354 786 5409 thecarum
840 5353 1049 5408 indices
1107 5352 1410 5419 conferam,
1445 5368 1569 5407 cum
1625 5353 1737 5407 rari
1783 5353 2076 5409 admodum

501 5444 632 5509 sint,
674 5444 770 5514 qui
798 5443 988 5498 eadem
1020 5445 1355 5500 contineant.
1404 5442 1606 5502 Omnes
1636 5445 1782 5500 enim
1840 5444 1957 5500 fere
2007 5445 2077 5501 ad

500 5551 674 5591 unum
721 5550 907 5590 eorum
952 5536 1226 5591 iniisdem
1280 5536 1580 5601 mensibus,
1629 5546 1685 5592 et
1737 5537 2075 5593 diversorum

496 5637 814 5684 sanctorum
839 5628 990 5684 Vitas
1005 5639 1060 5684 et
1074 5628 1270 5697 elogia,
1291 5630 1720 5700 eorumdemque
1760 5639 2077 5686 sanctorum

503 5718 654 5774 Vitas
706 5721 882 5776 varias
930 5730 1263 5791 proponunt;
1297 5728 1357 5778 et
1383 5721 1529 5791 quod
1580 5723 1824 5777 maximo
1862 5723 1941 5777 rei
1973 5721 2076 5777 Ec-

496 5809 824 5868 clesiastica:
877 5810 1208 5867 detrimento
1276 5810 1478 5870 factum
1524 5820 1625 5881 est,
1673 5811 1792 5871 sine
1839 5814 2078 5871 auctoris

2166 4635 2368 4698 prastae
2383 4627 2606 4681 nomine
2630 4628 2855 4683 invaluit
2874 4643 3090 4700 campo,
3106 4630 3319 4699 primus
3347 4630 3591 4684 omnium
3616 4628 3770 4686 Vitas

2168 4732 2281 4785 eas,
2318 4719 2442 4789 quis
2484 4727 2669 4790 posset
2701 4721 2929 4775 omnes?
2958 4722 3205 4789 evellam,
3256 4729 3315 4775 ut
3343 4721 3414 4775 ita
3460 4722 3661 4787 dicam,
3711 4731 3770 4777 et

2172 4811 2469 4866 eradicaho
2533 4812 2790 4883 (quarum
2834 4812 2939 4867 sub
2988 4812 3214 4866 nomine
3267 4820 3324 4866 et
3375 4815 3654 4884 martyr-ia,
3710 4825 3769 4869 et

2180 4902 2387 4974 elogia,
2411 4904 2526 4959 sive
2573 4905 2850 4969 encomia,
2900 4902 3017 4957 sive
3066 4902 3254 4958 laudes
3283 4910 3397 4957 tum
3426 4905 3481 4958 in
3523 4913 3764 4970 sanctos,

2175 5003 2292 5047 tum
2346 4994 2401 5047 in
2453 4993 2756 5057 Christum,
2804 5004 2859 5048 et
2884 4993 3175 5064 Deiparam
3223 4993 3527 5049 intellectas
3578 4994 3764 5062 velim)

2175 5083 2520 5153 propriisque
2568 5083 2911 5148 auctoribus,
2966 5084 3468 5155 manuscriptorum
3521 5098 3625 5152 ope
3666 5098 3765 5137 co-

2173 5174 2357 5228 dicum
2426 5175 2715 5229 restituam
2746 5191 2759 5228 :
2797 5182 2914 5229 tum
2941 5175 3010 5231 de
3056 5175 3200 5241 aliis,
3229 5190 3351 5246 quae
3382 5175 3501 5229 sine
3542 5173 3766 5230 nomine

2174 5276 2326 5333 sunt,
2354 5265 2745 5335 iudicabimus.
2771 5266 2845 5323 Ut
2878 5283 3008 5323 vero
3036 5267 3249 5323 facilius
3271 5268 3541 5321 intentum
3567 5280 3765 5321 conse-

2174 5373 2428 5428 quamur,
2453 5356 2693 5426 primum
2720 5368 3034 5428 apponetur
3084 5358 3416 5430 principium
3459 5356 3661 5426 operis,
3680 5372 3766 5413 se-

2174 5448 2356 5502 eundo
2370 5447 2491 5502 loco
2516 5461 2716 5501 nomen
2748 5448 3007 5513 auctoris,
3036 5447 3197 5502 tertio
3218 5445 3539 5515 titulusipse
3558 5444 3764 5514 operis.

2176 5545 2238 5590 ut
2288 5536 2549 5601 uuoictu,
2596 5536 2837 5591 vclutiin
2858 5537 3075 5602 tabella,
3124 5536 3253 5605 quis
3277 5534 3384 5589 sibi
3426 5534 3769 5590 interMeta-

2182 5628 2253 5698 pb
2262 5634 2420 5682 rastae
2436 5627 2650 5682 labores
2662 5627 2840 5683 locum
2853 5626 3341 5698 occupaverit,sive
3358 5626 3429 5681 ita
3447 5627 3771 5697 disponente

2178 5720 2566 5790 Metaphraste,
2587 5720 2701 5774 sive
2716 5735 2785 5775 ex
2801 5718 3161 5790 scriptoribus
3182 5718 3433 5789 ipsis,qui
3449 5726 3509 5772 ut
3531 5730 3772 5771 commo-

2177 5815 2307 5873 dum
2320 5822 2407 5870 est
2418 5823 2473 5870 et
2484 5814 2654 5884 lubet,
2664 5812 2850 5869 omnia
2866 5812 3093 5884 audent,
3110 5811 3416 5868 referamus
3427 5812 3484 5868 in
3497 5808 3769 5867 codicem.
