4134 6422
507 376 582 441 79
1820 366 2099 445 1120le
2138 385 2443 446 ALLATII
3064 362 3071 367 ’
3694 394 3766 457 so
3821 361 3834 372 '

592 488 824 560 ΐΑνέστη
856 490 924 560 τῇ
956 486 1119 562 τρίτῃ
1146 487 1331 561 ἡμέρᾳ
1351 490 1380 543 δ
1411 488 1635 561 Κύριος.
1667 492 1891 549 Eusebii
1916 493 2087 550 'Alex-
2188 496 2295 552 νῶν
2320 498 2431 553 άπὸ
2455 497 2737 570 προγόνων
2771 498 2966 570 ᾤκησα
3023 500 3196 556 πόλιν.
3246 502 3334 557 Ἐν
3363 505 3428 574 τῇ
3468 502 3631 577 κέλλῃ
3661 524 3764 576 μου

507 585 746 648 andrini,
781 585 862 648 εἰς
891 582 992 653 τὴν
1025 582 1346 637 ’Δνάστασιν
1368 582 1462 636 τοῦ
1496 585 1725 656 Κυρίου.

589 675 857 730 Ἀνέτειλε
917 674 1058 746 μετά
1099 674 1200 746 τὴν
1250 673 1522 745 ἀνάληψιν
1568 675 1662 728 τοῦ
1691 676 1902 748 Κυρίου
1927 677 2088 749 ἡμῶν

519 769 696 840 Ἰησοῦ
750 766 991 840 Χριστοῦ
1022 766 1159 837 πρὸς
1206 766 1300 821 τὸν
1326 766 1459 820 ῐδιον
1483 767 1725 837 Πατέρα.
1750 766 2085 840 Barsaphtm,

509 859 812 932 μαρτύριον
860 856 955 912 τοῦ
1014 857 1181 926 ἁγίου
1229 855 1532 910 ἀποστόλου
1583 856 1848 913 Ἀνανίου.
1895 858 1957 913 ln
1981 858 2089 913 ﬁne

506 954 653 1007 enim
684 951 885 1022 legitur
917 964 932 1002 :
974 950 1115 1018 Ἐγὼ
1134 942 1202 1002 δὲ
1234 946 1570 1020 Βαρσαφθᾶς
1604 947 1822 1019 ἔγραψα
1853 949 1923 1002 τὰ
1952 950 2085 1003 ὓπο-

509 1045 769 1116 μνήματα
808 1043 996 1108 αὑτοῦ,
1046 1043 1142 1096 καὶ
1190 1038 1367 1112 ἔθηκα
1415 1042 1555 1115 πρὸς
1604 1042 1668 1096 τδ
1712 1042 1967 1113 λείψανον
1986 1042 2086 1096 τοῦ

494 1133 756 1202 ’γενναίου
779 1131 1014 1202 ἀθλητοῦ
1037 1130 1303 1198 Ἀνανίου,
1335 1131 1426 1185 ἴνα
1446 1133 1674 1201 γένηται
1698 1133 1783 1194 εἰς
1805 1131 2085 1203 ἐπιγραμ-

509 1225 631 1295 μδν,
658 1224 754 1275 καὶ
782 1223 862 1286 είς
890 1221 1064 1276 τύπον
1093 1222 1362 1291 ὠφελείας
1392 1224 1505 1285 τοῖς
1520 1223 1833 1286 ἐλπίζουσιν
1867 1222 2087 1292 ἐπντῆς

504 1313 844 1383 ἐπαγγελίας
874 1313 967 1367 τοῦ
998 1314 1253 1384 Σωτῆρος
1276 1313 1435 1383 ἡμῶν
1477 1313 1653 1383 Ἰησοῦ
1685 1312 1947 1385 Χριστοῦ.
1974 1311 2087 1384 Ego

504 1422 625 1460 vero
656 1407 958 1476 Barsaphta
981 1406 1168 1475 scripsi
1219 1406 1597 1459 commentaria
1636 1404 1820 1474 ipsius,
1849 1404 2085 1474 reposui-

505 1515 606 1568 que
635 1498 793 1566 juxta
841 1497 1066 1550 cadaver
1095 1495 1330 1565 generosi
1386 1495 1598 1548 athleta:
1628 1494 1872 1559 Ananiae,
1896 1505 1954 1549 ut
1982 1497 2087 1551 sint

504 1591 561 1643 in
593 1588 885 1657 exemplum
925 1594 979 1641 et
1029 1596 1209 1656 typum
1257 1585 1513 1639 utilitatis
1538 1602 1741 1652 eorum,
1765 1590 1854 1658 qui
1872 1599 2086 1658 sperant

503 1697 660 1751 super
692 1680 1038 1747 promissione
1059 1677 1364 1734 Saluatoris
1389 1680 1558 1733 nostri
1583 1678 1709 1734 Iesu
1729 1679 1944 1735 Christi.

577 1774 760 1835 Ἅπας
798 1770 898 1842 μὲν
941 1770 1241 1840 ἐγκωμίων
1300 1771 1476 1839 λόγος.
1508 1770 1781 1826 Theodori
1839 1771 2088 1844 Daphno-

500 1866 975 1940 Ρθίὶείέτκίυμιον
1002 1866 1088 1930 εἰς
1108 1864 1201 1918 τδν
1230 1862 1347 1937 [85]
1372 1864 1530 1934 ἅγιον
1562 1864 1795 1929 Παῦλον,
1825 1867 2081 1938 συλλεγέν

502 1960 613 2016 ἀπὸ
645 1958 921 2029 διαφόρων
949 1956 1126 2024 λόγων
1149 1955 1249 2009 τοῦ
1275 1956 1693 2027 Χρυσοστόμου.

584 2046 978 2117 Ἀποστολικὴν
1029 2045 1327 2116 ἐπιδημίαν
1378 2045 1701 2116 εὐφημῆσαι
1750 2045 2085 2116 προθέμενος

502 2143 653 2197 νῦνό
680 2142 858 2211 λόγος.
918 2141 1136 2198 Macarii
1196 2141 1633 2212 Chrysooephari
1686 2143 2083 2216 archiepiscopi

503 2232 1023 2303 Philadelphiensis,
1056 2233 1138 2296 εἰς
1166 2232 1259 2286 τὸν
1280 2233 1436 2300 ἁγιον
1458 2232 1759 2288 ἀπόστολον
1796 2234 1893 2289 καὶ
1914 2237 2076 2304 εὐαγ-

501 2322 758 2395 γελιστὴν
789 2322 1066 2397 Ἰωάννην,
1099 2320 1196 2375 καὶ
1223 2321 1505 2390 θεολόγον.

584 2412 910 2477 Ἀπόστολος
941 2413 971 2465 ὁ
1025 2412 1122 2483 τὴν
1174 2412 1411 2483 φαιδρὰν
1446 2414 1656 2482 ταύτην
1704 2415 2083 2486 συγκροτήσας

504 2506 836 2576 πανήγυριν.
892 2503 1139 2573 Procopii
1188 2502 1656 2576 Chartophylacis,
1689 2505 1969 2575 ἐγκώμιον
2000 2507 2081 2569 εἰς

500 2598 596 2653 τὸν
628 2596 785 2666 ἅγιον
827 2586 1126 2651 ἀπόστολον
1162 2595 1260 2650 καὶ
1298 2596 1689 2669 εὐαγγελιστὴν
1730 2598 2006 2668 Ἰωάννην.

594 2688 824 2760 Ἀρετὴν
847 2687 1041 2757 ἀνδρὸς
1060 2688 1306 2742 ἐπαινεῖν
1338 2686 1721 2758 κελευόμενον.
1750 2685 1950 2742 Leonis
1979 2687 2084 2742 im-

502 2779 790 2851 peratoris,
825 2778 983 2846 λόγος
1016 2780 1097 2843 εἰς
1119 2777 1212 2833 τὸν
1247 2777 1425 2849 μέγαν
1466 2779 1724 2847 Ἰωάννην
1751 2778 1842 2832 τὸν
1870 2779 2082 2848 Χρυσό-

503 2884 722 2940 napo».

584 2964 805 3032 Ἀρίστη
840 2961 940 3031 μὲν
967 2961 1062 3016 καὶ
1092 2962 1128 3032 ἡ
1165 2959 1276 3015 τῶν
1312 2962 1607 3033 ὁρωμένων
1625 2961 1952 3032 εὐπρέπεια.
1977 2961 2083 3017 Ila-

498 3057 632 3113 carii
656 3054 1109 3127 Chrysocephali,
1133 3054 1291 3122 λόγος
1319 3055 1399 3117 εἰς
1417 3052 1487 3108 τὰ
1509 3053 1667 3109 ἐννέα
1686 3052 1942 3123 τάγματα
1970 3053 2081 3108 τῶν

2187 591 2367 644 τοίνυν
2390 590 2595 659 διάγων
2618 590 2756 662 μετά
2779 591 2990 647 πολλῶν
3010 593 3104 648 καὶ
3120 592 3299 648 ἄλλων
3321 597 3767 666 μαρτυρολογίων

2187 679 2332 753 εἶχον
2366 682 2462 736 καὶ
2482 682 2550 735 τὰ
2568 684 2940 755 ὑπομνήματα
2971 685 3065 739 τοῦ
3099 685 3258 754 ἁγίου
3284 685 3479 741 τούτου
3508 689 3568 740 ἐν
3595 690 3770 757 γλωσ-

2189 772 2428 843 σοκόμῳ,
2470 772 2566 826 καὶ
2595 772 2682 828 διὰ
2716 776 2778 827 τὸ
2838 774 2914 845 μὴ
2937 770 3078 828 εἶναι
3107 775 3176 829 τά
3218 775 3447 845 λείψανα
3479 777 3574 830 τοῦ
3608 778 3764 847 ἁγίου

2188 864 2523 935 Εὑστρατίου
2551 865 2744 919 τούτου
2768 867 2827 918 ἐν
2846 868 2915 935 τῇ
2955 867 3109 921 πόλει
3130 867 3497 939 ταύτῃμμήτε
3527 870 3769 940 ἀκηκοέ-

2187 972 2277 1009 ναι
2311 972 2378 1025 με
2413 956 2564 1027 παρά
2591 973 2757 1020 τινος,
2785 957 2868 1009 ὃτι
2900 957 3315 1027 πεφανέρωνται
3343 961 3403 1013 ἐν
3435 963 3503 1031 τῇ
3564 961 3767 1033 Ἀραο-

2190 1044 2455 1118 ρακτωῶν
2501 1044 2570 1099 τὰ
2611 1044 2746 1113 ἁγια
2795 1046 3027 1115 λείψανα
3058 1046 3247 1113 αὐτοῦ,
3281 1047 3407 1102 οὔτε
3445 1048 3558 1118 ἐγὼ
3605 1050 3768 1115 αὐτὸς

2188 1135 2553 1208 ὲδημοσίευσα
2573 1137 2640 1189 τὰ
2668 1136 3061 1207 ὑπομνήματα.
3091 1134 3219 1190 οὔτε
3265 1136 3499 1209 ἐξῄτησέ
3536 1156 3643 1205 τις,
3676 1139 3767 1193 ἵνα

2188 1229 2477 1299 παράσχω.
2513 1229 2601 1281 Ἐν
2630 1228 2688 1281 δὲ
2709 1227 2785 1298 τῷ
2807 1228 2984 1300 χρόνῳ
3008 1228 3184 1299 τούτῳ
3207 1229 3472 1301 νεώτερός
3501 1248 3589 1295 τις
3646 1231 3769 1298 φιλ·-

2190 1321 2386 1393 ἁρετος
2417 1320 2679 1392 ὑπάρχων
2710 1319 3058 1391 καθεκάστην
3087 1322 3451 1393 συνετύγχανε
3479 1325 3546 1393 τῇ
3578 1340 3771 1376 ταπει-

2187 1412 2350 1469 νώσει
2380 1429 2507 1482 μου,
2554 1410 2733 1474 πάσας
2780 1411 2837 1465 δὲ
2876 1410 2976 1477 τὰς
3039 1413 3391 1484 ὑπαρχούσας
3427 1431 3518 1485 μοι
3550 1414 3767 1484 βίϐλους

2188 1503 2537 1572 ἀνεγνωκὼς,
2576 1503 2790 1572 ἀνέγνω
2826 1503 2923 1558 καὶ
2941 1502 3010 1558 τὰ
3037 1505 3409 1577 ὑπομνήματα
3434 1507 3629 1571 ταῦτα,
3671 1508 3768 1559 καὶ

2188 1596 2530 1650 ἐπιστώσατό
2566 1613 2656 1667 με,
2686 1597 2770 1650 ὅτι
2796 1596 2892 1649 καὶ
2942 1597 3243 1668 μαρτύριον
3296 1598 3464 1651 αὑτοῦ
3513 1600 3663 1651 ἐστιν
3682 1599 3767 1660 εἰς

2187 1687 2286 1759 τὴν
2312 1685 2787 1758 ,Ἀραυρακτωῶν,
2816 1685 2913 1740 καὶ
2957 1686 3219 1756 δυνάμεις
3248 1686 3495 1756 ἰαμάτων
3524 1689 3766 1753 γίνονται

2187 1780 2256 1833 δι’
2285 1778 2472 1833 αὑτοῦ.
2532 1779 2614 1832 Τά
2663 1777 2720 1830 δέ
2777 1777 3148 1847 ὑπομνήματα
3191 1777 3300 1830 τῶν
3359 1777 3531 1846 ἁγίων
3558 1793 3766 1833 τουτων

2188 1871 2367 1932 οὐδεὶς
2396 1869 2508 1923 τῶν
2535 1870 2716 1922 ἐκεῖσε
2744 1868 2880 1939 ἔχει,
2899 1868 2975 1932 ὡς
2998 1867 3249 1922 ἐντεῦθεν
3291 1867 3526 1938 ἀθυμεῖν
3557 1868 3769 1932 πάντας

2184 1961 2311 2024 τοὺς
2335 1958 2435 2029 τῆς
2465 1957 2666 2029 κώμης
2693 1957 2931 2026 ἐκείνης,
2967 1955 3204 2025 μάλιστα
3231 1955 3289 2009 δὲ
3314 1957 3373 2008 ἐν
3402 1957 3523 2018 ταῖς
3552 1954 3768 2025 μνείαις

2184 2047 2386 2104 αὐτῶν.
2437 2046 2562 2100 Ἐπὶ
2589 2044 2724 2099 πολὺ
2753 2040 2848 2099 οῦν
2880 2043 3330 2114 παρακαλοῦντές
3363 2060 3452 2115 με,
3491 2042 3766 2097 ἐκδέδωκα

2185 2137 2356 2210 αὐτῷ,
2413 2137 2508 2191 καὶ
2547 2135 2685 2201 ἀξιῶ
2722 2137 2931 2200 πάντας
2958 2135 3090 2199 τοὺς
3136 2134 3634 2204 ἀναγινώσκοντας,
3670 2134 3767 2191 καὶ

2183 2230 2311 2293 τοὺς
2342 2228 2733 2300 ἀκροωμένους
2769 2226 3024 2299 εὔχεσθαι
3048 2227 3187 2300 ὑπὲρ
3224 2227 3382 2297 ἐμοῦ.
3437 2226 3550 2298 Ego
3588 2235 3766 2281 autem

2182 2331 2431 2393 peccator
2487 2320 2775 2376 monachus
2838 2320 3095 2375 Eusebius
3159 2337 3193 2374 a
3264 2321 3441 2390 pueris
3504 2320 3763 2373 monasti-

2182 2431 2303 2469 cam
2329 2412 2445 2486 [84]
2484 2414 2648 2467 vitam
2676 2422 2904 2479 secutus,
2941 2411 3285 2468 Sebestanam
3342 2412 3523 2466 urbem
3562 2429 3596 2465 a
3636 2428 3764 2479 pro-

2182 2506 2507 2577 genitoribus
2529 2505 2797 2570 habitam,
2830 2505 2888 2558 in
2913 2504 3049 2559 cella
3080 2520 3197 2558 mea
3230 2506 3438 2575 degens,
3474 2521 3589 2557 cum
3641 2493 3786 2558 aliis.

2183 2598 2369 2653 multis
2423 2596 2817 2667 martyrologiis
2876 2596 3252 2650 conservabam
3297 2602 3347 2649 et
3395 2594 3552 2663 hujus
3589 2592 3763 2649 sancti

2179 2689 2315 2745 Acta
2339 2689 2393 2742 in
2424 2688 2632 2742 arcula.
2660 2686 2728 2740 Et
2757 2704 2875 2741 cum
2906 2687 3121 2756 hujusce
3160 2686 3331 2740 sancti
3358 2684 3611 2739 Eustratii
3634 2684 3762 2739 reli-

2182 2778 2321 2851 qui‘re
2352 2780 2409 2832 iu
2442 2779 2543 2832 hac
2565 2778 2691 2831 urbe
2712 2794 2815 2831 non
2841 2786 3031 2841 essent,
3058 2793 3149 2831 nec
3172 2778 3283 2844 ipse
3311 2792 3342 2828 a
3361 2792 3623 2845 quoquam
3657 2794 3761 2831 au-

2181 2873 2371 2927 dissem
2396 2872 2452 2924 in
2484 2871 2826 2924 Arauracena
2861 2871 3021 2941 fuisse
3053 2870 3335 2942 revelqtas,
3379 2873 3757 2925 commentaria

2183 2980 2287 3018 non
2316 2962 2709 3027 revelaveram;
2765 2978 2929 3031 neque
2975 2962 3242 3031 quispiam
3266 2978 3299 3015 a
3346 2979 3429 3016 me
3458 2962 3552 3015 illa
3586 2963 3757 3031 petiit.

2185 3052 2302 3107 Hoc
2334 3068 2454 3107 vero
2493 3060 2722 3119 tempore
2753 3049 2955 3114 iuvenis
2990 3049 3204 3118 quidam
3252 3048 3536 3101 admodum
3562 3048 3765 3101 studio-

500 3149 684 3204 ἁῢλων
712 3146 1017 3216 δυνάμεων,
1046 3145 1145 3199 καὶ
1184 3145 1267 3208 εἰς
1305 3144 1398 3198 τὸν
1442 3145 1745 3216 πάνμμεγαν
1775 3144 2079 3216 ταξιάρχην

2184 3162 2273 3200 sus
2325 3145 2557 3214 quotidie
2604 3159 2805 3196 mecum
2864 3140 3051 3193 humili
3107 3157 3400 3194 sermonem
3455 3142 3759 3211 conferens,

502 3239 724 3312 Μιχαὴλ
740 3239 831 3293 τὸν
856 3234 1319 3309 ἀρχιστράτηγον.

577 3330 829 3402 ’Δῤῥητα
863 3328 964 3398 τῆς
986 3326 1079 3380 τοῦ
1111 3326 1245 3380 Θεοῦ
1288 3324 1699 3396 φιλανθρωπίας
1733 3324 1872 3396 ὑπὲρ
1898 3324 2078 3396 ἡμῶν.

501 3420 694 3479 lsidori
718 3417 1118 3489 archiepiscopi
1153 3416 1673 3484 Thessalonicensis,
1698 3416 1856 3487 λόγος
1874 3418 1954 3480 εἰς
1981 3416 2080 3487 τὴν

501 3515 771 3585 σωτήριον
821 3509 962 3565 κατὰ
1007 3510 1187 3580 σάρκα
1227 3508 1324 3562 καὶ
1361 3508 1512 3563 θείαν
1548 3508 1800 3581 γέννησιν
1823 3498 1917 3563 τοῦ
1946 3509 2082 3580 Χρι-

498 3618 656 3658 στου.

585 3688 759 3761 Ἀρχὴ
792 3688 894 3760 μὲν
929 3688 1060 3759 ἡμῖν
1091 3686 1192 3756 τῆς
1231 3687 1371 3759 πρὸς
1412 3687 1474 3741 τδ
1522 3688 1730 3758 ἀγαθὸν
1762 3691 1827 3744 ἐκ
1856 3690 1950 3745 τοῦ
1981 3708 2081 3746 πα-

497 3777 651 3833 λαιοῦ
684 3781 999 3848 πτώματος.
1058 3774 1336 3831 Micbaelis
1389 3774 1575 3845 Pselli,
1623 3777 1740 3850 βίος
1795 3778 1890 3833 τοῦ
1929 3779 2080 3834 ὁσίου

496 3869 710 3942 Πατρὺς
741 3868 1052 3934 Αὐξεντίου.

582 3960 749 4031 Ἀρχὴ
784 3959 882 4030 μὲν
903 3958 1013 4012 τῶν
1041 3958 1211 4013 ὄντων
1238 3956 1392 4026 Θεὸς,
1420 3959 1519 4031 οὐχ
1548 3960 1625 4025 ὡς
1648 3959 2100 4033 συντεταγμένος⁸

496 4048 709 4113 τούτοις
743 4047 841 4103 ὢν.
875 4046 1155 4102 Michaelis
1184 4046 1373 4115 Pselli,
1402 4047 1562 4117 λόγος
1595 4048 1674 4112 εἰς
1699 4048 1792 4104 τὸν
1830 4050 2083 4122 Εὐαγγε-

496 4141 716 4212 λισμόν.

580 4233 750 4305 Ἀρχὴ
774 4233 851 4305 τῷ
885 4233 1099 4306 κόσμῳ.
1123 4234 1326 4291 [tennis
1349 4234 1713 4307 imperatoris,
1739 4236 1819 4301 εἰς
1843 4236 1905 4290 τὸ
1933 4236 2079 4307 γενέ-

498 4341 612 4381 σιον
640 4326 736 4380 τοῦ
766 4326 1110 4398 Προδρόμου.

2185 3252 2464 3307 omnesque
2497 3236 2659 3289 libros
2692 3235 2782 3301 qui
2816 3242 2969 3287 erant
3000 3234 3147 3302 apud
3171 3250 3251 3286 me
3285 3249 3612 3300 percurrens,
3639 3233 3763 3303 legit

2182 3339 2232 3385 et
2258 3332 2371 3400 ipsa
2413 3328 2825 3390 Commentaria,
2853 3335 2905 3381 et
2926 3326 3211 3395 afﬁrmavit
3247 3327 3372 3380 mihi
3401 3328 3556 3379 etiam
3581 3342 3763 3405 eorum

2182 3423 2499 3493 martyrium
2531 3436 2640 3475 esse
2670 3420 2725 3473 in
2758 3423 3126 3482 Arauracena,
3154 3428 3203 3473 et
3237 3420 3537 3473 morborum
3568 3420 3758 3472 ibidem

2180 3516 2462 3569 sanitatem
2493 3511 2819 3581 comparari.
2858 3510 3044 3565 Verum
3085 3520 3204 3564 acta
3225 3511 3411 3564 horum
3460 3519 3758 3579 martyrum

2182 3604 2387 3660 nullum
2431 3603 2536 3657 illis
2561 3604 2618 3655 in
2654 3602 2779 3655 locis
2803 3601 3088 3672 possidere,
3134 3600 3265 3653 adeo
3303 3609 3361 3654 ut
3393 3601 3533 3653 tristi
3588 3607 3762 3655 essent

2181 3697 2360 3750 animo
2389 3695 2533 3748 illius
2562 3695 2664 3747 uici
2696 3693 2912 3759 accolae,
2944 3701 2994 3747 et
3047 3692 3378 3763 potissimum
3410 3708 3527 3744 cum
3574 3708 3760 3744 eorum

2180 3788 2436 3844 memoria
2464 3785 2779 3839 recoleretur
2799 3799 2818 3839 :
2840 3786 2885 3838 is
2916 3783 3098 3839 multis
3119 3783 3358 3853 precibus
3396 3798 3457 3835 ea
3495 3799 3527 3835 a
3560 3798 3641 3835 me
3669 3798 3763 3834 ex.

2180 3878 2352 3933 torsit.
2383 3875 2526 3946 Rogo
2554 3876 2765 3930 interim
2791 3891 2967 3929 omnes
2996 3884 3107 3927 tum
3144 3874 3402 3938 Lectores,
3441 3889 3557 3926 cum
3586 3871 3762 3925 Audi-

2179 3975 2337 4033 tores,
2362 3976 2418 4019 ut
2448 3982 2543 4033 pro
2570 3980 2650 4018 me
2686 3963 2790 4019 Deo
2815 3980 2990 4033 preces
3015 3964 3278 4034 fundant.
3606 3968 3613 3975 '

2244 4056 2638 4119 Βασιλεύοντος
2688 4055 3071 4126 Διοκλητιανοῦ
3101 4053 3214 4123 ίτοῦ
3250 4053 3512 4123 βασιλέως
3539 4053 3762 4121 ἐγένετο

2175 4150 2417 4223 διωγμὸς
2448 4148 2623 4219 μέγας
2651 4147 2761 4200 τῶν
2791 4145 3159 4218 Χριστιανῶν.
3196 4144 3515 4215 Martyrium
3545 4142 3601 4198 S.
3631 4145 3763 4200 Dre-

2176 4252 2274 4299 stas
2304 4259 2318 4296 :
2363 4241 2628 4312 scriptum
2663 4246 2988 4309 aprmsente
3013 4246 3069 4292 et
3110 4236 3352 4292 vidente.
3390 4236 3654 4301 ’Δκούσας
3697 4227 3771 4291 δί

2173 4333 2348 4389 ταῦτα
2381 4334 2411 4387 ὁ
2461 4330 2708 4402 ἡγεμὼν,
2738 4330 2994 4384 ἐκέλευσε
3021 4327 3083 4382 τὸ
3111 4328 3365 4399 λείψανον
3392 4329 3558 4383 αὐτοῦ
3591 4332 3757 4400 ῥιφῆ-

584 4417 844 4491 ’Λστέρες
880 4419 980 4490 μὲν
1000 4418 1248 4489 αἰσθητοὶ¹
1278 4418 1357 4490 τῷ
1383 4417 1727 4492 στερεώματι
1754 4420 2076 4493 προδεικνύ-
2173 4441 2264 4479 ναι
2299 4424 2358 4476 ὲν
2378 4420 2530 4492 thlth
2560 4420 2639 4490 τῷ
2693 4419 2926 4489 ποταμῷ
2960 4418 3220 4488 ἄντικρυς
3250 4418 3344 4472 τοῦ
3392 4419 3575 4488 ὅρους.
3624 4420 3756 4473 Ἀν-

503 4522 678 4578 μενοι,
702 4508 839 4580 πρὸς
870 4507 1049 4579 θέαμα
1078 4508 1289 4563 κινοῦσι
1337 4509 1501 4580 μέγα.
1534 4508 1677 4566 Petri
1710 4511 1949 4581 episcopi
1979 4511 2075 4566 Δι’-
2097 4508 2153 4569 Ῑ)
2178 4514 2399 4587 θρωπον
2420 4513 2480 4567 δέ
2520 4528 2644 4565 τινα
2673 4509 3040 4579 ἐθεασάμεθα,
3090 4509 3149 4571 ὃς
3169 4510 3271 4579 τὴν
3304 4509 3448 4563 ἰδέαν
3475 4506 3587 4579 εἶχε
3619 4510 3761 4578 λαμ-

497 4598 768 4671 givorum,
794 4600 872 4661 εἰς
887 4599 1011 4663 τοὺς
1044 4600 1253 4669 ἁγίους,
1287 4602 1391 4655 καὶ
1411 4600 1674 4669 ἐνδόξους,
1703 4602 1799 4655 καὶ
1821 4601 2072 4673 θαυματ-

494 4688 729 4757 ουργοὺς
793 4689 1132 4761 ἀναργύρους
1146 4690 1382 4758 Κοσμᾶν
1409 4689 1504 4741 κοιλ⁵
1534 4690 1825 4759 Δαμιανόν.

565 4781 713 4853 Αὕτη
743 4781 928 4853 ἡμέρα
948 4781 1193 4852 Κυρίου.
1231 4779 1432 4835 Leonis
1464 4780 1829 4851 imperatoris,
1864 4782 1944 4845 εἰς
1972 4780 2071 4853 τὴν

490 4871 745 4942 γέννησιν
770 4871 1186 4940 τῆςθεοτὸκου.

1256 4962 1311 5014 Β

562 5048 956 5111 Βασιλεύοντος
1021 5049 1322 5120 Ἀρηνάτου
1377 5050 1476 5120 τῆς
1524 5050 1802 5121 Περσικῆς
1858 5051 2066 5125 χώραις,

489 5142 683 5211 γέγονε
723 5139 1045 5210 φιλονεικία.
1074 5141 1345 5195 Anastasii
1382 5142 1625 5211 episcopi
1660 5141 2065 5212 Theopolitnni,

490 5233 618 5303 περὶ
642 5231 752 5286 τῶν
780 5233 838 5284 ἐν
864 5229 1087 5303 Περσίδι
1115 5231 1488 5301 πραχθέντων.

556 5322 943 5387 Βασιλεύοντος
973 5322 1365 5393 Διοκλητιανοῦ
1413 5323 1508 5376 καὶ
1532 5308 1883 5391 Μαξιμιανθῦ
1917 5327 2067 5381 πᾶσα

496 5417 531 5483 ἡ
568 5415 859 5485 Ῥωμαίων
912 5414 1057 5485 ἀρχὴ
1103 5415 1206 5486 τῆς
1229 5415 1389 5469 ἀθέου
1427 5416 1539 5470 τῶν
1571 5415 1806 5472 εἰδώλων
1834 5421 2067 5492 ἐπεπλή-

496 5522 635 5575 ρωτο
657 5506 935 5576 λατρείας.
958 5505 1274 5577 Martyrium
1299 5509 1474 5562 sancti
1499 5509 1782 5575 Eustratii,
1808 5519 1868 5565 ct
1894 5514 2067 5568 socio-

493 5614 635 5665 rum,
688 5603 965 5669 Auxentii,
1030 5602 1306 5669 Mardhrii,
1359 5606 1588 5676 Eugenii
1625 5615 1681 5661 et
1707 5606 1934 5663 Orestae.
1968 5609 2068 5661 Pu-

488 5693 711 5749 blicavit
737 5694 1006 5752 Eusebius
1031 5698 1335 5753 monachus
1363 5698 1421 5751 in
1444 5697 1572 5753 line.
1609 5697 1822 5766 Ἐγὼδὲ
1846 5702 1874 5751 ὀ
1893 5700 2067 5770 ἁμαρ-

492 5785 663 5852 τωλὸς
690 5787 951 5853 Εὐσέϐιος
990 5790 1054 5844 ἐκ
1086 5789 1338 5847 παιδόθεν
1371 5791 1622 5864 μονάζων
1664 5792 1766 5863 τὴν
1801 5792 2068 5865 Σεϐαστη-

2178 4605 2345 4675 πράν,
2399 4603 2476 4668 ὡς
2530 4602 2703 4673 ἥλιος,
2736 4600 3038 4671 λαϐόμενον
3063 4600 3125 4653 τὸ
3153 4600 3405 4669 λείψανον
3446 4600 3542 4652 τοῦ
3597 4601 3754 4668 ἁγίου

2182 4696 2482 4768 μάρτυρος,
2525 4693 2674 4756 ὅστις
2703 4691 2800 4747 καὶ
2849 4691 3112 4746 κατέθετο
3134 4691 3265 4744 αὐτὸ
3289 4693 3346 4744 ἐν
3370 4690 3448 4761 τῷ
3483 4708 3755 4760 παρακει-

2182 4786 2331 4858 μένῳ
2361 4785 2478 4856 ὄρει
2499 4788 2565 4856 τῇ
2606 4785 2759 4838 πόλει
2784 4782 3034 4838 Τυάνων.
3071 4782 3196 4837 Hac
3226 4797 3345 4834 cum
3381 4782 3613 4835 audisset
3646 4784 3757 4835 dua:

2178 4879 2480 4940 mandauit,
2506 4877 2744 4930 cadaver
2778 4874 2925 4928 illius
2954 4873 3109 4941 injici
3131 4874 3184 4925 in
3209 4872 3430 4925 Phibum
3449 4874 3669 4942 ﬂm'ium
3699 4874 3755 4925 in

2178 4980 2453 5039 conspectu
2494 4968 2706 5022 montis.
2744 4963 2857 5018 Nos
2910 4980 3031 5018 vero
3060 4964 3281 5017 vidimus
3338 4964 3618 5034 quemdam
3659 4965 3756 5017 ho-

2177 5060 2392 5124 minem,
2431 5060 2592 5113 ueluti
2617 5057 2778 5111 solem
2803 5055 3080 5122 splendore
3124 5054 3458 5123 pellucidum,
3494 5054 3584 5123 qui
3605 5069 3754 5106 accr-

2175 5161 2325 5219 ptum
2358 5152 2588 5205 cadaver
2630 5149 2799 5202 sancti
2849 5149 3102 5217 martyris
3132 5147 3364 5217 reposuit
3396 5147 3449 5198 in
3474 5145 3753 5213 adjacento

2174 5250 2351 5297 monte
2384 5240 2587 5295 ciuitati
2624 5238 2985 5309 Thyanorum.

2248 5334 2480 5388 Βλάσιον
2502 5332 2597 5386 τὸν
2629 5334 2805 5402 μέγαν
2826 5333 2889 5383 ἐν
2919 5331 3203 5402 ίεράρχαις
3230 5328 3327 5386 καὶ
3348 5328 3613 5398 μάρτυσι,
3632 5327 3752 5391 πῶς

2174 5424 2240 5479 ἂν
2275 5425 2442 5489 ἀξίως
2491 5424 2888 5494 θαυμάσωμεν.
2931 5422 3207 5479 Theodori
3264 5420 3623 5491 metropolitae
3655 5418 3755 5477 Ci-

2175 5518 2311 5589 zyci,
2332 5515 2536 5579 εἰς-τὸν
2570 5515 2731 5585 ἅγιον
2752 5515 3127 5587 ἱερομάρτυρα
3148 5514 3396 5568 Βλάσιον.
3750 5542 3754 5546 ι

2878 5593 2976 5661 Τ

2246 5700 2487 5754 Γυναίκα
2520 5699 2620 5770 μὲν
2645 5698 2898 5770 ἀνδρείαν
2925 5699 3029 5754 ποῦ
3058 5715 3143 5762 τις
3177 5697 3266 5763 ἂν,
3295 5697 3392 5753 καλ⁸
3435 5698 3584 5760 ὅπως
3612 5695 3750 5767 εὕρῃ

2175 5795 2204 5847 ὁ
2231 5790 2394 5863 σοφὸς
2446 5792 2677 5863 ὴπόρισε
2708 5792 2984 5862 Σολομῶν.
3026 5790 3374 5848 Constantini
3427 5788 3753 5860 AcrOpoliu:
