4134 6426
455 365 526 426 83
1767 362 2033 423 LEONIS

2136 363 2397 424 LLATII
3671 362 3746 425 84

466 470 786 526 Ἀσκάλωνα
815 471 914 542 τὴν
953 469 1427 541 παραθαλασσίαν.
1449 466 1534 532 Et,
1561 467 1782 538 Πρωῒας
1815 469 1872 523 δὲ
1903 487 2052 540 γενο-
2080 474 2126 532 Α
2155 471 2786 536 Κωνσταντινουπόλεως
2839 469 3270 538 Ἀντωνίου,’τοῦ
3310 469 3409 543 τὴν
3445 470 3615 543 μονὴν
3647 464 3740 524 τοῦ

459 566 628 636 μένης
677 563 915 635 ἧλθομεν
973 564 1067 617 ἐπὶ
1119 563 1187 617 τὰ
1237 563 1425 618 στενά.
1488 561 1588 628 Et,
1635 561 1914 631 Ἦλθομεν
1963 564 2044 628 είς

454 656 796 725 Χαλκηδόνα.
864 656 991 726 Ipsa
1069 665 1248 710 autem
1305 664 1476 722 nocte,
1537 656 1880 726 prtefecturas
1939 664 2054 710 tres”

453 749 810 820 prwtergressi
867 765 1072 813 sumus,
1133 749 1219 802 die
1288 757 1466 801 autent
1515 747 1680 817 quieti
1739 747 2044 816 corporibus

453 841 684 906 traditis,
714 843 784 896 ad
815 858 1112 910 uesperam,
1159 857 1280 894 cum
1325 841 1428 894 iter
1453 856 1888 909 prosequeremur
1917 856 2042 910 pro-

453 935 618 1006 funda
680 945 848 1000 nocte,
900 937 1120 1005 spiritus
1169 934 1494 990 clamabant.
1564 932 1667 999 Et,
1729 933 2042 988 Ascalonem

452 1025 781 1080 maritimam
833 1026 1186 1094 pervenimus.
1255 1023 1362 1088 Et,
1415 1024 1486 1077 Et
1541 1039 1746 1077 summo
1787 1041 1940 1078 mane
1969 1023 2041 1078 ad

452 1117 728 1186 angustias
758 1116 1082 1187 appulimus.
1128 1115 1217 1181 Ει,
1249 1113 1627 1170 Chalcedonam
1660 1115 1915 1168 venimus.
1973 1115 2041 1169 Et

452 1209 678 1264 similia.
728 1221 736 1227 '

533 1300 783 1371 Ἐγένετό
811 1300 904 1372 μοί
934 1317 1067 1354 ποτε
1100 1299 1474 1371 καθεζομένῳ.
1521 1299 1797 1354 Ammonii
1848 1314 2041 1356 mona-

450 1394 586 1461 chi,
650 1394 902 1466 διήγησις
966 1393 1250 1465 περὶτῶν
1312 1391 1710 1462 ἀναιρεθέντων
1772 1392 1877 1444 ὑπὸ
1930 1390 2039 1445 τῶν

451 1486 755 1558 Βαρϐάρων
781 1487 839 1540 ἐν
871 1485 951 1558 τῷ
1000 1485 1133 1556 Σινᾷ
1167 1484 1281 1556 ὄρει
1312 1483 1404 1536 καὶ
1425 1484 1484 1538 ἐν
1518 1486 1586 1554 τῇ
1632 1481 1840 1537 Ῥαῖθοῖ
1863 1482 2040 1552 ἁγίων

449 1577 595 1630 Πατέ
600 1595 730 1648 ρων.

533 1663 856 1732 Ἐγκοιινίων
884 1664 1197 1736 πανήγυρις
1226 1664 1468 1734 ἀδελφοί.
1501 1664 1703 1722 Leonis
1737 1666 2040 1737 imperato-

448 1755 544 1821 ris,
595 1755 751 1824 λόγος
785 1758 865 1820 είς
894 1756 992 1825 τὴν
1037 1756 1254 1827 ίέρωσιν
1284 1757 1376 1809 τοῦ
1405 1757 1558 1813 ναοῦ.

2150 563 2381 626 Καλέως
2414 580 2584 632 συστη
2593 564 2850 634 σαμένου.

2220 657 2284 709 Εἰ
2319 656 2378 710 δὲ
2408 656 2639 727 οὐρανοῦ
2712 657 2936 721 κάλλος,
2981 657 3076 710 καὶ
3115 655 3293 726 αὐγὴν
3323 655 3475 727 ἡλίου
3504 655 3742 726 φαιδρὰν

2145 746 2270 801 οὔτε
2329 747 2606 820 ἐσίγησεν.
2657 749 2852 804 lsidori
2925 749 3326 819 archiepiscopi
3380 747 3741 802 Thessaloni-

2145 839 2352 906 censis,
2404 839 2562 909 λόγος
2592 842 2672 905 είς
2699 841 2799 910 τὴν
2839 841 3098 911 κοίμησιν
3128 841 3227 911 τῆς
3251 839 3559 910 ὑπεραγίας
3609 839 3741 892 Θεο-

2146 931 2332 986 τόκου.

2218 1023 2282 1074 Ei
2330 1024 2396 1076 ἐκ
2425 1022 2519 1076 τοῦ
2556 1022 2770 1095 καρποῦ
2807 1022 2866 1076 τὸ
2911 1022 3130 1092 δένδρον
3157 1021 3485 1091 γνὼσκεται,
3533 1021 3629 1074 καὶ
3672 1020 3781 1103 τὸ)

2145 1113 2310 1168 καλὸν
2348 1114 2582 1185 δένδρον.
2628 1113 2875 1186 Gregorii
2932 1113 3166 1169 Palamaa
3195 1113 3441 1184 episc0pi
3490 1113 3756 1172 Thcssa-i

2143 1206 2462 1274 lonicensis,
2526 1204 2715 1278 ὁμιλία
2767 1207 3149 1278 έκφωνηθεῖσα
3194 1207 3338 1262 κατά
3379 1195 3477 1278 τὴν
3528 1207 3610 1270 είς
3665 1206 3735 1259 τά

2145 1295 2314 1364 ’Ἅγια
2342 1297 2449 1350 τῶν
2481 1298 2652 1365 ἁγίων
2682 1297 2885 1351 εἴσοδον
2913 1297 3107 1369 ἑορτὴν
3137 1297 3236 1366 τῆς
3259 1298 3546 1350 Θεοτόκου.

2214 1389 2415 1442 Εἰκόνα
2457 1389 2802 1461 μαρτυρικὴν
2829 1389 3130 1460 διαγράψαι
3165 1388 3447 1460 βούλομαι.
3490 1389 3733 1459 Ephrem

2141 1480 2280 1551 Syri,
2310 1480 2584 1550 ἐγκώμιον
2608 1483 2688 1545 είς
2719 1484 2846 1546 τοὺς
2879 1482 3070 1551 ἁγίους
3129 1480 3556 1552 Τεσσαράκοντα
3585 1481 3732 1551 μάρ-

2142 1589 2336 1643 τυρας.

2211 1663 2275 1717 Εί
2307 1662 2407 1734 μὲν
2435 1663 2666 1737 λαμπρὰ
2690 1664 2785 1718 καὶ
2805 1662 3141 1736 πανεύφημα
3170 1662 3241 1718 τὰ
3259 1662 3366 1716 τῶν
3384 1662 3560 1730 ἁγίων
3591 1679 3734 1732 μαρ-

2141 1755 2324 1826 τύρων
2360 1758 2702 1828 μνημόσυνα.
2744 1757 2978 1811 Andreae
3006 1755 3310 1817 Cretensis,
3344 1754 3623 1825 ἐγκώμιον
3649 1756 3733 1818 εἰς

526 1849 675 1903 Ἔδει
711 1848 810 1918 μὲν
854 1850 1004 1919 ἡμᾶς
1039 1849 1175 1921 πρὸς
1210 1851 1408 1920 πεῖραν
1453 1848 1667 1902 πολλῶν
1703 1847 2038 1919 εὐεργεσιῶν
2071 1847 2110 1876 υ
2139 1847 2230 1900 τὸν
2254 1848 2408 1917 ἀγιον
2441 1847 2904 1919 μεγαλομάρτυρα
2937 1847 3233 1920 Γεώργιον.

446 1945 760 2016 εἰληφότας.
825 1942 1141 2015 Martyrium
1193 1943 1368 1998 sancti
1423 1943 1691 1998 Theodoti
1739 1941 2034 2014 Ancyrani.

451 2039 730 2108 Scriptum
753 2046 838 2092 est
861 2053 892 2091 a
916 2035 1037 2095 Nilo
1063 2037 1120 2091 in
1143 2037 1400 2108 martyrio
1429 2037 1663 2092 comite:
1690 2037 1913 2105 Λεγέτω
1943 2035 2036 2090 οὖν

448 2141 534 2189 τις
567 2126 706 2196 ὅπερ
743 2125 1015 2196 βούλεταιο
1071 2128 1233 2198 ἡμεῖς
1281 2126 1424 2198 ἅπερ
1477 2128 1573 2180 καὶ
1619 2126 1887 2196 ἔγνωμεν,
1942 2126 2038 2179 καὶ

419 2217 641 2287 ὕψεσιν
684 2218 879 2282 αὑταῖς
920 2217 1295 2289 ἐθεασάμεθα,
1331 2217 1428 2287 τὴν
1472 2214 1772 2288 καρτερίαν
1813 2213 1909 2267 τοῦ
1945 2215 2039 2268 ἀν-

446 2307 595 2378 δρὸς,
631 2307 707 2371 ὡς
757 2308 853 2362 καὶ
913 2307 1296 2378 συμπαρόντες
1344 2306 1520 2377 αὐτῷ,
1565 2306 1662 2360 καὶ
1706 2305 2036 2370 ἀξιωθέντες

446 2402 580 2471 παρ’
628 2399 794 2455 αὑτοῦ
843 2401 1014 2469 ἁγίων
1051 2400 1226 2469 λόγων
1263 2398 1544 2462 νουθεσίας
1586 2399 1769 2470 χάριν,
1803 2416 1856 2452 κ.
1900 2416 1953 2452 τ.
1985 2399 2035 2451 ὲ.

449 2494 585 2548 Τότε
645 2493 891 2564 ἔγνωμεν
941 2494 1034 2548 τὸν
1089 2493 1356 2564 προδότην
1412 2488 1558 2546 εἶναι
1614 2493 1708 2546 τὸν
1762 2491 2038 2562 Πολυχρό-

449 2602 588 2640 νιον.
617 2584 776 2638 Dicat
805 2585 985 2654 itaque
1018 2601 1340 2656 quiscunque
1374 2583 1483 2638 vult
1521 2581 1759 2654 quilibet,
1792 2599 1886 2636 nos
1919 2598 2037 2653 qua:

447 2677 806 2748 cognovimus,
857 2684 907 2730 et
950 2677 1115 2730 oculis
1169 2677 1297 2746 ipsis
1344 2676 1610 2742 vidimus,
1672 2673 2035 2745 fortitudinem

445 2772 570 2836 uiri,
625 2781 878 2840 tanquam
911 2771 1000 2840 qui
1044 2779 1324 2840 pra’sentes
1369 2769 1447 2822 illi
1479 2769 1756 2840 fuerimus,
1790 2766 2037 2836 dignique

445 2864 612 2934 effecti
632 2879 813 2916 sumus
843 2863 908 2915 ab
943 2861 1122 2916 eadem
1149 2872 1453 2916 sanctorum
1484 2860 1886 2932 colloquiorum,
1919 2855 2035 2930 [87]

444 2955 519 3008 ad
550 2963 786 3008 nostram
818 2953 1212 3006 instructionem
1245 2951 1513 3005 memor-iw
1537 2950 2034 3012 commendabimus,

444 3056 554 3101 etc.
585 3045 709 3099 1am
738 3045 1071 3116 cognovimus
1099 3045 1421 3112 proditorem
1461 3059 1568 3096 esse
1601 3039 2033 3110 Polychronium.

443 3139 515 3193 Et
557 3138 612 3192 in
650 3137 797 3202 fine;
853 3134 1039 3188 Ταῦτα
1072 3134 1250 3187 πάντα
1278 3133 1390 3202 ἐγὼ
1419 3132 1613 3195 Νεῖλος
1664 3130 1920 3193 ταπεινὸς
1950 3127 2036 3194 ἐξ·

445 3229 631 3284 έδωκα
673 3229 803 3298 ὑμῖν
835 3227 974 3298 μετὰ
1026 3228 1209 3296 πάσης
1255 3224 1543 3296 ἀκριϐείας
1575 3224 1687 3285 τοῖς
1729 3219 2033 3290 θεοφιλέων

444 3323 696 3391 ἀδελφοῖς
720 3361 734 3386 ,
781 3321 840 3384 ὃς
883 3321 978 3374 καὶ
1016 3323 1076 3374 ὲν
1119 3321 1187 3390 τῇ
1223 3318 1440 3389 φυλακῇ
1499 3313 1674 3370 συνὼν
1715 3313 1902 3384 αὐτῷ,
1941 3313 2035 3366 καὶ

443 3417 653 3470 ἕκαστα
683 3415 847 3484 γνοὺς
893 3413 929 3468 ἀ
977 3415 1060 3475 εἰς
1086 3412 1289 3482 γνῶσιν
1321 3411 1565 3481 ἣγαγον,
1603 3405 1883 3480 πανταχοῦ
1931 3405 2035 3472 τῆς

443 3506 707 3578 ἀληθείας
760 3506 1100 3576 φροντίζων·
1143 3505 1292 3566 ὅπως
1322 3502 1418 3556 καὶ
1462 3501 1623 3571 ἡμεῖς
1669 3497 1809 3569 μετὰ
1854 3496 2035 3567 πάσης

443 3599 686 3663 πίστεως
714 3601 812 3652 καὶ
851 3597 1226 3669 πληροφορίας
1271 3594 1563 3658 ἀκούοντες
1605 3590 1822 3663 σχοίητε
1865 3590 2032 3661 μέρος

447 3693 586 3764 μετὰ
654 3691 750 3745 τοῦ
809 3691 966 3759 ἁγίου
1036 3690 1134 3743 καὶ
1215 3687 1429 3753 ἐνδόξου
1513 3687 1791 3757 μάρτυρος
1844 3682 2034 3737 Θεοδό-

442 3799 560 3837 του.
613 3781 742 3836 ch
791 3783 969 3836 omnia
1026 3797 1118 3851 ego
1169 3779 1383 3834 humilis
1413 3778 1574 3832 Nilus
1611 3777 1872 3846 exquisita
1905 3775 2032 3830 dili-

443 3877 620 3948 gentia
650 3876 793 3930 vobis
829 3874 1049 3941 credidi,
1082 3872 1180 3927 Dei
1209 3871 1510 3926 amanlibus
1541 3869 1816 3939 fratribus,
1852 3869 1941 3939 qui
1975 3868 2032 3922 in

445 3971 561 4039 ipso
587 3984 798 4022 carcere
851 3984 968 4020 cum
1000 3983 1059 4020 eo
1113 3967 1209 4037 fui,
1243 3964 1555 4035 singulaque
1581 3963 1796 4033 cognovi
1827 3977 1944 4032 qua:
1974 3961 2032 4015 in

443 4061 881 4115 commentarium
910 4059 1088 4124 retuli,
1120 4060 1176 4112 in
1210 4058 1450 4112 omnibus
1487 4058 1760 4110 veritatem
1789 4065 2028 4119 secutus;

443 4160 501 4204 ut
530 4167 619 4205 vos
648 4165 850 4221 quoque
878 4164 998 4202 cum
1025 4148 1168 4201 omni
1188 4147 1294 4215 [ide
1324 4158 1369 4201 et
1396 4148 1705 4201 certitudine
1730 4147 2027 4212 audientes,

443 4253 652 4311 partem
709 4258 828 4295 cum
873 4249 1054 4294 sancto
1117 4249 1167 4295 et
1223 4238 1449 4311 glorioso
1491 4248 1727 4311 martyre
1771 4239 2029 4294 Theodoto

445 4335 707 4390 habeatis.

521 4426 668 4479 Ἔδει
701 4427 910 4489 πάντας
937 4423 1264 4497 ἀνθρώπους
1292 4425 1400 4479 τῶν
1431 4425 1613 4481 καλῶν
1633 4426 1709 4497 μὴ
1747 4426 2027 4497 ἀμυήτους

2212 1942 2276 1994 El
2304 1942 2403 2012 μὲν
2437 1945 2464 1995 ό
2495 1943 2588 1994 τοῦ
2627 1943 2785 2011 λόγου
2817 1940 2996 2014 κήρυξ
3058 1942 3152 1995 καὶ
3176 1941 3506 2012 πρόδρομος.
3543 1935 3730 1994 Theo-

2140 2034 2261 2089 dori
2315 2033 2708 2104 Daphnopatce,
2753 2037 2835 2098 είς
2865 2035 2923 2088 τὸ
2954 2035 3200 2104 γενέσιον
3232 2035 3325 2088 τοῦ
3371 2037 3556 2105 τιμίου
3587 2035 3731 2104 Προ-

2138 2125 2361 2196 δρόμου.
2399 2125 2456 2180 In
2485 2127 2672 2182 codice
2705 2126 2844 2180 1074
2905 2124 3168 2182 Vaticano
3202 2127 3460 2182 tribuitur
3476 2125 3732 2180 Theodo-

2141 2218 2269 2284 rito.
2308 2218 2430 2290 Cyri
2463 2219 2722 2290 episcopo
2747 2260 2762 2284 ,
2795 2218 3131 2290 Θεοδωρίτου
3186 2221 3489 2275 ἐπισκόπου
3520 2220 3729 2292 Κύρου.

2207 2312 2272 2363 Εἰ
2312 2313 2588 2381 μετρεῖται
2613 2310 2686 2380 γῆ
2728 2309 3002 2380 σπιθαμῇ,
3043 2310 3138 2363 καὶ
3167 2310 3418 2381 σπαρτίῳ
3457 2309 3729 2382 περιγρὰ-

2140 2423 2300 2474 φεται
2351 2403 2618 2460 θάλασσα.
2685 2404 2906 2476 Georgii
2965 2403 3441 2472 Nicomediensis,
3497 2407 3580 2468 εἰς
3627 2403 3730 2474 τὴν

2138 2498 2352 2568 γένεσιν
2379 2498 2479 2569 τῆς
2513 2497 2802 2553 Θεοτόκου.

2210 2585 2379 2642 Εἶπεν
2410 2591 2439 2642 ό
2475 2589 2700 2660 Κύριος,
2743 2589 2933 2654 Οὐδεὶς
2984 2590 3293 2661 ἀναϐέϐηκε
3333 2593 3414 2656 είς
3451 2591 3542 2646 τὸν
3563 2590 3731 2662 οὐρα-

2137 2682 2252 2736 νόν.
2311 2683 2539 2739 Joannis
2564 2683 2798 2749 Calecaa,
2838 2683 2995 2753 λόγος
3032 2687 3100 2756 τῇ
3152 2686 3408 2755 Κυριακῇ
3460 2683 3566 2755 πρὸ
3622 2682 3724 2750 τῆς

2139 2775 2401 2846 ὑψώσεως
2435 2774 2528 2829 τοῦ
2580 2775 2847 2839 ζωοποιοῦ
2883 2775 3153 2846 Σταυροῠ.
3229 2777 3520 2832 Gretserus
3567 2783 3727 2828 nola-

2139 2869 2289 2924 tione
2328 2869 2382 2922 in
2409 2869 2553 2924 hanc
2579 2871 2910 2932 orationem,
2933 2878 2993 2924 ut
3014 2870 3070 2921 ὲν
3100 2869 3324 2938 παρόδῳ
3362 2868 3481 2939 ipse
3506 2881 3726 2938 quoque

2137 2960 2188 3014 id
2217 2971 2402 3016 notem
2431 2979 2446 3029 ;
2486 2961 2610 3016 Haec
2641 2963 2835 3028 oratio,
2878 2963 3073 3031 inquit,
3104 2979 3290 3016 nomen
3317 2963 3528 3032 pratfert
3556 2959 3726 3014 Joan-

2138 3051 2220 3104 nis
2246 3048 2451 3106 Calecaz
2496 3050 2821 3120 patriarcha:
2861 3047 3365 3118 Constantinopolit.
3423 3045 3528 3101 Sed
3608 3045 3725 3116 quis

2138 3151 2184 3194 et
2230 3150 2418 3212 quotus
2444 3149 2518 3194 est
2551 3138 2815 3195 Calecas?
2859 3137 3031 3204 Quis?
3055 3139 3181 3193 Fuit
3206 3137 3466 3202 Joannes,
3491 3135 3582 3206 qui
3621 3135 3725 3190 sub

2138 3231 2349 3288 Joanne
2404 3232 2447 3286 V
2495 3231 2798 3303 Palmologo
2849 3246 2913 3286 ac
2959 3229 3174 3284 Joanne
3219 3230 3290 3286 VI
3337 3229 3724 3285 Cantacuzeno

2138 3333 2261 3394 post
2295 3323 2508 3378 Esaiam
2534 3322 2888 3394 Byzantinam
2917 3319 3220 3376 Ecclesiam
3262 3319 3420 3374 rexit.
3476 3318 3724 3386 Namque

2138 3415 2214 3470 illi
2253 3430 2556 3488 cognomen
2578 3414 2789 3470 Calecae
2815 3412 2938 3467 fuit.
2982 3411 3144 3466 Disco
3180 3426 3250 3465 ex
3292 3411 3486 3466 eodem
3519 3408 3724 3464 Canta-

2137 3524 2345 3564 cuzeno
2411 3508 2467 3562 in
2541 3507 2817 3577 prooemio
2902 3503 3386 3559 antirrheticorum
3461 3501 3725 3556 adversus

2143 3601 2476 3672 proeliorum
2508 3597 2838 3670 Cydonium.
2897 3595 3197 3666 Signentur
3244 3593 3434 3648 verba.
3495 3591 3721 3644 Συνόδου

2133 3692 2313 3745 τοίνυν
2332 3689 2802 3761 συγκροτηθείσης
2821 3687 3087 3758 (loquitur
3113 3687 3178 3741 de
3195 3684 3310 3758 [88]
3337 3683 3638 3747 Barlaamo,
3667 3688 3724 3736 et

2134 3783 2418 3854 Acyndino
2458 3773 3027 3835 et'Tbessalonicensi
3068 3775 3330 3846 Gregorio
3375 3772 3618 3842 Palama)
3663 3773 3724 3824 εν

2132 3881 2200 3949 τῇ
2285 3874 2858 3932 Κωνσταντινουπόλει
2911 3871 3064 3944 παρά
3117 3870 3212 3926 τοῦ
3263 3868 3570 3942 μακαρίτου
3624 3867 3721 3920 καὶ

2134 3971 2381 4041 ἀοιδίμου
2418 3969 2683 4040 βασιλέως
2727 3967 3069 4040 ’Δνδρονίλου
3091 3965 3188 4019 τοῦ
3232 3961 3601 4029 Παλαιολόγου
3626 3957 3721 4014 τοῦ

2135 4063 2368 4133 ἀδελφοῦ
2412 4079 2539 4134 μου,
2584 4062 2834 4116 Ἰωάννου
2869 4061 2966 4113 τοῦ
2995 4059 3219 4113 Καλέκα
3259 4057 3353 4110 τὸν
3384 4070 3721 4125 πατριαρχι-

2133 4153 2230 4206 κον
2289 4150 2615 4220 κατέχοντος
2666 4149 2890 4220 θρόνον,
2959 4149 3230 4219 παρόντος
3281 4145 3378 4197 καὶ
3439 4141 3603 4197 αὐτοῦ
3655 4141 3720 4212 δὴ

2131 4247 2226 4301 τοῦ
2273 4247 2698 4317 Θεσσαλονίκης,
2725 4241 3094 4313 κατεδικάσθη
3134 4241 3230 4294 καὶ
3268 4239 3606 4310 ἀπεπέμφθη
3645 4239 3721 4302 ὡς

2133 4340 2387 4412 αίρετικὰ
2429 4338 2642 4410 φρονῶν
2673 4339 2700 4390 ό
2743 4336 2904 4399 αὐτὸς
2934 4334 3222 4405 Βαρλαάμ.
3281 4331 3496 4402 Synodo
3539 4332 3720 4400 itaque

2132 4431 2589 4500 Constantinopoli
2643 4439 2827 4484 coacta
2876 4445 2909 4482 a
2956 4428 3122 4482 beatae
3164 4425 3432 4479 memoria:
3461 4432 3509 4477 et
3541 4437 3720 4493 perce-

443 4519 730 4590 ὺπάρχειν.
755 4518 1036 4591 Polycarpi
1079 4532 1295 4588 ascelte,
1323 4519 1436 4592 βίος
1461 4523 1564 4592 τῆς
1590 4522 1749 4590 ἁγίας
1780 4517 2026 4590 Συγκλη-

2138 4527 2267 4580 lebri
2319 4527 2640 4594 imperatore
2691 4521 2990 4576 Andronico
3038 4517 3343 4588 Pala'ologo
3384 4516 3551 4587 fratre
3582 4529 3717 4577 meo,

441 4630 623 4666 τικης.

515 4631 532 4666 ι
609 4652 623 4666 .

515 4629 684 4768 ἔδει,
715 4697 762 4758 ὦ
789 4703 1006 4774 Ἰωάννη
1026 4703 1334 4775 πάγχρυσε,
1372 4703 1498 4766 τοὺς
1526 4702 1635 4757 τῶν
1687 4702 1798 4757 σῶν
1849 4703 2029 4771 ἐγκω-

447 4799 587 4868 μίων
621 4797 1000 4870 πειρωμένους
1035 4797 1365 4865 ὲφάπτεθαι.
1413 4797 1641 4852 Joanuis
1683 4795 2026 4862 Damasceni,

439 4889 715 4962 ἐγκώμιον
773 4893 855 4955 είς
920 4891 1010 4943 τὸν
1063 4888 1219 4958 ἅγιον
1254 4890 1512 4960 Ἰωάννην
1566 4889 1657 4942 τὸν
1717 4887 2027 4960 Χρυσόστο-

484 5002 562 5041 ον.

484 5003 562 5041 ον.

440 5003 482 5057 μ
519 5074 728 5129 Ἐδόκει
766 5092 856 5144 μοι
878 5073 1058 5142 λέγειν
1080 5091 1132 5127 τι
1179 5075 1308 5146 περὶ
1337 5075 1448 5128 τῶν
1476 5072 1790 5128 ἀποστόλων
1816 5071 2024 5144 προθυο

441 5165 720 5235 μουμένῳ.
775 5161 993 5216 Maximi
1045 5162 1303 5219 Planudu:
1334 5163 1491 5232 λόγος
1542 5165 1623 5227 είς
1673 5163 1798 5226 τοὺς
1833 5163 2024 5230 ἁγίους

437 5257 792 5318 ἀποστόλους.

513 5349 673 5414 Ἕθος
721 5350 881 5404 τοῦτο
912 5350 1022 5406 τῶν
1063 5351 1245 5421 λόγοις
1277 5349 1719 5420 ἀγωνιζομένων.
1775 5353 2020 5425 Gregorii

439 5438 620 5511 Cyprii
663 5442 988 5512 patriarcha:
1036 5444 1633 5514 Constantinopolitani
1689 5446 1886 5510 oratio,
1941 5447 2020 5509 είς

439 5533 532 5586 τὸν
563 5536 819 5607 μάρτυρα
853 5537 1148 5606 Γεώργιον.

513 5627 575 5678 El
629 5627 686 5679 δὲ
744 5629 841 5681 καὶ
888 5629 1090 5700 θνητὴν
1133 5629 1372 5699 φύσινό
1405 5631 1621 5703 χρόνος,
1674 5631 1768 5686 καὶ
1797 5631 2019 5686 πάντων

440 5720 556 5772 ἐστὶ
584 5721 786 5790 πατὴρ,
805 5722 976 5775 ὁπόσα
1000 5722 1175 5793 φθορά
1207 5726 1299 5777 καὶ
1332 5727 1546 5794 γένεσις
1576 5725 1781 5794 βόσκει.
1850 5724 2016 5778 Nice-

438 5811 596 5884 phori
648 5810 901 5885 Gregorce
932 5854 946 5883 ,
1010 5815 1123 5886 βίος
1175 5817 1268 5872 τοῦ
1323 5819 1377 5873 ἐν
1427 5817 1603 5888 ἁγίοις
1678 5818 2015 5889 πατριάρχου

2131 4618 2337 4674 Joanne
2387 4615 2578 4671 Caleca
2621 4625 2732 4669 tum
2781 4611 3198 4682 patriarchalem
3261 4608 3438 4664 sedem
3489 4613 3716 4668 tenente,

2133 4718 2390 4779 prazsente
2441 4717 2489 4762 et
2533 4709 2646 4779 ipso
2700 4705 3170 4769 Thessalonicensi,
3224 4704 3603 4756 condemnatus
3642 4705 3717 4752 est

2133 4801 2533 4873 atqueIejectus,
2551 4799 2712 4854 veluti
2728 4799 2967 4854 hwretice
2980 4798 3229 4860 sentiens,
3244 4796 3353 4864 ipse
3369 4792 3714 4846 Barlaamus.

2131 4893 2392 4950 Obscuris
2425 4891 2568 4963 apud
2607 4892 2770 4947 Afros
2811 4891 3085 4946 natalibus
3119 4896 3273 4943 ortus
3296 4901 3424 4941 cum
3453 4893 3621 4948 esset,
3658 4883 3713 4936 in

2130 4987 2453 5044 sacerdotali
2507 4985 2815 5040 ministerio
2866 4981 3233 5039 dexterrimus
3272 4994 3469 5050 magno
3524 4977 3718 5032 dome-

2129 5079 2268 5135 stico
2298 5087 2470 5135 erata
2499 5078 2669 5133 sacris
2700 5094 2713 5130 :
2754 5075 3106 5145 postmodum
3141 5073 3196 5127 in
3235 5073 3444 5127 clerum
3473 5071 3715 5139 impera-

2129 5173 2263 5229 toris
2295 5180 2606 5244 c00ptatus,
2639 5185 2704 5225 ac
2746 5167 3104 5240 pensionibus
3149 5165 3481 5229 cumulatus,
3513 5177 3714 5233 appro-

2127 5266 2293 5321 bante
2343 5264 2698 5334 imperatore,
2751 5260 2963 5316 artibus
2990 5269 3045 5315 et
3075 5259 3213 5314 dolis
3246 5257 3493 5327 ejusdem
3529 5254 3712 5325 magni

2125 5357 2437 5418 domestici,
2472 5356 2602 5410 licet
2636 5355 2944 5409 abnuerent
2990 5353 3520 5417 adversarenturque
3570 5347 3702 5401 reli-

2124 5449 2215 5517 qui
2251 5446 2530 5518 prtesules,
2561 5445 2706 5516 quod
2758 5447 2883 5499 vitae
2914 5444 3062 5498 curis
3093 5440 3388 5512 implicitus
3414 5481 3428 5504 ,
3470 5439 3624 5492 uxori
3659 5447 3716 5492 et

2126 5541 2251 5594 ﬁliis
2289 5539 2646 5604 cohabitaret,
2697 5538 2750 5592 in
2777 5534 3255 5607 opulentissimam
3291 5531 3708 5601 patriarchalcm

2125 5630 2313 5685 sedem
2357 5629 2630 5684 evehitur.
2677 5626 2808 5682 Vide
2865 5626 3314 5680 Cantaeuzenum
3347 5618 3707 5675 Historiarum

2125 5725 2217 5779 lib.
2247 5725 2303 5789 2,
2348 5736 2469 5793 cap.
2503 5722 2590 5777 24.
2649 5720 2896 5790 Hincque
2949 5719 3170 5788 planum
3229 5714 3323 5778 ﬁt,
3373 5724 3707 5784 postremam

2126 5817 2287 5887 lmjus
2320 5815 2581 5872 orationis
2628 5824 2858 5886 partem,
2935 5810 3321 5882 Xipbilinusnc
3393 5807 3629 5863 Joannes
3680 5819 3710 5859 a
