4134 6414
3494 174 3560 200 ‘\

501 314 567 373 87
1000 312 1005 317 ’
1807 308 2089 371 LEONIS
2124 309 2432 371 ALLATII
3696 307 3776 373 88

502 435 622 477 cum
660 424 939 491 paululum
969 421 1404 488 convenissemus,
1434 424 1779 493 processimus
1807 423 1877 477 ad
1906 421 2076 491 proxi-

2188 423 2284 476 καὶ
2302 424 2504 495 τρόμον
2534 424 2892 496 ἐμποιοῦντες
2923 426 3076 498 ἡμῖν.
3140 421 3595 496 ὀμοθυμαδὺνδὲ
3632 422 3776 478 πάν-

504 532 648 568 mum
668 524 893 570 montem
912 516 1134 571 sollicite
1156 533 1178 582 ;
1205 526 1256 571 et
1283 517 1516 571 sedentes
1541 517 1679 570 inter
1708 531 1819 581 nos,
1847 512 2076 583 precibm

2192 533 2281 580 τες
2310 517 2531 587 ἀχανεῖς
2556 517 2818 589 ἔστημεν.
2864 520 3030 574 Αὐτοὶ
3070 518 3128 573 δὲ
3164 516 3672 589 προσομιλήσαντες
3699 513 3780 585 τῷ

505 618 556 660 et
585 606 830 674 lacrymis
881 618 930 662 et
978 608 1271 672 eiulatibus
1300 609 1439 662 inter
1463 617 1641 677 petras
1669 604 2086 678 quiescebamus,

504 706 603 752 etc.
635 697 748 770 Ego
784 708 963 754 autem
986 695 1194 754 Marcio
1215 708 1265 753 et
1294 697 1473 764 Felix,
1495 707 1543 753 et
1581 697 1860 752 Barnabas
1882 712 2088 751 eorum-

504 792 622 844 dem
655 794 1007 861 assumptioni
1056 793 1484 861 perdurauimus.
1560 785 1768 861 Reliqui
1820 804 1940 844 vero
1980 788 2087 842 Deo

504 881 743 948 laudato,
783 885 844 937 ob
889 901 951 938 ea
983 884 1169 955 quibus
1212 898 1305 939 nos
1337 882 1591 955 dignanit,
1625 890 1749 935 ante
1779 897 1811 935 a
1841 880 2089 934 nobis-ad

503 987 591 1028 vos
617 972 762 1028 missi
792 975 974 1043 pedem
1006 983 1301 1039 moverunt,
1334 990 1463 1046 quos
1495 973 1718 1042 accipite
1755 986 1872 1025 cum
1902 970 2089 1025 timore

503 1079 553 1122 et
580 1070 748 1124 multa
776 1072 1092 1136 reverentia,
1125 1087 1242 1125 cum
1266 1070 1466 1125 Christi
1495 1067 1728 1138 operarii
1756 1067 1882 1121 sint.
1931 1064 1998 1119 Et
2029 1063 2089 1118 in

503 1163 689 1216 medio
726 1162 987 1234 martyrio
1012 1164 1332 1234 loquuntur.
1390 1161 1473 1216 Τὰ
1509 1159 1782 1215 ἀκόλουθα
1834 1159 1933 1227 τῆς
1965 1158 2088 1212 ἐπι-

511 1251 705 1322 στολῆς
750 1252 857 1306 τῶν
907 1252 1103 1309 ἕνδεκα
1147 1251 1395 1322 ἀδελφῶν
1444 1249 1575 1321 περὶ
1622 1248 1721 1318 τῆς
1756 1247 2087 1311 τελειώσεως

501 1341 611 1395 τῶν
639 1342 830 1408 ἁγίων.
864 1339 996 1407 Quae
1017 1352 1306 1414 sequuntur
1325 1339 1558 1409 epistola:
1588 1337 1829 1391 undecim
1855 1336 2087 1405 fratrum

501 1435 566 1488 de
592 1443 759 1489 morte
780 1432 1116 1490 Sanctorum.

586 1525 925 1590 Ἐξελθόντος
979 1526 1246 1579 Φιλίππου
1298 1523 1394 1578 τοῦ
1448 1521 1751 1578 ἀποστόλου
1786 1520 1885 1591 τῆς
1927 1515 2090 1573 Γαλι-

501 1614 680 1681 λαίας.
738 1614 1030 1687 Ephraemii
1071 1615 1390 1684 Cbersonis,
1443 1614 1574 1685 περὶ
1627 1612 1738 1668 τῶν
1787 1609 2088 1682 θαυμάτων

497 1708 593 1762 τοῦ
627 1706 784 1775 ἁγίου
817 1707 1159 1777 Κλήμεντος.

2190 606 2332 679 ἁγίῳ
2368 610 2554 680 Φωκᾷ,
2611 611 2691 673 εἰς
2723 612 2989 684 οὐρανοὺς
3023 609 3249 680 ᾤχοντο.
3306 608 3541 678 Denique
3586 608 3780 662 cadens

2188 696 2472 769 Africanus
2528 700 2583 754 in
2624 702 2983 771 pavimentum
3006 702 3225 771 jacebat
3267 700 3530 768 stupidus,
3573 708 3621 752 et
3655 698 3778 753 uni-

2187 805 2365 844 versus
2398 792 2543 845 circa
2568 808 2687 846 eum
2716 793 2996 848 exercitus.
3032 792 3244 847 Interea
3270 791 3373 860 ipsi
3401 806 3493 845 nos
3530 790 3779 855 vidimus,

2189 881 2374 951 quibus
2399 883 2654 938 Dominus
2697 886 2967 939 ostendere
3006 884 3255 955 dignatus
3293 892 3394 948 est,
3442 899 3563 939 cum
3592 900 3620 937 e
3650 882 3821 956 cmloi'

2191 973 2368 1028 lumen
2424 976 2607 1045 ingens
2658 976 2768 1030 sole
2836 976 3055 1046 decuplo
3111 976 3289 1045 majus
3338 975 3626 1039 illuxisset,
3677 986 3782 1030 tres

2190 1064 2406 1135 angelos
2433 1067 2579 1137 equis
2604 1068 2910 1133 insidentes,
2943 1068 3144 1139 igneos,
3176 1069 3491 1123 immensum
3537 1052 3821 1136 timorem,

2190 1166 2570 1229 tremoremque
2594 1159 2744 1214 nobis
2779 1160 3108 1215 incutientes.
3153 1159 3433 1228 Simulque
3458 1172 3637 1213 omnes
3686 1159 3782 1213 ob-

2188 1249 2488 1314 stupuimus
2518 1263 2538 1302 :
2623 1249 2705 1303 illi
2762 1267 2885 1304 vero
2932 1259 3211 1322 postquam
3250 1259 3492 1317 sanctum
3542 1248 3779 1303 Phocum

2189 1338 2408 1393 allocuti
2462 1352 2650 1408 essent,
2689 1343 2745 1395 in
2776 1342 2963 1398 caelum
3014 1344 3385 1398 ascenderunt.
3444 1342 3513 1398 Ει
3552 1342 3609 1397 in
3644 1338 3778 1397 ﬁde.

2200 1418 2366 1502 ’Λνῆρ
2398 1432 2758 1498 ἀποστολικὸς
2797 1433 2915 1488 τῶν
2964 1433 3091 1488 καθ’
3135 1434 3286 1506 ἡμᾶς
3330 1433 3425 1488 τὸν
3461 1434 3624 1505 χορὸν
3666 1432 3781 1488 τῶν

2187 1521 2358 1591 ἁγίων
2384 1523 2729 1592 ἀπειληφὼς,
2759 1526 2856 1578 καὶ
2880 1526 2940 1579 τὸ
2970 1525 3228 1598 βραϐεῖον
3248 1525 3342 1580 τοῦ
3370 1525 3780 1596 Χριστοῦλκλη-

2189 1616 2519 1686 ρονομήσας.
2584 1616 2671 1670 Vir
2713 1617 2809 1671 hoc
2859 1626 3034 1672 nostra
3072 1632 3171 1672 auo
3235 1617 3557 1686 apostolicus
3593 1624 3644 1670 et
3686 1617 3781 1687 qui

2185 1715 2491 1760 sanctorum
2557 1707 2716 1761 choro
2761 1709 3058 1763 associatus
3113 1717 3235 1773 est,
3289 1708 3529 1762 bravium
3577 1706 3780 1763 Christi

581 1774 899 1864 Ἐπαινετὺς
925 1774 1026 1852 καὶ
1052 1791 1205 1861 οὗτος
1225 1796 1325 1867 τῆς
1348 1794 1717 1865 Ἐκκλησίαςὸ
1745 1792 1930 1863 νόμος.
1954 1790 2076 1845 Gre-

2191 1798 2538 1853 htereditavit.

498 1890 637 1962 gnrii
680 1891 924 1963 episcopi
965 1889 1324 1952 Antiocheni,
1355 1889 1438 1952 είς
1465 1888 1565 1957 τὴν
1597 1885 1876 1955 θεόσωμον
1908 1880 2089 1951 ταφὴν

496 1981 593 2036 τοῦ
646 1983 875 2052 Κυρίου,
911 1981 1010 2036 καὶ⁹
1055 1983 1138 2047 είς
1172 1981 1265 2037 τὸν
1305 1979 1534 2051 Ἰωσὴφ,
1573 1977 1670 2032 καὶ
1701 1978 1782 2040 είς
1844 1974 1943 2046 τὴν
1970 1989 2089 2044 τρι-

499 2074 711 2145 ήμερον
742 2073 1086 2131 ’Δνάστασιν.

584 2163 805 2237 Ἐπειδὴ
867 2167 901 2237 ἡ
949 2165 1048 2236 τῆς
1103 2163 1381 2237 μάρτυρος
1433 2161 1842 2232 πανσεσάσμιος
1893 2160 2084 2232 μνήμη

497 2260 621 2322 ταῖς
653 2258 1073 2331 αίγληφορικαῖς
1102 2258 1309 2314 ἄνωθεν
1338 2255 1786 2325 καταυγασθετσα
1809 2251 2086 2323 ἐλλάμψε-

502 2365 608 2407 σιν.
673 2349 892 2422 Georgii
946 2349 1325 2415 Grammatici,
1356 2347 1633 2421 ἐγκώμιον
1660 2350 1761 2418 τῆς
1793 2344 1956 2414 ἁγίας
1985 2342 2082 2399 τοῦ

498 2436 738 2510 Χριστοῦ
767 2440 1255 2512 μεγαλομάρτυρος
1286 2438 1602 2510 Βαρὸἀρας.

585 2532 806 2604 Ἐπειδὴ
850 2532 1131 2605 μάρτυρος
1187 2531 1431 2603 σήμερον
1488 2529 1696 2599 ἐπέστη
1745 2529 2079 2600 πανήγυρις,

499 2623 597 2678 καὶ
638 2623 872 2694 τοσαύτη
898 2624 1123 2693 γέγονεν
1147 2625 1180 2694 ἠ
1229 2611 1598 2693 συνάθροισις.
1631 2620 1849 2676 Arsenii
1878 2620 2083 2691 Corcy-

497 2717 678 2775 rensis
704 2717 1023 2790 martyrium
1050 2724 1254 2772 sanctae
1283 2714 1536 2771 Barbarae
1565 2713 1792 2786 virginis
1835 2722 1892 2769 et
1930 2729 2079 2769 mar-

498 2810 661 2880 tyris.

580 2898 914 2973 Ἐπειδήπερ
952 2900 1237 2965 πολλάκις,
1280 2900 1374 2955 καὶ
1417 2900 1529 2955 ἀπὸ
1568 2898 1670 2970 τῆς
1713 2897 1943 2955 καθόδου
1978 2896 2078 2968 τῆς

494 2993 590 3047 τοῦ
638 2992 891 3065 Σωτῆρος
933 2994 1094 3066 ἡμῶν
1115 2994 1359 3065 Χριστοῦ
1392 2993 1719 3064 παρουσίας.
1762 2990 2078 3062 Martyrium

2273 1889 2492 1958 Ἐπειδὴ
2548 1888 2651 1956 τῆς
2719 1889 2944 1962 πρώτης
2997 1891 3092 1945 καὶ
3134 1889 3308 1956 Θείας,
3355 1889 3451 1944 καὶ
3498 1889 3781 1962 μακαρίας

2189 1981 2334 2051 ζωῆς
2360 1982 2783 2054 ἀπερράγημεν.
2834 1982 3110 2038 Philothei
3148 1983 3480 2053 patriarcha:
3501 1980 3777 2038 Constan-

2188 2075 2556 2145 tinopolitani,
2583 2077 2663 2139 είς
2695 2075 2794 2147 τὴν
2824 2074 3035 2145 ὕψωσιν
3064 2075 3158 2129 τοῦ
3186 2075 3371 2145 τιμίου
3398 2073 3665 2144 Σταυροῦ.

2270 2166 2490 2238 Ἐπειδὴ
2517 2167 2720 2239 φαιδρὰ
2751 2167 2847 2222 καὶ
2887 2166 3014 2221 θεία
3049 2167 3381 2238 πανήγυρις.
3417 2165 3617 2221 Leonis
3673 2164 3780 2220 im-

2185 2259 2477 2329 peratoris,
2539 2258 2697 2329 λόγος
2746 2261 2828 2324 είς
2871 2258 2972 2331 τὴν
3024 2259 3473 2332 Μεταμόρφωσιν
3520 2256 3615 2312 τοῦ
3656 2258 3775 2312 Σω-

2183 2366 2376 2420 τηρος.
3447 2386 3453 2393 .

2268 2443 2486 2509 Ἐπειδὴ
2558 2443 2743 2516 χάριτι
2827 2444 2922 2498 τοῦ
2990 2443 3202 2516 Κυρίου
3271 2443 3453 2514 ἡμῶν.
3542 2442 3774 2499 Eusebii

2183 2534 2559 2600 Alexandrini,
2597 2536 2679 2599 είς
2701 2536 2800 2606 τὴν
2844 2534 3140 2606 Ἀναληψιν
3170 2535 3268 2589 τοῦ
3294 2535 3527 2607 Κυρίου.

2268 2625 2485 2697 Ἐπειδὴ
2518 2626 2646 2695 χθὲς
2697 2628 2796 2698 τῆς
2845 2628 3168 2698 Γεννήσεως
3219 2626 3313 2681 τοῦ
3339 2626 3566 2698 Κυρίου.
3599 2626 3775 2683 Euse-

2186 2718 2265 2775 bii
2299 2718 2674 2786 Alexandrini,
2706 2720 2865 2790 λόγος
2921 2721 3052 2791 περὶ
3110 2718 3207 2775 τοῦ
3251 2719 3638 2792 Βαπτίσματος
3675 2719 3772 2775 τοῦ

2181 2811 2410 2883 Κυρίου.
3202 2858 3207 2863 ,

2251 2904 2520 2978 Ἐπείπερ
2557 2904 2652 2960 καὶ
2687 2903 2785 2959 νῦν
2819 2904 2943 2959 θεία
2989 2906 3193 2977 ἐπέστη
3243 2906 3574 2977 πανήγυρις.
3630 2903 3773 2960 Leo-

2182 2997 2271 3053 nis
2316 2998 2697 3071 imperatoris,
2762 2995 2922 3069 λόγος
2986 3000 3056 3071 τῇ
3102 3000 3357 3071 κυριακῇ
3412 2997 3512 3069 τῆς
3565 2999 3774 3069 Πεντη-

496 3086 671 3142 sancti
705 3086 926 3153 Phpeaa.
955 3087 1233 3158 Scriptum
1258 3094 1343 3142 est
1375 3102 1405 3140 a
1441 3094 1713 3157 praesente
1739 3100 1804 3140 ac
1834 3084 2073 3140 vidente.
2106 3123 2154 3187 ο
2182 3092 2406 3161 κοστῆς,

508 3178 729 3247 Ἀμέλει
754 3177 1084 3234 καταπεσὼν
1134 3178 1462 3249 Ἀφρικανὸς
1511 3177 1787 3248 ἡμιθανὴς
1854 3177 1949 3233 ἐπὶ
2016 3175 2080 3231 τὸ

495 3266 693 3338 ἔδαφος
727 3270 825 3325 καὶ
854 3270 1061 3341 ἀχανὴς
1093 3271 1293 3336 ἔκειτο,
1355 3271 1452 3325 καὶ
1499 3272 1610 3334 πᾶς
1669 3272 1701 3325 6
1742 3269 1871 3341 mp!
1912 3268 2078 3324 αὑτὸν

495 3362 746 3434 στρατὸς.
775 3363 835 3416 ἐν
851 3356 934 3427 οἷς
956 3363 1161 3433 ίδομεν,
1189 3357 1271 3426 οἷς
1297 3361 1574 3433 ἠϐουλήθη
1603 3364 1633 3417 6
1654 3362 1859 3431 Κύριος
1883 3360 2076 3428 δεῖξαις

493 3452 875 3523 ἐκλάμψαντος
951 3451 1062 3524 γὰρ
1131 3453 1309 3522 φωτὸς
1398 3453 1637 3524 μεγάλου
1710 3450 2077 3517 δεκαπλάσιον

491 3543 670 3615 ἡλίου,
714 3544 1008 3614 οὐρανόθεν
1042 3545 1432 3616 προεφάνησαν
1457 3545 1682 3614 ἄγγελοι
1720 3548 1871 3614 τρεῖς
1910 3543 2078 3614 ἔφιπ-

492 3656 585 3693 ποι
613 3640 850 3710 πύρινοι,
885 3640 981 3696 καὶ
1013 3640 1182 3696 πολὺν
1216 3641 1380 3712 φόϐον
1423 3640 1520 3696 καὶ
1551 3641 1752 3712 τρόμον
1785 3638 2077 3711 ἐμποιοῦν-

490 3749 582 3797 τες
607 3734 762 3803 ήμϊν.
810 3734 1191 3805 Ὀμοθυμαδδν
1234 3733 1295 3788 δὲ
1329 3734 1534 3798 πάντες
1563 3734 1783 3804 ἀχανεῖς
1813 3733 2073 3802 ἔστημεν.

490 3817 733 3886 Namque
765 3822 1040 3876 concidens
1094 3822 1377 3893 Africanus
1397 3823 1453 3876 in
1475 3832 1673 3878 terram
1701 3822 2078 3878 semimortuus

489 3927 555 3964 ac
584 3912 825 3981 stupidus
842 3912 1078 3982 jacebat,
1100 3923 1149 3969 et
1172 3918 1442 3970 universus
1471 3915 1612 3970 circa
1641 3932 1761 3970 eum
1793 3914 2072 3970 exercitus.

488 4001 635 4058 Inter
666 4004 777 4059 hsce
808 4021 902 4060 nos
927 4006 1175 4069 vidimus,
1210 4009 1395 4079 quibus
1428 4024 1609 4077 nempe
1634 4007 1776 4064 Deus
1804 4008 2076 4063 ostendere

488 4091 676 4149 voluit.
716 4093 962 4165 Namque
986 4112 1106 4151 cum
1144 4097 1534 4170 lumen‘ingens
1574 4098 1681 4154 sole
1706 4100 1930 4168 decuplo
1956 4117 2074 4155 ma-

486 4185 579 4254 jus
609 4181 888 4254 illuxisset,
921 4187 985 4241 de
1009 4187 1135 4242 ctelo
1157 4197 1521 4257 apparuerunt
1559 4198 1666 4244 tres
1702 4189 1900 4260 angeli,
1926 4190 2072 4260 equis

489 4278 774 4333 insidentes
815 4279 1003 4349 igneis,
1032 4296 1280 4351 magnum
1319 4282 1560 4336 timorem
1587 4290 1637 4336 et
1668 4291 1946 4339 tremorem
1975 4299 2073 4336 no-

487 4369 565 4422 bis
611 4368 969 4425 immittentes.
1043 4369 1222 4435 Quare
1275 4388 1368 4427 nos
1401 4389 1577 4429 omnes
1617 4373 1778 4428 simul
1823 4374 2039 4445 obstupe

485 4461 617 4530 facti
639 4462 988 4518 constitimus.
2010 4464 2013 4469 ’

572 4549 904 4621 Ἐπειδήπερ
930 4550 1118 4605 πολλοὶ
1157 4551 1539 4623 ἀνεγράψαντο
1571 4554 1741 4625 βίους.
1769 4554 2067 4627 Epiphanii

374 4652 387 4664 ‘
484 4643 740 4698 monachi
766 4653 821 4699 et
853 4646 1181 4717 presbyteri,
1224 4648 1355 4717 περὶ
1382 4646 1479 4701 τοῦ
1535 4648 1653 4719 βίου
1681 4647 1779 4702 καὶ
1811 4648 2070 4720 πράξεων

485 4739 580 4794 καὶ
601 4738 790 4804 τέλους
815 4740 909 4794 τοῦ
940 4741 1097 4811 ἁγίου
1127 4740 1427 4798 ἀποστόλου
1473 4744 1748 4815 Ἀνδρέου.

555 4831 890 4905 Ἐπειδήπερ
916 4834 1094 4906 χαίρει
1137 4824 1432 4901 Θεὸςταϊς
1481 4832 1589 4891 1(τῶν
1635 4835 1854 4892 οίκείων
1903 4836 2068 4910 θερα-

481 4924 695 4979 πόντων
746 4931 958 4993 τιμαϊς.
1010 4925 1213 4985 Leonis
1268 4928 1637 5000 imperatoris,
1672 4930 1833 5000 λόγος
1862 4931 1945 4995 τίς
1976 4931 2073 4986 τὸν

481 5017 643 5083 ἅγιον
681 5014 974 5074 Νικόλαον.

552 5107 671 5180 [91]
727 5108 947 5181 Ἐπειδὴ
986 5110 1249 5176 πολλάκις
1291 5116 1389 5168 καὶ
1424 5112 1533 5169 ἀπὸ
1558 5114 1659 5185 τῆς
1705 5115 1936 5172 καθόδου
1963 5119 2067 5190 τῆς

477 5200 574 5255 τοῦ
613 5202 867 5273 Σωτῆρος
896 5205 1223 5275 παρουσίας.
1271 5206 1591 5280 Martyrium
1629 5210 1799 5266 sancti
1835 5211 2059 5269 Phocm.

479 5292 758 5364 Scriptum
807 5305 895 5353 est
938 5313 971 5353 a
1009 5307 1282 5368 prasente
1322 5308 1379 5356 et
1418 5301 1655 5359 vidente.
1707 5302 1932 5373 ’Λμέλει
1967 5309 2064 5361 καὶ

482 5382 669 5439 πεσὼν
725 5388 1054 5459 Ἀφρικανὸς
1102 5393 1196 5446 ἐπὶ
1242 5395 1303 5449 τὸ
1347 5395 1541 5464 ἔδαφος
1600 5396 1781 5451 ἔκειτο
1830 5397 2058 5470 ἀχανὴς,

481 5476 579 5532 καὶ
605 5480 714 5542 πᾶς
755 5481 785 5532 6
813 5482 941 5552 περὶ
993 5486 1155 5540 αὑτὸν
1202 5489 1456 5559 στρατὸς,
1506 5489 1565 5542 ὲν
1607 5482 1689 5553 οἷς
1726 5489 1930 5561 ἴδομεν,
1976 5488 2060 5556 οἷς

480 5567 757 5639 ἠϐουλήθη
786 5573 815 5626 ὁ
838 5571 1040 5644 Κύριος
1065 5577 1259 5644 δεῖξαι.
1293 5579 1706 5649 Ἐκλάμψαντος
1747 5582 1858 5652 γὰρ
1880 5581 2059 5652 φωτὸς

485 5656 724 5744 μεγάλου
771 5660 1133 5719 δεκαπλάσιον
1201 5667 1352 5739 ἡλίου
1423 5669 1713 5740 οὐρανόθεν
1776 5671 2057 5744 ἐφάνησαν

482 5743 705 5819 ἄγγελοι
750 5758 900 5825 τρεῖς
952 5754 1182 5827 ἔφιπποι
1252 5759 1487 5831 «opm,
1536 5763 1628 5818 καὶ
1681 5765 1846 5820 πολὺν
1889 5743 2053 5834 φόϐον

2266 3184 2528 3257 Ἐπείπερ
2578 3184 2659 3257 τῷ
2699 3185 2851 3257 καλῷ
2881 3183 3157 3256 σπέρματι
3192 3183 3383 3238 εἴωθεν
3416 3182 3766 3252 ὲπισπείρειν

2181 3279 2211 3332 6
2239 3278 2339 3348 τῆς
2364 3277 2716 3350 ἀνθρωπίνης
2746 3278 2963 3349 φύσεως
2990 3276 3184 3349 ἐχθρὸς
3213 3276 3283 3331 τὰ
3304 3276 3545 3341 ζιζάνια.
3590 3275 3765 3331 Theo-

2180 3369 2300 3425 dori
2335 3369 2601 3440 episcopi,
2639 3372 2720 3435 είς
2749 3370 2811 3425 τὺ
2845 3372 3147 3444 μαρτύριον
3176 3372 3285 3426 τῶν
3316 3370 3490 3439 ἁγίων
3529 3369 3770 3426 καλλινί-

2180 3480 2295 3518 κων
2332 3462 2626 3535 μαρτύρων
2664 3462 2921 3535 Κηρύκου
2948 3465 3043 3518 καὶ
3081 3463 3395 3534 ’ἰουλίττης.

2252 3554 2490 3625 Ἐπέστη
2550 3555 2790 3625 σήμερον
2835 3556 2869 3625 ἡ
2921 3554 3141 3609 πάντων
3198 3557 3347 3626 χαρὰ
3416 3555 3623 3609 λύουσα
3666 3553 3768 3625 τὴν

2182 3646 2413 3719 πρώτην
2471 3647 2633 3717 ἀράν.
2665 3646 2899 3702 Andreae
2930 3646 3233 3715 Cretensis,
3277 3649 3359 3711 εἰς
3390 3647 3482 3701 τδν
3515 3648 3766 3717 Εὐαγγε-

2179 3738 2372 3809 λισμδν
2404 3738 2506 3809 τῆς
2537 3738 2827 3793 Θεοτόκου.

2250 3829 2487 3900 Ἑπέστη
2513 3830 2620 3885 τῶν
2666 3832 2828 3903 ἱερῶν
2893 3833 3210 3904 μυστηρίων
3243 3834 3277 3901 ἡ
3313 3834 3624 3904 πανήγυρις
3668 3831 3770 3885 ὲπ-

2178 3921 2439 3994 ιλαμψεν.
2453 3922 2627 3979 Procli
2646 3925 2970 3994 patriarcha:
2981 3924 3218 3982 Constan
3226 3925 3591 3997 tinopolitani,
3609 3925 3763 3995 λόγος

2178 4015 2258 4076 είς
2284 4012 2386 4084 τὴν
2413 4012 2576 4082 ἁγίαν
2609 4013 2906 4086 Πέμπτην.

2249 4101 2514 4174 Ἐπῄνεσε
2571 4104 2666 4158 καὶ
2705 4103 2897 4161 ἄλλοτέ
2941 4120 3074 4159 ποτε
3121 4103 3385 4174 βασιλέως
3413 4102 3636 4172 γλῶσσα
3664 4103 3765 4176 τὴν

2178 4196 2465 4263 παροῦσαν
2514 4199 2847 4269 πανήγυριν,
2894 4196 3098 4254 Leonis
3134 4197 3507 4268 imperatoris,
3555 4199 3623 4269 τῇ
3652 4198 3766 4251 Κυ-

2178 4289 2343 4359 ριακῇ
2365 4285 2476 4341 τῶν
2499 4287 2700 4343 Βαῖων.

2247 4381 2372 4434 Ἐπὶ
2417 4380 2518 4450 μὲν
2560 4380 2670 4434 τῶν
2721 4379 2921 4444 ἔξωθεν
2951 4379 3181 4449 ἀγώνων
3232 4380 3425 4451 ἄνδρες
3472 4380 3623 4451 μόνοι
3658 4397 3762 4434 κα-

2091 4476 2148 4538 Ῑ)
2172 4470 2425 4542 λούμενοι
2452 4470 2833 4538 ἀγωνίζονται.
2889 4470 3013 4526 Vita
3044 4481 3100 4527 et
3123 4486 3212 4526 res
3233 4479 3399 4543 gestu:
3430 4469 3616 4526 Marias
3668 4471 3764 4541 ju-

2172 4562 2368 4619 nioris.
2401 4562 2616 4632 Scripta
2646 4570 2730 4619 est
2762 4563 2831 4619 ab
2863 4564 3075 4635 aequali.
3123 4563 3282 4619 Οὕτω
3312 4563 3407 4619 καὶ
3452 4564 3551 4634 τὴν
3584 4580 3763 4633 μακαο

2174 4656 2297 4727 ρίαν
2344 4656 2567 4728 Μαρίαν
2602 4655 2664 4709 τδ
2697 4654 2883 4728 θαῦμα
2908 4659 3008 4729 τῆς
3043 4656 3164 4710 καθ’
3205 4658 3355 4727 ημᾶς
3388 4657 3604 4723 γενεᾶς,
3633 4655 3701 4727 ἣν
3730 4655 3761 4706 6

2169 4752 2326 4821 λόγος
2357 4752 2492 4823 ἡμῖν
2520 4751 2779 4806 ὑπόθεσιν
2803 4755 3151 4823 ἐνεστήσατο,
3184 4753 3278 4806 καὶ
3309 4756 3543 4819 γυναῖκα
3564 4748 3755 4807 οὔασιν’

2170 4845 2264 4899 καὶ
2310 4844 2379 4898 τὰ
2411 4843 2563 4916 ἑξῆς.
2610 4844 2733 4900 Νοη
2769 4846 2880 4900 alia
2924 4847 3132 4900 ratione
3176 4853 3226 4898 et
3257 4844 3466 4899 beatam
3505 4849 3756 4908 Mariam,

2166 4945 2361 4993 nostra:
2398 4938 2572 4993 tetatis
2624 4938 2965 5005 miraculum,
3021 4947 3070 4993 et
3112 4952 3230 5010 quae
3266 4950 3462 4997 nostra
3498 4943 3760 4997 orationis

2168 5038 2544 5101 argumentum
2600 5039 2696 5094 est,
2737 5029 2856 5083 licet
2917 5030 3219 5099 mulierem,
3257 5041 3366 5090 etc.
3395 5035 3625 5090 Vivebat
3652 5035 3757 5089 sub

2167 5119 2370 5177 Basilio
2416 5121 2735 5179 Macedone.
2786 5118 2919 5194 Εἶχε
2948 5122 3048 5195 μὲν
3082 5124 3152 5180 τὰ
3186 5128 3443 5201 σκῆπτρα
3468 5110 3567 5196 τῆς
3599 5129 3757 5198 βασι-

2164 5213 2333 5281 λείας,
2362 5212 2675 5281 Βασίλειος,
2697 5216 2797 5288 οὐχ
2826 5219 2855 5270 6
2883 5217 2984 5287 τῆς
3014 5219 3310 5291 Πορφὺρας
3344 5220 3597 5291 βλαστός·
3636 5219 3759 5273 ἀλλ’

2163 5309 2193 5360 6
2238 5305 2527 5371 Μακεδὼν,
2561 5308 2591 5361 6
2636 5305 2696 5374 ἐξ
2732 5308 3041 5380 ἱπποκόμου
3095 5311 3358 5382 βασιλεὺς
3390 5314 3693 5378 καταστὰς,
3725 5314 3755 5368 ὁ

2161 5397 2253 5452 τὸν
2266 5397 2484 5469 Μιχαὴλ
2507 5398 2712 5452 ἐκεῖνον
2728 5399 3063 5466 ἀπεκτονώς.
3096 5401 3403 5458 l’ossidebat
3421 5413 3626 5475 sceptra
3646 5406 3751 5460 im-

2161 5490 2296 5560 perii
2310 5488 2565 5555 Basilius,
2588 5506 2693 5544 non
2714 5506 2967 5561 purpura?
3000 5495 3264 5561 surculus,
3293 5495 3382 5549 sed
3399 5498 3638 5561 Macedo,
3660 5497 3751 5568 qui

2160 5600 2225 5638 ea:
2251 5584 2497 5655 equisone
2516 5582 2633 5656 [92]
2652 5586 2934 5654 imperium
2961 5596 3328 5657 occupaverat,
3364 5598 3413 5642 et
3444 5589 3748 5644 Michaelem

2158 5677 2311 5733 illum
2343 5678 2721 5734 trucidaverat.
2766 5679 2992 5735 Mortem
3022 5680 3156 5740 obiit
3188 5680 3480 5754 Euthymio
3508 5683 3745 5753 patriar-

2158 5770 2259 5825 cha
2332 5768 2580 5826 Romano
2636 5771 2926 5843 imperium
3006 5781 3247 5832 tenente.
3332 5775 3487 5830 Ἐπεὶ
3543 5774 3586 5829 δ’
3653 5772 3745 5829 ἐπὶ
