4134 6456
459 323 532 388 95
1762 321 2037 389 ιΕΟΝἶὸ
2073 320 2381 390 ΑιιΑΤΠ
3653 331 3736 398 95

463 437 624 510 μένα,
675 433 773 489 καὶ
823 431 930 489 ὑπὸ
977 432 1151 505 ’μόνον
1198 433 1336 488 Θεοῦ
1401 431 1888 502 διασκεδασθέντα,
1948 433 2044 492 καὶ

2167 439 2484 507 videremus,
2513 441 2872 496 audiebantur
2897 457 2932 495 a
2973 438 3296 495 nobis.voses
3326 437 3736 509 innumerorum-

459 528 636 582 ταῦτα
689 525 931 602 μερικῶς
971 526 1322 598 διηγήσομαι.
1346 523 1620 583 Maximus
1647 527 1732 582 hic
1786 528 2045 582 exercitus

379 641 387 648 ’
461 622 562 694 fuit
584 620 838 684 omnium,
872 619 960 688 qui
989 619 1180 674 nostris
1197 620 1334 673 hisce
1363 621 1678 687 temporibus
1713 619 2044 686 exstiterunt,

463 720 566 768 etc.
585 709 664 765 Ea
687 709 960 765 velocitate
979 727 1087 764 rem
1101 711 1652 781 conﬁcerejussisunt,
1675 719 1732 766 ut
1759 729 1852 766 nos
1867 728 2049 768 eorum

465 805 772 864 adventum.
809 802 1019 858 nonnisi
1044 819 1148 856 uno
1175 803 1260 870 die
1289 811 1434 866 ante,
1469 805 1862 873 cognoverimus
1893 819 1912 858 :
1955 803 2045 866 Et,

466 895 594 960 Quae
624 912 714 966 ego
737 894 900 954 oculis
938 895 1067 948 meis
1089 895 1194 948 vidi
1224 903 1273 949 et
1301 894 1544 949 manibus
1572 897 1718 968 tetigi
1758 897 1820 950 in
1867 895 2048 948 orien-

468 987 566 1041 tali
617 987 846 1042 ciuitatis
876 994 1050 1056 parte,
1095 1002 1213 1042 cum
1265 987 1331 1043 ab
1387 987 1622 1042 hostibus
1665 988 1831 1058 facta,
1865 997 1977 1046 tum
2011 1003 2046 1040 a

467 1078 575 1136 Deo
603 1078 714 1133 solo
751 1078 1034 1144 dissipata,
1074 1094 1134 1131 ea
1166 1077 1482 1148 singillatim
1535 1078 1815 1134 enarrabo.

545 1171 656 1223 Kal
680 1171 778 1240 τὴν
813 1167 1146 1238 Ἐκκλησίαν
1161 1169 1266 1240 ἄρα
1299 1164 1367 1240 ἧς
1390 1171 1418 1222 ὁ
1444 1169 1680 1240 Χριστὸς
1699 1167 1928 1238 κεφαλὴ,
1949 1183 2052 1222 πα-

474 1263 720 1332 ράδεισον
763 1261 1164 1331 κατανοοῦμεν.
1199 1262 1447 1333 Gregorii
1491 1261 1678 1332 Cyprii
1726 1261 2053 1332 patriarcha:

471 1352 915 1422 Constantinop.,
950 1353 1032 1417 είς
1055 1352 1155 1423 τὴν
1195 1353 1357 1422 ἁγίαν
1381 1349 1846 1424 μεγαλομάρτυρα
1873 1350 2053 1424 Μαρί-

473 1466 592 1518 νην.

545 1542 654 1596 Καὶ
679 1539 738 1592 τδ
770 1539 954 1606 λόγοις
996 1537 1096 1608 μὲν
1125 1536 1302 1603 ἄλλως
1333 1537 1404 1592 τὰ
1444 1538 1555 1594 τῶν
1603 1538 1776 1610 ἁγίων
1813 1543 2053 1600 ἑκάστου

473 1631 748 1696 διεξιέναι.
814 1628 1084 1709 Philothei
1135 1629 1466 1699 patriarchae
1551 1615 2056 1708 Constantinopoli-

2147 533 2469 588 exercituum
2488 533 2797 605 angelorum
2816 533 3141 588 dicentiumu

2223 623 2383 678 Κατὰ
2411 625 2540 688 τοὺς
2567 624 2796 696 καιροὺς
2849 623 3092 686 ἐκείνους
3131 619 3454 675 ἐϐασίλευσε
3499 623 3732 694 Διοκλη-

2148 715 2330 780 τιανδς
2359 717 2388 769 ὀ
2423 715 2709 788 τύραννος.
2745 715 3062 787 Martyrium
3095 715 3271 768 sancti
3317 713 3591 786 Procopii.
3615 715 3732 772 Me-

2150 809 2312 864 minit
2339 809 2572 879 septima
2609 808 2852 880 synodus
2886 807 3154 880 generalis
3179 816 3287 862 act.
3315 807 3372 862 4.

2221 901 2380 956 Κινεϊ
2423 919 2490 971 με
2518 901 2657 972 πρὸς
2686 901 2789 971 τὴν
2824 900 3110 970 παροῦσαν
3167 901 3424 954 ὑπόθεσιν
3471 903 3504 972 ἡ
3534 905 3591 956 ἐν
3615 906 3732 968 τοῖς

2099 1028 2112 1036 .
2153 989 2322 1056 θείοις
2357 991 2716 1061 Εὐαγγελίοις
2741 991 3052 1066 παραϐολή.
3078 989 3325 1063 Gregorii
3362 992 3612 1064 Nysscni,
3641 997 3734 1062 ἐγ-

2152 1083 2360 1155 κώμιον
2415 1085 2495 1148 εἰς
2529 1085 2620 1138 τὸν
2664 1085 2810 1139 ὅσιον
2871 1083 2967 1138 καὶ
3015 1083 3272 1153 θεοφόρον
3315 1085 3536 1156 Πατέρα
3577 1090 3735 1159 ἡμῶν

2155 1173 2398 1246 Ἐφραὶμ
2429 1177 2521 1229 τὸν
2548 1175 2741 1248 Σύρον.

2229 1271 2579 1342 Κινήσωμεν,
2628 1270 2928 1340 ἀγαπητοὶ,
2975 1271 3217 1342 σήμερον
3261 1275 3337 1336 ὡς
3388 1275 3618 1346 κινύραν
3661 1275 3736 1328 τὰ

2154 1361 2578 1435 χείλη.Λιιύι·οω
2627 1361 2910 1417 Cretensis
2931 1362 3088 1431 λόγος
3119 1365 3201 1428 εἰς
3223 1365 3322 1436 τὴν
3356 1365 3609 1436 Ὗψωσιν
3635 1366 3734 1420 τοῦ

2153 1451 2339 1522 τιμίου
2369 1453 2466 1506 καὶ
2517 1450 2786 1517 ζωοποιοῦ
2823 1449 3093 1523 Σταυροῦ.

2226 1542 2470 1598 Κλέπτει
2525 1544 2651 1606 τοὺς
2710 1542 2908 1606 πόνους
2963 1542 3086 1596 τῶν.
3116 1543 3374 1613 ἐμπόρων
3406 1545 3440 1615 ἡ
3504 1545 3737 1616 συνεχὴς

2159 1634 2460 1707 προσδοκία
2505 1634 2614 1688 τῶν
2645 1631 2854 1704 πόρων.
2888 1631 3064 1688 Procli
3101 1633 3423 1702 patriarchae
3465 1634 3742 1690 Constan~

477 1724 610 1790 tani,
657 1720 932 1792 ἐγκώμιον
961 1721 1042 1785 εἰς
1087 1720 1214 1782 τοὺς
1250 1721 1442 1790 ἁγίους
1471 1723 1741 1794 ἅπαντας,
1789 1728 1848 1780 ὲν
1879 1722 1925 1796 ᾧ
1961 1730 2054 1784 καὶ

2163 1727 2529 1798 tinopolitani,
2566 1726 2844 1797 ἐγκώμιον
2873 1728 2955 1791 είς
2981 1725 3080 1797 τὴν
3101 1726 3362 1779 Θεοτόκον
3390 1728 3627 1798 Μαρίαν.

473 1815 574 1882 τῆς
601 1814 730 1886 περὶ
761 1813 852 1867 τὸν
874 1810 1161 1882 ἄνθρωπον
1180 1811 1274 1866 τοῦ
1309 1815 1549 1887 Χριστοῦ
1581 1819 1898 1891 οἰκονομίας
1930 1823 2022 1876 ὲπι
2085 1810 2118 1836 ’⁵

473 1921 639 1959 τομῇ.

479 1921 534 1958 το
623 1941 639 1959 .

479 2075 488 2081 ⁴
542 1905 661 2048 εΚήαὶ
682 1992 840 2048 τοῦτο
861 1993 961 2062 τῆς
989 1993 1166 2066 ἄκρας
1191 1995 1532 2066 ἀγαθότητρς
1559 2000 1870 2073 γνώρισμα,
1923 2003 2058 2058 ἁπό-

475 2085 643 2152 δειξις
696 2086 794 2138 καὶ
858 2083 997 2155 αὕτη
1064 2087 1323 2160 μεγίστη.
1381 2088 1610 2147 Joannis
1665 2091 2058 2151 Euchaitarum

476 2181 744 2251 episcopi,
779 2178 938 2246 λόγος
995 2179 1078 2244 είς
1106 2181 1206 2254 τὴν
1261 2181 1481 2260 σύναξιν
1507 2185 1616 2244 τῶν
1651 2185 1824 2256 ἁγίων
1885 2189 2058 2260 ἁγγέ-

477 2277 610 2330 λων.

553 2368 667 2442 [98]
723 2373 912 2437 Καλὰς
962 2371 1095 2442 ἡμῖν
1139 2367 1448 2422 ὑποθέσεων
1491 2368 1670 2440 αρχὰς
1717 2370 1752 2442 ή
1808 2371 2062 2442 παροῦσα

481 2464 790 2535 πανήγυρις
816 2465 1108 2518 δείκνυσιν.
1131 2460 1346 2540 Georgii
1363 2459 1834 2532 Chartophylacis,
1860 2465 1942 2525 είς
1961 2465 2061 2535 τὴν

481 2553 788 2625 ύπεραγίαν
817 2553 1099 2641 Θεοτόκον,
1131 2553 1219 2606 ὅτε
1249 2549 1487 2622 ἀπεδόθη
1527 2551 1584 2604 ἐν
1610 2550 1690 2622 τῷ
1717 2551 1832 2625 ναῷ
1857 2554 2062 2626 τριετί-

517 2660 673 2698 ουσα.

517 2660 673 2698 ουσα.

483 2644 516 2710 ζ
558 2737 714 2806 Καλὴ
739 2735 892 2806 μὲνὴ
922 2735 1030 2789 τῶν
1065 2734 1296 2805 ψαλμῶν
1318 2733 1478 2806 λύρα,
1510 2735 1872 2824 θεόπνευστος
1899 2739 1933 2806 ἡ
1965 2735 2060 2790 τοῦ

483 2831 826 2899 Πνεύματος.
861 2827 1036 2882 Procli
1079 2826 1401 2897 patriarcha:
1439 2825 2058 2898 Constantinopolitani,

483 2921 564 2984 είς
583 2920 681 2990 τὴν
711 2918 1130 2990 ὲνανθρὼπησιν
1161 2916 1254 2971 τοῦ
1283 2915 1517 2989 Κυρίου,
1566 2921 1662 2973 καὶ
1695 2921 1777 2984 είς
1805 2921 1904 2984 τὰς
1931 2923 2066 2974 ἐπα-

486 3029 548 3082 ρυ
558 3012 796 3080 στρίδας.

2233 1819 2466 1874 Κλίνατέ
2487 1815 2704 1890 μοιοῦς.
2730 1819 2971 1889 ἀδελφοὶ,
2991 1819 3086 1872 καὶ
3101 1817 3456 1889 διηγήσομαι.
3481 1821 3598 1889 Eph
3609 1835 3740 1876 rtem

2161 1911 2302 1982 Syri,
2351 1910 2510 1978 λόγος
2539 1909 2826 1980 ἐπιτάφιος
2861 1913 2941 1974 εἰς
2966 1912 3058 1964 τὸν
3115 1912 3293 1981 μέγαν
3326 1912 3606 1966 Βασίλειον
3643 1916 3744 1985 ἀρ.

2159 2006 2517 2078 χιεπίσκοπον
2548 2006 2891 2076 Καισαρείας
2921 2007 3020 2077 τῆς
3052 2007 3469 2071 Καππαδοκίας.

2233 2099 2408 2169 Κρίνα
2434 2098 2492 2164 ἐξ
2524 2098 2695 2168 ἀγροῦ
2725 2099 2820 2151 καὶ
2848 2098 3102 2168 ῥεύματα
3128 2101 3192 2152 ὲκ
3225 2100 3430 2169 πηγῆς.
3461 2093 3742 2153 Theodori

2160 2191 2412 2248 Lascaris
2431 2191 2610 2259 Duae,
2630 2189 2908 2262 ἐγκώμιον
2930 2192 3013 2256 εἰς
3035 2191 3124 2245 τδν
3146 2191 3302 2261 ἅγιον
3330 2193 3584 2264 μάρτυρα
3599 2189 3744 2264 Τρύο

2162 2298 2339 2350 φωνα.

2926 2376 2972 2430 Λ

2232 2465 2484 2538 Λάζαρος
2522 2465 2612 2519 τὸν
2663 2466 2910 2538 παρόντα
2947 2466 3408 2537 συγκεκροτηκὼς
3459 2467 3746 2537 σύλλογον.

2159 2558 2392 2613 Andreae
2433 2556 2732 2621 Cretensis,
2793 2559 2874 2622 είς
2901 2559 2994 2610 τὸν
3027 2559 3412 2630 τετραήμερον
3473 2559 3749 2630 Λάζαρον.

2235 2647 2348 2719 [99]
2384 2646 2626 2718 Λαμπρὰ
2647 2647 2743 2700 καὶ
2776 2647 3078 2717 παράδοξος
3103 2650 3209 2718 τῆς
3235 2648 3519 2720 παρούσης
3550 2650 3752 2720 ἑορτῆς

2161 2741 2196 2810 ἡ
2233 2738 2510 2800 ὑπόθεσις,
2537 2737 2712 2792 Procli
2765 2739 3088 2807 patriarchae
3122 2739 3749 2809 Constantinopolitani,

2164 2833 2242 2894 εἰς
2293 2829 2356 2884 τὸ
2417 2829 2694 2898 γενέθλιον
2744 2829 2841 2885 τοῦ
2905 2831 3114 2902 Κυρίου
3159 2822 3322 2902 ἡμῶν
3369 2830 3548 2902 ἰησοῦ
3612 2833 3752 2902 Χρι-

2166 2938 2317 2975 στου.

2228 3011 2474 3082 Λαμπρᾶι
2507 3009 2605 3081 μὲν
2633 3010 2784 3083 ήτοῢ
2813 3010 3005 3082 Πάσχα
3049 3012 3386 3082 πανήγυρις.
3437 3011 3615 3068 Procli
3649 3025 3751 3080 pa-

555 3105 734 3160 Καλδν
761 3105 861 3176 μὲν
895 3105 958 3158 τὸ
991 3105 1140 3176 ῥόδον
1167 3107 1268 3176 τῆς
1301 3107 1544 3178 ἐαρινῆς.
1574 3104 1822 3176 Hesychii
1842 3106 2065 3175 presby-

2167 3104 2420 3160 triarchae
2462 3103 3075 3174 Constantinopolitani,
3112 3108 3190 3171 είς
3216 3111 3308 3160 τὴν
3341 3106 3496 3175 άγιον
3531 3107 3750 3175 Πάσχα.

481 3198 584 3253 teri
623 3197 1114 3270 Ilierosolymitani,
1143 3200 1420 3270 ἐγκώμιον
1439 3200 1518 3263 είς
1548 3198 1676 3262 τοὺς
1716 3198 1900 3268 ἁγίους
1929 3199 2060 3252 ἁπο-

486 3290 709 3354 στόλους
749 3290 960 3362 Πέτρον
986 3290 1080 3344 καὶ
1117 3291 1355 3345 Παῦλον.

557 3377 734 3443 Καλὸς
769 3380 868 3449 μὲν
899 3383 927 3434 ό
959 3383 1058 3452 τῆς
1081 3381 1396 3444 εὐπειθείας
1451 3381 1638 3452 νόμος.
1669 3379 1884 3450 Georgii
1906 3379 2067 3436 Nico-

487 3472 806 3538 mediensis,
845 3473 926 3536 εἰς
957 3473 1057 3544 τὴν
1081 3472 1406 3544 διαπόρησιν
1437 3472 1662 3544 Ἰωσὴφ,
1690 3472 1784 3525 καὶ
1809 3473 1946 3544 πρὸς
1966 3472 2066 3545 τὴν

488 3561 765 3629 Παρθένον
791 3563 1052 3628 διάλεξις.

561 3654 674 3708 Καὶ
693 3653 784 3707 τὸν
818 3655 1010 3722 καιρὸν
1049 3655 1259 3708 ἐκεῖνον
1317 3653 1702 3724 βασιλεύοντος
1747 3656 1840 3710 τοῦ
1871 3655 2071 3710 ἀσεϐε-

489 3745 688 3798 στάτου
716 3742 1029 3809 ἰουλιανοῦ,
1091 3744 1187 3797 καὶ
1220 3743 1323 3814 τῆς
1374 3744 1792 3816 εἰδωλολατρίας
1833 3748 2070 3818 ἐπικρα-

489 3835 708 3905 τούσης.
758 3833 1073 3907 Martyrium
1112 3835 1211 3891 SS.
1257 3837 1518 3902 Ismaelis,
1583 3835 1812 3893 Sabellis
1867 3849 1924 3894 et
1953 3839 2068 3894 Ma-

488 3927 686 3983 nuelis.
721 3926 925 3982 Auctor
973 3936 1091 3982 erat
1127 3925 1324 3982 iisdem
1374 3927 1692 3998 σύγχρονος.
1729 3929 1944 4001 ’Ὥσπερ
1971 3932 2069 3984 καὶ

491 4017 548 4070 al
581 4017 691 4068 τῶν
720 4015 1133 4086 ὑπομνημάτων
1168 4015 1396 4087 πράξεις
1426 4019 1483 4070 αι
1537 4017 1828 4090 γενόμεναι
1854 4021 1942 4074 ἐπ’
1973 4022 2072 4074 αὖ·

493 4109 606 4169 τοῖς
627 4105 968 4160 διδάσκουσιν
997 4107 1148 4176 ἡμᾶς
1181 4107 1534 4179 περιέχουσαι
1559 4107 1757 4172 οὕτως·
1791 4108 2070 4164 Βαλτανοῦ

495 4196 878 4268 βασιλεύοντος
909 4199 968 4250 ὲν
990 4200 1055 4269 τῇ
1085 4197 1242 4271 χώρᾳ
1267 4199 1514 4269 Περσῶν.
1546 4199 1999 4264 Quemadmodum
2019 4211 2070 4257 et

424 4360 432 4369 _
491 4289 869 4343 commentaria
893 4294 956 4343 de
970 4305 1147 4343 eorum
1172 4293 1323 4346 rebus
1337 4292 1516 4362 gestis,
1540 4309 1656 4362 qua:
1681 4309 1743 4346 ea
1773 4293 1889 4364 ipsa
1914 4303 2073 4349 (etate

425 4385 440 4395 ’
493 4381 788 4448 conscripta
810 4388 952 4445 sunt,
978 4397 1072 4436 nos
1096 4381 1298 4449 docent,
1329 4382 1408 4437 his
1433 4383 1620 4438 verbis.
1645 4381 1871 4436 Peltano
1898 4385 2068 4454 impe-

495 4481 672 4526 ratore
697 4473 753 4525 in
782 4473 990 4542 regione
1021 4471 1327 4528 Persarum.

567 4563 728 4616 Κατὰ
755 4565 882 4628 τοὺς
913 4565 1140 4634 καιροὺς
1195 4565 1440 4627 ἐκείνους
1497 4564 1874 4636 βασιλεύοντος
1927 4567 2073 4621 κατὰ

497 4655 848 4726 συγχώρησιν
882 4655 976 4710 τοῦ
1009 4657 1250 4727 Χριστοῦ
1283 4657 1566 4728 Σωόαρίου
1596 4658 1742 4723 τινος
1781 4658 1912 4712 τῶν
1933 4660 2076 4731 Περ-

496 4747 628 4802 σῶν.
656 4747 966 4820 Martyrium
1017 4749 1116 4804 SS.
1155 4750 1432 4815 Acindini,
1465 4749 1677 4818 Pegatii
1712 4758 1768 4806 et
1799 4751 2074 4822 Anempo-

495 4841 644 4896 disti.
680 4839 955 4912 Scriptum
979 4849 1064 4898 est
1092 4857 1123 4896 a
1144 4850 1431 4911 pratsonte.
1451 4841 1564 4896 Καὶ
1593 4841 1762 4894 ταῦτα
1789 4841 1956 4896 αὐτοῦ
1983 4843 2077 4896 εὐ·-

497 4932 752 5002 ξαμένου,
794 4933 982 5002 ὠράθη
1018 4933 1206 4996 αὐτοῖς
1235 4931 1466 5004 στρατὸς
1533 4933 1782 5000 ἀγγέλων
1832 4933 2078 5004 ὑπερμε-

497 5024 668 5094 γέθης
721 5018 798 5078 ὧν
829 5023 890 5076 τδ
919 5025 1118 5088 κάλλος
1142 5025 1290 5096 ἡμᾶς
1315 5025 1442 5088 τοὺς
1469 5022 1710 5093 ὁρῶντας
1731 5025 1824 5078 ἐπὶ
1855 5024 1960 5094 τῆς
1974 5027 2077 5098 γῆς

497 5116 744 5188 ἔρριψεν.
773 5117 1062 5186 Κειμένων
1090 5115 1147 5170 δὲ
1193 5117 1353 5188 ἡμῶν
1396 5116 1681 5184 ὲπιπλέον,
1738 5117 1976 5188 ἔστησαν
2025 5119 2075 5172 οί

500 5207 648 5276 ἅγιοι
695 5209 777 5271 είς
829 5209 1158 5280 προσευχήν.
1196 5209 1281 5263 Et.
1346 5209 1454 5262 Kal
1487 5207 1738 5264 ἑστώτων
1793 5211 1954 5281 ἡμῶν
1982 5213 2078 5266 καὶ

499 5300 889 5372 θεωρούντων,
949 5302 1213 5372 ἠκούοντο
1269 5301 1402 5372 ἡμῖν
1461 5303 1635 5372 φωναὶ
1681 5305 2077 5374 ἀναριθμήτων

500 5391 751 5462 στρατῶν
779 5392 1032 5462 ἀγγέλων
1081 5393 1376 5460 λεγόντων.
1405 5393 1476 5447 Et
1514 5401 1626 5448 haec
1657 5410 1778 5448 cum
1811 5393 1901 5449 ille
1927 5411 2079 5450 oras-

502 5493 600 5549 set,
627 5487 878 5554 apparuit
907 5485 1016 5539 illis
1060 5485 1318 5540 eatercitus
1355 5485 1536 5557 ingens
1579 5485 1910 5557 angelorum,
1949 5503 2080 5557 quo-

503 5591 622 5628 rum
665 5575 1016 5644 pulchritudo,
1082 5594 1196 5643 nos,
1253 5577 1344 5650 qui
1395 5577 1717 5644 ridebamus,
1765 5579 1822 5633 in
1879 5588 2080 5634 terram

506 5663 714 5734 deiecit.
772 5666 903 5722 Cum
972 5683 1094 5721 vero
1130 5683 1223 5722 nos
1263 5669 1354 5723 diu
1401 5669 1873 5738 procumberemus,
1910 5671 2082 5724 sancti

504 5760 560 5814 in
619 5761 858 5818 oratione
885 5770 1156 5827 steterunt,
1193 5771 1300 5819 etc.
1335 5761 1418 5828 Et,
1451 5761 1580 5819 Cum
1616 5779 1708 5816 nos
1733 5772 1998 5817 staremus
2027 5771 2077 5816 et

2238 3195 2520 3266 Λαμπρῶς
2542 3197 2908 3267 πανηγυρίζει
2937 3199 2968 3265 ἡ
2995 3197 3172 3262 κτίσις
3195 3200 3455 3270 σήμερον.
3474 3196 3752 3252 Theodori

2169 3287 2408 3358 iunioris
2427 3285 2818 3358 liomologetm,
2843 3290 2922 3354 είς
2957 3289 3019 3342 τὸ
3053 3287 3296 3359 γενέσιον
3318 3290 3414 3360 τῆς
3441 3289 3749 3359 Παρθένου.

2169 3377 2267 3434 Est
2285 3375 2608 3434 Theodorus
2639 3377 2873 3433 Studita.

2935 3468 2992 3521 M

2239 3560 2581 3630 Μαξιμιανδς
2607 3558 2702 3614 καὶ
2732 3557 3042 3630 Μαξιμῖνος
3085 3559 3327 3628 βασιλεῖς
3352 3560 3756 3628 ἐξαπέστειλαν

2168 3651 2515 3721 διατάγματα
2547 3651 2628 3712 είς
2667 3649 2850 3701 πᾶσαν
2879 3647 2979 3718 τὴν
3023 3648 3372 3719 οἰκουμένην.
3438 3650 3755 3722 Martyrium

2171 3740 2228 3797 S.
2264 3737 2538 3800 Theodori
2574 3737 2824 3794 Teronis.
2877 3736 3150 3808 Scriptum
3209 3754 3239 3793 a
3271 3748 3542 3810 prmsente
3587 3750 3644 3796 et
3671 3741 3759 3795 vi-

2171 3831 2355 3886 dente.
2383 3829 2437 3886 In
2471 3829 2598 3884 line.
2627 3829 2740 3884 Kal
2777 3827 2932 3893 τέλος
2958 3829 3422 3900 προσευξάμενος,
3455 3833 3550 3884 καὶ
3581 3831 3757 3884 εἰπὼν

2171 3921 2233 3974 τὸ
2271 3920 2462 3992 Ἀμὴν,
2489 3918 2680 3990 ὥσπερ
2705 3919 3064 3989 ὲρευγόμενος
3105 3919 3391 3992 παρέδωκε
3421 3919 3520 3991 τὴν
3548 3921 3752 3992 ψυχήν.

2172 4014 2284 4068 Καὶ
2313 4012 2502 4084 ὥσπερ
2555 4010 2842 4083 ἀστραπὴν
2881 4010 3066 4080 ίδομεν
3101 4011 3628 4084 ἀναλαμϐανομένην
3653 4013 3760 4083 τὴν

2171 4103 2351 4177 ψυχὴν
2379 4101 2546 4158 αὐτοῦ
2583 4105 2662 4166 είς
2712 4101 2804 4155 τδν
2837 4102 3088 4172 οὐρανόν.
3135 4101 3203 4156 Et
3249 4105 3462 4159 tandem
3514 4104 3758 4174 precibus

2173 4198 2369 4268 eﬂ‘usis,
2405 4197 2646 4266 dictoque
2670 4193 2858 4257 Amen,
2885 4193 3050 4248 ueluti
3073 4203 3320 4250 eructans
3342 4196 3580 4251 animum
3635 4197 3758 4250 red-

2173 4289 2330 4355 didit,
2372 4296 2419 4342 et
2445 4286 2604 4341 veluti
2626 4285 2806 4357 fulgur
2828 4285 3054 4340 vidimus
3085 4287 3230 4342 illius
3277 4289 3516 4342 animum
3554 4289 3611 4342 in
3653 4303 3760 4343 ca:—

2177 4382 2287 4437 lum
2309 4381 2618 4444 admissam,
2664 4387 3050 4448 receptamque.

2103 4461 2148 4516 Ῐ)
2248 4472 2574 4545 Μαρτυρικὴ
2607 4473 2911 4542 πανήγυρις
2942 4471 3202 4542 σήμερον.
3229 4471 3452 4526 Joannis
3479 4481 3761 4542 metropo-

2174 4568 2284 4623 liue
2317 4564 2732 4628 Euchaitarum,
2759 4564 2841 4625 εἰς
2872 4561 2970 4632 τὴν
2993 4563 3218 4633 μνήμην
3245 4561 3341 4616 τοῦ
3367 4563 3525 4629 ἁγίου
3551 4561 3761 4632 μάρτυ-

2179 4675 2269 4730 ρος
2302 4652 2578 4725 Θεοδώρου
2615 4651 2708 4706 τοῦ
2739 4651 3015 4722 Τήρωνος,
3051 4651 3170 4722 ἤτοι
3197 4651 3290 4704 τὸν
3319 4651 3605 4720 ἀνθισμόν.

2246 4748 2544 4817 ⁷ίᾱέιρτυρος
2571 4744 2914 4816 παραγέγονε
2947 4744 3156 4812 μνήμη.
3189 4741 3386 4797 Leonis
3414 4743 3758 4812 imperatoris

2175 4839 2335 4908 λόγος
2360 4839 2440 4904 είς
2469 4838 2558 4891 τὸν
2583 4837 2842 4907 μάρτυρα
2871 4833 3174 4906 Τρύφωνα.

2246 4930 2440 5000 Μάτην
2473 4929 2522 4982 οί
2559 4928 2742 4982 πολλοὶ
2771 4926 2865 4980 τὸν
2889 4927 3082 5000 χρόνον
3107 4926 3288 4980 αίτιον
3314 4929 3562 4998 ἀξιοῦσιν
3593 4927 3754 4985 εἷναι.

2195 5021 2520 5093 Nicephoris
2577 5003 2914 5084 Bleminidae,
2939 5017 3056 5087 βίος
3081 5019 3178 5070 καὶ
3209 5019 3460 5074 πολιτεία
3486 5021 3580 5074 τοῦ
3607 5021 3763 5076 όσίου

2180 5113 2274 5167 καὶ
2302 5111 2560 5182 θεοφόρου
2588 5107 2808 5179 Πατρὺς
2861 5106 3020 5177 ἡμῶν
3047 5107 3262 5162 Παύλου
3296 5108 3400 5164 τοῦ
3445 5112 3504 5164 ὲν
3533 5111 3612 5182 τῷ
3651 5112 3762 5165 Λά-

2177 5223 2315 5276 τρφ,
2641 5238 2649 5246 .
2996 5228 3006 5242 .

2218 5224 2481 5365 Pilum
2522 5293 2622 5364 τῆς
2659 5290 2974 5363 προσευχῆς
3003 5291 3106 5365 .τὰ
3154 5292 3493 5364 χαρίσματα.
3541 5291 3756 5348 Leontii

2180 5389 2482 5463 presbyteri
2539 5387 3156 5457 Constantinopolitani,
3187 5389 3346 5458 λόγος
3399 5389 3480 5452 είς
3529 5390 3628 5460 τὴν
3664 5406 3760 5456 με-

2181 5481 2356 5554 γάλην
2405 5478 2792 5551 Παρασκενήν.
2817 5477 2929 5530 Καὶ
2958 5476 3040 5541 εἰς
3083 5478 3143 5530 τὸ
3177 5479 3346 5543 πάθος
3375 5477 3469 5532 τοῦ
3494 5477 3754 5550 Χριστοῦ.

2183 5575 2296 5629 Καὶ
2320 5573 2404 5636 είς
2423 5570 2514 5624 τὸν
2546 5569 2693 5626 Ἰώσ.

2217 5665 2502 5735 ι-Μεγὰλαι
2542 5681 2602 5716 τε
2645 5665 2742 5717 καὶ
2780 5661 2974 5716 πολλαὶ
3009 5661 3102 5714 καὶ
3124 5661 3364 5714 ποικίλαι
3403 5661 3501 5732 τῆς
3527 5659 3755 5729 ἀσωμάο

2183 5775 2278 5814 του
2352 5758 2447 5814 καὶ
2503 5752 2981 5827 μεγαλοπρεποῦς.
3039 5754 3382 5812 Ρειιιιλιος-ιιίδ
3435 5753 3648 5809 diaconi
3703 5762 3760 5809 ct
