4134 6416
596 336 665 398 99
1905 339 2187 403 LEONIS
2223 339 2537 404 ALLATII

3766 356 3872 413 100

590 451 777 506 dente.
830 451 938 505 Καὶ
974 449 1035 504 τὸ
1095 449 1361 522 μνημεῖον
1412 449 1598 521 ἴδομεν
1650 450 2018 524 ἀνεῳγμένον,
2080 450 2166 504 καὶ

2278 450 2456 508 Procli
2490 454 2815 525 patriarchae
2838 455 3455 530 Constantinopolitani,
3488 457 3766 532 ἐγκώμιον
3789 465 3872 527 εις

590 549 710 618 φῶς
761 546 1000 618 ἔλαμψεν
1032 546 1090 600 ὲν
1119 544 1198 615 τῷ
1229 546 1491 615 οἰκήματι
1529 545 1816 599 κυκλόθεν.
1870 545 1940 599 Et
1993 544 2172 614 sepul-

591 649 766 694 turam
797 641 1021 694 vidimus
1052 649 1320 708 apertam,
1345 647 1394 692 et
1421 639 1599 692 lumen
1629 638 1805 692 illuxit
1836 638 2170 708 circumqua-

588 749 688 803 que
712 734 767 786 in
795 731 1119 786 habitacula.
1789 721 1792 724 ’

661 828 726 879 Ol.
751 826 812 878 τὸ
844 824 1228 880 διδασκαλικὸν
1281 823 1420 895 πρὸς
1463 823 1660 887 ἄλλους
1713 820 2038 886 σπεύδοντες
2073 839 2172 892 με-

584 917 872 973 ταδιώκειν
909 919 1146 988 ἀξίωμα.
1197 916 1410 972 Leontii
1451 916 1793 987 Neapolitani
1820 915 2028 987 Cyprii,
2059 914 2172 984 βίος

582 1010 678 1064 τοῦ
711 1010 856 1064 ἀϐὁᾶ
885 1009 1113 1080 Συμεὼν
1148 1008 1244 1063 τοῦ
1277 1008 1365 1062 διὰ
1407 1009 1647 1079 Χριστὸν
1694 1006 2168 1078 ἐπονομαζομένου

583 1103 782 1168 Σαλοῦ,
812 1105 872 1156 ἐν
898 1103 1216 1173 κεφαλαίοις
1247 1101 1326 1172 εγ
1366 1101 1750 1173 διαλαμϐάνων
1781 1103 1876 1155 καὶ
1910 1099 1980 1154 τά
2027 1098 2171 1154 κατά

584 1196 677 1250 τὸν
702 1197 850 1250 ὅσιον
870 1197 1150 1265 Ἰωάννην.

655 1289 717 1342 Οί
748 1290 859 1353 τοῖς
890 1287 1054 1352 θείοις
1085 1290 1176 1342 καὶ
1219 1287 1512 1357 μακαρίοις
1538 1283 1789 1356 Πατράσι
1822 1284 2169 1355 συγγράφον-

582 1394 673 1440 τες
697 1379 766 1430 τά
791 1377 1064 1447 ἐγκώμια.
1098 1377 1326 1432 Joannis
1383 1378 1632 1439 Zonarae,
1677 1375 1759 1438 είς
1806 1375 1898 1428 τὸν
1935 1377 2170 1445 Ἱεροσο-

585 1469 774 1541 λύμων
797 1472 1122 1542 Σωφῴνιον.
1931 1537 1996 1552 ᾖ,

655 1567 718 1618 Οί
756 1566 865 1616 τῶν
917 1563 1098 1616 αὐτῶν
1152 1560 1374 1631 δωρεῶν
1433 1559 1731 1628 ἀξιωθῆναι
1780 1556 2171 1622 ἐπιποθοῦντες

581 1655 680 1718 τὰς
709 1657 816 1708 τῶν
865 1655 1036 1722 ἀγίων
1100 1655 1339 1724 μνήμας.
1398 1651 1646 1706 Narratio
1695 1651 1944 1705 miraculi
1993 1651 2166 1705 sancti

579 1748 818 1820 Georgii,
847 1749 914 1803 de
954 1763 1126 1818 puero
1155 1749 1206 1801 in
1242 1747 1614 1816 captivitatem
1645 1747 1898 1810 abducto,
1931 1755 1984 1800 et
2024 1762 2167 1815 prae-

2279 543 2370 598 τδν
2395 545 2550 614 άγιον
2595 549 3042 620 πρωτομάρτῡρα
3078 550 3372 618 Στέφανον.

2366 637 2428 692 Ὃ
2447 638 2546 708 μὲν
2569 639 2855 710 θεοπάτωρ
2879 641 3042 696 Δαυῒδ
3062 642 3122 695 τὸ
3141 642 3412 706 ἀειθαλὲς,
3435 644 3530 697 καὶ
3553 645 3874 716 μετάρσιον.

2278 726 2482 783 Nicetes
2509 731 2746 786 rhetoris
2774 732 3155 803 Paphlagonis,
3183 733 3458 805 ἐγκώμιον
3482 737 3558 799 είς
3583 735 3675 789 τὸν
3697 737 3874 807 μέγαν

2277 817 2544 874 Νικόλαον
2589 823 2681 876 τὸν
2736 825 3080 895 μυροΰλύτην
3135 829 3230 879 καὶ
3291 826 3734 897 θαυματουργόν.

2361 911 2420 964 '0
2446 912 2547 982 μὲν
2578 913 2805 978 παλαιὸς
2832 915 2940 968 τῶν
2960 915 3264 987 ἀνθρώπων
3299 917 3412 985 βίος
3441 917 3619 987 μένων
3650 915 3872 988 θανάτῳ

2278 1005 2594 1068 κατάδικος.
2627 1005 2811 1061 Basilii
2854 1006 3222 1064 Seleuciensis
3265 1009 3534 1080 episcopi,
3588 1008 3747 1078 λόγος
3786 1011 3874 1074 είς

2277 1098 2479 1168 Θωμᾶν
2510 1099 2604 1152 τὸν
2633 1100 2951 1155 ἀπόστολον.

2361 1188 2422 1242 '0
2445 1191 2544 1261 μὲν
2569 1193 2771 1255 σκοπὸς
2791 1187 2872 1257 εἷς
2903 1195 3074 1249 ἐστιν.
3096 1193 3341 1263 Gregorii
3377 1192 3628 1266 Nysseni,
3663 1195 3741 1259 είς
3770 1195 3869 1248 τὸν

2279 1281 2394 1351 βίον
2424 1284 2519 1336 καὶ
2547 1283 2615 1336 τά
2645 1284 2900 1354 θαύματα
2941 1287 2979 1338 Γ
2987 1287 3245 1358 ρηγορίου
3273 1288 3366 1341 τοῦ
3402 1287 3865 1361 Θαυματουργοῦ.

2360 1373 2419 1424 '0
2454 1374 2552 1443 μὲν
2583 1376 2786 1437 σκοπὸς
2815 1370 2897 1440 εἷς
2923 1378 3074 1429 ἐστιν
3098 1380 3130 1446 ἡ
3141 1379 3280 1447 μῶν,
3309 1377 3406 1430 καὶ
3429 1377 3538 1431 τῶν
3575 1381 3683 1449 πρὸ
3707 1381 3872 1450 ἡμῶν

2278 1465 2603 1534 φιλοπόνων.
2649 1465 2862 1522 Leontii
2893 1470 3134 1540 episcopi
3172 1469 3510 1542 Neapolitani
3542 1472 3870 1542 Cypriorum

2277 1557 2490 1622 insulae,
2523 1561 2603 1622 εἰς
2633 1562 2701 1613 τὰ
2743 1561 3042 1632 λειπόμενα
3067 1561 3160 1614 τοῦ
3189 1562 3304 1632 βίου
3333 1561 3581 1617 Ἰωάννου
3613 1565 3872 1637 ἀρχιεπι-

2279 1649 2486 1702 σκόπου
2515 1650 2926 1723 Ἀλεξανδρείας
2953 1653 3049 1706 τοῦ
3101 1653 3255 1726 Ἐλεή
3267 1671 3449 1725 μονος.

2359 1741 2419 1794 '0
2457 1744 2753 1814 μονογενὴς
2810 1745 2939 1808 Υἱὸς
2993 1746 3087 1798 καὶ
3111 1745 3284 1813 Λόγος
3314 1749 3406 1801 τοῦ
3464 1745 3623 1803 Θεοῦ.
3683 1746 3872 1817 Cyrilli

580 1849 664 1894 ter
696 1856 847 1910 spem
910 1840 1162 1905 liberato,
1228 1838 1409 1894 Leone
1460 1838 1641 1893 Phoca
1709 1848 1822 1892 tum
1887 1839 2168 1908 copiarum
2203 1835 2530 1889 Bmonachi
2589 1846 2645 1890 et
2701 1838 3006 1908 presbyteri
3072 1835 3531 1909 Scythopolitani,
3587 1840 3716 1911 περὶ
3765 1838 3867 1892 τοῦ

578 1933 858 2002 praefecto.
925 1932 1199 2001 Scriptum
1261 1941 1344 1986 est
1403 1939 1763 2002 {praesente
1815 1939 1872 1985 et
1925 1932 2167 1986 vidente.

581 2024 769 2079 Ταῦτα
820 2024 914 2078 οὖν
967 2026 1062 2078 καὶ
1111 2027 1274 2096 ἡμεῖς
1318 2023 1802 2096 συνεγραψάμεθα,
1860 2023 2005 2094 άπερ
2056 2025 2170 2088 τοῖς

579 2117 879 2188 ὀφθαλμοῖς
930 2118 1087 2188 ἡμῶν
1129 2119 1458 2188 ἑωράκαμεν
1522 2119 1616 2170 καὶ
1649 2120 1769 2181 ταῖς
1823 2117 1956 2170 ὠσὶν
2013 2115 2168 2186 ἡμῶν

580 2208 898 2279 ἠκούσαμεν
928 2211 1007 2271 είς
1038 2206 1199 2272 δόξαν
1236 2208 1385 2280 [102]
1435 2192 1574 2261 Θεοῦ
1625 2209 1721 2261 καὶ
1763 2203 1934 2270 αἶνον,
1969 2207 2060 2259 ἵνα
2093 2207 2167 2276 μὴ

578 2303 648 2371 τῇ
693 2303 882 2373 χρονίᾳ
926 2303 1250 2372 παραδρομῇ
1283 2301 1454 2372 λήθης
1505 2301 1687 2371 βυθοῖς
1740 2301 1834 2353 καλ⁸
1889 2299 2170 2368 ἀγνωσίας

579 2393 930 2464 ἐπικαλυφθῇ
967 2395 1029 2446 τὸ
1056 2392 1358 2463 παράδοξον
1386 2394 1478 2446 τοῦ
1513 2393 1811 2462 θαύματος,
1837 2391 2059 2461 γεγονὸς
2076 2392 2170 2445 ἐπὶ

578 2485 680 2554 τῆς
709 2487 989 2556 ἡμετέρας
1019 2487 1232 2553 γενεᾶς.
1273 2485 1397 2540 (hec
1426 2487 1589 2556 igitur
1617 2503 1710 2540 nos
1744 2486 2165 2554 conscripsimus,

579 2593 698 2649 qute
735 2578 898 2632 oculis
929 2579 1121 2632 nostris
1154 2578 1380 2633 vidimus
1413 2588 1462 2632 et
1506 2579 1724 2631 auribus
1778 2579 1968 2632 nostris
2008 2578 2168 2630 audi-

577 2672 748 2725 vimus
802 2672 857 2724 in
904 2671 1130 2742 gloriam
1182 2682 1229 2725 et
1286 2673 1494 2725 laudent
1529 2672 1643 2735 Dei,
1678 2688 1742 2725 ne
1787 2671 2035 2741 temporis
2071 2675 2165 2724 de-

578 2777 734 2814 cursu
765 2762 1034 2816 oblivionis
1087 2765 1446 2833 profunditate
1492 2775 1649 2831 atque
1691 2763 2006 2832 iguorantiw
2062 2762 2167 2814 im-

511 2854 521 2863 '
575 2862 850 2921 mergatur
904 2852 1000 2906 hoc
1043 2853 1361 2908 admirabile
1411 2854 1732 2908 miraculum
1782 2863 1962 2908 nostra
2009 2859 2167 2909 wtate

575 2940 801 3011 factum.

663 3031 721 3084 '0
762 3032 965 3100 Κύριος
994 3034 1368 3100 ἐϐασίλευσεν,
1400 3035 1749 3104 ἀγαλλιάσθω
1777 3037 1810 3107 ἠ
1862 3035 1955 3105 γῆ.
1992 3035 2164 3090 Joan-

573 3125 664 3180 nis
696 3127 1058 3196 metropolitae
1092 3128 1502 3193 Euchaitarum,
1554 3130 1632 3190 si;
1665 3129 1765 3198 τὴν
1800 3129 2022 3198 μνήμην
2066 3127 2162 3181 τοῦ

579 3217 819 3285 μεγάλου
880 3219 1283 3292 τροπαιοφόρου
1348 3219 1488 3290 μετά
1549 3219 1741 3290 τρίτην
1801 3219 2014 3290 ἡμέραν
2069 3220 2164 3274 τοῦ

578 3306 774 3375 Πάσχα
813 3309 1170 3380 τελουμένην.

665 3390 723 3444 Ὀ
747 3391 945 3462 Κύριος
969 3394 1128 3462 ἡμῶν
1164 3395 1371 3464 Ἰησοῦς
1397 3395 1631 3467 Χριστὸς
1653 3398 1681 3450 ὁ
1707 3397 1898 3469 Σωτὴρ
1921 3399 2164 3455 πάντων.

575 3482 781 3538 Niceta:
805 3487 1070 3552 rhetoris,
1106 3488 1263 3556 λόγος
1282 3489 1682 3561 διηγηματικὸς
1711 3491 1843 3562 περὶ
1870 3492 1970 3561 τῆς
2001 3494 2170 3564 ἀθλήο
2214 3545 2216 3548 ,

581 3589 720 3636 σεως
753 3576 845 3627 καὶ
885 3576 1151 3646 εὑρέσεως
1201 3579 1297 3631 καὶ
1339 3580 1679 3650 ἀνακομιδῆς
1734 3581 1843 3634 τῶν
1897 3581 2168 3652 λειψάνων

577 3665 672 3719 τοῦ
705 3667 864 3734 ἁγίου
905 3671 1371 3741 πρωτομάρτυρος
1404 3671 1700 3741 Στεφάνου.

657 3759 716 3810 '0
750 3759 954 3827 Κύριος
989 3761 1146 3830 ἡμῶν
1185 3763 1394 3831 Ἰησοῦς
1418 3764 1653 3834 Χριστὸς
1675 3767 1701 3817 ό
1731 3765 1918 3837 Πατὴρ
1947 3765 2166 3822 πάντων

574 3846 682 3900 τῶν
729 3846 1120 3918 ἐλπιζομένων.
1175 3849 1456 3907 Michaelis
1486 3853 1668 3921 Pselli,
1712 3855 1869 3923 λόγος
1937 3857 2016 3920 είς
2066 3859 2166 3928 τὴν

575 3937 912 4008 ἀνακομιδὴν
963 3939 1056 3991 τοῦ
1092 3941 1278 4010 τιμίου
1329 3943 1588 4012 λειψάνῦυ
1631 3946 1724 3997 τοῦ
1760 3946 1918 4014 ἁγίου
1949 3965 2164 4019 πρωτο-

581 4029 859 4098 μάρτυρος
899 4031 1197 4099 Στεφάνου,
1235 4033 1478 4098 ἐκδοθεὶς
1517 4037 1892 4108 αὐτοσχέδιος.

658 4118 717 4172 '0
741 4120 898 4188 λόγος
927 4114 1083 4187 οὗτος
1120 4127 1147 4176 ὁ
1175 4125 1273 4193 τῆς
1302 4127 1456 4191 ὁσίας
1503 4130 1635 4198 ἡμῖν
1686 4130 1777 4182 τὸν
1822 4131 1938 4200 βίον
1967 4133 2165 4203 ἄριστα

575 4209 1042 4284 διαζωγραφήσας
1093 4216 1299 4284 ἀγαθοῦ
1350 4236 1494 4282 τινος
1565 4221 1740 4285 ἔθους.
1771 4222 2038 4279 Manuelis
2065 4224 2164 4280 Pa-

573 4301 788 4374 laaologi
821 4304 1167 4375 imperatoris
1197 4309 1390 4364 oratio.
1425 4311 1548 4364 Ὅτι
1590 4316 1622 4384 ή
1659 4314 1757 4384 μὲν
1812 4315 2055 4385 ἁμαρτία
2102 4316 2163 4369 τὸ

574 4395 796 4452 στάντων
857 4401 1169 4472 χείριστον·
1217 4403 1300 4457 δεῖ
1347 4405 1404 4458 δὲ
1436 4407 1512 4478 μὴ
1562 4409 1962 4476 ἀπογινώσκειν
2019 4413 2158 4481 μήτε

2275 1927 2392 1997 βίου
2440 1927 2536 1981 τοῦ
2575 1929 2633 1980 ἐν
2685 1929 2862 1994 ἁγίοις
2917 1930 3130 2001 [ἰατρὸς
3184 1931 3342 2001 ἡμῶν
3393 1932 3668 2002 Εὐθυμίου
3727 1933 3868 2004 πρὸς

2273 2018 2421 2072 ἀῦὅά
2456 2021 2496 2072 Γ
2500 2020 2732 2091 εώργιον
2764 2022 2858 2075 καὶ
2895 2023 3223 2092 ἡγούμενον,
3253 2025 3311 2075 ὲν
3345 2025 3663 2093 κεφαλαίοις
3692 2026 3788 2080 νθ’.

2355 2111 2587 2165 Ὀπόταν
2607 2114 2672 2167 τὸ
2697 2115 2797 2185 ἔαρ
2819 2115 3024 2186 ἐπέλθῃ
3055 2115 3122 2168 τά
3159 2115 3268 2170 τῶν
3299 2119 3567 2188 σωμάτων
3600 2123 3868 2190 στοιχεῖα.

2270 2200 2494 2259 Joannis
2527 2206 2772 2276 episcopi
2808 2206 3049 2271 Euboeae,
3101 2206 3260 2277 λόγος
3314 2210 3587 2282 ἱστορικὸς
3637 2213 3717 2274 είς
3762 2212 3872 2280 τὴν

2270 2297 2436 2365 ἁγίαν
2459 2297 2554 2350 τοῦ
2583 2298 2825 2367 Χριστοῦ
2858 2301 3134 2370 γέννησιν.

2344 2382 2471 2462 [105
2475 2388 2494 2460 J
2507 2389 2638 2462 '0p0
2648 2408 2736 2459 po;
2752 2393 2884 2461 ἡμῖν
2898 2393 3115 2461 φαεινότ
3125 2408 3270 2456 ατος,
3291 2391 3592 2456 εὐσεϐείας,
3612 2391 3707 2446 καὶ
3727 2392 3790 2445 λα
3799 2410 3871 2462 μ-

2272 2483 2427 2550 πρῶν
2461 2484 2756 2553 θαυμάτων
2807 2485 3065 2555 περιοχή.
3095 2484 3373 2552 Michaelis
3400 2485 3871 2553 archimandritae,

2269 2578 2350 2640 εἰς
2366 2577 2456 2630 τὸν
2504 2578 2617 2648 βίον
2637 2576 2728 2630 καὶ
2764 2575 2830 2630 τὰ
2849 2576 3102 2649 θαύματα
3145 2577 3240 2632 τοῦ
3277 2577 3426 2631 ὁσίου
3474 2577 3688 2648 Πατρὸς
3705 2577 3870 2648 ἡμῶν

2269 2669 2564 2726 Νικολάου.

2342 2749 2509 2816 Ὅσαι
2561 2764 2672 2817 τῶν
2727 2767 2936 2820 πόλεων
2982 2769 3263 2841 βούλονται
3316 2774 3429 2837 τοῖς
3483 2772 3871 2843 βασιλεύουσιν

2267 2853 2428 2923 χάριν
2472 2854 2725 2912 ἐκτίνειν.
2792 2859 3050 2914 Demetrii
3101 2861 3324 2932 Cydonii
3354 2901 3371 2927 ,
3427 2864 3585 2933 λόγος
3635 2866 3716 2927 είς
3769 2862 3866 2917 τὸν

2267 2946 2685 3018 Εὑαγγελισμὸν
2704 2950 2805 3020 τῆς
2841 2952 3150 3023 ὑπεραγίας
3181 2956 3468 3010 Θεοτόκου.

2330 3039 2473 3092 Ὅσα
2496 3041 2593 3110 μὲν
2607 3041 2684 3111 τῷ
2702 3043 2934 3113 παρόντι
2952 3043 3115 3116 λόγῳ.
3135 3044 3407 3103 Theodori
3430 3048 3737 3104 Metochita:
3751 3043 3866 3104 Ge-

2267 3131 2377 3185 nici
2403 3130 2740 3202 Lngothelm,
2764 3136 3039 3207 ἐγκώμιον
3054 3140 3132 3202 είς
3149 3141 3446 3212 Γρηγόριον
3464 3141 3556 3194 τὸν
3574 3142 3861 3211 Θεολόγον.

2344 3223 2499 3276 Ὅσοι
2524 3229 2588 3295 τῇ
2614 3226 2843 3279 κενώσει
2864 3227 2960 3281 106
2993 3230 3193 3297 Λόγου,
3223 3231 3323 3302 τῆς
3355 3232 3613 3304 ἀληθείας
3640 3249 3867 3304 περιαι-

2271 3312 2520 3383 ρεθέντες
2569 3316 2630 3368 τὸ
2698 3317 2983 3388 κάλυμμα.
3050 3323 3283 3376 Andreae
3345 3322 3653 3388 Cretensis,
3703 3323 3862 3391 λόγος

2269 3404 2350 3466 είς
2382 3403 2480 3475 τὴν
2504 3406 2948 3477 Μεταμόρφωσιν
2977 3409 3070 3463 106
3095 3411 3323 3480 Κυρίου.

2375 3499 2521 3551 Οταν
2556 3498 2792 3571 εὕρωσιν
2823 3501 2872 3554 οί
2899 3503 3186 3570 φιλοπόται
3213 3504 3356 3558 οῐνου
3392 3505 3698 3576 δαψίλειαν.
3723 3508 3864 3565 Gre-

2269 3590 2404 3660 gorii
2435 3591 2693 3661 Nysseni,
2758 3592 2916 3660 λόγος
2959 3595 3038 3658 είς
3067 3596 3159 3649 τὸν
3205 3597 3520 3669 Ἀσπασμδν
3575 3600 3676 3672 τῆς
3729 3619 3864 3655 παν-

2269 3679 2432 3749 αγίας
2472 3682 2734 3735 Θεοτόκου
2764 3685 3006 3754 Μαρίας.

2353 3771 2412 3824 ὐ
2440 3771 2532 3824 τὸν
2563 3773 2741 3843 μέγαν
2790 3779 2890 3846 τῆς
2939 3775 3168 3848 βροντῆς
3218 3779 3378 3850 λόγον
3410 3784 3858 3854 προτρεπόμενος

2268 3864 2536 3919 ἐπαινεῖν.
2570 3864 2775 3922 Nicctaa
2821 3869 3081 3934 rhetoris,
3128 3871 3406 3942 ἐγκώμιον
3454 3875 3536 3937 εἰς
3577 3874 3670 3928 τδν
3699 3876 3856 3944 ἅγιον

2267 3957 2565 4012 ἀπόστολον
2605 3961 2700 4012 καὶ
2753 3961 3150 4033 εὑαγγελιστὴν
3190 3963 3461 4035 Ἰωάννην.

2348 4048 2407 4101 ’0
2436 4049 2528 4102 τὸν
2552 4051 2798 4118 παρόντα
2821 4053 3281 4122 συγκεκροτηκὼς
3315 4055 3574 4122 σύλλογον
3599 4057 3698 4127 τὴν
3721 4075 3860 4127 χαρ-

2271 4139 2501 4208 μόσυνον
2555 4141 2782 4212 ταύτην.
2842 4141 3068 4213 Iosephi
3121 4145 3397 4216 ἐγκώμιον
3445 4149 3527 4210 είς
3576 4147 3665 4201 τὸν
3701 4151 3858 4216 ἆγιον

2268 4231 2675 4302 Βαρθολομαῖον
2704 4234 2795 4287 τὸν
2819 4235 3137 4290 ἀπόστολον.
3433 4225 3435 4230 ’

2266 4367 2273 4377 .
2351 4324 2408 4378 '0
2469 4324 2561 4378 106
2615 4325 2751 4378 Θεοῦ
2804 4326 3132 4396 προαιὼνιος
3187 4330 3283 4382 καὶ
3337 4331 3710 4404 ἀπερίληπτος
3762 4337 3860 4391 καὶ

2269 4419 2674 4489 παντοκράτωρ
2741 4418 2936 4486 Λόγος.
2999 4420 3244 4493 Gregorii
3303 4422 3536 4480 Palamte
3613 4427 3857 4498 episcopi

573 4489 736 4542 αὐτὸν
769 4492 908 4562 μήτε
939 4493 1151 4564 ἕτερον,
1188 4499 1282 4551 καὶ
1320 4501 1450 4572 περὶ
1473 4501 1572 4572 τῆς
1599 4502 1692 4554 τοῦ
1733 4502 1869 4556 Θεοῦ
1901 4503 2159 4574 προνοίας
2194 4511 2238 4566 ι)
2266 4509 2796 4576 Thessalonicensis,
2839 4511 2970 4582 περὶ
3005 4489 3278 4583 τῆςήκατά
3310 4516 3492 4587 σάρκα
3520 4517 3615 4570 τοῦ
3645 4489 3859 4589 ίίυρίόυ

573 4584 671 4635 καὶ
699 4585 1132 4657 φιλανθρωπίας.
1165 4589 1629 4662 Ἀναγινώσκεται
1663 4596 1803 4667 μετά
1825 4598 1885 4650 τὸ
1911 4599 2160 4667 ἀναγνω-

574 4674 772 4744 σθῆναι
821 4678 913 4732 τὸν
949 4679 1063 4750 βίον
1091 4683 1189 4753 τῆς
1218 4686 1374 4749 ὁσίας
1405 4688 1628 4757 Μαρίας
1678 4690 1780 4760 τῆς
1829 4691 2158 4757 Αἰγυπτίας.

570 4764 857 4823 Peccatum
905 4787 1013 4826 rem
1075 4776 1309 4829 omnium
1356 4780 1638 4847 pessimam
1696 4798 1824 4836 esse.
1867 4782 1988 4837 Non
2052 4802 2161 4840 esse

566 4860 962 4930 desperandum
991 4881 1154 4937 neque
1174 4869 1236 4922 de
1258 4886 1312 4922 se
1343 4887 1509 4941 neque
1540 4873 1603 4925 de
1628 4873 1757 4928 alio.
1789 4875 1856 4928 Et
1888 4876 1951 4930 de
1979 4877 2158 4932 divina

570 4954 899 5019 providentia
951 4965 1000 5009 et
1039 4959 1392 5014 humanitate.
1442 4963 1659 5032 Legitur
1706 4975 1981 5038 postquam
2023 4969 2158 5022 lecta

569 5045 729 5114 fuerit
767 5048 875 5100 vita
899 5060 1097 5105 sancta:
1129 5053 1321 5107 Maria:
1344 5054 1696 5124 Egyptiacaz.

657 5138 714 5191 Ὀ
766 5139 924 5208 λόγος
979 5141 1056 5213 τῷ
1091 5147 1377 5217 μυρορῤόᾳ
1411 5150 1712 5221 Δημητρίῳ
1755 5150 1827 5204 τά
1877 5151 2153 5223 θαύματα.

565 5228 801 5286 Joannis
824 5232 1098 5290 Stauracii
1135 5238 1574 5311 chartophylacis
1623 5242 2155 5313 Thessalonicensis,

571 5321 729 5390 λόγος
788 5327 869 5387 είς
894 5324 964 5379 τὰ
997 5324 1252 5399 θαύματα
1282 5329 1376 5384 τοῦ
1430 5333 1713 5406 μυρορῤόα
1759 5334 2000 5404 μεγάλου
2053 5336 2158 5406 Δη-

571 5429 681 5482 μητ
689 5413 824 5483 ρίου.

647 5504 706 5558 'O
755 5508 930 5576 μέγας
974 5510 1274 5578 ἀπόστολος
1297 5515 1532 5581 Παῦλος,
1559 5517 1588 5570 ὁ
1618 5517 1727 5572 τῶν
1766 5520 2018 5590 μεγάλων
2054 5540 2157 5593 μυ-

568 5593 811 5683 στηρίων
845 5598 1140 5671 ἐξηγητής.
1185 5601 1415 5660 Joannis
1459 5608 1716 5663 monachi
1755 5621 1810 5664 et
1850 5612 2156 5683 presbyteri

569 5682 808 5748 Eubtete,
841 5687 999 5758 λόγος
1025 5692 1104 5755 είς
1133 5693 1230 5764 τὴν
1261 5696 1646 5772 σύλληψινιτῆς
1678 5702 1840 5771 ἁγίας
1868 5682 2153 5761 Θεοτόκου.

651 5776 707 5831 Ὀ
766 5779 867 5851 μὲν
929 5783 1187 5856 αἰσθητὸς
1240 5788 1392 5859 ἥλιος
1451 5792 1590 5863 ὑπὲρ
1666 5794 1774 5866 γῆν
1827 5795 2152 5852 ἀνατέλλων.

2265 4599 2422 4671 ἡμῶν
2454 4602 2788 4669 οἰκονομίας,
2824 4603 2920 4656 καὶ
2959 4604 3068 4658 τῶν
3115 4606 3182 4660 δι’
3223 4608 3395 4678 αὐτῆς
3439 4611 3863 4680 κεχαρισμένων

2262 4694 2376 4756 τοῖς
2415 4691 2490 4754 ὡς
2519 4693 2740 4764 ἀληθῶς
2776 4695 2857 4758 είς
2891 4696 3053 4749 αὑτὸν
3098 4699 3440 4766 πιστεύουσι,
3483 4701 3578 4753 καὶ
3605 4703 3672 4756 τά
3701 4701 3858 4771 ἑξῆς.

2349 4785 2407 4838 '0
2430 4785 2539 4838 τῶν
2575 4787 2748 4854 ἁγίων
2773 4789 3104 4858 πνευμάτων
3144 4790 3349 4861 Κύριος
3381 4793 3475 4846 καὶ
3506 4795 3688 4863 πάσης
3721 4811 3864 4864 σαρ-

2263 4878 2358 4944 κὸς
2403 4878 2782 4950 ὲξουσιαστής.
2812 4879 2923 4932 Pan
2937 4880 3170 4936 taleonis
3193 4885 3407 4939 diaconi
3439 4894 3494 4939 et
3522 4886 3864 4955 cltartopliy--

2261 4969 2395 5025 lacis
2443 4970 2648 5041 Magnae
2691 4970 2976 5038 Ecclesiae,
3005 4973 3284 5044 ἐγκώμιον
3317 4979 3397 5040 εἰς
3425 4977 3516 5029 τὸν
3549 4977 3859 5046 ἀρχιστρά-

2260 5079 2426 5132 τηγον
2446 5064 2686 5135 Μιχαήλ.

2344 5154 2404 5207 '0
2458 5155 2568 5208 τῶν
2620 5157 2803 5212 ἀΰλων
2864 5157 3193 5228 πνευμάτων
3248 5158 3455 5231 Κύριος
3518 5161 3614 5213 καὶ
3669 5163 3860 5234 πάσης

2261 5246 2467 5316 σαρκὸς
2521 5247 2899 5321 ὲξουσιαστῆς.
2938 5250 3292 5308 Pantaleonis
3335 5253 3577 5320 diaconi,
3635 5255 3717 5318 εὶς
3761 5256 3858 5313 τὸν

2263 5338 2437 5408 μέγαν
2484 5340 2922 5414 ἀρχιστράτηγον
2961 5345 3205 5416 Μιχαὴλ.

2345 5432 2403 5484 '0
2423 5432 2532 5486 τῶν
2559 5435 2703 5490 κατὰ
2740 5437 2873 5490 Θεὸν
2903 5439 3314 5510 πολιτευμάτων
3335 5439 3446 5508 βίος
3464 5439 3856 5513 ὲξιστορούμε-

2259 5539 2370 5589 νος,
2401 5525 2659 5590 ὑπόθεσις
2689 5529 3033 5602 εὐφροσύνης
3056 5533 3172 5594 τοῖς
3199 5531 3468 5599 φιλοθέοις
3501 5533 3851 5590 καθίσταται.

2260 5616 2508 5688 Gregorii
2544 5622 2888 5690 patriarchae,
2923 5624 3037 5694 βίος
3062 5625 3156 5678 καὶ
3187 5625 3441 5680 πολιτεία
3467 5666 3482 5692 ,
3524 5629 3621 5682 καὶ
3646 5629 3853 5700 μερικὴ

2258 5711 2554 5781 θαυμάτων
2587 5714 2840 5784 διήγησις
2873 5717 2968 5768 τοῦ
3002 5717 3149 5770 ὁσίου
3198 5718 3412 5800 uappa;
3663 5720 3853 5787 Λαζά-

2261 5815 2379 5869 ρου,
2406 5799 2501 5853 τοῦ
2527 5801 2583 5857 ἐν
2611 5801 2687 5872 τῷ
2710 5803 2963 5877 Γαλησίῳ
2997 5805 3134 5877 ὄρει.
