4134 6422
532 364 651 430 ’133

1836 357 2114 419 LEONIS
2151 357 2461 423 ALLATII

3697 362 3803 423 104

542 475 696 536 Θεός.
747 472 962 528 Ioannis
1015 467 1524 526 Thessalonicensis
1554 467 1818 540 episcopi,
1850 466 2020 539 ῦμνος
2051 469 2125 531 είς

2235 465 2463 538 χρόνων.
2498 458 2651 523 Unde
2681 482 2777 523 sua
2810 467 3056 523 hauserit
3083 468 3198 537 ipse
3230 467 3284 522 in
3311 466 3581 537 principio
3606 469 3811 526 oratio-

541 565 700 630 Θεὸν,
732 565 826 618 καὶ
856 565 937 627 είς
978 564 1072 617 τὸν
1113 560 1436 627 πανένδοξον
1481 558 1782 631 άθλοφόρον
1810 560 2126 631 Δημήτριον

544 657 605 709 ὲν
628 659 828 727 μερικῇ
862 656 1117 727 διηγήσει
1138 652 1249 706 τῶν
1278 648 1450 705 αὑτοῦ
1474 650 1788 721 θαυμάτων.

615 747 1079 818 Παραγενομένης
1123 744 1225 814 τῆς
1255 742 1352 796 τοῦ
1382 741 1623 812 Χριστοῦ
1661 741 1970 812 γεννήσεως
2000 740 2125 810 ἐορ-

542 839 662 909 τῆς.
727 839 951 894 Eusebii
1006 835 1362 893 Alexandrini
1411 833 1569 904 λόγος
1628 835 1723 903 είς,
1766 835 1869 904 τὴν
1921 833 2127 905 Γέννη-

544 946 630 983 σιν
658 931 753 983 τοῦ
778 929 1037 1002 Χριστοῦ.

613 1018 923 1091 Παράδοξος
983 1021 1017 1090 ή
1073 1018 1402 1090 πανήγυρις,
1457 1017 1541 1071 ὅτι
1600 1015 1697 1070 καὶ
1746 1014 1810 1068 τδ
1866 1013 2010 1085 ῦπὶρ
2066 1006 2128 1068 οὗ

545 1106 1007 1182 συγκεκρότηται.
1070 1110 1313 1182 Gregorii
1364 1107 1731 1164 archidiaconi
1781 1116 1838 1162 et
1890 1106 2130 1163 referen-

543 1203 683 1258 darii
733 1204 937 1273 Magnae
971 1203 1230 1258 Ecclesiae
1285 1201 1919 1271 Constantinopolitanae,
1972 1199 2127 1267 λόγος

543 1295 628 1347 ὅτι
659 1296 848 1366 νόμοις
879 1294 1176 1364 ὲγκώμιων
1210 1295 1308 1363 οὐχ
1347 1292 1633 1347 ὑπόκειται
1676 1292 1738 1345 τὺ
1789 1289 2125 1362 παράδοξον·

545 1386 640 1437 καὶ
674 1387 757 1438 ὅτι
801 1386 1141 1457 πατριάρχαι
1188 1387 1338 1454 τρεῖς
1388 1382 1783 1447 άνεξετάξαντο
1829 1384 2128 1451 ἐκμαγεῖον

544 1474 686 1531 εἶναι
734 1479 993 1548 Χριστοῦ,
1025 1479 1165 1547 ὅπερ
1217 1478 1327 1530 άπὸ
1374 1475 1443 1528 τά
1498 1475 1697 1528 Ἐδεσα
1756 1475 1896 1544 μετὰ
1930 1475 2128 1527 »ἐννεα-

544 1567 702 1621 κόσια
745 1567 840 1636 ἐτη
886 1568 981 1620 καὶ
1035 1567 1195 1627 ἐννέα
1223 1565 1319 1620 καὶ
1353 1564 1487 1619 δέκα
1537 1565 1883 1636 μετηγάγετο
1922 1564 2125 1635 σπουδῇ

482 1676 497 1699 ι
546 1658 813 1728 βασιλέως
841 1659 899 1712 ἐν
938 1656 1047 1710 ἔτει
1081 1653 1281 1727 ,ςυνβ¹.

616 1748 942 1819 Παραδόξων
1027 1748 1375 1821 πραγμάτων
1437 1746 1898 1831 οδυσπαράδεκτος
1955 1746 1989 1816 ή
2048 1744 2126 1800 δι·-

542 1838 763 1910 ήγησις.
804 1838 920 1891 ἀλλ’
953 1837 1014 1891 οὗ
1045 1839 1157 1898 τοῖς
1194 1834 1290 1889 τοῦ
1329 1837 1607 1905 ἡμετέρου
1658 1837 1747 1888 καὶ
1794 1834 1938 1888 θείου
1988 1833 2130 1903 πλη-

548 1928 821 2000 ρώματος.
848 1927 1198 1985 Constantini
1230 1927 1555 1996 Acropolita:
1584 1927 1766 1997 magni
1807 1926 2116 1997 logothetm,

549 2021 850 2091 μαρτύριον
883 2023 962 2083 είς
992 2021 1082 2073 τὸν
1113 2020 1270 2085 ἅγιον
1305 2020 1556 2089 μάρτυρα
1580 2018 1878 2087 Νεόφυτον.

618 2113 891 2183 Πάρεστιν
948 2113 983 2183 ή
1043 2113 1230 2183 μνήμη
1296 2110 1613 2182 Δημητρίου
1665 2109 1760 2163 τοῦ
1827 2109 2123 2180 μάρτυρος.

545 2201 792 2272 Gregorii
814 2201 1034 2257 diaconi
1084 2210 1140 2257 et
1167 2200 1547 2266 referendarii,
1587 2199 1865 2270 ἐγκώμιον
1908 2201 1989 2264 είς
2037 2200 2126 2253 τὸν

548 2295 805 2366 μάρτυρα
836 2297 1172 2365 Δημήτριον.

620 2387 758 2452 Παρ’
796 2387 929 2455 ἡμῖν
973 2386 1019 2437 δ’
1070 2381 1163 2439 οὖν
1212 2386 1273 2438 οὐ
1328 2386 1532 2442 σπάνια
1578 2386 1650 2439 τὰ
1708 2384 1875 2451 καλὰ,
1921 2384 1983 2437 τὸ
2028 2382 2125 2438 τοῦ

548 2477 729 2545 λόγου.
780 2476 1005 2531 Joannis
1060 2476 1449 2532 Euchaitarum
1499 2476 1882 2546 metropolitae,
1919 2478 1998 2538 είς
2025 2476 2126 2548 τὴν

549 2569 774 2639 μνήμην
810 2568 904 2622 τοῦ
960 2569 1121 2638 ἁγίου
1178 2569 1457 2640 μάρτυρος
1509 2567 1809 2639 Θεοδώρου,
1874 2568 1991 2641 ﬁrm
2028 2567 2125 2621 τοῦ

532 2660 745 2723 -Πεζοῦ,

621 2751 934 2822 Παρθενικὴ
956 2752 1266 2824 πανήγυρις
1294 2755 1535 2824 σήμερον
1557 2752 1655 2823 τὴν
1672 2752 1920 2821 γλῶτταν
1944 2753 2122 2823 ἡμῶν.

547 2842 726 2897 Procli
788 2844 1111 2913 patriarcha:
1181 2845 1790 2916 Constantinopolitani,
1851 2844 2128 2916 ἐγκώμιον

545 2935 631 2997 είς
659 2935 761 3003 τὴν
788 2934 1097 3006 ὑπεραγίαν
1131 2936 1411 2994 Θεοτόκον.

617 3027 797 3080 Πᾶσαι
855 3028 953 3097 μὲν
1014 3029 1070 3080 αἱ
1115 3028 1414 3101 μαρτυρίαι
1466 3031 1560 3087 καὶ
1608 3032 1947 3101 πανηγύρεις
1986 3029 2124 3086 θαυ-

422 3190 441 3197 _
550 3120 762 3190 μαστὴν
795 3119 1179 3216 λαμπρότητα.
1234 3120 1411 3179 Procli
1458 3122 1784 3192 patriarchae
1805 3122 2121 3178 Constantio
2154 3155 2199 3216 α

546 3210 871 3280 nopolitani,
926 3211 1203 3283 ἐγκώμιον
1237 3213 1315 3278 είς
1336 3214 1434 3285 τὴν
1479 3215 1641 3282 ἁγίαν
1697 3214 1975 3285 Παρθένον
2031 3216 2129 3270 καὶ

488 3334 491 3339 -
548 3301 832 3361 Θεοτόκον.

610 3376 960 3467 [1061Πᾶέα
989 3393 1148 3467 ἑορτὴ
1186 3395 1281 3449 καὶ
1324 3396 1525 3469 πρᾶξις
1563 3395 1661 3450 τοῦ
1718 3396 1925 3469 Κυρίου
1969 3400 2130 3469 ήμῶν

548 3483 729 3553 Ἰησοῦ
792 3482 1051 3556 Χριστοῦ.
1107 3485 1400 3558 prraemii
1456 3488 1597 3561 Syri,
1645 3488 1804 3559 λόγος
1878 3493 1960 3556 είς
2037 3493 2130 3547 τὸν

542 3573 690 3626 Σταυ
700 3572 811 3643 ρόν.

620 3665 777 3719 Πᾶσα
813 3662 913 3736 μὲν
965 3670 1264 3741 μάρτυρων
1324 3671 1564 3739 Χριστοῦ
1607 3672 1800 3744 τελετὴ
1857 3674 1952 3727 καὶ
1993 3691 2129 3730 παν-

546 3757 763 3830 ήγυρις.
801 3761 1080 3818 Michaelis
1100 3764 1377 3830 monachi,
1404 3765 1682 3835 ἐγκώμιον
1734 3769 1814 3832 είς
1862 3768 1954 3823 τὸν
1995 3786 2133 3823 παν·-

547 3849 758 3916 ένδοξον
795 3850 889 3904 τοῦ
923 3853 1164 3924 Χριστοῦ
1192 3846 1489 3910 ἀπόστολον
1519 3857 1810 3913 Φίλιππον.

616 3942 776 3994 Πᾶσα
829 3941 928 4011 μὲν
970 3945 1236 4013 σωτήριος
1290 3945 1473 4016 ἑορτή.
1511 3930 1711 4004 [Ϊεοηὶε
1762 3949 2127 4021 imperatoris,

542 4030 700 4097 λόγος
723 4035 800 4094 είς
824 4032 921 4103 τὴν
954 4034 1397 4103 Μεταμόρφωσιν
1423 4036 1520 4091 τοῦ
1555 4040 1829 4111 Σωτῆρος.
1880 4054 1889 4061 ‘

630 4121 841 4185 Παῦλος
864 4125 893 4175 6
932 4124 1295 4190 άπόστολολος
1343 4128 1590 4200 Ἐϐραῖος
1617 4132 1716 4201 μὲν
1752 4129 1821 4203 ἦν
1858 4133 1921 4187 τὸ
1952 4134 2129 4203 γένος.

545 4212 861 4269 Theodoriti
937 4214 1288 4284 Sculariotte,
1348 4223 1429 4285 είς
1491 4224 1584 4277 τὸν
1648 4222 1767 4294 βίον
1818 4225 1913 4278 τοῦ
1969 4227 2127 4297 ἁγίου

544 4306 757 4360 Παύλου
793 4308 886 4361 τοῦ
917 4309 1217 4364 άπόστολου
1229 4351 1244 4367 .

615 4401 768 4471 Πηδᾷ
814 4402 908 4455 καὶ
961 4403 1138 4475 γῆρας
1172 4404 1249 4466 ὡς
1271 4405 1343 4459 τὰ
1370 4407 1542 4461 πολλὰ
1581 4408 1895 4481 προθυμίας
1953 4413 2128 4480 τόνοις

2226 560 2314 615 nis
2367 561 2447 617 sic
2475 571 2661 616 narrat
2697 580 2710 616 :
2760 562 3173 631 Ἐγκωμιασταὶ
3201 561 3258 614 δὲ
3289 560 3461 631 αὐτῆς
3508 560 3694 614 πολλοὶ
3747 564 3814 617 ὲκ

2227 652 2337 706 τῶν
2370 652 2544 720 ἁγίων
2575 653 2836 724 Πατέρων
2860 654 3150 721 γεγόνασιν
3182 669 3197 683 ·
3237 654 3412 717 οὐδεὶς
3440 654 3497 709 δὲ
3541 658 3601 724 ἐξ
3631 660 3813 715 αὐτῶν

2228 745 2485 817 περὶτῆς
2528 743 2771 813 βιώσεως
2800 746 2993 815 αὐτῆς,
3054 744 3153 799 καὶ
3202 744 3312 799 τῶν
3369 746 3578 817 χρόνων
3627 750 3662 821 ἢ
3709 751 3814 821 τῆς

2222 838 2623 910 ’ἀνατροφῆς,ἢ
2662 839 2758 893 τοῦ
2806 841 2997 903 τέλους
3054 838 3230 911 ὀρθῶς
3286 840 3381 894 καὶ
3436 840 3814 906 εὐαποδέκτως

2228 932 2523 1005 ἐσήμανεν.
2579 933 2742 987 Ἀλλά
2784 934 2880 987 καὶ
2908 935 2981 987 ροί
3023 934 3480 1005 ἐπιχειρήσαντες
3525 935 3616 988 καὶ
3672 938 3814 1006 μέρη

2227 1026 2350 1079 τινὰ
2389 1025 2636 1089 εἰπόντες
2670 1026 2769 1078 οὐκ
2804 1025 3224 1096 ὠρθοτόμησαν,
3272 1026 3387 1079 ἀλλ’
3432 1026 3646 1090 ἑαυτοῖς
3692 1026 3815 1095 ἔγε-

2228 1131 2382 1168 νοντο
2411 1119 2727 1184 κατήγοροι,
2754 1109 2865 1168 οἷον
2896 1115 3151 1181 Ἰάκωϐος
3188 1116 3458 1187 Ἐϐραῖος,
3495 1117 3588 1170 καὶ
3619 1116 3817 1188 ’Διρρο-

2228 1201 2465 1265 δισιανὸς
2498 1201 2737 1272 Πέρσης,
2795 1202 2891 1255 καὶ
2938 1203 3088 1257 ἄλλοι
3136 1205 3281 1268 τινὲς
3332 1207 3494 1275 μόνον
3542 1206 3669 1277 περὶ
3715 1207 3816 1276 τῆς

2230 1294 2499 1360 γενέσεως
2563 1290 2732 1362 αὐτῆς
2794 1294 3060 1360 εἰπόντες,
3132 1296 3334 1359 εὐθέως
3389 1298 3813 1369 ἀπεσιώπησαν.

2230 1384 2366 1452 Περὶ
2391 1384 2448 1437 δὲ
2476 1385 2576 1454 τῆς
2608 1386 2919 1455 κοιμήσεως
2955 1386 3124 1455 αὐτῆς
3147 1385 3404 1456 Ἰωάννης
3430 1389 3457 1439 6
3486 1388 3812 1442 Θεσσαλονι-

2218 1476 2365 1539 -κεὺς
2387 1476 2827 1547 πολυθρύλλητον
2880 1479 3250 1548 ποιησάμενος
3293 1479 3472 1547 λόγον,
3507 1481 3671 1543 αὐτὸς
3694 1482 3819 1534 ἑαυ-

2227 1567 2320 1621 τὸν
2372 1570 2720 1623 ἐπεσκίασεν.
2772 1569 2891 1635 Καὶ
2952 1569 3139 1639 ἕτερος
3182 1570 3239 1623 δὲ
3294 1570 3550 1639 Ἰωάννης
3621 1573 3817 1625 ἑαυτὸν

2226 1659 2492 1728 Θεολόγον
2533 1660 2867 1731 ἐπιχρὼσας,
2903 1660 2966 1713 τὸ
3008 1660 3103 1714 τοῦ
3144 1661 3373 1731 ψεύδους
3423 1661 3676 1732 ἔγκλημα
3727 1662 3815 1730 ἐφ’

2232 1751 2423 1805 ἑαυτὸν
2461 1753 2836 1805 ἐπεσπάσατο.
2865 1751 3125 1823 Ἀνδρέας
3153 1752 3209 1805 δὲ
3248 1753 3276 1804 6
3316 1752 3376 1817 ἐξ
3418 1753 3815 1824 Ἰεροσολύμων

2234 1843 2531 1907 ἐπίσκοπος
2580 1845 2828 1915 Κρήτης,
2883 1844 3040 1912 ὀλίγα
3082 1845 3205 1898 τινά
3255 1844 3445 1910 εἰπὼν,
3497 1844 3592 1897 καὶ
3653 1845 3815 1915 ὀρθο-

2224 1935 2480 2004 ’τομήσας
2546 1935 2626 1998 εἰς
2656 1935 2937 2004 ὲγκωμίου
2963 1935 3117 2001 τάξιν
3140 1935 3239 2005 τὴν
3265 1935 3523 2005 διήγησιν
3566 1936 3815 2007 ἔστησεν.

2244 2025 2436 2094 Ἡμεῖς
2464 2025 2521 2078 δὲ
2551 2026 2676 2088 τοὺς
2718 2025 2950 2089 πολλοὺς
3000 2025 3533 2097 διευκρινησάμενοι,
3563 2028 3656 2080 καὶ
3686 2028 3816 2080 cu).-

2231 2114 2483 2180 λέξαντες
2505 2115 2573 2168 τὰ
2608 2115 2841 2170 εὖπιστα
2874 2117 2971 2171 καὶ
3014 2116 3230 2187 βέσαια,
3279 2119 3373 2171 καὶ
3423 2117 3600 2189 ἀληθῆ
3646 2117 3710 2172 ἔκ
3753 2135 3817 2173 τε

2231 2206 2332 2276 τῆς
2401 2206 2865 2276 ὲκκλησιαστικῆς
2955 2207 3201 2276 ἱστορίας
3245 2207 3508 2261 Εὐσεείου
3561 2207 3657 2260 τοῦ
3717 2209 3821 2259 ἑπ-

2233 2298 2638 2369 ονομαζομὲνου
2672 2297 2983 2368 Παμφίλου,
3030 2298 3126 2350 καὶ
3173 2299 3240 2353 ἐκ
3278 2297 3387 2352 τῶν
3429 2298 3633 2351 λοιπῶν
3683 2314 3819 2364 συγ-

2233 2391 2491 2463 γραφέων
2540 2390 2637 2443 καὶ
2666 2389 3025 2455 διδασκάλων,
3059 2390 3259 2453 ἁπλαῖς
3303 2392 3425 2451 ταῖς
3486 2389 3665 2454 λέξεσι
3702 2392 3817 2453 τοῖς

2228 2482 2461 2536 ποθοῦσι
2493 2483 2561 2535 τὰ
2593 2483 2723 2553 περὶ
2748 2484 2919 2554 αὐτῆς
2964 2485 3416 2554 παραστήσομεν,
3454 2482 3549 2536 καὶ
3578 2484 3815 2536 ἑκάστου

2233 2573 2294 2627 τὸ
2312 2574 2483 2642 ὄνομα
2511 2574 2643 2644 παρ’
2663 2568 2838 2644 οὗπέρ
2873 2592 2930 2628 τι
2956 2576 3222 2646 ἐλάϐομεν
3251 2576 3344 2628 ἐπὶ
3365 2573 3457 2627 τοῦ
3501 2575 3815 2644 μετωπαίου

2235 2666 2614 2737 σημαίνωμεν.
2672 2667 2791 2720 Ἵνα
2845 2668 2919 2738 μὴ
2980 2667 3108 2740 δόξῃ
3163 2668 3274 2723 τισὶ
3314 2666 3621 2721 διαϐάλλειν
3663 2668 3816 2737 ἡμᾶς

2233 2754 2310 2818 ὡς
2361 2755 2491 2808 ῐδιόν
2540 2772 2597 2807 τι
2658 2755 3002 2821 προσθεῖναι,
3032 2758 3066 2827 ἢ
3123 2757 3338 2826 ὑφεῖλαι
3372 2774 3387 2789 ο
3428 2756 3530 2811 κᾶν
3594 2759 3658 2811 ὲκ
3704 2757 3816 2811 τῶν

2234 2844 2572 2916 ἀποκρύφων
2631 2862 2685 2897 τι
2745 2844 3021 2916 λάϐωμεν,
3077 2846 3110 2916 ἢ
3160 2847 3219 2914 ἐξ
3281 2849 3574 2917 αἱρετικῶν
3623 2849 3814 2919 μηδεὶς

2234 2939 2384 3009 ἡμᾶς
2434 2937 2858 3008 ὲπιμεμφέσθω.
2917 2940 2985 2994 Δί
3045 2941 3154 3010 γὰρ
3223 2941 3375 3011 παρὰ
3440 2940 3550 2994 τῶν
3602 2941 3814 3011 ἐχθρῶν

2238 3032 2536 3102 μαρτυρίαι
2575 3031 3016 3102 ἀξιοπιστότεραί
3049 3032 3210 3097 εἰσιν,
3237 3031 3313 3095 ὥς
3358 3049 3524 3104 φησιν
3566 3033 3594 3086 6
3640 3034 3815 3103 μέγας

2232 3122 2535 3190 Βασίλειος.
2623 3124 2786 3178 Ἀλλά
2866 3126 2960 3180 καὶ
3043 3125 3073 3178 ό
3157 3124 3462 3192 θαυμάσιος
3547 3125 3817 3197 Κύριλλος

2231 3221 2261 3273 6
2357 3216 2768 3289 Ἀλεξανδρείας
2874 3220 3305 3289 ἐρχιεπίσκοπος
3405 3218 3537 3272 αὐτὸ
3596 3280 3603 3287 ,
3654 3220 3815 3273 τοῦτο

2232 3311 2534 3381 ἐποίησεν,
2585 3311 2696 3365 άπὸ
2766 3310 3021 3383 Ἀδραὰμ
3077 3311 3183 3376 ἕως
3225 3311 3391 3367 Δαιῒδ
3447 3315 3527 3376 είς
3563 3313 3661 3385 τὴν
3720 3330 3815 3382 γεη-

2232 3402 2518 3471 νεαλογίαν
2588 3403 2682 3457 τοῦ
2736 3402 2935 3474 Ἰωσὴφ
3000 3404 3096 3457 τοῦ
3167 3405 3651 3474 μνηστευσαμένου
3714 3405 3814 3474 τὴν

2233 3495 2578 3565 πανάμωμον
2624 3495 2721 3549 καὶ
2770 3496 3036 3550 Θεοτόκον
3085 3496 3339 3566 Μαρίαν*
3399 3496 3493 3550 καὶ
3539 3495 3606 3550 τά
3663 3483 3819 3566 ἑξῆς.

2233 3586 2564 3641 Laudatares
2590 3602 2746 3657 porro
2761 3586 2906 3641 illius
2936 3587 3089 3642 multi
3127 3605 3192 3642 ea:
3220 3587 3323 3644 SS.
3364 3588 3616 3643 Patribus
3646 3590 3812 3658 fuere,

2231 3680 2325 3733 sed
2382 3679 2560 3735 nullus
2588 3679 2652 3732 de
2700 3679 2815 3749 ejus
2863 3679 2997 3745 vita,
3038 3681 3213 3745 annis,
3256 3681 3564 3734 educatione
3591 3687 3639 3732 et
3692 3679 3817 3732 vita:

2232 3772 2336 3840 ﬁne
2361 3780 2504 3826 certa
2536 3765 2844 3841 asscitaque
2876 3772 3261 3842 proauntiavit.
3302 3772 3488 3825 Verum
3515 3772 3550 3823 ii
3597 3774 3698 3843 ipsi
3723 3773 3814 3843 qui

2234 3862 2304 3916 ad
2320 3864 2414 3916 hoc
2426 3865 2593 3933 ipsum
2612 3879 2800 3918 manus
2812 3866 3177 3930 admoverunt,
3192 3874 3239 3918 et
3255 3865 3437 3935 qua'da
3447 3866 3813 3936 msingulatim

2234 3967 2612 4019 narraueram,
2641 3973 2745 4009 non
2769 3968 2905 4011 recte
2922 3974 3031 4010 rem
3049 3967 3398 4027 peregerunt;
3429 3960 3535 4010 imo
3566 3958 3700 4010 alter
3732 3957 3816 4010 al-

2235 4060 2403 4103 terum
2448 4051 2786 4119 improbavit,
2825 4052 2998 4121 qualis
3064 4043 3163 4120 fuit
3191 4049 3421 4104 Iacobus
3465 4051 3718 4105 Ilebrtrus
3764 4061 3815 4103 et

2230 4142 2649 4211 Aphrodisianus
2707 4140 2891 4207 Persa,
2948 4151 3000 4197 et
3031 4143 3148 4206 alii,
3183 4143 3272 4214 qui
3305 4145 3577 4213 principiis
3607 4144 3669 4197 de
3700 4141 3813 4212 ejus

2233 4236 2516 4289 nativitate
2543 4235 2807 4304 prolatis,
2848 4235 2992 4289 illico
3033 4235 3131 4288 sibi
3176 4235 3443 4290 silentium
3489 4237 3810 4291 indixerunt.

2236 4324 2302 4381 In
2320 4327 2435 4397 ejus
2451 4344 2567 4381 vero
2583 4328 2894 4381 dormitione
2906 4327 3135 4381 Joannes
3155 4325 3303 4399 [i07]
3322 4327 3811 4392 Thessalonicensis,

2233 4439 2537 4493 quanquam
2580 4424 2873 4477 orationem
2898 4424 3028 4476 satis
3085 4422 3349 4491 prolixam
3400 4423 3673 4484 edidisset,
3709 4439 3812 4475 non

542 4493 922 4584 νευρούμενον.
962 4495 1193 4551 Andreae
1231 4497 1535 4567 Cretensis,
1582 4501 1739 4570 λόγος
1765 4506 1845 4567 εἱς
1863 4503 1960 4577 τήν
1988 4508 2125 4561 ἀπο-

2234 4514 2454 4567 multam
2482 4515 2691 4567 laudem
2719 4521 3027 4568 consecutus
3049 4523 3145 4569 est.
3175 4512 3242 4566 Et
3275 4514 3414 4567 alius
3442 4513 3695 4579 Joannes,
3721 4514 3812 4584 qui

539 4583 719 4651 τομὴν
741 4583 835 4636 τοῦ
868 4586 1213 4655 Προδρόμου.

617 4672 913 4727 Πείθεσθαι
962 4676 1075 4737 τοῖς
1137 4675 1470 4745 ἡγουμένοις
1527 4678 1593 4731 ἐκ
1628 4678 1730 4748 τῆς
1764 4680 2126 4757 άποστολικῆς

542 4767 870 4837 ἐπιτραπεὶς
895 4767 1294 4836 παραινέσεως,
1342 4762 1388 4821 ὦ
1426 4770 1679 4838 Θεόφιλε.
1710 4772 1951 4844 Gregorii
1978 4794 2127 4847 pres-

540 4857 715 4929 byteri
742 4859 1005 4913 Caesareae
1025 4857 1400 4928 Cappadocia),
1426 4862 1582 4929 λόγος
1625 4867 1706 4928 είς
1724 4867 1850 4930 τοὺς
1870 4868 2061 4936 ἁγίους
2080 4871 2126 4925 τ’

536 4950 639 5003 οιαὶ
667 4948 715 5019 η’
753 4950 1027 5020 Πατέρας,
1090 4952 1187 5008 καὶ
1232 4953 1312 5016 είς
1338 4955 1744 5011 Κωνστανῖῖνον
1781 4960 1872 5013 τὸν
1908 4963 2129 5019 εὐσεϐέ-

544 5057 738 5097 στατον
760 5041 1008 5111 βασιλέα.

610 5135 753 5206 Περὶ
806 5134 1015 5206 ταύτης
1069 5150 1134 5203 γε
1178 5135 1390 5205 μέντοι,
1445 5140 1572 5209 περὶ
1606 5142 1811 5215 ταύτης
1849 5146 1948 5216 τῆς
1979 5149 2127 5217 φιλο.

545 5226 822 5297 μάρτυρος
855 5225 1103 5296 ἔγνωμεν
1135 5225 1288 5279 οὐδέν
1326 5243 1379 5280 τι
1416 5230 1604 5297 σαφές.
1640 5231 1868 5291 JOannis
1904 5248 2113 5295 metro-

541 5318 721 5386 polita:
749 5318 1163 5380 Euchaitarum,
1207 5319 1364 5386 λόγος
1439 5321 1519 5384 είς
1577 5325 1676 5393 τὴν
1744 5328 1968 5400 μνήμην
2022 5331 2125 5402 τῆς

540 5409 937 5477 όσιομάρτυρος
974 5408 1274 5472 Εὐσεσείας
1297 5408 1393 5480 τῆς
1423 5410 1485 5464 ὲν
1523 5413 1836 5484 Εὐχαΐταις.

616 5496 753 5566 Περὶ
786 5499 887 5567 τῆς
930 5501 1136 5569 κυρίως
1189 5503 1525 5575 καὶ·ἀληθῶς
1549 5504 1814 5563 Θεότ6κου
1841 5511 1935 5563 καὶ
1982 5513 2125 5567 Ἀει-

540 5586 812 5655 παρθένου
861 5591 1080 5662 Μαρίας
1130 5594 1318 5649 πολλοὶ
1367 5595 1751 5663 διεξελθόντων
1806 5603 1969 5656 πάλαι
2041 5604 2122 5658 δι-

543 5674 847 5735 δασκάλων.
899 5682 1190 5752 Epiphanii
1218 5689 1489 5743 monachi
1543 5703 1600 5745 et
1635 5696 1956 5765 presbyteri,
1992 5698 2122 5767 περὶ

544 5768 639 5824 τοῦ
670 5773 790 5828 θίου
831 5773 922 5842 τῆς
974 5774 1144 5845 ἁγίας
1199 5775 1470 5832 Θεστόκου
1522 5786 1614 5837 καὶ
1647 5784 1742 5855 τῆς
1774 5785 1919 5860 ζωῆς
1948 5791 2120 5861 αὐτῆς

2230 4604 2472 4675 Tlteologi
2537 4621 2725 4658 nomen
2773 4606 2871 4659 sibi
2931 4606 3188 4667 vindicat,
3231 4614 3410 4661 notam
3441 4606 3705 4659 mendacis
3757 4605 3815 4657 in

2228 4713 2338 4750 sese
2367 4698 2586 4765 accepit.
2620 4697 2861 4751 Andreas
2886 4713 3003 4751 vero
3049 4696 3576 4766 Hierosolymitanus,
3600 4695 3815 4750 Creten-

2227 4787 2298 4840 sis
2337 4788 2628 4856 episcopus,
2650 4788 2833 4857 paucis
2859 4786 3233 4856 pronuntiatis,
3267 4802 3381 4838 cum
3407 4802 3515 4839 rem
3541 4785 3809 4854 tetigisset,

2229 4881 2590 4932 narrationem
2647 4895 2800 4933 suam
2856 4880 2913 4930 in
2968 4877 3329 4937 laudationem
3363 4878 3631 4932 convertit.
3678 4875 3808 4942 Nos,

2228 4969 2408 5023 multis
2440 4969 2779 5033 examinatis,
2833 4977 2880 5021 et
2911 4966 3243 5022 credibilibus
3268 4985 3330 5023 ac
3385 4968 3658 5023 stabilibns
3693 4984 3812 5020 nec.

2229 5076 2331 5114 non
2360 5070 2408 5114 et
2434 5063 2570 5114 veris
2614 5061 2667 5113 in
2698 5076 2861 5113 unum
2910 5060 3137 5121 collatis,
3167 5077 3232 5113 ea:
3285 5060 3499 5114 Eusebii
3543 5057 3811 5120 Pamphili

2229 5153 2469 5207 Historia
2501 5152 2870 5206 Ecclesiastica
2901 5161 2949 5204 et
2980 5169 3043 5207 ex
3081 5153 3203 5206 aliis
3245 5153 3583 5223 scriptoribus
3610 5163 3655 5205 et
3710 5151 3811 5205 do-

2227 5245 2454 5299 ctoribus
2480 5261 2717 5298 sermone
2746 5246 2973 5313 simplici
3010 5246 3331 5317 cupientibus
3354 5263 3435 5299 res
3456 5245 3596 5298 illius
3616 5261 3810 5314 propo-

2227 5354 2431 5403 nemus,
2468 5337 2845 5408 cujuscumque
2874 5355 3082 5402 nomen,
3107 5356 3172 5393 ετ
3196 5355 3296 5407 quo
3324 5338 3528 5408 aliquid
3559 5337 3810 5390 exhausi-

2226 5441 2341 5481 mus
2371 5426 2426 5481 in
2463 5427 2636 5497 fronte
2688 5438 3068 5495 proponentes,
3123 5445 3185 5481 ne
3234 5429 3349 5497 quis
3397 5443 3488 5480 nos
3532 5428 3810 5483 aversandi

2226 5526 2597 5586 argumentum
2629 5517 2731 5571 sibi
2784 5527 3048 5580 assumat,
3108 5519 3262 5588 quasi
3288 5534 3351 5571 ea:
3389 5518 3577 5571 nostris
3604 5518 3811 5589 aliquid

2225 5606 2587 5662 addiderimus
2642 5619 2733 5663 aut
2796 5610 3208 5674 detraxerimns,
3259 5625 3514 5681 nemoque
3541 5609 3606 5665 de
3660 5610 3807 5665 nobis

2225 5708 2479 5768 queratur
2499 5701 2543 5753 si
2573 5701 2696 5770 quid
2745 5718 2810 5756 ea:
2858 5702 3170 5771 apocryphis
3192 5712 3285 5756 aut
3312 5706 3571 5758 Izwreticis
3604 5705 3659 5756 in
3686 5719 3811 5758 me-

2215 5792 2370 5846 dium
2431 5794 2786 5864 proferamus.
2840 5793 3157 5850 Testimonia
3208 5797 3348 5851 enim
3390 5812 3455 5852 ex
3489 5794 3809 5857 adversariis
