4134 6460
483 349 582 413 107

1789 345 2066 408 LEONIS
2106 342 2418 408 ALLATII

548 462 798 531 Σήμερον
825 459 852 511 6
907 457 1109 530 Κύριος
1159 455 1316 528 ήμῶν
1362 456 1570 526 Ἰησοῦς
1622 456 1856 526 Χριστὸς
1892 458 1948 507 ἐν
1983 455 2061 524 τῷ
2092 465 2136 520 Α
2173 473 2274 527 ριοι
2310 459 2422 510 ὅσοι
2473 457 2580 510 ῐδον
2617 457 2710 511 καὶ
2761 458 3125 510 ίπίστευσαν·
3157 459 3564 534 μακαριώτεροι
3605 463 3662 516 δὲ
3707 467 3756 518 οι

473 551 720 623 Σταυρῷ.
749 551 994 622 Gregorii
1021 548 1306 621 Mitylaznei
1338 547 1494 618 λόγος
1545 550 1624 610 είς
1655 548 1719 600 τὰ
1751 547 1880 617 ἅγια
1910 548 2055 618 πάθη

471 645 566 698 τοῦ
588 642 797 714 Κυρίου
826 641 985 714 ἡμῶν
1034 641 1210 712 Ἰησοῦ
1241 638 1501 712 Χριστοῦ.

544 734 753 797 Σκοπὸς
791 734 889 803 μὲν
918 732 1013 784 καὶ
1042 732 1196 794 τέλος
1226 731 1581 801 ὲναγομένοις
1599 731 1731 800 ἡμῖν
1761 727 1919 800 πρός.
1963 727 2059 783 Mi-

472 827 678 882 chaelis
725 824 906 892 Pselli,
943 825 1024 885 είς
1072 825 1142 878 τὰ
1183 823 1441 894 θαύματα
1471 821 1564 874 τοῦ
1612 820 2056 892 ἀρχιστρατήγου

471 917 714 989 Μιχαὴλ.

546 1010 716 1080 Σοφὸν
741 1010 836 1065 καὶ
871 1007 1257 1078 ἀκατάληπτον
1290 1006 1504 1078 χρῆμα,
1528 1005 1622 1059 καὶ
1664 1008 1731 1078 τῇ
1761 1003 2054 1074 οίκουμέειῃ

468 1099 765 1170 ὠφέλιμον.
803 1099 972 1154 Marci
1002 1099 1255 1154 monachi
1291 1106 1348 1152 et
1377 1096 1683 1168 Hegumem
1727 1097 1900 1152 sancti
1951 1095 2054 1149 Pa-

461 1193 567 1248 'tris
608 1193 780 1248 nostri
814 1191 993 1257 Sabae,
1027 1191 1107 1254 είς
1137 1191 1228 1244 τὸν
1270 1189 1408 1260 βίον,
1436 1190 1533 1244 καὶ
1557 1189 1626 1244 τά
1671 1187 1926 1258 θαύματα
1960 1185 2052 1240 τοῦ

466 1289 523 1338 ὲν
551 1287 730 1356 ἁγίοις
760 1284 977 1356 Πατρὸς
1007 1283 1164 1355 ήμῶν
1194 1281 1497 1354 Γρηγορίου
1530 1281 1628 1352 τῆς
1669 1280 2053 1352 Ἀκραγάντων

480 1377 827 1449 Ἐκκλησίας.

536 1459 1045 1538 Σπουδαιότερος,ὢ
1066 1465 1232 1534 φίλοι,
1258 1463 1470 1532 καιρός.
1506 1461 1687 1516 Procli
1724 1461 2054 1530 patriarcha

464 1557 1056 1628 Constantinopolitani
1091 1556 1247 1625 λόγος
1270 1556 1349 1617 είς
1373 1553 1444 1608 τά
1483 1553 1640 1607 Βαῖα.

536 1651 778 1724 Σταυροῦ
809 1651 970 1725 ἑορτὴ
994 1649 1281 1721 πρόκειται
1302 1650 1562 1719 σήμερον.
1591 1647 1815 1718 Josepbi
1869 1646 2050 1702 archi-

454 1745 704 1817 episcopi
733 1742 1244 1801 Thessalonicensis
1294 1741 1455 1811 λόγος
1487 1741 1566 1804 είς
1600 1739 1693 1793 τὸν
1745 1740 1924 1811 τίμιον
1957 1739 2049 1793 καὶ

457 1838 729 1902 ζωοποιδν
757 1835 1025 1908 Σταυρόν.

532 1928 777 2000 Σταυροῦ
811 1930 1125 1998 πανήγυριν
1148 1925 1380 1997 ἄγομεν,
1422 1922 1518 1978 καὶ
1556 1923 1618 1976 τὸ
1670 1923 1772 1993 τῆς
1822 1924 2051 1994 Ἐκκληο

462 2021 584 2084 σίας
616 2021 787 2077 ἁπαν.
824 2019 1058 2075 Andrea:
1101 2017 1384 2075 Cretensis
1413 2016 1572 2085 λόγος
1603 2015 1683 2076 είς
1711 2014 1808 2086 τὴν
1844 2015 2052 2086 ὓψωσιν

459 2114 554 2166 τοῦ
584 2115 769 2183 τιμίου
799 2115 894 2167 καὶ
917 2112 1184 2179 ζωοποιοῦ
1221 2111 1488 2185 Σταυροῦ.

531 2205 774 2280 Σταυροῦ
827 2208 1138 2279 πανήγυρις
1168 2207 1264 2260 καὶ
1311 2205 1396 2269 τίς
1425 2205 1488 2259 οὐ
1541 2206 1913 2276 σκιρτήσειεν.
1951 2202 2052 2259 So-

459 2299 680 2368 phronii
743 2298 1068 2368 patriarchas
1125 2295 1603 2368 Hierosolymitani
1651 2293 1928 2366 ἐγκώμιον
1969 2295 2049 2359 εἰς

459 2391 558 2461 τὴν
586 2390 795 2463 ῦψωσιγ
831 2390 926 2444 τοῦ
956 2389 1141 2460 τιμίου
1194 2389 1292 2443 καὶ
1317 2389 1586 2454 ζωοποιοῦ
1637 2386 1903 2458 Σταυροῦ,
1955 2388 2048 2441 καὶ

457 2479 658 2551 εἰςτήν
691 2479 854 2548 ἁγίαν
900 2479 1246 2534 Ἀνάστασιν.

531 2571 776 2640 Σταυροῦ
824 2569 1112 2640 πρόκειται
1152 2570 1396 2640 σήμερον
1451 2569 1636 2639 ἑορτή.
1683 2567 1906 2639 Iosephi
1952 2581 2046 2637 pa-

460 2663 712 2719 triarchae
739 2662 1273 2727 Thessalonicensis,
1302 2670 1362 2717 ut
1395 2677 1581 2731 supra.

533 2756 804 2826 Συγκαλεῖ
833 2757 1003 2827 ἡμᾶς,
1036 2749 1081 2810 ὦ
1102 2755 1318 2826 ἄνδρες,
1348 2755 1691 2826 Γρηγόριοςό
1719 2754 1881 2809 πάνυ.
1909 2753 2045 2810 Grc-

457 2850 591 2920 gorii
615 2849 921 2921 presbyteri
949 2848 1222 2920 έγκώμιον
1271 2849 1352 2912 είς
1380 2849 1472 2903 τὸν
1501 2846 1616 2917 βίον
1651 2847 1744 2901 τοῦ
1773 2849 1832 2901 ὲν
1869 2847 2045 2916 ἁγίοις

459 2942 676 3012 Πατρός
704 2941 863 3012 ἡμῶν
895 2941 1201 3013 Γρηγορίου
1227 2940 1322 2994 τοῦ
1342 2938 1748 3011 Ναζιανζηνοῦ.
1780 2939 2046 3006 Λέγουσιν

455 3036 538 3087 ὅτι
566 3033 807 3098 τοιοῦτος
842 3034 1200 3104 συγγραφεὺς
1234 3033 1538 3106 Γρηγόριος
1572 3032 1827 3104 μαθητὴς
1861 3027 1930 3104 ἦν
1950 3029 2043 3084 τοῦ

456 3124 745 3193 Θεολόγου.
775 3122 866 3178 Sic
899 3130 1124 3177 notatur
1153 3123 1210 3176 in
1237 3121 1484 3193 margine
1525 3119 1908 3189 manuscripti.

528 3217 802 3287 Συγκαλεῖ
835 3215 1045 3279 πάντας
1071 3216 1223 3285 ἡμᾶς
1265 3215 1346 3277 είς
1368 3213 1467 3284 τὴν
1499 3211 1706 3267 οἰκείαν
1740 3211 1982 3264 ἑστίασιν
2009 3211 2045 3280 ὴ

457 3309 754 3381 πολυτελὴς
771 3309 872 3380 τῆς
893 3310 1070 3380 χαρᾶς
1099 3308 1316 3361 εὐωδία.
1340 3305 1528 3362 Jacobi
1554 3303 1806 3360 monachi
1835 3319 1899 3358 cx
1925 3318 2044 3358 mo-

451 3403 696 3462 nasterio
744 3402 1151 3474 Coccinobaphi
1191 3401 1372 3472 λόγος,
1424 3402 1505 3464 εἰς
1543 3399 1604 3454 τὸ
1661 3399 1904 3468 γενέσιον
1947 3398 2048 3469 τῆς

453 3495 760 3568 ύπεραγίας
795 3495 953 3567 ήμῶν
977 3493 1270 3548 Θεοτόκου.

525 3588 597 3642 Σύ
606 3587 780 3659 μσολα
799 3589 899 3658 τῆς
918 3585 1244 3656 δεσποτικῆς
1281 3581 1660 3646 Ἀναστάσεως
1683 3583 1749 3652 τῇ
1777 3599 1835 3635 τε
1859 3598 2045 3652 σωμα-

452 3683 579 3750 τιεῇ
610 3681 841 3751 εὐωχίᾳ.
872 3677 1087 3734 Leontii
1116 3677 1423 3749 presbyteri
1451 3673 2043 3744 Constantinopolitani

453 3775 610 3842 λόγος
642 3777 723 3838 είς
752 3774 814 3827 τὸ
840 3773 998 3842 ἆγιον
1031 3770 1250 3843 Πάσχα.

528 3869 598 3920 Σὺ
625 3867 726 3938 μὲν
754 3859 800 3920 ὦ
829 3865 1001 3936 ἀγαθὲ
1022 3864 1118 3918 τοῦ
1143 3863 1495 3936 ὑπεραγάθου
1523 3861 1677 3915 δοῦλε
1704 3858 1860 3914 Θεοῦ.
1895 3859 2042 3915 Con-

454 3960 682 4014 stantini
736 3958 1068 4028 Acropolitze
1125 3957 1247 4010 νέου
1277 3952 1706 4026 Μεταφραστοῦ,
1751 3953 1830 4014 είς
1862 3953 1953 4006 τὸν
1986 3954 2043 4005 ἐν

455 4053 632 4119 ἁγίοις
663 4049 940 4120 Θεόδωρον
971 4049 1064 4100 τὸν
1092 4048 1351 4120 Τήρωνα.

523 4141 678 4215 [ΗΟ]
715 4141 1014 4212 Συμεὼνην
1052 4138 1144 4192 τὸν
1186 4139 1352 4205 πάνυ,
1401 4140 1463 4192 τὸ
1526 4139 1671 4208 μέγα
1713 4137 1897 4208 θαῦμα
1945 4137 2043 4206 τῆς

451 4235 802 4308 οἰκουμένης.
839 4232 1171 4290 Theodoreti
1206 4232 1448 4303 episcopi
1477 4231 1603 4303 Cyri
1664 4231 1779 4302 βίος
1817 4229 2044 4300 Συμεὼν

451 4329 546 4384 τοῦ
589 4328 869 4382 Στυλίτου.
928 4325 1134 4383 Montio
1188 4326 1426 4382 habetur
1472 4327 1528 4381 in
1563 4325 1796 4396 septima
1835 4323 2042 4395 synodo

449 4422 694 4493 generali
730 4422 850 4477 Act.
883 4422 940 4476 4.

2070 3168 2118 3232 C

2177 550 2252 619 μή
2289 549 2594 619 ἑωρακότες
2651 551 2742 603 καὶ
2797 551 3212 615 πιστεύσαντες.
3298 553 3488 623 Ἡμεῖς
3537 555 3594 607 δὲ
3633 555 3756 609 ἐπεὶ

2175 641 2377 711 ἴδομεν,
2403 645 2514 707 τοῖς
2537 643 2827 714 ἡμετέροις
2843 643 3166 714 ὀφθαλμοῖς,
3194 646 3293 708 τὰς
3314 645 3424 701 τῶν
3453 647 3750 718 μαρτύρων

2172 734 2400 804 πράξεις
2425 736 2731 806 γράφομεν.
2770 736 2934 790 Ὅθεν
2964 739 3096 808 ἡμῖν
3133 737 3330 808 μικρὸν
3363 738 3528 808 μέρος
3573 756 3755 808 μακα-

2175 825 2422 894 ριότητος
2463 826 2791 896 πιστεύομεν
2851 827 3094 882 ἔσεσθαι.
3167 828 3321 882 Beati
3365 830 3456 898 qui
3510 831 3756 883 viderunt

2171 924 2218 968 et
2253 915 2588 970 crediderunt
2615 933 2634 972 :
2669 918 2928 973 beatiores
2960 921 3050 989 qui
3079 936 3181 973 non
3234 920 3476 975 viderunt
3506 931 3554 975 et
3585 921 3758 975 credi—

2167 1005 2378 1060 derunt.
2404 1006 2513 1060 Nos
2535 1024 2715 1076 porro,
2738 1011 2829 1079 qui
2853 1013 3046 1065 nostris
3089 1012 3228 1065 hisce
3259 1013 3425 1067 oculis
3454 1022 3753 1084 martyrum

2165 1107 2314 1168 gesta
2352 1100 2731 1168 perspeximus,
2759 1116 2822 1154 ac
2852 1101 3048 1170 scripto
3088 1103 3432 1168 mandamus,
3463 1104 3585 1158 hinc
3609 1103 3756 1156 nobis

2168 1191 2413 1260 exiguam
2439 1191 2709 1246 beatitatis
2762 1203 2971 1264 portent
3005 1196 3268 1249 credimus
3289 1197 3624 1267 adfuturam.

2239 1280 2320 1333 Τὰ
2353 1281 2648 1354 ψυχωςρελῆ
2681 1286 2776 1338 καὶ
2804 1285 3078 1358 θεάρεστα
3107 1287 3216 1341 τῶν
3270 1287 3443 1357 ἁγίων
3490 1287 3753 1358 Πατέρων

2164 1371 2650 1444 ἀνδραγαθήματα.
2701 1376 2858 1432 Sabae
2896 1378 3177 1445 monachi,
3225 1381 3306 1443 είς
3350 1378 3442 1434 τὸν
3493 1381 3607 1452 βίον
3654 1379 3750 1434 τοῦ

2163 1463 2322 1532 ἁγίου
2356 1467 2568 1538 Πατρὸς
2601 1470 2757 1540 ήμῶν
2801 1471 3153 1526 ’1ωαννικίου.

2236 1559 2315 1628 Τῇ
2345 1559 2632 1632 θαυμαστῇ
2685 1562 2779 1617 καὶ
2832 1562 3173 1635 ὑπερενδόξφ
3220 1564 3492 1636 Παναγίᾳ.
3518 1563 3750 1619 Joannis

2167 1652 2406 1723 episc0pi
2441 1653 2951 1710 Thessalonicensis
2977 1658 3263 1727 προοίμιον
3291 1659 3370 1721 εἰς
3417 1655 3516 1728 τὴν
3547 1656 3745 1728 κοίμη-

2167 1757 2252 1795 σιν
2280 1743 2378 1814 τῆς
2410 1745 2713 1816 ὑπεραγίας
2740 1747 3027 1801 Θεοτόκου.

2087 1831 2131 1887 Β
2233 1835 2346 1906 Τήν
2411 1835 2652 1907 ἱστορίαν
2705 1838 2804 1906 τῆς
2857 1837 3138 1908 ἀθλήσεως
3191 1838 3300 1893 τῶν
3331 1841 3744 1911 προγεγονότων

2155 1928 2292 1998 πρὸς
2323 1930 2600 2001 ἡμετέραν
2629 1930 2919 2000 οἰκοδομὴν
2971 1935 3064 1985 καὶ
3101 1932 3392 2002 ὠφέλειαν.
3425 1933 3741 2005 Martyrium

2153 2028 2469 2074 sanctorum
2537 2020 2870 2092 Chrysanthi
2909 2029 2964 2076 et
3017 2021 3214 2077 Dariaa.
3269 2022 3548 2092 Scriptum
3601 2031 3740 2077 esta

2152 2110 2516 2179 praesentibus
2556 2119 2612 2166 et
2655 2111 2994 2167 videntibus.
3054 2111 3327 2183 Ἠκούσθη
3365 2113 3420 2166 δὲ
3447 2114 3608 2167 τοῦτο
3635 2115 3743 2168 πᾶ-

2153 2217 2238 2252 σιν
2259 2201 2390 2271 ἡμῖν
2420 2203 2515 2255 καὶ¹
2538 2201 2802 2256 ὲλαλεῖτο.
2831 2203 2942 2256 Καί
2967 2219 3052 2265 τις
3076 2203 3185 2257 τῶν
3210 2205 3562 2260 ἀκουσάντων
3590 2205 3741 2273 λέγει

2150 2291 2227 2362 τῷ
2264 2296 2431 2365 πατρὶ
2453 2294 2642 2349 αὑτοῦ.
2699 2295 2768 2350 Id
2803 2311 2926 2350 vero
2959 2313 2992 2350 a
3021 2297 3169 2350 nobis
3215 2299 3458 2351 omnibus
3499 2299 3740 2352 auditum

2151 2397 2246 2452 est,
2298 2398 2346 2442 et
2377 2389 2884 2461 circumferebatur;
2938 2401 2987 2445 et
3037 2407 3174 2446 unus
3222 2392 3396 2456 exiis,
3430 2393 3521 2458 qui
3549 2395 3739 2450 audie-

2149 2491 2292 2542 rant,
2319 2481 2445 2534 dicit
2473 2482 2617 2549 patri
2644 2497 2760 2538 suo.

2221 2569 2330 2639 Τὴν
2366 2569 2614 2623 κέλευσεν
2650 2573 2750 2642 τῆς
2782 2572 3062 2644 ἡμετέρας
3104 2571 3384 2644 ὁσιότητος
3417 2573 3731 2645 δεξάμενος.

2148 2661 2444 2716 Alexandri
2479 2663 2734 2718 monachi
2763 2663 2920 2734 λόγος
2967 2666 3241 2737 ίστορικδς
3279 2667 3409 2738 περὶ
3449 2669 3548 2739 τῆς
3577 2669 3736 2741 εὐρέ-

2151 2764 2288 2810 σεως
2324 2749 2416 2803 τοῦ
2452 2750 2636 2821 τιμίου
2668 2752 2762 2805 καὶ
2784 2752 3051 2817 ζωοποιοῦ
3083 2756 3348 2828 Σταυροῦ.

2219 2837 2296 2906 Τῇ
2328 2837 2427 2906 μὲν
2448 2839 2746 2895 ἀναστάσει
2767 2843 2830 2896 τὸ
2857 2843 3050 2916 θνητὸν
3081 2849 3383 2918 κατεπόθη.
3408 2849 3608 2905 Leonis
3629 2851 3735 2906 im-

2146 2930 2416 2998 peratoris
2445 2931 2602 3001 λόγος
2629 2937 2711 3000 είς
2737 2937 2838 3011 τὴν
2876 2937 3171 3011 Ἀνάληψιν
3208 2940 3302 2994 τοῦ
3326 2941 3599 3013 Σωτῆρος.

2217 3020 2328 3091 Τὴν
2389 3022 2488 3090 μὲν
2521 3022 2612 3076 οῦν
2644 3024 2773 3094 χθὲς
2832 3027 3009 3082 ὲποίει
3040 3031 3353 3100 πανήγυριν
3387 3032 3677 3103 ἐπιδημῶν
3706 3037 3734 3088 6

2147 3110 2531 3184 Παράκλητος.
2572 3114 2772 3174 Leonis
2808 3117 3175 3190 imperatoris,
3205 3123 3287 3186 εἰς
3323 3124 3422 3195 τὴν
3447 3126 3736 3198 Κυριακὴν

2150 3205 2248 3274 τῆς
2275 3206 2678 3280 Πεντηκοστῆς.

2224 3297 2336 3368 Τήν
2359 3299 2497 3370 πρὸς
2517 3302 2647 3363 τοὺς
2668 3302 2908 3370 ἀγαθοὺς
2945 3305 3058 3360 τῶν
3094 3307 3398 3378 ὁμοδούλων
3433 3311 3602 3384 τιμὴν
3637 3329 3731 3383 με·

2148 3386 2317 3455 γά).ου
2354 3391 2520 3453 τινός.
2583 3391 2859 3449 Simeonis
2905 3393 3138 3452 Humilis
3183 3399 3465 3472 ἐγκώμιον
3516 3405 3597 3466 είς
3639 3403 3734 3456 τὸν

2149 3476 2394 3549 θεοδόχον
2431 3482 2504 3536 Συ
2511 3482 2682 3552 μεών.

2220 3575 2332 3648 Τὴν
2355 3577 2476 3648 σὴν,
2528 3573 2574 3634 ὧ
2615 3581 2725 3636 τῶν
2779 3584 2961 3638 καλῶν
2999 3585 3224 3656 ὲραστά,
3277 3587 3581 3659 θαυμάζειν
3613 3587 3735 3660 μετ’

2149 3667 2248 3738 ἐμὲ
2276 3671 2406 3741 περὶ
2427 3673 2528 3742 τὴν
2561 3671 2872 3731 εὐσέϐειαν.
2914 3677 3133 3749 Georgii
3171 3681 3536 3750 metropolitte
3567 3681 3733 3738 Nico-

2147 3759 2446 3818 mediensis
2500 3763 2779 3836 ἐγκώμιον
2832 3769 2914 3832 εἰς
2961 3771 3091 3833 τοὺς
3149 3770 3340 3839 ἁγίους
3390 3775 3484 3826 καὶ
3519 3774 3736 3846 θαυμα-

2149 3857 2416 3923 τουργοῦς
2447 3857 2680 3927 Κοσμᾶν
2710 3859 2806 3914 καὶ
2839 3862 3132 3932 Δαμιανόν.

2219 3948 2300 4021 Τῇ
2344 3953 2588 4024 προτέρᾳ
2609 3954 2866 4026 κυριακῇ
2896 3956 2994 4026 τὴν
3039 3956 3322 4028 ὀρθόδοξον
3358 3959 3566 4032 ταύτην
3604 3963 3732 4016 Ἐκ-

2144 4040 2400 4127 κλησίαν.
2439 4043 2670 4100 Joannis
2693 4047 2968 4117 discipuli,
2999 4051 3255 4120 περὶτῆς
3283 4053 3596 4119 τελεώσεως
3631 4057 3732 4127 τῆς

2149 4112 2313 4203 ἁγίας
2336 4134 2551 4201 ἐνδόξου
2573 4112 2850 4192 Θεοτόκου-
2875 4112 2969 4192 καί
2989 4112 3356 4212 ἀειπαρθένου
3381 4112 3620 4218 Μαρίας.

2219 4221 2369 4296 [ιη]
2407 4225 2518 4296 Τῆς
2548 4226 2671 4297 ἴσης
2691 4229 2922 4293 ἀτοπίας
2958 4227 3097 4285 εἶναι
3129 4233 3352 4303 νομίζω,
3376 4237 3438 4289 τό
3465 4254 3524 4290 τε
3559 4236 3730 4306 φθέγ-

2146 4317 2341 4386 γεσθαι
2369 4321 2439 4373 τὰ
2479 4320 2554 4392 μὴ
2582 4321 2792 4378 δέοντα.
2825 4323 3139 4395 Martyrium
3186 4327 3362 4383 sancti
3410 4331 3726 4385 Autonomi.

2149 4408 2423 4481 Scriptum
2460 4422 2544 4468 est
2572 4428 2600 4467 a
2635 4415 2809 4469 multo
2840 4416 3169 4485 antiquiore,
3207 4435 3369 4488 quam
3411 4420 3532 4490 ipse
3563 4422 3729 4476 Meta-

526 4513 790 4585 Συμφυὴς
836 4512 914 4584 τῷ
964 4511 1159 4583 κόσμῳ
1213 4510 1308 4564 καὶ
1344 4510 1678 4581 σύγχρονος,
1714 4510 1808 4563 καὶ
1839 4511 1953 4572 τοῖς
1981 4508 2040 4562 ὲν

2153 4501 2401 4572 phrastes
2430 4503 2551 4570 fuit,
2585 4515 2646 4560 ut
2665 4521 2826 4576 supra
2846 4522 2913 4562 ex
2943 4508 3027 4575 iis,
3057 4525 3177 4579 quae
3203 4511 3270 4566 de
3297 4511 3443 4565 illius
3463 4511 3729 4567 cadavere

453 4608 605 4680 αύτῷ
656 4606 963 4678 κρείττοσιν
1010 4603 1240 4658 ἀνωθεν.
1288 4601 1512 4673 Iosephi
1561 4602 1813 4674 Bryennii
1865 4602 2040 4671 λόγος,

452 4704 592 4757 κατά
651 4701 752 4772 τὴν
784 4700 1003 4772 ἡμέραν
1033 4698 1136 4768 τῆς
1185 4697 1349 4767 ἁγίας
1407 4697 1504 4750 καὶ
1553 4696 1796 4768 μεγάλης
1852 4697 2041 4765 Παρα-

452 4797 654 4864 σκευῆς
685 4793 816 4865 περὶ
848 4792 947 4863 τῆς
975 4790 1070 4846 τοῦ
1095 4791 1304 4846 Κυοίου
1344 4787 1734 4861 Σίταυρώσεως.

1211 4925 1255 4977 Τ

2149 4597 2318 4652 refert
2346 4608 2557 4664 auctor,
2599 4598 2721 4655 fuse
2749 4601 3120 4671 probavimus.

2217 4687 2331 4758 Τῆς
2366 4689 2465 4760 μὲν
2514 4692 2829 4761 ἐπιγραφῆς
2879 4692 2989 4747 τῶν
3040 4693 3416 4748 ἀποστολικῶν
3454 4693 3728 4764 πράξεων.

2146 4780 2420 4837 Theodori
2448 4783 2691 4855 magistri
2713 4783 2990 4855 ἐγκώμιον
3012 4786 3120 4839 ἀπὸ
3144 4785 3415 4856 διαφόρων
3436 4786 3611 4856 λόγων
3635 4789 3730 4841 τοῦ

2144 4876 2556 4948 Χρυσοστόμου,
2589 4878 2669 4941 είς
2692 4877 2782 4931 τὸν
2804 4879 2959 4946 ἆγιον
2985 4878 3283 4932 ἀπόστολον
3315 4879 3548 4936 Παῦλον.

2215 4967 2327 5038 Τῆς
2354 4969 2868 5040 παρούσηςήμέρας
2880 4971 2948 5022 τὰ
2969 4969 3282 5040 εὐαγγέλια.
3313 4971 3528 5026 Macarii
3554 4971 3732 5043 Chry-

524 5065 608 5118 Τὰ
633 5063 726 5118 τοῦ
769 5061 1008 5134 μεγάλου
1055 5059 1151 5113 καὶ
1178 5057 1390 5123 ἐνδόξου
1425 5057 1706 5126 μάρτυρος
1729 5055 2038 5124 διηγεῖσθαι
2143 5060 2442 5130 socepltali,
2480 5063 2560 5124 εἰς
2604 5061 2705 5125 τὰς
2735 5061 2897 5130 ἁγίας
2931 5063 3278 5134 μυροφόρους
3317 5066 3606 5132 γυναῖκας,
3633 5066 3730 5118 καὶ

453 5161 665 5231 μέλλων
701 5155 1194 5228 ἀνδραγαθήματα.
1246 5151 1473 5208 Joannis
1499 5149 1752 5204 monachi
1793 5149 2038 5220 ὑπόμνηο

454 5271 551 5323 μοι,
583 5253 752 5323 ἤγουν
781 5250 1044 5320 ἐξήγησις
1079 5244 1174 5300 τοῦ
1207 5244 1367 5312 ἁγίου
1411 5243 1505 5298 καὶ
1535 5241 1748 5307 ἐνδόξου
1799 5240 2035 5310 μεγαλο-

454 5343 732 5412 μάρτυρος
782 5338 1096 5411 Ἀρτεμίου,
1130 5333 1419 5406 συλλεχθὲν
1469 5333 1578 5388 ἀπὸ
1607 5337 1707 5404 τῆς
1737 5331 2036 5404 ἐκκλησια-

453 5431 646 5501 στικῆς
671 5430 913 5502 ἱστορίας
934 5427 1316 5499 Φιλοστοργίου
1357 5424 1452 5480 καὶ
1476 5423 1652 5478 ἄλλων
1681 5422 1864 5478 τινῶν.

525 5524 705 5577 Ταῦτά
768 5527 886 5577 ἐστι
942 5525 1010 5576 τά
1039 5521 1187 5593 πάθη
1238 5519 1348 5575 τῶν
1383 5518 1679 5590 μαρτύρων
1721 5513 2033 5581 Ἰουλιανοῦ,

2141 5150 2340 5222 Ἰωσήφ
2361 5151 2452 5205 τὸν
2475 5152 2583 5205 ἀπὸ
2619 5153 2998 5223 Ἀριματθίας,
3021 5153 3261 5226 καὶπερὶ
3285 5155 3383 5224 τῆς
3409 5152 3504 5208 τοῦ
3521 5155 3731 5226 Κυρίου

2155 5241 2553 5309 Ἀναστάσεως,
2589 5241 2685 5296 καὶ
2717 5245 2818 5314 τῆς
2876 5243 2943 5296 δι’
2986 5245 3159 5314 αὐτῆς
3218 5244 3487 5315 ἐσομένης
3518 5262 3732 5315 παγκο-

2142 5338 2302 5406 σμίου
2323 5333 2430 5389 τῶν
2463 5337 2712 5406 γηγενῶν
2737 5336 3170 5402 ἐξαναστάσεως.

2208 5428 2274 5480 Τί
2299 5426 2388 5480 δαὶ
2427 5429 2588 5498 ἡμεῖς
2645 5427 2737 5480 ἐπὶ
2765 5427 2843 5497 τῷ
2881 5429 3233 5500 προκειμένῳ
3265 5429 3566 5500 σιγήσομεν
3591 5428 3729 5485 θαύ-

2143 5537 2301 5593 ματι.
2342 5517 2739 5591 Theophylacti
2788 5520 3054 5593 Bulgaria:
3102 5521 3501 5592 archiepiscopi
3566 5522 3726 5591 λόγος

455 5616 803 5687 Βασιλίσσης,
845 5617 942 5668 καλ.
972 5615 1081 5669 τῶν
1114 5615 1338 5670 λοιπῶν.
1378 5615 1439 5667 Οί
1471 5613 1607 5667 ὅσιοι
1656 5612 1934 5683 μάρτυρες
1975 5609 2036 5662 τὸ
2138 5614 2219 5677 είς
2241 5613 2340 5684 τὴν
2369 5613 2742 5684 προσκύνησιν
2772 5613 2868 5667 τοῦ
2908 5613 3089 5683 τιμίου
3122 5612 3388 5686 Σταυροῦ.
3421 5616 3500 5688 Τῇ
3540 5617 3730 5671 Μεσο-

454 5706 695 5760 αιώνιον.
731 5707 1047 5778 Martyrium
1076 5710 1250 5763 sancti
1283 5706 1506 5772 Juliani,
1559 5704 1828 5761 Basilissaa
1857 5712 1914 5759 et
1941 5717 2033 5758 so-

454 5799 684 5855 ciorum.
707 5800 977 5872 Scriptura
1003 5808 1084 5854 est.
1114 5816 1142 5852 a
1169 5808 1439 5870 praesente
1470 5807 1524 5854 et
1550 5799 1788 5857 vidente.
1835 5801 2034 5856 Μακά-

2139 5707 2442 5780 νηστίμῳ.,

2210 5803 2278 5856 Τί
2305 5801 2364 5856 δὲ
2399 5802 2685 5873 Τιμόθεοςς
2743 5800 2917 5856 Τοῦτο
2968 5801 3076 5872 γὰρ
3133 5803 3270 5874 μετὰ
3292 5805 3418 5869 τοὺς
3463 5805 3731 5859 Ἀποστο-

3652 346 3752 414 108
3861 410 3877 418 -
