4134 6418
375 336 473 402 lli

1673 312 1950 386 LEONIS
1988 324 2298 383 ALLATll

3523 327 3630 396 112

449 445 809 520 ’Υπέρκειται
863 443 964 515 μὲν
1015 439 1462 512 ὁμολογουμένως
1518 438 1740 492 ἅπασαν
1774 439 1950 507 ἐγκω-
1978 443 2027 502 Α
2056 436 2365 509 προοίμιον.
2388 433 2618 491 Joannis
2636 432 2943 492 Geometre
2968 436 3417 509 προσφωνητικδς
3447 439 3627 511 λόγος,

366 540 505 613 μίων
538 536 814 594 σύνθεσιν.
844 535 1075 591 Joannis
1105 531 1407 604 presbyteri
1466 530 1790 586 Damasceni
1818 530 1940 585 lau-

360 632 531 700 datio,
558 630 640 697 είς
670 630 770 701 τὴν
803 627 1015 693 ἔνδοξον
1047 626 1141 681 τοῦ
1170 623 1411 697 Χριστοῦ
1450 624 1702 694 μάρτυρα
1729 621 1943 694 81966.-

363 743 489 801 ραν.

1136 859 1179 911 Φ

425 974 633 1046 Φαιδρά
657 974 750 1028 καί
782 970 1084 1044 παράδοξος
1122 972 1155 1041 ὴ
1201 969 1451 1042 παροῦσα
1481 968 1815 1040 πανήγυρις,
1845 965 1942 1018 καὶ

354 1068 464 1121 τῶν
496 1067 816 1138 φιλεόρτων.
846 1065 1054 1119 Tarasii
1084 1062 1408 1134 patriarchas
1438 1056 1941 1129 Constantinopoli-

355 1159 468 1214 tani
498 1159 655 1227 λόγος
715 1158 797 1220 εἰς
825 1156 927 1226 τὴν
977 1152 1288 1225 ὑπεραγίαν
1331 1151 1617 1215 Θεοτόκον,
1645 1151 1734 1204 ὅτε
1767 1166 1937 1203 ποοσ·

353 1250 557 1322 ηνέχθη
591 1248 670 1319 τῷ
699 1247 814 1319 ναῷ
844 1245 1213 1318 τριετίζουσα.

421 1340 628 1412 Φαιδρά
659 1339 760 1410 μὲν
791 1338 891 1408 τῆς
924 1336 1207 1408 παρούσης
1241 1335 1437 1407 ἑορτῆς
1465 1331 1745 1395 ὑπόθεσις.
1806 1330 1939 1386 Evo-

351 1431 428 1487 dii
458 1430 758 1504 μαρτύριον
810 1428 922 1483 τῶν
972 1427 1146 1497 ἁγίων
1193 1427 1288 1480 καὶ
1309 1424 1537 1490 ἐνδόξων
1573 1422 1669 1477 τοῦ
1696 1423 1935 1494 Χριστοῦ

349 1524 762 1596 τεσσαράκοντα
789 1521 884 1574 δύο
920 1519 1239 1592 μαρτύρων.

422 1616 630 1688 Φαιδρά
654 1615 756 1682 τῆς
784 1612 980 1683 ἑορτῆς
1023 1609 1097 1664 τὰ
1134 1607 1473 1681 προπύλαια.
1506 1606 1722 1663 Macarii
1760 1605 1935 1677 Chry-

350 1705 626 1776 socephali
673 1702 1193 1773 Philadelphiensis,
1252 1702 1333 1765 είς
1378 1699 1476 1772 τὴν
1529 1700 1937 1770 πανσεῦἀσμιον

269 1826 285 1841 ο
349 1798 545 1867 ἑορτὴν
576 1797 675 1866 τῆς
716 1792 1102 1864 ’Υπαπαντῆς.

419 1886 628 1957 Φαιδρᾶ
656 1883 952 1956 τοιγαροῦν
1001 1881 1096 1936 τοῦ
1131 1880 1437 1953 τριημέρου
1467 1879 1639 1951 τάφου
1673 1880 1740 1934 τὰ
1775 1880 1932 1950 ἄνθη.

350 1979 525 2036 Procli
560 1978 879 2049 patriarchae
909 1973 1502 2044 Constantinopolitani
1532 1972 1687 2042 λόγος
1736 1973 1815 2035 είς
1837 1973 1936 2043 τὴν

362 2071 685 2126 Ἀνὰστασιν
711 2067 804 2121 τοῦ
836 2067 1070 2139 Κυρίου.

418 2163 649 2234 Φαιδρὸν
673 2163 734 2216 τὸ
753 2163 851 2233 τῆς
873 2161 1158 2234 παρούσης
1178 2161 1374 2233 ἑορτῆς
1393 2158 1454 2213 τὸ
1477 2159 1744 2229 σύνθημα.
1767 2157 1938 2214 Geor-

352 2257 423 2329 gii
455 2255 708 2311 monachi
750 2263 806 2310 et
828 2254 1282 2326 Chartophylacis
1314 2252 1516 2324 Magna
1551 2251 1808 2305 Ecclesiae
1843 2250 1937 2317 ἐγ-

350 2348 582 2419 κώμιον,
612 2347 692 2411 εἱς
712 2346 811 2418 τὴν
848 2347 1103 2401 ἀπόδοσιν
1128 2347 1226 2418 τῆς
1258 2344 1563 2418 ὑπεραγίας
1588 2343 1855 2401 Θεοτόκου
1878 2345 1937 2397 ἐν

250 2484 253 2489 .
340 2438 429 2509 ,τῷ
458 2437 598 2508 ναῷ,
632 2437 729 2491 καὶ
754 2438 1057 2508 ἀφιέρωσιν
1083 2436 1162 2507 τῷ
1190 2435 1310 2506 Θεῷ
1340 2435 1482 2489 κατὰ
1515 2437 1612 2506 τὴν
1646 2434 1907 2505 ἱστορίαν.

419 2528 562 2599 Φέρε
601 2545 693 2598 μοι
740 2527 835 2582 νῦν
882 2528 1011 2592 τοὺς
1066 2527 1374 2598 ἱερατικοὺς
1407 2528 1595 2596 ἱερεῖς.
1652 2525 1795 2596 Ὥρα
1828 2526 1937 2594 γὰρ

333 2620 636 2675 ’ἐπινικίων
658 2619 853 2688 λόγων.
888 2619 1148 2676 Diadochi
1181 2618 1422 2691 episcopi
1475 2618 1732 2674 Photiccs
1761 2616 1933 2688 Epiri,

352 2716 434 2779 είς
453 2716 554 2784 τὴν
598 2715 890 2785 ’Δνάληψιν
912 2715 1007 2769 τοῦ
1040 2716 1246 2787 Κυρίου
1273 2719 1304 2787 ἡ
1316 2716 1430 2786 μῶν
1457 2715 1635 2785 Ἰησοῦ
1674 2712 1932 2784 Χριστοῦ.

414 2806 552 2876 Φέρε
578 2805 749 2859 πάλιν
774 2808 857 2869 είς
882 2806 1050 2875 μέσον
1078 2805 1170 2859 τὸν
1211 2803 1620 2876 Εὐαγγελιστὴν
1660 2804 1932 2874 Ἰωάννην.

351 2897 716 2969 Amphilochii
740 2896 982 2969 episcopi
1002 2896 1327 2964 lcouicnsis,
1346 2897 1425 2959 είς
1450 2895 1538 2949 τὸν
1559 2894 1935 2966 τετραήμερον

348 2989 507 3055 ’Δὰζα
517 3007 628 3057 ρον.
1846 2980 1853 2985 ’

420 3079 564 3133 Φιλῶ
588 3081 649 3134 τὺ
677 3081 777 3152 τῆς
827 3079 1157 3152 Ἐκκλησίας
1190 3079 1410 3151 χωρίον,
1455 3078 1517 3133 τὸ
1561 3074 1935 3148 πνευματικόν

356 3187 447 3241 μοι
480 3170 660 3228 τοῦτο.
696 3172 950 3245 llesycbii
991 3173 1298 3244 presbyteri
1336 3169 1818 3242 llierosolymitani
1848 3167 1937 3221 λό-
1962 3162 2005 3220 C

333 3279 447 3332 "ro;
474 3264 554 3328 είς
576 3266 670 3318 τὸν
697 3267 1076 3336 τετραήμερον
1110 3265 1383 3336 Λάζαρον

420 3353 633 3426 Φοϐερά
666 3355 766 3426 τῆς
798 3356 1103 3427 σημερινῆς
1134 3354 1494 3426 παρατάξεως
1538 3355 1607 3411 τά
1640 3357 1933 3426 μυστήρια.

350 3446 528 3502 Procli
562 3448 883 3517 patriarchae
904 3447 1521 3518 ConslantinOpolitani,
1556 3449 1636 3511 είς
1669 3447 1729 3501 τὸ
1764 3446 1936 3508 πάθος

349 3538 446 3592 τοῦ
480 3539 708 3609 Κυρίου,
736 3542 803 3612 τῇ
838 3539 971 3611 ἁγίᾳ
994 3541 1086 3593 καὶ
1113 3540 1326 3612 μεγάλη
1357 3541 1715 3611 Παρασκευῇ.

416 3630 655 3702 Φοσερὸν
673 3631 766 3685 καὶ
784 3633 1170 3703 ἀκατάληπτον
1189 3631 1396 3704 θαῦμα,
1420 3635 1518 3686 καὶ
1551 3636 1616 3703 τῇ
1639 3635 1787 3686 οίκου
1795 3631 1933 3704 μένῃ

346 3721 645 3793 ὠφέλιμον.
670 3722 883 3779 Leontii
914 3725 1215 3797 presbyteri
1244 3734 1299 3781 ct
1328 3724 1626 3797 Hegumeni
1656 3734 1935 3780 monaste-

331 3813 419 3867 'rii
450 3814 624 3869 sancti
657 3813 813 3871 Sabze
843 3815 1101 3872 Romanae
1137 3816 1309 3883 urbis,
1355 3819 1437 3881 εἰς
1477 3817 1568 3871 τὸν
1593 3818 1708 3886 βίον
1743 3816 1839 3870 καὶ
1866 3817 1935 3871 τά

352 3905 609 3977 θαύματα
637 3907 942 3980 Γρηγορίου
986 3908 1432 3981 Ἀκραγαντίνων
1458 3909 1672 3973 πόλεως
1704 3909 1803 3980 τῆς
1844 3910 1935 3963 Σι-

329 3999 526 4052 δηκελῶν
545 4001 839 4073 ἐπαρχίας.

419 4089 578 4159 Φωνὴ
606 4089 983 4158 ἀγαλλιάσεως
1018 4087 1429 4161 προοιμιαζέτω
1465 4089 1727 4163 σήμερον.
1764 4088 1933 4145 Geor-

340 4176 424 4249 gii
455 4177 888 4237 Nicomediensis
914 4180 1072 4249 λόγος
1104 4182 1184 4243 είς
1231 4179 1329 4251 τὴν
1354 4180 1453 4250 τῆς
1502 4180 1771 4250 ἁχράντου
1805 4179 1934 4233 830-

334 4268 514 4321 ⁴τόκου
565 4269 623 4323 ἐν
652 4269 728 4340 τῷ
760 4270 921 4340 τάφῳ
957 4269 1311 4342 παρεδρείαν,
1366 4270 1462 4323 καὶ
1517 4270 1934 4342 εὐχαριστηριος

349 4360 451 4430 τῆς
474 4359 872 4431 ὑπερλάμπρου
927 4360 1323 4423 Ἀναστάσεως.

423 4450 947 4520 Φωτίζου,φωτίζου
996 4451 1352 4525 Ἰερουσαλήμ
1374 4471 1389 4486 ο
1440 4454 1566 4524 ἥκει
1592 4452 1705 4525 γάρ
1740 4470 1833 4507 σου
1872 4452 1934 4507 τὸ

351 4541 488 4614 φῶς.
513 4542 769 4598 Germani
792 4545 1116 4615 patriarchae
1141 4545 1733 4616 Constantinopolitani
1774 4545 1933 4614 λόγος

351 4635 434 4700 είς
460 4635 561 4708 τὴν
590 4637 964 4711 προσκύνησιν
988 4640 1083 4694 τοῦ
1114 4639 1383 4704 ξωοποιοῦ
1426 4639 1697 4712 Σταυροῦ,
1730 4642 1798 4712 τῇ
1826 4640 1939 4694 Με-

350 4744 482 4800 σονη
489 4729 574 4783 στί
582 4746 688 4802 μῳ.

1025 4846 1259 4921 [114]Χ

413 4960 605 5032 Χαρᾶς
653 4962 907 5027 ὑπόθεσις
947 4966 982 5034 ἡ
1036 4965 1291 5035 παροῦσα
1325 4968 1656 5038 πανήγυρις.
1714 4965 1935 5022 Macarii

338 5051 775 5124 Chrysocephali
822 5053 979 5123 λόγος
1020 5057 1102 5119 εἰς
1148 5059 1245 5129 τὴν
1272 5057 1439 5127 ἁγίαν
1466 5058 1562 5112 καὶ
1610 5056 1934 5121 πανένδοξον

346 5142 442 5196 τοῦ
474 5144 714 5214 Χριστοῦ
762 5146 1108 5205 Ἀνάστασιν.

417 5235 591 5304 Χαῖρε
619 5238 826 5308 σφόδρα
882 5238 1122 5313 θύγατερ
1159 5242 1339 5296 Σιώνο
1393 5242 1631 5314 κήρυττε
1692 5242 1934 5315 θύγατερ

359 5325 736 5400 Ἰερουσαλήμ.
768 5332 993 5387 Macarii
1018 5333 1465 5407 Chrysoccphali,
1491 5337 1572 5399 είς
1598 5337 1697 5407 τὴν
1728 5338 1937 5407 παγκό-

351 5433 512 5487 σμιον
541 5419 735 5490 ἑορτὴν
772 5422 879 5476 τῶν
911 5424 1105 5481 Βαῖων.

420 5509 592 5579 Χαῖρε
622 5512 855 5584 σρόδρα,
902 5519 1321 5592 κεχαριτωμένη
1355 5520 1598 5595 Θύγατερ
1617 5522 1776 5578 Σιών.
1807 5525 1936 5595 Epi-

348 5602 535 5671 phanii
563 5605 965 5679 archiepiscopi
986 5611 1320 5669 Constantia:
1345 5612 1506 5686 Cypri
1539 5615 1697 5686 λόγος
1739 5617 1818 5680 είς
1865 5619 1937 5672 τὰ

348 5695 506 5750 Bitia.

412 5785 652 5859 Χαίρετε
704 5790 860 5849 τοῦτό
901 5811 992 5866 μοι
1035 5797 1096 5851 τὸ
1128 5797 1305 5871 βραχὺ
1338 5802 1434 5858 καὶ
1467 5805 1614 5874 μέγα
1640 5804 1736 5860 τοῦ
1767 5805 1928 5877 λόγου

2044 530 2077 596 ἢ
2105 528 2459 600 χαριστήριος
2483 526 2562 590 είς
2595 525 2696 596 τὴν
2730 526 3037 598 ὑπεραγίαν
3057 526 3345 583 Θεοτόκον.

2116 621 2307 690 Χαίρω
2338 622 2579 692 σήμερον
2633 622 2735 693 τὴν
2777 620 2920 692 ἐμὴν
2969 620 3362 693 πανηγυρίζων
3417 623 3627 693 χαράν·

2043 712 2219 784 χαίρω
2247 714 2346 782 τὴν
2375 712 2515 784 ἐμὴν
2538 713 2812 784 ἑορτάζων
2839 712 3206 787 εὐφροσύνην.
3227 714 3414 770 Jacobi
3440 731 3633 771 mona-

2044 804 2133 859 chi
2161 819 2228 859 ex
2248 804 2584 860 monasterio
2603 802 3007 873 Corciuobaphi
3032 805 3212 875 λόγος,
3233 806 3313 869 είς
3329 806 3423 861 τὸν
3449 806 3630 876 Εὐαγ-

2045 894 2303 966 γελισμδν
2338 896 2437 966 τῆς
2464 897 2775 968 ύπεραγίας
2804 897 3095 951 Θεοτόκου.

2114 988 2259 1051 Χθὲς
2294 989 2446 1057 ἡμᾶς
2478 989 2619 1059 μετά
2647 989 2743 1042 τοῦ
2775 989 3040 1044 δεσπότου
3068 988 3323 1059 Λάζαρος
3342 989 3632 1044 ἐστιὰσατο

2042 1079 2102 1133 τὸ
2133 1079 2255 1162 καθ’
2289 1080 2453 1133 αὑτὸν
2488 1082 2622 1152 ἡμῖν
2674 1081 2916 1153 προθείς.
2973 1082 3208 1140 Andreae
3234 1083 3513 1140 Cretensis
3541 1084 3630 1138 λό-

2042 1188 2159 1240 γος,
2195 1173 2277 1237 είς
2303 1174 2373 1226 τὰ
2399 1172 2560 1227 Βαῖα.

2111 1263 2252 1326 Χθές
2286 1264 2422 1334 ἡμῖν
2449 1265 2478 1316 6
2506 1263 2666 1331 λόγος
2699 1264 2836 1335 πρός
2858 1279 2937 1317 τε·
2958 1263 3056 1336 τὴν
3090 1265 3378 1337 αἱρετικὴν
3425 1266 3625 1337 πάλην.

2044 1354 2328 1412 Severiani
2358 1356 2679 1412 Galialensis
2705 1356 2866 1426 λόγος
2923 1358 3054 1427 περὶ
3076 1358 3173 1412 τοῦ
3208 1360 3351 1414 κατά
3387 1360 3629 1429 Μωῦσῆν

2040 1451 2241 1519 ὄφεως,
2269 1449 2330 1503 ὃν
2351 1449 2697 1519 ἐσταύρωσεν
2729 1451 2789 1504 ἐν
2820 1453 2887 1522 τῇ
2916 1453 3138 1523 ἐρήμῳ,
3161 1452 3277 1522 λκαὶ
3303 1451 3404 1523 τῆς
3428 1453 3631 1523 ἀχράν-

2039 1560 2134 1597 του
2160 1541 2269 1608 καὶ,
2292 1539 2569 1609 παναγίας
2598 1541 2854 1612 Τριάδος.

2113 1635 2257 1699 Χϐὶις
2290 1635 2421 1705 ἡμῖν
2446 1633 2546 1704 τὴν
2575 1633 2762 1704 κοινὴν
2793 1633 3096 1688 ἀνάστασιν
3139 1634 3395 1706 Λάζαρος
3427 1652 3630 1690 πιστω-

2042 1720 2295 1791 σάμενος.
2356 1719 2583 1790 Josephi
2654 1722 3055 1792 archiepiscopi
3116 1723 3631 1781 Thessalonicensis

1965 1798 2007 1854 Β
2036 1811 2192 1880 λόγος
2254 1813 2336 1874 είς
2388 1810 2479 1864 τὸν
2531 1812 2803 1883 μακάριον
2834 1811 3111 1883 Λάζαρον,
3141 1817 3238 1868 καὶ
3262 1819 3344 1879 εἰς
3376 1817 3474 1888 τὴν
3509 1818 3631 1889 ἐορ-
3728 1835 3733 1839 ·

2038 1902 2138 1974 τὴν
2164 1902 2271 1956 τῶν
2301 1902 2504 1956 Βάτων.

2111 1996 2345 2068 Χριστὸς
2372 1997 2450 2067 τῷ
2472 1997 2664 2067 κόσμῳ
2695 1998 2968 2069 ἐπεφάνη,
2999 2001 3096 2055 καὶ
3122 2000 3217 2055 τὸν
3261 2000 3505 2073 ἄκοσμον
3536 2002 3632 2056 κό-

2041 2105 2179 2160 σμον
2218 2091 2530 2161 κοσμήσας.
2587 2087 2766 2145 Procli
2799 2094 3128 2162 patriarcha:
3162 2094 3629 2166 ConStantinopo-

2039 2182 2195 2237 litani
2216 2222 2229 2246 ,
2263 2183 2344 2245 είς
2375 2182 2446 2237 τὰ
2472 2181 2605 2250 ἆγια
2625 2182 2948 2253 Θεοφάνεια.

2113 2274 2349 2345 Χριστοῦ
2375 2276 2570 2347 ἑορτὴν
2600 2276 2876 2346 τιμῶμεν.
2911 2278 3113 2337 Leonis
3159 2280 3507 2351 imperatoris
3544 2282 3630 2336 λό-

2039 2382 2135 2434 γος
2166 2368 2246 2431 είς
2266 2365 2364 2437 τὴν
2402 2366 2786 2438 Ὑπαπαντήν.

2817 2527 2860 2579 Ω

2114 2660 2186 2718 Ὦ
2215 2663 2351 2718 Θεοῦ
2382 2666 2578 2737 μῆτερ,
2603 2664 2767 2719 καλὸν
2796 2664 2907 2736 γὰρ
2937 2660 3093 2735 οἶμαι
3119 2666 3215 2720 καὶ
3249 2667 3395 2737 μάλα
3417 2667 3624 2741 χαρίεν.

2038 2755 2610 2828 ManuelisJ’alaeologi
2646 2756 2802 2824 λόγος
2835 2758 2916 2819 είς
2954 2759 3053 2828 τὴν
3090 2759 3400 2813 πάνσεπτον
3434 2761 3631 2833 κοίμη-

2040 2863 2126 2903 σιν
2157 2850 2255 2918 τῆς
2283 2848 2590 2920 ὐπεραγίας
2617 2848 2919 2918 Δεσποίνης
2942 2849 3100 2920 ἡμῶν
3130 2849 3416 2905 Θεοτόκου.
3650 2898 3658 2906 .

2125 2938 2212 3004 Ὦς
2239 2940 2503 3010 ἀγαπητὰ
2529 2942 2598 2995 τὰ
2623 2941 2959 3012 σκηνώματά
2984 2957 3103 3007 σου,
3131 2941 3307 3013 Κύριε
3349 2942 3457 2997 τῶν
3474 2942 3634 2997 δυνά-

2040 3050 2205 3105 μεων,
2240 3035 2407 3106 φησὶν
2430 3037 2487 3088 ἐν
2513 3034 2591 3106 τῷ
2624 3036 2911 3108 Πνεύματι
2953 3038 2993 3089 ὁ·
3013 3036 3281 3108 μακάριος
3325 3038 3507 3092 Δαυῖδ.
3540 3038 3632 3092 Ni-

2038 3134 2172 3180 ceten
2195 3124 2503 3197 philosophi
2525 3126 2669 3181 servi
2695 3126 2826 3181 Jesu
2843 3124 3049 3182 Christi
3079 3129 3359 3199 ἐγκώμιον
3404 3129 3483 3194 είς
3505 3130 3632 3194 τοὺς

2044 3217 2233 3286 ἁγίους
2264 3218 2357 3271 καὶ
2406 3218 2859 3291 θαυματουργοὺς
2888 3219 3235 3293 ἀναργύρους
3282 3223 3511 3294 Κοσμᾶν
3539 3224 3632 3276 καὶ

2043 3310 2341 3381 Δαμιανόν.

2127 3401 2216 3466 '0;
2235 3403 2497 3474 ἀγαπητὰ
2522 3403 2592 3457 τὰ
2607 3403 2948 3475 σκηνώματά
2977 3421 3094 3472 σου,
3118 3405 3293 3477 Κύριε
3341 3406 3450 3462 τῶν
3473 3407 3631 3463 δυνά-

2045 3510 2214 3564 μεων.
2247 3493 2501 3548 Germani
2530 3496 2853 3564 patriarchae
2889 3495 3484 3568 Constantinopolitani
3509 3541 3525 3566 ,
3550 3502 3631 3562 είς

2037 3586 2141 3658 τὴν
2195 3586 2422 3658 πρώτην
2482 3588 2766 3660 Κυριακὴν
2795 3590 2905 3643 τῶν
2957 3590 3265 3660 Νηστειῶν,
3306 3594 3400 3647 καὶ
3423 3595 3505 3657 εἰς
3530 3595 3629 3664 την

2040 3678 2149 3734 τῶν
2176 3679 2350 3746 ἁγίων
2379 3679 2475 3732 καὶ
2500 3676 2715 3732 σεπτῶν
2748 3679 2975 3734 εἰκόνων
3015 3682 3414 3753 ἀναστήλωσιν.

2121 3772 2207 3836 Ὠς
2236 3771 2304 3827 ἂν
2343 3772 2418 3844 μὴ
2441 3774 2533 3826 τὸν
2562 3773 2721 3841 λόγον
2749 3772 3098 3846 ἀνάρμοστον
3130 3777 3267 3848 πρὸς
3317 3776 3416 3850 τὴν
3441 3768 3630 3849 διήγη-

2043 3882 2128 3920 σιν
2157 3865 2440 3936 ἐσόμενον,
2468 3865 2538 3918 τὰ
2576 3865 2678 3935 τῆς
2714 3868 2910 3935 σοφίας
2962 3868 3261 3939 μυστήρια.
3309 3868 3628 3942 Martyrium

2041 3957 2216 4014 sancti
2241 3957 2426 4028 Cyrilli
2453 3959 2736 4014 Cretensis
2766 3960 3034 4029 episcopi.
3096 3960 3307 4016 Auctor
3341 3971 3458 4017 erat
3511 3963 3629 4033 ipse

2041 4050 2204 4107 etiam
2259 4050 2560 4115 Cretensis,
2611 4059 2672 4104 ut
2727 4050 2999 4123 colligitur
3029 4067 3096 4106 ex
3135 4051 3244 4107 illis
3276 4070 3289 4108 :
3318 4054 3507 4118 Ὅπως
3534 4056 3625 4108 τοῦ

2038 4143 2418 4215 ίσχυρωτάτου
2469 4143 2705 4214 ἀθλητοῦ
2747 4144 2840 4197 καὶ
2895 4144 3145 4212 γενναίου
3195 4144 3528 4215 στρατιώτου
3548 4146 3626 4200 »τά

2041 4229 2181 4288 ἆθλα
2211 4232 2306 4286 τοῦ
2327 4233 2538 4302 ἀγῶνος
2568 4233 2840 4304 Κυρίλλου
2863 4235 2957 4287 τοῦ
2988 4232 3146 4301 ἁγίου
3170 4235 3448 4308 μάρτυρος
3469 4237 3625 4308 ἡμῶν

2040 4325 2336 4395 γενομένου
2371 4325 2707 4396 διασαφῆσαι
2758 4325 2974 4399 δυνηθῶ
3010 4330 3129 4392 τοῖς
3175 4330 3420 4401 ἀπείρως
3443 4328 3625 4398 έχουσι

2040 4420 2142 4489 τὴν
2167 4417 2398 4489 ἄθλησιν
2442 4419 2543 4489 τῆς
2601 4418 2781 4490 νίκης.
2849 4419 2911 4477 Ut
2946 4420 3296 4476 robustissimi
3335 4420 3545 4475 athletae
3579 4431 3625 4475 et

1966 4522 2011 4580 ι)
2042 4511 2279 4581 generosi
2343 4492 2531 4565 militis
2594 4510 2797 4566 labores
2851 4512 3155 4567 certaminis
3210 4510 3400 4583 ενι-ξίιί
3457 4515 3625 4565 sancti

2040 4603 2294 4672 martyris
2327 4604 2516 4665 nostri.
2547 4603 2744 4675 possim
2780 4603 2910 4670 illis,
2942 4606 3031 4676 qui
3089 4613 3353 4659 certamen
3396 4604 3625 4659 victoriae

2041 4695 2274 4749 nondum
2312 4694 2530 4762 callent,
2574 4705 2722 4751 notos
2762 4698 2954 4767 facere.

2122 4785 2213 4849 Ὠς
2245 4785 2344 4857 ἡδύ
2365 4804 2417 4840 τι
2451 4786 2547 4841 καὶ
2575 4786 2741 4843 θεῖον.
2764 4788 2967 4845 Leonis
2990 4787 3336 4861 imperatoris
3354 4787 3515 4860 λόγος
3547 4790 3625 4852 είς

2039 4878 2138 4948 τὴν
2172 4876 2377 4934 εἴσοδον
2399 4879 2510 4934 τῶν
2541 4880 2848 4951 Νηστειῶν.

2110 4969 2131 5043 Ῐ
2138 4968 2262 5041 115]
2277 4971 2366 5036 Ὠς
2406 4976 2550 5046 ίερδς
2588 4975 2804 5046 ἀληθῶς
2844 4975 2941 5029 καὶ
2968 4974 3132 5039 καλὸς
3157 4973 3269 5029 τῶν
3300 4967 3626 5048 εὔφραινόν-

2038 5081 2169 5119 των.
2228 5064 2406 5121 Procli
2448 5067 2770 5136 patriarchae
2817 5066 3408 5139 Constantinopolitani
3471 5068 3627 5137 λόγος

2039 5158 2120 5221 είς
2154 5157 2245 5211 τὸν
2278 5159 2432 5225 ἅγιον
2463 5160 2906 5230 πρωτομάρτυρα
2941 5160 3232 5228 Στέφανον.

2126 5247 2215 5312 Ὠς
2248 5249 2388 5318 καλὴ
2422 5249 2534 5301 τῶν
2562 5249 2783 5317 ἀγαθῶν
2815 5250 2847 5320 ἡ
2880 5248 3192 5303 ἀκολουθία.
3212 5247 3459 5321 Gregorii
3487 5248 3627 5318 Nys-

2040 5341 2160 5396 seni
2202 5341 2500 5413 ἐγκώμιον,
2559 5342 2641 5406 είς
2671 5324 2764 5396 τῦν
2801 5341 2959 5412 ἆγιον
3004 5342 3459 5415 πρωτομάρτυρα
3499 5341 3626 5392 Στέ-

2040 5451 2231 5505 φανον.

2126 5527 2216 5590 '0;
2248 5528 2387 5581 πολὺ
2413 5528 2476 5580 τὸ
2510 5527 2715 5598 πλῆθος
2740 5529 2841 5598 τῆς
2870 5528 3244 5599 χρηστότητος
3276 5542 3393 5592 σου,
3424 5527 3624 5597 Κύριε.

2040 5622 2284 5679 Nectarii
2330 5622 2729 5693 archiepiSCOpi
2770 5619 3363 5691 Constantinopolitani
3393 5659 3407 5683 ,
3451 5619 3516 5672 δι’
3557 5620 3627 5692 ἢν

2041 5716 2222 5770 αἰτίαν
2259 5714 2339 5786 τῷ
2397 5715 2602 5787 πρώτῳ
2658 5716 2927 5787 Σαϐϐάτῳ
2973 5714 3083 5768 τῶν
3131 5713 3302 5782 ἁγίων
3344 5713 3627 5783 Νηστειῶν

2043 5809 2376 5880 ἑορτάζομεν
2407 5809 2505 5880 τὴν
2555 5810 2775 5880 μνήμην
2809 5809 2902 5864 τοῦ
2936 5808 3095 5878 ἀγίου
3136 5806 3625 5879 μεγαλομάρτυρος
