4134 6422
345 396 445 462 115

1666 416 1942 477 LEONIS
1978 388 2290 482 ALLA'ru

3509 438 3611 502 116

333 514 522 623 tépt‘ov.
545 515 818 623 ρητόρων,
849 511 1203 623 καὶὶοίμηδέ
1235 525 1370 594 πρὸς
1404 527 1759 600 παράδειγμα
1805 535 1919 596 τοῖς
1948 535 1992 589 Δ
2020 533 2261 589 δείκνυσι
2320 535 2386 590 τὰ
2431 536 2551 591 τότε
2618 542 2811 611 καιροῦ
2871 545 3245 617 πραττόμενα.
3295 550 3453 620 Ζηλῶ
3512 564 3610 623 μὲν

335 603 552 670 πολλοῖς
586 607 797 674 ἑστᾶσι,
827 609 904 679 τῷ
942 612 1307 685 ὐπερηχοῦντι
1353 619 1446 672 τοῦ
1481 621 1692 692 ῥυθμοῦ
1717 640 1730 654 ·
1759 625 1921 696 ἀκρι-

336 698 602 770 ὅεστέραν
632 698 687 752 δὲ
718 700 884 769 ίδέαν,
916 697 996 766 οἷς
1026 706 1200 761 εἵλετο
1235 710 1525 765 συνθέσθαι
1550 715 1918 786 συγγράμμα-

336 805 442 855 σιν,
476 790 576 844 οὐκ
606 787 745 856 οἶδα,
779 793 836 846 ετ
857 810 942 857 τις
972 796 1082 849 τῶν
1105 798 1328 854 πάντων
1361 805 1724 874 συνήρμοσεν.
1752 806 1914 862 Ἀλλά

334 882 430 934 καὶ
457 882 512 935 εἴ
539 901 622 946 τις
652 884 719 938 ἂν
745 885 854 938 τῶν
888 887 1163 959 περιττῶν
1215 890 1444 948 ἐκείνων
1473 896 1571 967 τήν
1599 913 1660 950 τε
1690 899 1913 969 φράσιν,

335 975 430 1026 καὶ
461 974 561 1045 τὴν
590 975 894 1050 ἐνθύμησιν
919 981 1206 1052 προείλετο
1226 983 1327 1055 τὴν
1347 986 1607 1059 τοιαύτην
1636 990 1914 1058 ὑπόθεσιν,

334 1067 753 1138 περιεργότερον
787 1070 887 1141 μὲν
920 1074 1059 1146 αὐτῇ
1104 1076 1198 1129 τὸν
1262 1077 1421 1147 λόγον
1474 1082 1811 1151 εἰργάσατοθ
1854 1084 1915 1139 οὔ

334 1174 480 1228 φημι
514 1160 570 1212 δὲ
596 1160 881 1230 σύμπασιν
907 1164 1210 1235 ἀκροαταῖς
1239 1170 1583 1242 κατάλληλόν
1611 1191 1672 1228 τε
1695 1176 1788 1229 καὶ
1810 1177 1916 1248 ἀρ-

337 1250 687 1323 μοδιὼτερον.
723 1254 806 1308 Τά
845 1254 996 1329 [ειη
1048 1277 1109 1313 τε
1155 1262 1264 1333 γὰρ
1314 1264 1577 1335 προοίμια
1604 1267 1715 1321 τῶν
1743 1267 1916 1336 λόγων

335 1339 501 1394 αὐτοῦ
540 1344 823 1417 ἁπτόμενα
880 1349 1043 1413 εὐθὺς
1067 1350 1163 1403 τοῦ
1197 1352 1583 1423 ὑποκειμένου,
1612 1357 1707 1410 καὶ
1738 1356 1913 1427 βραχύ

332 1449 386 1497 τι
409 1434 639 1506 προῖὼν,
667 1437 760 1492 τὸν
783 1440 877 1494 τοῦ
904 1444 1338 1514 συγγράμματος
1363 1447 1650 1516 ἀναφαίνει
1679 1450 1911 1504 σκοπόν·

334 1523 430 1576 καὶ
458 1526 558 1596 τὴν
591 1528 772 1581 πᾶσαν
823 1531 912 1581 ἐπ’
968 1532 1131 1596 ἐνίοις
1180 1534 1292 1586 τῶν
1326 1535 1501 1604 λόγων
1526 1538 1787 1593 ὑπόθεσιν
1819 1550 1912 1594 us-

335 1614 804 1689 φαλαιωσάμενος,
828 1622 991 1685 εὐθὺς
1015 1624 1161 1679 κατά
1189 1627 1330 1699 μέρη
1364 1628 1571 1700 τέμνει,
1592 1632 1725 1703 πρός
1758 1651 1817 1687 τε
1848 1636 1914 1690 τὰ

334 1709 604 1778 πρόσωπα
636 1712 727 1765 καί
767 1717 894 1779 τοὺς
944 1719 1177 1788 καιροὺς
1222 1720 1655 1793 μεθαρμόξεται,
1715 1728 1809 1780 καὶ
1853 1728 1915 1781 τὸ

333 1800 433 1869 μὲν
469 1801 666 1873 χρῶμα
691 1806 788 1859 τοῦ
816 1806 976 1878 λόγου
1010 1810 1072 1863 τὸ
1094 1810 1226 1864 αὐτὸ
1253 1814 1410 1880 πᾶσι,
1468 1816 1565 1870 καὶ
1603 1819 1637 1888 ή
1692 1820 1915 1890 ποιότης

2021 622 2115 680 οὖν
2144 627 2255 696 ἐγὼ
2310 631 2401 683 τὸν
2442 628 2610 700 ἀνδρα
2646 635 2740 686 καὶ
2767 632 2867 704 τῆς
2900 637 3160 708 τοιαύτης
3182 640 3484 711 εὐστομίας
3516 622 3612 700 καὶ

2018 720 2424 790 χάριτος,οὐδέν
2439 739 2499 776 τε
2512 719 2677 795 ἦττον
2686 725 2789 796 τῆς
2810 729 3143 799 εὐχρηστίας
3156 732 3263 786 τῶν
3279 735 3610 793 ὑποθέσεων.

2021 811 2093 866 Et
2116 822 2174 867 ut
2198 814 2262 869 de
2286 815 2387 870 hac
2417 826 2572 885 parte
2599 820 2798 883 dicam,
2832 830 2884 875 et
2907 822 3093 893 aliqua
3121 833 3249 878 utar
3267 826 3608 898 digressione,

2023 923 2125 960 non
2157 908 2339 978 ignoro
2371 911 2531 980 ltujus
2579 913 2679 966 viri
2713 930 2875 983 opera
2905 931 3011 969 non
3043 933 3153 971 esse
3182 934 3373 989 magno
3413 922 3609 988 studio,

2021 1016 2116 1054 nee
2152 1002 2240 1066 iis,
2280 1004 2373 1073 qui
2401 1003 2596 1075 lingua:
2647 1016 2957 1060 ornamento
2994 1015 3219 1062 utuntur
3277 1010 3435 1065 nimis
3486 1013 3611 1065 rhe-

2021 1091 2202 1155 torice,
2248 1107 2340 1146 nec
2393 1095 2458 1147 iis
2489 1094 2580 1164 qui
2609 1111 2764 1148 suum
2785 1094 3024 1149 studium
3047 1106 3338 1166 posuerunt
3361 1099 3417 1152 in
3447 1101 3607 1154 disci-

2018 1180 2201 1250 plinis,
2223 1183 2315 1236 sed
2347 1200 2441 1237 nec
2476 1184 2564 1246 iis,
2590 1185 2680 1254 qui
2715 1186 3033 1241 studuerunt
3059 1197 3265 1243 natura:
3293 1190 3612 1259 contempla-

2022 1272 2173 1336 tioni,
2204 1273 2342 1342 quod
2372 1289 2465 1327 nec
2502 1275 2568 1327 iis
2597 1275 2808 1329 dicendi
2854 1291 3105 1346 generum
3134 1278 3313 1331 mistio
3355 1277 3607 1344 eluceret,

2020 1378 2113 1415 nec
2139 1363 2325 1431 ﬁgam
2350 1363 2559 1418 dicendi
2602 1366 2707 1420 sint
2739 1382 2991 1436 aspersit,
3045 1383 3213 1439 neque
3249 1368 3365 1423 ulla
3398 1378 3609 1424 natura:

2017 1456 2278 1511 dubitatio
2299 1474 2365 1512 ac
2396 1458 2608 1528 solutio,
2646 1477 2811 1531 neque
2841 1461 3107 1516 linearum
3137 1463 3611 1519 demonstrationes

2018 1566 2135 1603 cum
2190 1551 2506 1620 importunis
2558 1553 2891 1618 nominibus,
2948 1569 3112 1625 neque
3169 1553 3608 1625 Philosophorum

2016 1644 2289 1697 sententiae
2322 1660 2439 1715 quis
2469 1645 2764 1717 subjectum
2800 1649 2970 1703 verbis
3017 1649 3074 1702 in
3125 1647 3294 1704 altum
3332 1647 3604 1703 attollant.

2025 1733 2215 1789 Volunt
2237 1737 2380 1789 enim
2404 1738 2497 1807 qui
2517 1747 2639 1792 sunt
2681 1739 2960 1809 sapientia:
2987 1756 3150 1810 supra
3178 1742 3391 1795 modum
3421 1741 3605 1802 dediti,

2018 1827 2199 1880 omnia
2221 1827 2381 1882 scribi
2403 1830 2475 1883 ad
2496 1831 2924 1894 ostentationem,
2955 1847 3059 1886 non
3108 1832 3181 1886 ad
3206 1848 3411 1886 morum
3441 1847 3609 1886 δοντα

332 1893 432 1993 μία
462 1894 869 1993 τῆς-φράσεως,
901 1901 936 1971 ή
964 1899 1021 1953 δέ
1043 1918 1107 1971 γε
1155 1902 1251 1956 τοῦ
1287 1904 1450 1975 ἤθους
1483 1880 1760 1980 usta-601i}
1800 1880 1909 1964 nol;

2019 1880 2285 1973 stionem.
3077 1880 3176 1978 viri
3232 1925 3430 1993 scripta
3462 1923 3605 1978 nullo

330 1981 476 2053 κίλη,
502 1984 598 2037 καὶ
638 1985 737 2051 ὡς,
773 1987 905 2060 εἴπῃ
935 2006 1020 2053 τις
1042 2030 1058 2057 ,
1102 1993 1328 2063 τεχνικὴ
1360 1992 1427 2047 ἂν
1455 1997 1515 2049 οὐ
1548 1997 1639 2050 διὰ
1684 1998 1782 2069 τὴν
1826 2002 1912 2053 τέο

329 2092 467 2147 χνην
494 2078 563 2130 τά
592 2078 895 2148 πράγματα
935 2083 1373 2152 μεταϐάλλουσα,
1424 2087 1560 2142 ἀλλά
1588 2090 1664 2162 τῷ
1698 2092 1913 2163 ἑκάστῳ

328 2166 438 2220 τῶν
468 2171 937 2239 παραπιπτόντων
981 2174 1325 2245 πραγμάτων
1373 2194 1433 2230 τε
1464 2179 1557 2232 καὶ
1603 2182 1913 2252 προσώπων

328 2259 546 2314 οἰκείων
573 2261 1030 2334 διερμηνεύουσα.
1069 2264 1157 2332 Ὧς
1212 2269 1348 2340 πρὸς
1389 2270 1679 2342 ἀρχέτυπα
1725 2273 1781 2328 δὲ
1843 2274 1913 2328 τά

332 2350 670 2426 ἀρχαιότερα
699 2355 811 2409 τῶν
833 2359 1187 2430 πραγμάτων
1216 2363 1561 2431 ἐνατενίζων,
1595 2366 1820 2422 ἐκείνων
1850 2386 1910 2423 τε

330 2441 431 2533 οὐκ
458 2442 775 2512 ἀφίσταται,
805 2446 893 2502 ἵνα
911 2449 985 2521 μὴ
1016 2450 1140 2524 δόξῃ
1165 2453 1295 2508 ἄλλο
1310 2471 1365 2507 τι
1394 2456 1596 2523 ποιῶν;
1630 2460 1726 2512 καὶ
1753 2461 1908 2533 παρὰ

328 2532 391 2586 τὸ
422 2535 798 2606 παράδειγμα,
824 2542 917 2593 καὶ
947 2541 1045 2613 τὴν
1090 2544 1220 2613 ὃλην
1272 2546 1417 2600 ἰδέαν
1459 2554 1782 2619 μετατυποί,
1811 2532 1912 2608 οὐκ

326 2627 672 2685 ἐναλλάττων
703 2633 803 2704 τὴν
835 2632 991 2704 ὕλην,
1044 2637 1182 2692 ἀλλά
1239 2639 1300 2694 τὸ
1349 2643 1746 2714 ἡμαρτημένον
1797 2647 1909 2701 τῶν

327 2718 486 2772 είδῶν
519 2720 903 2793 διορθούμενος
926 2765 944 2793 ,
977 2728 1101 2782 οὐδέ
1129 2732 1469 2802 καινοτομῶν
1497 2736 1619 2799 ταῖς
1647 2737 1902 2805 ἐννοίαις,

325 2809 464 2863 ἀλλά
485 2811 547 2864 τὸ
570 2811 673 2883 τῆς
703 2812 903 2880 λέξεως
934 2818 1126 2889 σχῆμα
1167 2821 1507 2890 μετατιθείς.
1536 2824 1906 2897 Ἀνωμαλίαις

323 2918 385 2955 τε
412 2903 766 2974 περιπίπτων
792 2907 1155 2980 διηγημάτων
1184 2915 1211 2966 ὁ
1239 2912 1399 2982 λόγος
1430 2915 1604 2989 αὐτῷ,
1636 2920 1733 2972 καὶ
1778 2938 1910 2991 μετ-

327 2993 594 3064 αλλαγαῖς
617 2998 950 3067 ὑποθέσεων,
979 3002 1042 3054 οὐ
1073 3004 1386 3073 σύγκειται,
1411 3008 1534 3062 οὐδὲ
1559 3011 1905 3083 ταράττεται·

325 3085 444 3139 ἀλλ’
507 3086 699 3161 ῶσπερ
752 3089 977 3163 ἄριστος
1027 3095 1374 3169 κυϐερνήτης
1436 3103 1908 3177 περικλυζομένης

2017 2012 2204 2065 borum
2233 2028 2342 2066 esse
2384 2013 2632 2083 privata;
2661 2014 2752 2069 sed
2782 2017 3034 2085 quoniam
3066 2032 3168 2069 non
3200 2016 3268 2070 ad
3295 2017 3607 2071 ostentatio-

2016 2120 2135 2158 nem
2165 2108 2579 2175 comparabatur
2623 2106 2739 2176 ejus
2768 2109 3010 2176 scriptio,
3038 2109 3155 2163 ideo
3187 2124 3291 2163 non
3335 2118 3606 2176 ponuntur

2015 2199 2331 2267 frequenter,
2378 2214 2542 2269 neque
2568 2200 2755 2253 statim
2790 2216 2822 2253 a
2855 2201 3139 2272 principio,
3183 2217 3351 2272 neque
3386 2200 3602 2273 ubique,

2015 2306 2180 2361 neque
2207 2291 2351 2360 apud
2371 2307 2550 2346 omnes
2580 2290 2753 2364 [H8],
2789 2294 2881 2347 sed
2904 2293 3117 2358 quando
3141 2310 3222 2349 res
3248 2295 3342 2349 dat
3369 2295 3601 2348 occasio-

2015 2398 2155 2449 nem,
2184 2398 2309 2438 usus
2342 2383 2431 2449 iis,
2471 2400 2589 2455 qua:
2616 2384 2854 2455 postulat
2899 2387 3093 2454 oratio,
3135 2388 3272 2442 redit
3303 2389 3487 2442 statim
3531 2386 3602 2441 ad

2013 2488 2230 2542 scopum
2258 2476 2602 2545 propositum.
2633 2476 2769 2546 Ejus
2798 2478 2940 2532 enim
2987 2478 3160 2532 oratio
3199 2495 3364 2550 neque
3396 2479 3466 2532 ad
3500 2494 3603 2532 so-

2012 2568 2294 2637 phisticam
2346 2569 2582 2622 intuetur
2608 2569 2933 2638 jactantiam
2962 2586 3028 2623 ac
3059 2572 3317 2641 forensem
3345 2585 3599 2640 appara-

2014 2669 2146 2720 tum,
2180 2676 2346 2730 neque
2378 2661 2451 2714 ad
2476 2661 2823 2730 artiﬁciosam
2862 2663 3197 2716 naturalium
3247 2678 3423 2716 rerum
3447 2677 3600 2715 σπου

2011 2749 2345 2820 gitationem,
2373 2767 2535 2821 neque
2564 2752 2634 2805 ad
2664 2752 2929 2807 linearum
2958 2751 3482 2822 contemplationem,
3504 2761 3597 2805 aut

2013 2838 2355 2892 curiosiorem
2403 2854 2746 2894 numerorum
2790 2840 3221 2911 intelligentiam.
3270 2841 3377 2897 Sed
3434 2856 3600 2911 neque

2012 2933 2089 2980 est
2119 2926 2169 2981 ei
2202 2927 2380 2981 studio
2428 2929 2568 2983 orbis
2619 2938 2812 2991 motus,
2849 2939 2939 2984 aut
2987 2930 3429 3001 quemadmodum
3457 2935 3600 2987 iner-

2012 3034 2139 3073 rans
2186 3020 2414 3074 mundus
2457 3023 2708 3089 procedat
2757 3024 2898 3076 circa
2957 3021 3140 3077 stellas
3177 3032 3415 3078 errantes
3446 3040 3465 3078 :
3510 3025 3603 3078 sed

2014 3124 2175 3179 neque
2218 3121 2337 3164 sunt
2392 3112 2438 3165 ei
2485 3128 2627 3166 cura:
2675 3123 3023 3167 consonantes
3080 3123 3176 3168 aut
3227 3114 3592 3180 semivocales,

324 3179 477 3251 αὐτῷ
502 3180 605 3252 τῆς
630 3182 766 3246 νεὼς
796 3187 1048 3259 ἀτρέμας
1079 3192 1330 3263 εἱστήκει
1362 3193 1438 3264 τῷ
1468 3195 1617 3250 οἴακι
1639 3199 1906 3269 τεχνικώ-

2014 3215 2174 3265 neque
2203 3202 2293 3264 qui
2323 3217 2414 3270 per
2443 3218 2533 3255 eas
2560 3202 2618 3270 ﬁt
2665 3215 2961 3256 concenfus.
2996 3200 3285 3272 Propterea
3310 3205 3421 3259 hu‘c
3465 3206 3598 3276 qui-

323 3288 461 3326 τατα
485 3272 792 3346 χρώμενος.
820 3279 978 3334 Ἔστι
1003 3281 1058 3335 δὲ
1089 3277 1152 3338 οὗ
1185 3284 1295 3339 τῶν
1323 3284 1499 3354 λόγων
1524 3288 1619 3342 καὶ
1657 3306 1909 3361 γεωγρα-

327 3367 420 3436 ipsi
443 3367 545 3432 τάς
574 3368 683 3424 τῶν
709 3370 1124 3445 ἐπαινουμένων
1168 3377 1435 3449 πατρίδας
1478 3383 1579 3453 τῆς
1610 3384 1908 3457 συμπάσης

325 3466 772 3538 ἀποτεμνόμενος
807 3470 936 3540 γῆς,
977 3473 1075 3527 καὶ
1107 3474 1328 3542 ἀνάγων
1355 3476 1435 3538 εἰς
1461 3474 1522 3528 ἓν
1549 3475 1659 3531 τῶν
1685 3479 1909 3548 τμημά-

323 3573 454 3611 των.
485 3552 618 3612 Elea
666 3559 723 3613 δὲ
752 3562 848 3615 καὶ⁵
880 3563 1011 3634 περὶ
1057 3563 1322 3634 ποταμῶν
1347 3581 1403 3618 τι
1435 3564 1761 3635 φθέγγεται,
1814 3569 1909 3622 καὶ

325 3650 641 3720 φυσιολογεῖ
688 3652 870 3707 αὐτῶν
922 3653 1023 3718 τὰς
1075 3656 1274 3726 ἀρχὰς,
1305 3655 1401 3711 καὶ
1452 3658 1582 3728 περὶ
1622 3659 1907 3730 εὐκαιρίας

324 3739 556 3809 πόλεων,
594 3743 689 3796 καὶ⁷
720 3744 973 3815 κράσεως
1002 3745 1202 3818 ἀέρων,
1237 3747 1332 3801 καὶ
1356 3746 1519 3818 ὡρῶν
1546 3749 1837 3820 ἁρμονίας,
1856 3753 1908 3805 εί

324 3831 422 3886 καὶ
446 3832 546 3902 τὴν
570 3834 740 3907 ἀκοὴν
764 3833 843 3906 τῷ
872 3835 987 3891 όντι
1020 3837 1280 3907 δυσήκοοι
1307 3838 1404 3893 τοῦ
1431 3839 1543 3895 τῶν
1594 3840 1906 3910 λεγομένων

325 3923 427 3976 οὐκ
447 3923 757 3981 ἐπαΐουσιν.
790 3927 1063 3982 Ἀπτεται
1107 3930 1165 3984 δὲ
1194 3931 1291 3984 καὶ
1336 3931 1636 3997 πολυειδῶς
1668 3935 1778 3990 τῶν
1811 3934 1905 3990 τοῦ

324 4012 485 4083 λόγου
523 4016 744 4086 μερῶν
790 4018 859 4072 τά
905 4020 1004 4089 μὲν
1062 4020 1498 4094 ἀγωνικώτερον,
1531 4024 1602 4079 τά
1629 4026 1686 4079 δὲ
1729 4028 1906 4098 πραό-

324 4122 506 4175 τερον.
552 4108 664 4176 Τῆς
707 4108 765 4162 δὲ
802 4108 911 4163 τῶν
943 4109 1250 4183 διηγήσεων
1281 4114 1502 4185 χάριτος
1540 4115 1625 4182 τίς
1654 4117 1721 4171 ἂν
1754 4118 1907 4190 αὐτῷ

326 4197 438 4252 τῶν
466 4198 688 4255 πάντων
727 4200 1204 4275 ἀμφισϐητήσειες
1249 4205 1351 4270 τῆς
1376 4206 1435 4260 δὲ
1477 4208 1773 4281 συνθήκης,
1804 4210 1906 4282 τῆς

325 4289 385 4343 δὲ
427 4290 535 4345 τῶν
573 4292 799 4364 ῥυθμῶν
845 4294 1234 4364 ἀναπαύσεως,
1263 4297 1364 4368 τῆς
1420 4298 1478 4353 δὲ
1534 4300 1672 4371 πρὸς
1724 4302 1906 4357 πάντα

329 4382 667 4454 καταλλήλου
709 4384 1105 4457 εὐαρμοστίας.
1150 4389 1421 4462 Βούλομαι
1455 4392 1555 4462 μὲν
1586 4389 1681 4446 οὖν
1705 4395 1789 4448 ὅτι
1824 4395 1902 4467 μὴ

332 4472 616 4543 στωμύλος
642 4475 783 4546 ὑπὲρ
817 4476 1028 4532 ἐκείνου
1074 4479 1518 4548 διαγωνίσεσθαι.
1546 4482 1808 4553 Εὑρίσκω
1845 4485 1904 4539 δὲ

2016 3293 2133 3347 dem
2170 3295 2424 3347 amanda!
2458 3303 2717 3366 tanquam
2742 3311 3183 3364 supervacaneo;
3220 3312 3598 3367 nonnunquam

2018 3393 2196 3439 tamen
2224 3386 2297 3441 eis
2339 3387 2528 3451 utitur,
2562 3403 2627 3440 ae
2654 3387 2710 3441 in
2737 3394 2988 3455 tempore.
3044 3386 3265 3441 Veritati
3293 3396 3472 3442 autem
3499 3389 3598 3442 ad-

2015 3478 2197 3543 liceret,
2234 3489 2281 3532 et
2320 3494 2354 3532 a
2385 3478 2524 3550 falso
2547 3478 2737 3533 aliena:
2771 3478 3088 3534 narrationi.
3130 3476 3386 3533 Dictionis
3418 3488 3595 3533 autem

2015 3569 2209 3623 sciebat
2245 3569 2441 3625 multos
2467 3577 2647 3626 modos
2671 3585 2689 3623 :
2716 3585 2843 3624 usus
2867 3578 2945 3624 est
2973 3579 3153 3625 autem
3175 3585 3234 3625 eo
3266 3571 3356 3641 qui
3379 3571 3600 3641 suﬁcie-

2017 3661 2104 3715 bat
2127 3661 2198 3716 ad
2229 3661 2559 3717 auditionem
2602 3660 2829 3716 simulet
2859 3662 3110 3716 bonorum
3139 3670 3190 3717 et
3228 3662 3511 3728 malorum,
3546 3675 3595 3716 et

2015 3754 2252 3823 utrisque
2271 3753 2515 3823 partibus
2548 3753 2711 3808 simul
2746 3754 3084 3826 satisfaciens
3113 3770 3134 3811 :
3175 3770 3302 3809 nam
3350 3755 3597 3809 dictionis

2014 3849 2224 3919 quidem
2252 3863 2473 3904 numero
2495 3858 2544 3903 et
2571 3848 2966 3918 pulchritudine
2993 3850 3257 3905 eruditum
3277 3851 3354 3908 sic
3367 3852 3595 3906 attraxit

2013 3939 2335 4006 auditorem,
2376 3950 2425 3995 et
2480 3940 2613 3995 satis
2647 3941 2838 3997 delinit
2867 3943 3170 4012 gratiarum
3196 3943 3453 4000 illecebris
3488 3960 3506 3999 :
3535 3961 3597 3999 eo

2014 4041 2214 4094 autem,
2247 4032 2386 4102 quod
2435 4042 2565 4087 esset
2593 4031 2745 4086 clara
2772 4042 2825 4087 et
2873 4033 3141 4089 luculenta
3168 4036 3362 4100 oratio,
3405 4036 3589 4106 eﬁ‘ecit,

2012 4131 2072 4175 ut
2099 4138 2255 4177 aures
2281 4124 2647 4192 imperitorum
2683 4124 2751 4178 ab
2777 4124 2893 4195 ejus
2923 4141 3045 4179 voce
3070 4126 3375 4194 penderent.
3400 4126 3593 4181 Ambos

2013 4222 2193 4271 autem
2223 4214 2428 4268 induxit
2455 4214 2679 4269 breuiter
2703 4223 2752 4270 et
2786 4213 3146 4284 probabiliter.
3183 4213 3295 4288 Ego
3322 4224 3503 4271 autem
3532 4233 3595 4271 ne

2013 4305 2147 4359 nihil
2172 4305 2373 4369 dicunt,
2408 4304 2586 4360 celans
2618 4305 2759 4375 quod
2783 4306 2852 4360 sit
2885 4322 3006 4362 vero
3033 4307 3228 4375 minus,
3257 4309 3366 4362 scio
3383 4308 3593 4378 quidem

2011 4412 2122 4452 esse
2169 4395 2338 4450 multa
2381 4395 2590 4449 dicendi
2615 4412 2809 4466 genera
2856 4392 3266 4466 pulcherrimas;
3318 4400 3593 4471 perfectio-

2012 4503 2154 4553 rum,
2186 4487 2425 4556 inquam,
2461 4483 2774 4553 Oratorum,
2828 4496 2878 4542 et
2910 4504 3136 4559 quorum
3178 4490 3452 4560 exemplar
3490 4507 3594 4545 non

327 4564 454 4628 τοὺς
486 4565 682 4635 λόγους
709 4567 859 4639 αὐτῷ
896 4570 1034 4644 μηδέ
1063 4570 1268 4644 ταύτης
1295 4574 1518 4645 χάριτος
1549 4575 1904 4642 ἀποδέοντας,

2014 4589 2086 4633 est
2115 4578 2269 4649 uulgo
2298 4579 2625 4649 propositum
2659 4583 2731 4633 ad
2777 4580 3099 4637 imitandum
3144 4592 3359 4654 propter
3407 4599 3593 4638 sonum

329 4656 447 4711 ἀλλ’
477 4659 612 4712 ὅπου
642 4660 743 4726 μὲν
771 4662 952 4716 καὶτὸ
980 4664 1235 4734 περιττὸν
1262 4665 1509 4736 ἔχοντας,
1537 4667 1595 4719 ἐν
1622 4667 1679 4720 δέ
1703 4684 1766 4736 γε
1796 4672 1909 4733 τοῖς

328 4747 540 4802 πλείοσι
564 4750 625 4804 τδ
655 4752 853 4823 σεμνὸν
894 4753 987 4807 καὶ
1037 4755 1099 4808 τὸ
1149 4755 1396 4825 κόσμιον.
1450 4756 1554 4809 Δύο
1597 4757 1654 4810 δὲ
1701 4758 1908 4824 ταύτας

259 4892 265 4901 ,
329 4839 480 4905 ὀδοὺς
512 4842 663 4914 αὐτῷ
691 4842 919 4912 θέμενος
953 4846 1303 4916 μαρτυρικὴν
1327 4841 1599 4912 ἔνστασιν,
1617 4847 1714 4901 καὶ
1738 4849 1911 4920 ἀσκη-

328 4929 488 4999 τικὴν
522 4932 843 5002 καρτερίαν,
871 4932 1057 5003 τρέχει
1111 4934 1211 5004 μὲν
1250 4934 1338 4987 ἐπ’
1382 4936 1585 5008 ἀμφοῖν
1634 4940 1746 4993 τοῖν
1776 4955 1907 4993 στα-

328 5019 502 5085 δίοιν,
556 5021 617 5074 οὐ
674 5022 853 5077 ποδῶν
899 5023 1184 5094 ὠκύτητι,
1245 5026 1381 5081 ἀλλὰ
1441 5029 1577 5097 μετά
1630 5029 1909 5100 λογισμῶν

328 5111 607 5183 ὀξύτητος.
655 5112 908 5166 Μάλιστα
952 5112 1009 5165 δὲ
1068 5113 1159 5167 τὸν
1212 5116 1509 5186 ἀσκητικὸν
1557 5118 1784 5172 διαθέων
1833 5118 1911 5173 δί-

331 5204 492 5258 αυλον
546 5202 907 5277 εὐτονώτερος
967 5204 1165 5259 ἑαυτοῦ
1242 5207 1334 5261 καὶ
1399 5208 1908 5281 ἀγωνοστικὼτερος

331 5297 560 5362 γίνεται.
614 5298 824 5352 Πιαίνει
881 5296 1014 5364 γοῦν
1068 5315 1158 5369 μοι
1217 5298 1317 5370 τὴν
1373 5298 1544 5371 ἀκοὴν
1589 5300 1826 5370 ὁπηνίκα
1880 5305 1909 5356 ὁ

331 5388 485 5456 λόγος
525 5389 673 5458 αὐτῷ
723 5391 898 5444 ἄνεισι
949 5391 1048 5460 μὲν
1094 5390 1222 5460 ὅρη,
1280 5389 1467 5443 ὕπεισι
1520 5390 1575 5443 δὲ
1629 5393 1904 5463 σπήλαιον

331 5480 435 5533 ὑπό
482 5497 541 5533 τε
571 5480 751 5545 πίτυν,
807 5481 841 5553 ἢ
896 5480 1027 5553 δρῦν
1084 5500 1205 5537 τινα
1249 5482 1459 5547 καθίζει
1507 5484 1597 5536 τὸν
1638 5484 1904 5558 ἀσκητὴν,

335 5576 430 5626 καὶ
477 5573 749 5643 σχεδιάζει
783 5574 933 5644 αὐτῷ
964 5576 1175 5647 τροφὴν
1227 5575 1326 5645 τὴν
1377 5577 1442 5629 ἐκ
1489 5573 1754 5646 βοτανῶν,
1812 5581 1908 5633 καὶ

331 5665 485 5736 ⁶πόμα
515 5665 576 5718 τὸ
623 5667 687 5719 ἐκ
738 5666 954 5737 πηγῶν.
1010 5668 1355 5739 Περιανθίζει
1403 5667 1512 5740 γάρ
1566 5670 1668 5735 τὰς
1721 5672 1906 5726 τοιαύ⁸

329 5773 428 5821 τας
458 5756 742 5826 διηγήσεις
786 5757 966 5825 λέξεσί
996 5777 1109 5814 τισι
1148 5759 1210 5813 τὸ
1251 5760 1417 5816 καλὸν
1464 5763 1779 5832 ἀνθούσαις,
1808 5770 1904 5822 καὶ

330 5849 630 5919 σχημάτων
680 5851 943 5905 ποικίλλει
1011 5852 1325 5917 ροδωνιαῖς,
1377 5856 1470 5911 καὶ
1523 5855 1598 5920 ὡς
1651 5857 1903 5931 ὁρώμενα

2013 4680 2061 4725 et
2090 4686 2368 4725 numerum
2399 4671 2659 4726 orationis
2690 4687 2709 4724 .'
2735 4673 3157 4740 prastantiorem
3179 4682 3358 4728 autem
3387 4673 3592 4728 dicendi

2013 4763 2245 4833 formam
2273 4763 2338 4816 iis
2366 4764 2578 4832 scriptis
2606 4779 2724 4833 qute
2756 4750 3066 4849 componere
3092 4772 3377 4830 statuerat,
3423 4766 3594 4819 nescio

2012 4872 2084 4909 an
2113 4856 2392 4926 quisquam
2442 4872 2506 4910 ex
2542 4856 2783 4910 omnibus
2829 4872 3063 4927 unquam
3098 4855 3433 4925 adaptauerit
3456 4872 3475 4909 :
3504 4857 3595 4910 sed
3696 4915 3704 4924 ,

2013 4958 2062 5002 et
2112 4948 2159 5000 si
2189 4949 2306 5017 quis
2355 4964 2420 5002 ea:
2447 4947 2576 5012 illis,
2619 4948 2711 5020 qui
2739 4956 2789 5003 et
2827 4949 3057 5004 dictione
3088 4948 3345 5005 excellunt
3378 4957 3429 5005 et
3459 4965 3594 5005 seu-

2013 5041 2199 5105 tentia,
2231 5039 2492 5108 ejusmodi
2516 5049 2829 5110 argumenta
2848 5040 3176 5110 suscepisset,
3205 5041 3594 5097 accuratiorem

2013 5132 2219 5201 quidem
2242 5142 2288 5185 et
2311 5131 2722 5187 elaboratiorem
2745 5132 2992 5203 effecisset
3026 5134 3342 5197 orationem,
3375 5135 3467 5189 sed
3488 5149 3592 5187 non

2011 5222 2194 5277 itidem
2220 5223 2338 5276 dico
2359 5221 2689 5277 auditoribus
2709 5233 3077 5293 congruentem
3105 5233 3151 5279 et
3181 5224 3587 5279 convenientem.

2011 5313 2155 5369 Nam
2191 5325 2240 5369 et
2273 5314 2591 5383 principium
2620 5313 2756 5383 :ejus
2793 5315 3096 5369 orationum
3140 5315 3325 5371 statim
3376 5316 3590 5385 attingit

2011 5406 2324 5474 subjectum,
2362 5413 2411 5459 et
2460 5421 2653 5475 parum
2701 5407 2981 5474 procedens
3030 5406 3253 5461 ostendit
3297 5410 3381 5460 sui
3410 5406 3592 5476 scripti

2010 5512 2245 5566 scopum,
2272 5505 2319 5549 et
2344 5497 2402 5549 in
2426 5495 2695 5551 nonnullis
2722 5496 3046 5551 orationibus
3085 5512 3203 5551 cum
3228 5506 3393 5553 totum
3427 5512 3591 5568 argu-

2011 5595 2244 5640 mentum
2283 5583 2594 5652 recapitulet
2618 5586 2673 5638 in
2719 5601 3004 5662 summam,
3032 5586 3087 5636 id
3106 5584 3291 5637 statim
3333 5583 3388 5636 in
3412 5593 3590 5653 partes

2009 5675 2215 5731 dividit.
2234 5673 2302 5731 Se
2329 5684 2506 5730 autem
2525 5676 2887 5730 accommodat
2911 5676 3143 5744 personis
3159 5683 3208 5727 et
3234 5675 3554 5744 temporibus
3569 5690 3589 5729 .'

2009 5776 2059 5822 et
2091 5776 2163 5821 est
2191 5767 2401 5837 quidem
2433 5766 2672 5822 omnibus
2715 5767 2851 5820 idem
2895 5764 3037 5820 color
3081 5766 3357 5830 orationis,
3388 5777 3437 5820 et
3484 5784 3586 5818 una

2014 5860 2242 5931 qualitas
2275 5859 2548 5924 dictionis;
2602 5874 2803 5914 morum
2836 5868 3012 5913 autem
3050 5859 3199 5914 varia
3234 5869 3307 5915 est
3341 5858 3581 5913 mutatio.
