  <div class='ocr_page' id='page_1' title='image "/cluster/home/n/w/nwhite01/storage/ocr_20150623/114:no.1/coo.31924054870187/067.png"; bbox 0 0 4134 6426; ppageno 0'>
   <div class='ocr_carea' id='block_1_1' title="bbox 430 382 530 446">
    <p class='ocr_par' dir='ltr' id='par_1_1' title="bbox 430 382 530 446">
     <span class='ocr_line' id='line_1_1' title="bbox 430 382 530 446; baseline 0.02 -3"><span class='ocrx_word' id='word_1_1' title='bbox 430 382 530 446; x_wconf 73' lang='grc'><strong>119</strong></span> 
     </span>
    </p>
   </div>
   <div class='ocr_carea' id='block_1_2' title="bbox 428 582 1011 653">
    <p class='ocr_par' dir='ltr' id='par_1_2' title="bbox 428 582 1011 653">
     <span class='ocr_line' id='line_1_2' title="bbox 428 582 1011 653; baseline 0.012 -20"><span class='ocrx_word' id='word_1_2' title='bbox 428 583 594 637; x_wconf 81' lang='lat' dir='ltr'>nostri</span> <span class='ocrx_word' id='word_1_3' title='bbox 623 582 1011 653; x_wconf 86' lang='lat' dir='ltr'><strong>Amphilochii.</strong></span> 
     </span>
    </p>
   </div>
   <div class='ocr_carea' id='block_1_3' title="bbox 498 675 1991 754">
    <p class='ocr_par' dir='ltr' id='par_1_3' title="bbox 498 675 1991 754">
     <span class='ocr_line' id='line_1_3' title="bbox 498 675 1991 754; baseline 0.007 -27"><span class='ocrx_word' id='word_1_4' title='bbox 498 675 587 727; x_wconf 85' lang='grc' dir='ltr'>Ἐν</span> <span class='ocrx_word' id='word_1_5' title='bbox 632 677 753 737; x_wconf 84' lang='grc' dir='ltr'>ταῖς</span> <span class='ocrx_word' id='word_1_6' title='bbox 806 676 1044 747; x_wconf 79' lang='grc' dir='ltr'>ἡμέραις</span> <span class='ocrx_word' id='word_1_7' title='bbox 1096 678 1334 742; x_wconf 78' lang='grc' dir='ltr'>ἐκείναις</span> <span class='ocrx_word' id='word_1_8' title='bbox 1393 681 1689 751; x_wconf 82' lang='grc' dir='ltr'>γενομένου</span> <span class='ocrx_word' id='word_1_9' title='bbox 1725 682 1991 754; x_wconf 84' lang='grc' dir='ltr'><strong>διωγμοῦ,</strong></span> 
     </span>
    </p>
   </div>
   <div class='ocr_carea' id='block_1_4' title="bbox 426 764 1995 845">
    <p class='ocr_par' dir='ltr' id='par_1_4' title="bbox 426 764 1995 845">
     <span class='ocr_line' id='line_1_4' title="bbox 426 764 1995 845; baseline 0.008 -29"><span class='ocrx_word' id='word_1_10' title='bbox 426 766 520 817; x_wconf 66' lang='grc' dir='ltr'>καὶ</span> <span class='ocrx_word' id='word_1_11' title='bbox 553 764 762 819; x_wconf 85' lang='grc' dir='ltr'>πολλῶν</span> <span class='ocrx_word' id='word_1_12' title='bbox 808 765 1055 834; x_wconf 78' lang='grc' dir='ltr'>ἀδελφῶν</span> <span class='ocrx_word' id='word_1_13' title='bbox 1098 769 1625 840; x_wconf 86' lang='grc' dir='ltr'>προαναιρεθέντων.</span> <span class='ocrx_word' id='word_1_14' title='bbox 1680 773 1995 845; x_wconf 77' lang='lat' dir='ltr'>Martyrium</span> 
     </span>
    </p>
   </div>
   <div class='ocr_carea' id='block_1_5' title="bbox 426 856 1486 922">
    <p class='ocr_par' dir='ltr' id='par_1_5' title="bbox 426 856 1486 922">
     <span class='ocr_line' id='line_1_5' title="bbox 426 856 1486 922; baseline 0.006 -13"><span class='ocrx_word' id='word_1_15' title='bbox 426 866 736 911; x_wconf 81' lang='lat' dir='ltr'><strong>sanctorum</strong></span> <span class='ocrx_word' id='word_1_16' title='bbox 764 856 1053 912; x_wconf 82' lang='lat' dir='ltr'><strong>Alexandri</strong></span> <span class='ocrx_word' id='word_1_17' title='bbox 1087 867 1142 914; x_wconf 89' lang='lat' dir='ltr'>et</span> <span class='ocrx_word' id='word_1_18' title='bbox 1171 859 1486 922; x_wconf 67' lang='lat' dir='ltr'><strong>Antoninae.</strong></span> 
     </span>
    </p>
   </div>
   <div class='ocr_carea' id='block_1_6' title="bbox 495 947 1995 1025">
    <p class='ocr_par' dir='ltr' id='par_1_6' title="bbox 495 947 1995 1025">
     <span class='ocr_line' id='line_1_6' title="bbox 495 947 1995 1025; baseline 0.01 -26"><span class='ocrx_word' id='word_1_19' title='bbox 495 949 585 1000; x_wconf 88' lang='grc' dir='ltr'>Ἐν</span> <span class='ocrx_word' id='word_1_20' title='bbox 614 952 734 1011; x_wconf 81' lang='grc' dir='ltr'>ταῖς</span> <span class='ocrx_word' id='word_1_21' title='bbox 773 949 1010 1021; x_wconf 79' lang='grc' dir='ltr'>ἡμέραις</span> <span class='ocrx_word' id='word_1_22' title='bbox 1043 953 1104 1004; x_wconf 83' lang='grc' dir='ltr'>ὲν</span> <span class='ocrx_word' id='word_1_23' title='bbox 1149 947 1241 1015; x_wconf 77' lang='grc' dir='ltr'>αἷς</span> <span class='ocrx_word' id='word_1_24' title='bbox 1289 953 1318 1005; x_wconf 99' lang='lat'>6</span> <span class='ocrx_word' id='word_1_25' title='bbox 1360 952 1493 1017; x_wconf 84' lang='grc' dir='ltr'>Θεὸς</span> <span class='ocrx_word' id='word_1_26' title='bbox 1541 956 1568 1008; x_wconf 91' lang='lat'>6</span> <span class='ocrx_word' id='word_1_27' title='bbox 1616 955 1840 1025; x_wconf 84' lang='grc' dir='ltr'>ὰγαοός.</span> <span class='ocrx_word' id='word_1_28' title='bbox 1878 958 1995 1014; x_wconf 71' lang='lat' dir='ltr'><strong>Vita</strong></span> 
     </span>
    </p>
   </div>
   <div class='ocr_carea' id='block_1_7' title="bbox 424 1038 1237 1097">
    <p class='ocr_par' dir='ltr' id='par_1_7' title="bbox 424 1038 1237 1097">
     <span class='ocr_line' id='line_1_7' title="bbox 424 1038 1237 1097; baseline 0.002 -5"><span class='ocrx_word' id='word_1_29' title='bbox 424 1039 596 1093; x_wconf 78' lang='lat' dir='ltr'><strong>sancti</strong></span> <span class='ocrx_word' id='word_1_30' title='bbox 637 1038 848 1094; x_wconf 83' lang='lat' dir='ltr'><strong>Arsenii</strong></span> <span class='ocrx_word' id='word_1_31' title='bbox 874 1042 1237 1097; x_wconf 80' lang='lat' dir='ltr'><strong>anachoretae.</strong></span> 
     </span>
    </p>
   </div>
   <div class='ocr_carea' id='block_1_8' title="bbox 497 1131 1997 1207">
    <p class='ocr_par' dir='ltr' id='par_1_8' title="bbox 497 1131 1997 1207">
     <span class='ocr_line' id='line_1_8' title="bbox 497 1131 1997 1207; baseline 0.005 -24"><span class='ocrx_word' id='word_1_32' title='bbox 497 1131 588 1183; x_wconf 89' lang='grc' dir='ltr'>Ἐν</span> <span class='ocrx_word' id='word_1_33' title='bbox 614 1134 735 1195; x_wconf 79' lang='grc' dir='ltr'>ταῖς</span> <span class='ocrx_word' id='word_1_34' title='bbox 767 1132 1009 1204; x_wconf 75' lang='grc' dir='ltr'>ἡμέραις</span> <span class='ocrx_word' id='word_1_35' title='bbox 1049 1134 1290 1199; x_wconf 82' lang='grc' dir='ltr'>ὲκείναις</span> <span class='ocrx_word' id='word_1_36' title='bbox 1324 1136 1575 1206; x_wconf 82' lang='grc' dir='ltr'>Ζήνωνος</span> <span class='ocrx_word' id='word_1_37' title='bbox 1600 1136 1695 1190; x_wconf 80' lang='grc' dir='ltr'>τοῦ</span> <span class='ocrx_word' id='word_1_38' title='bbox 1727 1137 1997 1207; x_wconf 84' lang='grc' dir='ltr'>βασιλέως</span> 
     </span>
    </p>
   </div>
   <div class='ocr_carea' id='block_1_9' title="bbox 425 1217 1995 1300">
    <p class='ocr_par' dir='ltr' id='par_1_9' title="bbox 425 1217 1995 1300">
     <span class='ocr_line' id='line_1_9' title="bbox 425 1217 1995 1300; baseline 0.007 -29"><span class='ocrx_word' id='word_1_39' title='bbox 425 1217 521 1273; x_wconf 70' lang='grc' dir='ltr'>καὶ</span> <span class='ocrx_word' id='word_1_40' title='bbox 573 1219 880 1293; x_wconf 86' lang='grc' dir='ltr'>Γρηγορίου</span> <span class='ocrx_word' id='word_1_41' title='bbox 947 1224 1190 1296; x_wconf 73' lang='grc' dir='ltr'>ἐπάρχου</span> <span class='ocrx_word' id='word_1_42' title='bbox 1243 1224 1413 1281; x_wconf 74' lang='grc' dir='ltr'>ὅντων</span> <span class='ocrx_word' id='word_1_43' title='bbox 1479 1229 1537 1280; x_wconf 82' lang='grc' dir='ltr'>ὲν</span> <span class='ocrx_word' id='word_1_44' title='bbox 1594 1227 1995 1300; x_wconf 73' lang='grc' dir='ltr'>Ἀλεξανδρεία.</span> 
     </span>
    </p>
   </div>
   <div class='ocr_carea' id='block_1_10' title="bbox 422 1306 1933 1381">
    <p class='ocr_par' dir='ltr' id='par_1_10' title="bbox 422 1306 1933 1381">
     <span class='ocr_line' id='line_1_10' title="bbox 422 1306 1933 1381; baseline 0.007 -20"><span class='ocrx_word' id='word_1_45' title='bbox 422 1306 549 1363; x_wconf 76' lang='lat' dir='ltr'><strong>Vita</strong></span> <span class='ocrx_word' id='word_1_46' title='bbox 578 1318 633 1364; x_wconf 92' lang='lat' dir='ltr'>et</span> <span class='ocrx_word' id='word_1_47' title='bbox 662 1325 750 1366; x_wconf 90' lang='lat' dir='ltr'>res</span> <span class='ocrx_word' id='word_1_48' title='bbox 771 1321 937 1381; x_wconf 72' lang='lat' dir='ltr'><strong>gesta:</strong></span> <span class='ocrx_word' id='word_1_49' title='bbox 968 1322 1171 1368; x_wconf 68' lang='lat' dir='ltr'><strong>sanctae</strong></span> <span class='ocrx_word' id='word_1_50' title='bbox 1194 1312 1499 1370; x_wconf 70' lang='lat' dir='ltr'><strong>Theodoraa</strong></span> <span class='ocrx_word' id='word_1_51' title='bbox 1530 1315 1933 1372; x_wconf 80' lang='lat' dir='ltr'><strong>Alexandrinae.</strong></span> 
     </span>
    </p>
   </div>
   <div class='ocr_carea' id='block_1_11' title="bbox 502 1401 1999 1478">
    <p class='ocr_par' dir='ltr' id='par_1_11' title="bbox 502 1401 1999 1478">
     <span class='ocr_line' id='line_1_11' title="bbox 502 1401 1999 1478; baseline 0.005 -24"><span class='ocrx_word' id='word_1_52' title='bbox 502 1402 594 1454; x_wconf 85' lang='grc' dir='ltr'>Ἐν</span> <span class='ocrx_word' id='word_1_53' title='bbox 643 1404 710 1474; x_wconf 81' lang='grc' dir='ltr'>τῇ</span> <span class='ocrx_word' id='word_1_54' title='bbox 767 1403 1155 1474; x_wconf 80' lang='grc' dir='ltr'>Χαλκηδονέων</span> <span class='ocrx_word' id='word_1_55' title='bbox 1201 1405 1355 1459; x_wconf 87' lang='grc' dir='ltr'>πόλει</span> <span class='ocrx_word' id='word_1_56' title='bbox 1411 1401 1479 1477; x_wconf 84' lang='grc' dir='ltr'>ἦν</span> <span class='ocrx_word' id='word_1_57' title='bbox 1528 1408 1827 1478; x_wconf 73' lang='grc' dir='ltr'>ἀθροισμὸς</span> <span class='ocrx_word' id='word_1_58' title='bbox 1887 1408 1999 1462; x_wconf 88' lang='grc' dir='ltr'>τῶν</span> 
     </span>
    </p>
   </div>
   <div class='ocr_carea' id='block_1_12' title="bbox 432 1476 2001 1569">
    <p class='ocr_par' dir='ltr' id='par_1_12' title="bbox 432 1476 2001 1569">
     <span class='ocr_line' id='line_1_12' title="bbox 432 1476 2001 1569; baseline 0.008 -25"><span class='ocrx_word' id='word_1_59' title='bbox 432 1491 797 1561; x_wconf 82' lang='grc' dir='ltr'>Χριστιανῶν.</span> <span class='ocrx_word' id='word_1_60' title='bbox 833 1492 1071 1563; x_wconf 79' lang='grc' dir='ltr'>Πρισκὸς</span> <span class='ocrx_word' id='word_1_61' title='bbox 1104 1494 1133 1546; x_wconf 93' lang='lat'>6</span> <span class='ocrx_word' id='word_1_62' title='bbox 1165 1476 1492 1560; x_wconf 79' lang='grc' dir='ltr'>ἀνθύπατος.</span> <span class='ocrx_word' id='word_1_63' title='bbox 1523 1476 1842 1569; x_wconf 65' lang='lat' dir='ltr'><strong>Martyiium</strong></span> <span class='ocrx_word' id='word_1_64' title='bbox 1873 1515 2001 1555; x_wconf 88' lang='lat' dir='ltr'><strong>san-</strong></span> 
     </span>
    </p>
   </div>
   <div class='ocr_carea' id='block_1_13' title="bbox 424 1582 883 1653">
    <p class='ocr_par' dir='ltr' id='par_1_13' title="bbox 424 1582 883 1653">
     <span class='ocr_line' id='line_1_13' title="bbox 424 1582 883 1653; baseline 0.004 -16"><span class='ocrx_word' id='word_1_65' title='bbox 424 1593 526 1637; x_wconf 80' lang='lat' dir='ltr'><strong>ctae</strong></span> <span class='ocrx_word' id='word_1_66' title='bbox 552 1582 883 1653; x_wconf 71' lang='lat' dir='ltr'><strong>Euphemiae.</strong></span> 
     </span>
    </p>
   </div>
   <div class='ocr_carea' id='block_1_14' title="bbox 498 1674 1999 1753">
    <p class='ocr_par' dir='ltr' id='par_1_14' title="bbox 498 1674 1999 1753">
     <span class='ocr_line' id='line_1_14' title="bbox 498 1674 1999 1753; baseline 0.007 -27"><span class='ocrx_word' id='word_1_67' title='bbox 498 1674 589 1727; x_wconf 84' lang='lat' dir='ltr'>’Ev</span> <span class='ocrx_word' id='word_1_68' title='bbox 652 1676 764 1736; x_wconf 82' lang='grc' dir='ltr'>τοῖς</span> <span class='ocrx_word' id='word_1_69' title='bbox 824 1676 1041 1746; x_wconf 84' lang='grc' dir='ltr'>καιροῖς</span> <span class='ocrx_word' id='word_1_70' title='bbox 1088 1676 1505 1733; x_wconf 88' lang='grc' dir='ltr'>Κωνσταντίνου</span> <span class='ocrx_word' id='word_1_71' title='bbox 1572 1679 1668 1734; x_wconf 82' lang='grc' dir='ltr'>τοῦ</span> <span class='ocrx_word' id='word_1_72' title='bbox 1733 1681 1999 1753; x_wconf 85' lang='grc' dir='ltr'>βασιλέως</span> 
     </span>
    </p>
   </div>
   <div class='ocr_carea' id='block_1_15' title="bbox 423 1766 1999 1845">
    <p class='ocr_par' dir='ltr' id='par_1_15' title="bbox 423 1766 1999 1845">
     <span class='ocr_line' id='line_1_15' title="bbox 423 1766 1999 1845; baseline 0.01 -29"><span class='ocrx_word' id='word_1_73' title='bbox 423 1766 807 1819; x_wconf 76' lang='grc' dir='ltr'>ἀκαταστασία</span> <span class='ocrx_word' id='word_1_74' title='bbox 862 1767 1087 1836; x_wconf 76' lang='grc' dir='ltr'>ἐγένετο</span> <span class='ocrx_word' id='word_1_75' title='bbox 1137 1770 1197 1823; x_wconf 75' lang='grc' dir='ltr'>ἐν</span> <span class='ocrx_word' id='word_1_76' title='bbox 1234 1773 1302 1844; x_wconf 77' lang='grc' dir='ltr'>τῇ</span> <span class='ocrx_word' id='word_1_77' title='bbox 1335 1772 1566 1845; x_wconf 78' lang='grc' dir='ltr'>Φρυγίᾳ.</span> <span class='ocrx_word' id='word_1_78' title='bbox 1613 1773 1772 1831; x_wconf 86' lang='lat' dir='ltr'><strong>Actio</strong></span> <span class='ocrx_word' id='word_1_79' title='bbox 1822 1776 1999 1832; x_wconf 87' lang='lat' dir='ltr'><strong>sancti</strong></span> 
     </span>
    </p>
   </div>
   <div class='ocr_carea' id='block_1_16' title="bbox 421 1856 649 1912">
    <p class='ocr_par' dir='ltr' id='par_1_16' title="bbox 421 1856 649 1912">
     <span class='ocr_line' id='line_1_16' title="bbox 421 1856 649 1912; baseline 0.013 -3"><span class='ocrx_word' id='word_1_80' title='bbox 421 1856 649 1912; x_wconf 85' lang='lat' dir='ltr'><strong>Nicolai.</strong></span> 
     </span>
    </p>
   </div>
   <div class='ocr_carea' id='block_1_17' title="bbox 493 1948 1993 2031">
    <p class='ocr_par' dir='ltr' id='par_1_17' title="bbox 493 1948 1993 2031">
     <span class='ocr_line' id='line_1_17' title="bbox 493 1948 1993 2031; baseline 0.007 -28"><span class='ocrx_word' id='word_1_81' title='bbox 493 1948 587 2004; x_wconf 87' lang='grc' dir='ltr'>Ἐν</span> <span class='ocrx_word' id='word_1_82' title='bbox 612 1952 730 2015; x_wconf 74' lang='grc' dir='ltr'>τοῖς</span> <span class='ocrx_word' id='word_1_83' title='bbox 750 1952 976 2023; x_wconf 71' lang='grc' dir='ltr'>καιροῖς</span> <span class='ocrx_word' id='word_1_84' title='bbox 989 1951 1085 2007; x_wconf 80' lang='grc' dir='ltr'>τοῦ</span> <span class='ocrx_word' id='word_1_85' title='bbox 1110 1953 1638 2028; x_wconf 52' lang='grc' dir='ltr'>εἰκοστοῦεπέμπτου</span> <span class='ocrx_word' id='word_1_86' title='bbox 1665 1955 1819 2023; x_wconf 74' lang='grc' dir='ltr'>ἔτους</span> <span class='ocrx_word' id='word_1_87' title='bbox 1850 1959 1907 2013; x_wconf 78' lang='grc' dir='ltr'>ἐν</span> <span class='ocrx_word' id='word_1_88' title='bbox 1927 1961 1993 2031; x_wconf 74' lang='grc' dir='ltr'>τῇ</span> 
     </span>
    </p>
   </div>
   <div class='ocr_carea' id='block_1_18' title="bbox 420 2042 1995 2119">
    <p class='ocr_par' dir='ltr' id='par_1_18' title="bbox 420 2042 1995 2119">
     <span class='ocr_line' id='line_1_18' title="bbox 420 2042 1995 2119; baseline 0.005 -24"><span class='ocrx_word' id='word_1_89' title='bbox 420 2042 833 2113; x_wconf 73' lang='grc' dir='ltr'>εὖκαταστασίᾳ</span> <span class='ocrx_word' id='word_1_90' title='bbox 885 2043 995 2097; x_wconf 88' lang='grc' dir='ltr'>τῶν</span> <span class='ocrx_word' id='word_1_91' title='bbox 1046 2046 1287 2101; x_wconf 89' lang='grc' dir='ltr'>εὐσεϐῶν</span> <span class='ocrx_word' id='word_1_92' title='bbox 1337 2048 1567 2119; x_wconf 85' lang='grc' dir='ltr'>καιρῶν.</span> <span class='ocrx_word' id='word_1_93' title='bbox 1624 2048 1744 2104; x_wconf 83' lang='lat' dir='ltr'><strong>Vita</strong></span> <span class='ocrx_word' id='word_1_94' title='bbox 1820 2051 1995 2107; x_wconf 86' lang='lat' dir='ltr'><strong>sancti</strong></span> 
     </span>
    </p>
   </div>
   <div class='ocr_carea' id='block_1_19' title="bbox 420 2133 639 2194">
    <p class='ocr_par' dir='ltr' id='par_1_19' title="bbox 420 2133 639 2194">
     <span class='ocr_line' id='line_1_19' title="bbox 420 2133 639 2194; baseline 0.009 -7"><span class='ocrx_word' id='word_1_95' title='bbox 420 2133 639 2194; x_wconf 70' lang='lat' dir='ltr'><strong>Phocaz.</strong></span> 
     </span>
    </p>
   </div>
   <div class='ocr_carea' id='block_1_20' title="bbox 492 2223 1997 2299">
    <p class='ocr_par' dir='ltr' id='par_1_20' title="bbox 492 2223 1997 2299">
     <span class='ocr_line' id='line_1_20' title="bbox 492 2223 1997 2299; baseline 0.007 -22"><span class='ocrx_word' id='word_1_96' title='bbox 492 2224 584 2279; x_wconf 84' lang='grc' dir='ltr'>Ἐν</span> <span class='ocrx_word' id='word_1_97' title='bbox 632 2223 712 2296; x_wconf 86' lang='grc' dir='ltr'>τῷ</span> <span class='ocrx_word' id='word_1_98' title='bbox 765 2226 945 2298; x_wconf 82' lang='grc' dir='ltr'>καιρῷ</span> <span class='ocrx_word' id='word_1_99' title='bbox 994 2227 1187 2299; x_wconf 83' lang='grc' dir='ltr'>ὲκείνιρ</span> <span class='ocrx_word' id='word_1_100' title='bbox 1244 2227 1623 2298; x_wconf 83' lang='grc' dir='ltr'>βασιλεύοντος</span> <span class='ocrx_word' id='word_1_101' title='bbox 1674 2231 1867 2285; x_wconf 81' lang='grc' dir='ltr'>Δεκίου</span> <span class='ocrx_word' id='word_1_102' title='bbox 1902 2235 1997 2287; x_wconf 77' lang='grc' dir='ltr'>καὶ</span> 
     </span>
    </p>
   </div>
   <div class='ocr_carea' id='block_1_21' title="bbox 422 2317 1996 2397">
    <p class='ocr_par' dir='ltr' id='par_1_21' title="bbox 422 2317 1996 2397">
     <span class='ocr_line' id='line_1_21' title="bbox 422 2317 1996 2397; baseline 0.007 -28"><span class='ocrx_word' id='word_1_103' title='bbox 422 2317 788 2389; x_wconf 81' lang='grc' dir='ltr'>Βαλλεριανοῦ</span> <span class='ocrx_word' id='word_1_104' title='bbox 815 2318 923 2373; x_wconf 90' lang='grc' dir='ltr'>τῶν</span> <span class='ocrx_word' id='word_1_105' title='bbox 950 2319 1366 2393; x_wconf 83' lang='grc' dir='ltr'>αὐτοκρατόρων</span> <span class='ocrx_word' id='word_1_106' title='bbox 1407 2323 1465 2376; x_wconf 80' lang='grc' dir='ltr'>ἑν</span> <span class='ocrx_word' id='word_1_107' title='bbox 1495 2325 1560 2394; x_wconf 84' lang='grc' dir='ltr'>τῇ</span> <span class='ocrx_word' id='word_1_108' title='bbox 1596 2324 1812 2397; x_wconf 80' lang='grc' dir='ltr'>μεγάλῃ</span> <span class='ocrx_word' id='word_1_109' title='bbox 1839 2325 1996 2380; x_wconf 90' lang='grc' dir='ltr'>πόλει</span> 
     </span>
    </p>
   </div>
   <div class='ocr_carea' id='block_1_22' title="bbox 437 2410 1995 2487">
    <p class='ocr_par' dir='ltr' id='par_1_22' title="bbox 437 2410 1995 2487">
     <span class='ocr_line' id='line_1_22' title="bbox 437 2410 1995 2487; baseline 0.004 -22"><span class='ocrx_word' id='word_1_110' title='bbox 437 2410 981 2483; x_wconf 64' lang='lat' dir='ltr'><strong>&#39;Pdipn.&#39;_Martyrium</strong></span> <span class='ocrx_word' id='word_1_111' title='bbox 1008 2412 1183 2469; x_wconf 83' lang='lat' dir='ltr'><strong>sancti</strong></span> <span class='ocrx_word' id='word_1_112' title='bbox 1213 2412 1470 2469; x_wconf 86' lang='lat' dir='ltr'><strong>Mercurii</strong></span> <span class='ocrx_word' id='word_1_113' title='bbox 1491 2412 1759 2471; x_wconf 64' lang='lat' dir='ltr'><strong>Caesarea:</strong></span> <span class='ocrx_word' id='word_1_114' title='bbox 1784 2416 1995 2487; x_wconf 84' lang='lat' dir='ltr'><strong>Cappa-</strong></span> 
     </span>
    </p>
   </div>
   <div class='ocr_carea' id='block_1_23' title="bbox 421 2503 616 2559">
    <p class='ocr_par' dir='ltr' id='par_1_23' title="bbox 421 2503 616 2559">
     <span class='ocr_line' id='line_1_23' title="bbox 421 2503 616 2559; baseline -0.005 0"><span class='ocrx_word' id='word_1_115' title='bbox 421 2503 616 2559; x_wconf 72' lang='lat' dir='ltr'><strong>(locize.</strong></span> 
     </span>
    </p>
   </div>
   <div class='ocr_carea' id='block_1_24' title="bbox 495 2594 1994 2670">
    <p class='ocr_par' dir='ltr' id='par_1_24' title="bbox 495 2594 1994 2670">
     <span class='ocr_line' id='line_1_24' title="bbox 495 2594 1994 2670; baseline 0.003 -19"><span class='ocrx_word' id='word_1_116' title='bbox 495 2594 594 2652; x_wconf 87' lang='grc' dir='ltr'>Ἐν</span> <span class='ocrx_word' id='word_1_117' title='bbox 621 2596 700 2668; x_wconf 82' lang='grc' dir='ltr'>τῷ</span> <span class='ocrx_word' id='word_1_118' title='bbox 730 2599 907 2670; x_wconf 81' lang='grc' dir='ltr'>καιρῷ</span> <span class='ocrx_word' id='word_1_119' title='bbox 935 2597 1130 2669; x_wconf 69' lang='grc' dir='ltr'>ἐκείνῳ</span> <span class='ocrx_word' id='word_1_120' title='bbox 1163 2596 1252 2650; x_wconf 80' lang='grc' dir='ltr'>ὅτε</span> <span class='ocrx_word' id='word_1_121' title='bbox 1283 2596 1527 2660; x_wconf 83' lang='grc' dir='ltr'>Σατανᾶς</span> <span class='ocrx_word' id='word_1_122' title='bbox 1553 2598 1659 2652; x_wconf 87' lang='grc' dir='ltr'>ὐπδ</span> <span class='ocrx_word' id='word_1_123' title='bbox 1685 2599 1798 2653; x_wconf 84' lang='grc' dir='ltr'>τῶν</span> <span class='ocrx_word' id='word_1_124' title='bbox 1828 2599 1994 2666; x_wconf 79' lang='grc' dir='ltr'>ἀξίων</span> 
     </span>
    </p>
   </div>
   <div class='ocr_carea' id='block_1_25' title="bbox 424 2688 1641 2762">
    <p class='ocr_par' dir='ltr' id='par_1_25' title="bbox 424 2688 1641 2762">
     <span class='ocr_line' id='line_1_25' title="bbox 424 2688 1641 2762; baseline 0.002 -19"><span class='ocrx_word' id='word_1_125' title='bbox 424 2689 591 2745; x_wconf 81' lang='grc' dir='ltr'>αὐτού</span> <span class='ocrx_word' id='word_1_126' title='bbox 626 2691 903 2762; x_wconf 82' lang='grc' dir='ltr'>εὐωχεῖτο.</span> <span class='ocrx_word' id='word_1_127' title='bbox 935 2689 1247 2761; x_wconf 80' lang='lat' dir='ltr'><strong>Martyrium</strong></span> <span class='ocrx_word' id='word_1_128' title='bbox 1269 2689 1443 2745; x_wconf 84' lang='lat' dir='ltr'><strong>sancti</strong></span> <span class='ocrx_word' id='word_1_129' title='bbox 1472 2688 1641 2746; x_wconf 69' lang='lat' dir='ltr'><strong>Dulm.</strong></span> 
     </span>
    </p>
   </div>
   <div class='ocr_carea' id='block_1_26' title="bbox 495 2777 1998 2856">
    <p class='ocr_par' dir='ltr' id='par_1_26' title="bbox 495 2777 1998 2856">
     <span class='ocr_line' id='line_1_26' title="bbox 495 2777 1998 2856; baseline 0.003 -23"><span class='ocrx_word' id='word_1_130' title='bbox 495 2779 644 2851; x_wconf 77' lang='grc'>[121]</span> <span class='ocrx_word' id='word_1_131' title='bbox 675 2782 766 2834; x_wconf 84' lang='grc' dir='ltr'>Ἐν</span> <span class='ocrx_word' id='word_1_132' title='bbox 792 2780 866 2851; x_wconf 86' lang='grc' dir='ltr'>τῷ</span> <span class='ocrx_word' id='word_1_133' title='bbox 887 2779 1063 2850; x_wconf 85' lang='grc' dir='ltr'>καιρῷ</span> <span class='ocrx_word' id='word_1_134' title='bbox 1082 2777 1177 2831; x_wconf 83' lang='grc' dir='ltr'>τοῦ</span> <span class='ocrx_word' id='word_1_135' title='bbox 1205 2778 1444 2849; x_wconf 82' lang='grc' dir='ltr'>διωγμοῦ</span> <span class='ocrx_word' id='word_1_136' title='bbox 1462 2780 1556 2833; x_wconf 77' lang='grc' dir='ltr'>τοῦ</span> <span class='ocrx_word' id='word_1_137' title='bbox 1579 2781 1721 2836; x_wconf 89' lang='grc' dir='ltr'>κατὰ</span> <span class='ocrx_word' id='word_1_138' title='bbox 1737 2781 1848 2837; x_wconf 89' lang='grc' dir='ltr'>τῶν</span> <span class='ocrx_word' id='word_1_139' title='bbox 1862 2784 1998 2856; x_wconf 87' lang='grc' dir='ltr'>Χρι-</span> 
     </span>
    </p>
   </div>
   <div class='ocr_carea' id='block_1_27' title="bbox 425 2867 1997 2945">
    <p class='ocr_par' dir='ltr' id='par_1_27' title="bbox 425 2867 1997 2945">
     <span class='ocr_line' id='line_1_27' title="bbox 425 2867 1997 2945; baseline 0.004 -21"><span class='ocrx_word' id='word_1_140' title='bbox 425 2872 658 2924; x_wconf 89' lang='grc' dir='ltr'>στιανῶν</span> <span class='ocrx_word' id='word_1_141' title='bbox 689 2867 761 2943; x_wconf 79' lang='grc' dir='ltr'>ἦν</span> <span class='ocrx_word' id='word_1_142' title='bbox 792 2888 877 2937; x_wconf 89' lang='grc' dir='ltr'>τις</span> <span class='ocrx_word' id='word_1_143' title='bbox 902 2871 1160 2936; x_wconf 85' lang='grc' dir='ltr'>Ἰάκωϐος</span> <span class='ocrx_word' id='word_1_144' title='bbox 1186 2869 1431 2941; x_wconf 83' lang='grc' dir='ltr'>ὀνόματι.</span> <span class='ocrx_word' id='word_1_145' title='bbox 1458 2872 1776 2945; x_wconf 77' lang='lat' dir='ltr'><strong>Martyrium</strong></span> <span class='ocrx_word' id='word_1_146' title='bbox 1809 2873 1868 2931; x_wconf 91' lang='lat' dir='ltr'><strong>S.</strong></span> <span class='ocrx_word' id='word_1_147' title='bbox 1904 2875 1997 2932; x_wconf 77' lang='lat' dir='ltr'>Ja-</span> 
     </span>
    </p>
   </div>
   <div class='ocr_carea' id='block_1_28' title="bbox 421 2963 764 3021">
    <p class='ocr_par' dir='ltr' id='par_1_28' title="bbox 421 2963 764 3021">
     <span class='ocr_line' id='line_1_28' title="bbox 421 2963 764 3021; baseline 0 -2"><span class='ocrx_word' id='word_1_148' title='bbox 421 2965 543 3019; x_wconf 89' lang='lat' dir='ltr'><strong>cobi</strong></span> <span class='ocrx_word' id='word_1_149' title='bbox 566 2963 764 3021; x_wconf 64' lang='lat' dir='ltr'><strong>Perse.</strong></span> 
     </span>
    </p>
   </div>
   <div class='ocr_carea' id='block_1_29' title="bbox 492 3057 1995 3135">
    <p class='ocr_par' dir='ltr' id='par_1_29' title="bbox 492 3057 1995 3135">
     <span class='ocr_line' id='line_1_29' title="bbox 492 3057 1995 3135; baseline 0.001 -23"><span class='ocrx_word' id='word_1_150' title='bbox 492 3057 584 3112; x_wconf 87' lang='grc' dir='ltr'>Ἐν</span> <span class='ocrx_word' id='word_1_151' title='bbox 613 3058 691 3130; x_wconf 87' lang='grc' dir='ltr'>τῷ</span> <span class='ocrx_word' id='word_1_152' title='bbox 719 3059 895 3131; x_wconf 84' lang='grc' dir='ltr'>καιρῷ</span> <span class='ocrx_word' id='word_1_153' title='bbox 921 3061 1030 3115; x_wconf 86' lang='grc' dir='ltr'>τῶν</span> <span class='ocrx_word' id='word_1_154' title='bbox 1050 3062 1267 3135; x_wconf 81' lang='grc' dir='ltr'>ἀνόμων</span> <span class='ocrx_word' id='word_1_155' title='bbox 1314 3061 1651 3134; x_wconf 75' lang='grc' dir='ltr'>ὑπερμάχων</span> <span class='ocrx_word' id='word_1_156' title='bbox 1701 3062 1803 3134; x_wconf 82' lang='grc' dir='ltr'>τῆς</span> <span class='ocrx_word' id='word_1_157' title='bbox 1838 3061 1995 3115; x_wconf 74' lang='grc' dir='ltr'><strong>εἰδω-</strong></span> 
     </span>
    </p>
   </div>
   <div class='ocr_carea' id='block_1_30' title="bbox 420 3148 1997 3225">
    <p class='ocr_par' dir='ltr' id='par_1_30' title="bbox 420 3148 1997 3225">
     <span class='ocr_line' id='line_1_30' title="bbox 420 3148 1997 3225; baseline 0.003 -23"><span class='ocrx_word' id='word_1_158' title='bbox 420 3148 755 3219; x_wconf 81' lang='grc' dir='ltr'>λολατρείας.</span> <span class='ocrx_word' id='word_1_159' title='bbox 798 3151 1113 3225; x_wconf 80' lang='lat' dir='ltr'><strong>Martyrium</strong></span> <span class='ocrx_word' id='word_1_160' title='bbox 1166 3160 1484 3210; x_wconf 88' lang='lat' dir='ltr'><strong>sanctorum</strong></span> <span class='ocrx_word' id='word_1_161' title='bbox 1520 3152 1747 3219; x_wconf 78' lang='lat' dir='ltr'><strong>Justiui,</strong></span> <span class='ocrx_word' id='word_1_162' title='bbox 1795 3152 1997 3210; x_wconf 84' lang='lat' dir='ltr'><strong>Chari-</strong></span> 
     </span>
    </p>
   </div>
   <div class='ocr_carea' id='block_1_31' title="bbox 422 3242 977 3300">
    <p class='ocr_par' dir='ltr' id='par_1_31' title="bbox 422 3242 977 3300">
     <span class='ocr_line' id='line_1_31' title="bbox 422 3242 977 3300; baseline 0.005 -3"><span class='ocrx_word' id='word_1_163' title='bbox 422 3242 567 3298; x_wconf 90' lang='lat' dir='ltr'><strong>tonis</strong></span> <span class='ocrx_word' id='word_1_164' title='bbox 599 3252 655 3299; x_wconf 87' lang='lat' dir='ltr'>ct</span> <span class='ocrx_word' id='word_1_165' title='bbox 683 3244 977 3300; x_wconf 89' lang='lat' dir='ltr'><strong>sociorum.</strong></span> 
     </span>
    </p>
   </div>
   <div class='ocr_carea' id='block_1_32' title="bbox 480 3334 1997 3410">
    <p class='ocr_par' dir='ltr' id='par_1_32' title="bbox 480 3334 1997 3410">
     <span class='ocr_line' id='line_1_32' title="bbox 480 3334 1997 3410; baseline 0.003 -23"><span class='ocrx_word' id='word_1_166' title='bbox 480 3334 574 3388; x_wconf 85' lang='grc' dir='ltr'>Ἐν</span> <span class='ocrx_word' id='word_1_167' title='bbox 602 3334 679 3406; x_wconf 89' lang='grc' dir='ltr'>τῷ</span> <span class='ocrx_word' id='word_1_168' title='bbox 716 3336 1022 3409; x_wconf 85' lang='grc' dir='ltr'>τριακοστῷ</span> <span class='ocrx_word' id='word_1_169' title='bbox 1049 3338 1263 3410; x_wconf 79' lang='grc' dir='ltr'>ἑϐδόμῳ</span> <span class='ocrx_word' id='word_1_170' title='bbox 1285 3339 1396 3393; x_wconf 74' lang='grc' dir='ltr'>ἔτει</span> <span class='ocrx_word' id='word_1_171' title='bbox 1421 3338 1516 3393; x_wconf 82' lang='grc' dir='ltr'>τοῦ</span> <span class='ocrx_word' id='word_1_172' title='bbox 1569 3337 1814 3409; x_wconf 79' lang='grc' dir='ltr'><strong>διωγμοῦ</strong></span> <span class='ocrx_word' id='word_1_173' title='bbox 1836 3340 1869 3409; x_wconf 84' lang='grc' dir='ltr'><strong>ἡ</strong></span> <span class='ocrx_word' id='word_1_174' title='bbox 1880 3338 1997 3409; x_wconf 91' lang='grc' dir='ltr'>μῶν</span> 
     </span>
    </p>
   </div>
   <div class='ocr_carea' id='block_1_33' title="bbox 421 3428 1997 3502">
    <p class='ocr_par' dir='ltr' id='par_1_33' title="bbox 421 3428 1997 3502">
     <span class='ocr_line' id='line_1_33' title="bbox 421 3428 1997 3502; baseline 0.003 -22"><span class='ocrx_word' id='word_1_175' title='bbox 421 3428 773 3500; x_wconf 83' lang='grc' dir='ltr'>ἁνεκαινὶσθη</span> <span class='ocrx_word' id='word_1_176' title='bbox 801 3430 961 3484; x_wconf 83' lang='grc' dir='ltr'>πάλιν</span> <span class='ocrx_word' id='word_1_177' title='bbox 984 3431 1053 3485; x_wconf 88' lang='grc' dir='ltr'>τὰ</span> <span class='ocrx_word' id='word_1_178' title='bbox 1079 3431 1189 3486; x_wconf 90' lang='grc' dir='ltr'>τῶν</span> <span class='ocrx_word' id='word_1_179' title='bbox 1214 3431 1514 3502; x_wconf 84' lang='grc' dir='ltr'>συμφορῶν</span> <span class='ocrx_word' id='word_1_180' title='bbox 1563 3430 1742 3501; x_wconf 85' lang='grc' dir='ltr'>ἡμῶν.</span> <span class='ocrx_word' id='word_1_181' title='bbox 1797 3429 1997 3502; x_wconf 84' lang='lat' dir='ltr'><strong>Marty-</strong></span> 
     </span>
    </p>
   </div>
   <div class='ocr_carea' id='block_1_34' title="bbox 422 3518 1996 3596">
    <p class='ocr_par' dir='ltr' id='par_1_34' title="bbox 422 3518 1996 3596">
     <span class='ocr_line' id='line_1_34' title="bbox 422 3518 1996 3596; baseline 0.006 -27"><span class='ocrx_word' id='word_1_182' title='bbox 422 3518 562 3571; x_wconf 77' lang='lat' dir='ltr'><strong>rium</strong></span> <span class='ocrx_word' id='word_1_183' title='bbox 586 3529 899 3575; x_wconf 86' lang='lat' dir='ltr'><strong>sanctorum</strong></span> <span class='ocrx_word' id='word_1_184' title='bbox 931 3521 1235 3591; x_wconf 78' lang='lat' dir='ltr'><strong>Acepsima:</strong></span> <span class='ocrx_word' id='word_1_185' title='bbox 1279 3523 1545 3596; x_wconf 75' lang='lat' dir='ltr'><strong>episcopi,</strong></span> <span class='ocrx_word' id='word_1_186' title='bbox 1594 3521 1820 3579; x_wconf 74' lang='lat' dir='ltr'><strong>Joannis</strong></span> <span class='ocrx_word' id='word_1_187' title='bbox 1864 3537 1996 3593; x_wconf 84' lang='lat' dir='ltr'><strong>pre-</strong></span> 
     </span>
    </p>
   </div>
   <div class='ocr_carea' id='block_1_35' title="bbox 421 3610 1218 3680">
    <p class='ocr_par' dir='ltr' id='par_1_35' title="bbox 421 3610 1218 3680">
     <span class='ocr_line' id='line_1_35' title="bbox 421 3610 1218 3680; baseline 0.006 -16"><span class='ocrx_word' id='word_1_188' title='bbox 421 3610 701 3680; x_wconf 78' lang='lat' dir='ltr'><strong>sbytcciet</strong></span> <span class='ocrx_word' id='word_1_189' title='bbox 728 3610 955 3668; x_wconf 73' lang='lat' dir='ltr'><strong>Aithela:</strong></span> <span class='ocrx_word' id='word_1_190' title='bbox 982 3613 1218 3669; x_wconf 88' lang='lat' dir='ltr'><strong>diaconi.</strong></span> 
     </span>
    </p>
   </div>
   <div class='ocr_carea' id='block_1_36' title="bbox 492 3703 1999 3779">
    <p class='ocr_par' dir='ltr' id='par_1_36' title="bbox 492 3703 1999 3779">
     <span class='ocr_line' id='line_1_36' title="bbox 492 3703 1999 3779; baseline 0.003 -23"><span class='ocrx_word' id='word_1_191' title='bbox 492 3703 620 3756; x_wconf 80' lang='grc' dir='ltr'>Ἐπὶ</span> <span class='ocrx_word' id='word_1_192' title='bbox 650 3704 931 3774; x_wconf 75' lang='grc' dir='ltr'>βασιλείας</span> <span class='ocrx_word' id='word_1_193' title='bbox 970 3707 1164 3760; x_wconf 80' lang='grc' dir='ltr'>Δεκίου</span> <span class='ocrx_word' id='word_1_194' title='bbox 1211 3706 1307 3761; x_wconf 79' lang='grc' dir='ltr'>τοῦ</span> <span class='ocrx_word' id='word_1_195' title='bbox 1368 3707 1635 3778; x_wconf 73' lang='grc' dir='ltr'>βασιλέως</span> <span class='ocrx_word' id='word_1_196' title='bbox 1688 3707 1999 3779; x_wconf 86' lang='grc' dir='ltr'>βασιλεύον-</span> 
     </span>
    </p>
   </div>
   <div class='ocr_carea' id='block_1_37' title="bbox 419 3795 1996 3871">
    <p class='ocr_par' dir='ltr' id='par_1_37' title="bbox 419 3795 1996 3871">
     <span class='ocr_line' id='line_1_37' title="bbox 419 3795 1996 3871; baseline 0.006 -26"><span class='ocrx_word' id='word_1_197' title='bbox 419 3811 513 3857; x_wconf 78' lang='grc' dir='ltr'>τος</span> <span class='ocrx_word' id='word_1_198' title='bbox 542 3795 643 3865; x_wconf 83' lang='grc' dir='ltr'>τῆς</span> <span class='ocrx_word' id='word_1_199' title='bbox 695 3795 936 3868; x_wconf 86' lang='grc' dir='ltr'>Ῥώμης,</span> <span class='ocrx_word' id='word_1_200' title='bbox 994 3797 1335 3871; x_wconf 84' lang='grc' dir='ltr'>θεραπευτοῦ</span> <span class='ocrx_word' id='word_1_201' title='bbox 1367 3799 1466 3871; x_wconf 81' lang='grc' dir='ltr'>μὲν</span> <span class='ocrx_word' id='word_1_202' title='bbox 1533 3800 1642 3853; x_wconf 90' lang='grc' dir='ltr'>τῶν</span> <span class='ocrx_word' id='word_1_203' title='bbox 1700 3799 1996 3870; x_wconf 83' lang='grc' dir='ltr'>δαιμόνων.</span> 
     </span>
    </p>
   </div>
   <div class='ocr_carea' id='block_1_38' title="bbox 420 3887 1921 3963">
    <p class='ocr_par' dir='ltr' id='par_1_38' title="bbox 420 3887 1921 3963">
     <span class='ocr_line' id='line_1_38' title="bbox 420 3887 1921 3963; baseline 0.005 -23"><span class='ocrx_word' id='word_1_204' title='bbox 420 3887 730 3957; x_wconf 81' lang='lat' dir='ltr'><strong>Martyrium</strong></span> <span class='ocrx_word' id='word_1_205' title='bbox 753 3897 1065 3945; x_wconf 81' lang='lat' dir='ltr'><strong>sanctorum</strong></span> <span class='ocrx_word' id='word_1_206' title='bbox 1096 3890 1298 3961; x_wconf 88' lang='lat' dir='ltr'><strong>Papyli,</strong></span> <span class='ocrx_word' id='word_1_207' title='bbox 1322 3891 1483 3961; x_wconf 87' lang='lat' dir='ltr'><strong>Carpi</strong></span> <span class='ocrx_word' id='word_1_208' title='bbox 1513 3900 1568 3946; x_wconf 90' lang='lat' dir='ltr'>et</span> <span class='ocrx_word' id='word_1_209' title='bbox 1607 3891 1921 3963; x_wconf 75' lang='lat' dir='ltr'><strong>Agathodis.</strong></span> 
     </span>
    </p>
   </div>
   <div class='ocr_carea' id='block_1_39' title="bbox 498 3979 1996 4053">
    <p class='ocr_par' dir='ltr' id='par_1_39' title="bbox 498 3979 1996 4053">
     <span class='ocr_line' id='line_1_39' title="bbox 498 3979 1996 4053; baseline 0.002 -22"><span class='ocrx_word' id='word_1_210' title='bbox 498 3979 694 4043; x_wconf 82' lang='grc' dir='ltr'>Ἔτους</span> <span class='ocrx_word' id='word_1_211' title='bbox 732 3979 989 4052; x_wconf 82' lang='grc' dir='ltr'>δευτέρου</span> <span class='ocrx_word' id='word_1_212' title='bbox 1010 3981 1109 4050; x_wconf 83' lang='grc' dir='ltr'>τῆς</span> <span class='ocrx_word' id='word_1_213' title='bbox 1152 3981 1433 4053; x_wconf 85' lang='grc' dir='ltr'>βασιλείας</span> <span class='ocrx_word' id='word_1_214' title='bbox 1482 3982 1647 4035; x_wconf 79' lang='grc' dir='ltr'>Γαΐου</span> <span class='ocrx_word' id='word_1_215' title='bbox 1702 3981 1996 4052; x_wconf 85' lang='grc' dir='ltr'>Γαλλερίου</span> 
     </span>
    </p>
   </div>
   <div class='ocr_carea' id='block_1_40' title="bbox 423 4068 1998 4144">
    <p class='ocr_par' dir='ltr' id='par_1_40' title="bbox 423 4068 1998 4144">
     <span class='ocr_line' id='line_1_40' title="bbox 423 4068 1998 4144; baseline 0.004 -23"><span class='ocrx_word' id='word_1_216' title='bbox 423 4068 827 4139; x_wconf 73' lang='grc' dir='ltr'>Διοκλητιανοῦ.</span> <span class='ocrx_word' id='word_1_217' title='bbox 856 4071 1171 4143; x_wconf 80' lang='lat' dir='ltr'><strong>Martyrium</strong></span> <span class='ocrx_word' id='word_1_218' title='bbox 1206 4073 1380 4127; x_wconf 90' lang='lat' dir='ltr'><strong>sancti</strong></span> <span class='ocrx_word' id='word_1_219' title='bbox 1432 4071 1605 4128; x_wconf 62' lang='lat' dir='ltr'><strong>Mena:</strong></span> <span class='ocrx_word' id='word_1_220' title='bbox 1637 4071 1858 4143; x_wconf 67' lang='lat' dir='ltr'><strong>Egypti</strong></span> <span class='ocrx_word' id='word_1_221' title='bbox 1903 4072 1998 4144; x_wconf 86' lang='lat' dir='ltr'>qui</span> 
     </span>
    </p>
   </div>
   <div class='ocr_carea' id='block_1_41' title="bbox 423 4162 1488 4234">
    <p class='ocr_par' dir='ltr' id='par_1_41' title="bbox 423 4162 1488 4234">
     <span class='ocr_line' id='line_1_41' title="bbox 423 4162 1488 4234; baseline 0.001 -18"><span class='ocrx_word' id='word_1_222' title='bbox 423 4162 742 4232; x_wconf 84' lang='lat' dir='ltr'><strong>martyrium</strong></span> <span class='ocrx_word' id='word_1_223' title='bbox 800 4163 970 4218; x_wconf 84' lang='lat' dir='ltr'><strong>subiit</strong></span> <span class='ocrx_word' id='word_1_224' title='bbox 1021 4163 1076 4218; x_wconf 89' lang='lat' dir='ltr'>in</span> <span class='ocrx_word' id='word_1_225' title='bbox 1118 4164 1251 4218; x_wconf 88' lang='lat' dir='ltr'><strong>urbe</strong></span> <span class='ocrx_word' id='word_1_226' title='bbox 1284 4163 1488 4234; x_wconf 88' lang='lat' dir='ltr'><strong>Cotyai.</strong></span> 
     </span>
    </p>
   </div>
   <div class='ocr_carea' id='block_1_42' title="bbox 496 4253 1997 4328">
    <p class='ocr_par' dir='ltr' id='par_1_42' title="bbox 496 4253 1997 4328">
     <span class='ocr_line' id='line_1_42' title="bbox 496 4253 1997 4328; baseline 0.003 -21"><span class='ocrx_word' id='word_1_227' title='bbox 496 4254 692 4318; x_wconf 88' lang='grc' dir='ltr'>Ἔτους</span> <span class='ocrx_word' id='word_1_228' title='bbox 724 4253 1095 4308; x_wconf 83' lang='grc' dir='ltr'>διακοσιοστοῦ</span> <span class='ocrx_word' id='word_1_229' title='bbox 1125 4254 1216 4308; x_wconf 82' lang='grc' dir='ltr'>τοῦ</span> <span class='ocrx_word' id='word_1_230' title='bbox 1243 4254 1495 4325; x_wconf 83' lang='grc' dir='ltr'>Σωτῆρος</span> <span class='ocrx_word' id='word_1_231' title='bbox 1521 4254 1699 4324; x_wconf 87' lang='grc' dir='ltr'>Ἰησοῦ</span> <span class='ocrx_word' id='word_1_232' title='bbox 1756 4254 1997 4328; x_wconf 75' lang='grc' dir='ltr'>Χριστοῦ</span> 
     </span>
    </p>
   </div>
   <div class='ocr_carea' id='block_1_43' title="bbox 433 4344 1997 4416">
    <p class='ocr_par' dir='ltr' id='par_1_43' title="bbox 433 4344 1997 4416">
     <span class='ocr_line' id='line_1_43' title="bbox 433 4344 1997 4416; baseline 0.001 -17"><span class='ocrx_word' id='word_1_233' title='bbox 433 4345 666 4416; x_wconf 82' lang='grc' dir='ltr'>ζήτησις</span> <span class='ocrx_word' id='word_1_234' title='bbox 720 4346 817 4400; x_wconf 78' lang='grc' dir='ltr'>καὶ</span> <span class='ocrx_word' id='word_1_235' title='bbox 865 4345 1154 4416; x_wconf 80' lang='grc' dir='ltr'>ἀνεύρεσις</span> <span class='ocrx_word' id='word_1_236' title='bbox 1219 4346 1464 4414; x_wconf 80' lang='grc' dir='ltr'>γέγονεν.</span> <span class='ocrx_word' id='word_1_237' title='bbox 1509 4344 1753 4402; x_wconf 82' lang='lat' dir='ltr'><strong>Iuventio</strong></span> <span class='ocrx_word' id='word_1_238' title='bbox 1794 4354 1997 4401; x_wconf 67' lang='lat' dir='ltr'><strong>sancta:</strong></span> 
     </span>
    </p>
   </div>
   <div class='ocr_carea' id='block_1_44' title="bbox 431 4453 636 4492">
    <p class='ocr_par' dir='ltr' id='par_1_44' title="bbox 431 4453 636 4492">
     <span class='ocr_line' id='line_1_44' title="bbox 431 4453 636 4492; baseline -0.005 0"><span class='ocrx_word' id='word_1_239' title='bbox 431 4453 636 4492; x_wconf 62' lang='lat' dir='ltr'>CTUCIS.</span> 
     </span>
    </p>
   </div>
   <div class='ocr_carea' id='block_1_45' title="bbox 1723 391 2348 456">
    <p class='ocr_par' dir='ltr' id='par_1_45' title="bbox 1723 391 2348 456">
     <span class='ocr_line' id='line_1_45' title="bbox 1723 391 2348 456; baseline 0.011 -7"><span class='ocrx_word' id='word_1_240' title='bbox 1723 391 1999 452; x_wconf 75' lang='lat' dir='ltr'>LEONIS</span> <span class='ocrx_word' id='word_1_241' title='bbox 2041 394 2348 456; x_wconf 83' lang='lat' dir='ltr'>ALLATII</span> 
     </span>
    </p>
   </div>
   <div class='ocr_carea' id='block_1_46' title="bbox 423 490 2071 580">
    <p class='ocr_par' dir='ltr' id='par_1_46' title="bbox 423 490 2071 580">
     <span class='ocr_line' id='line_1_46' title="bbox 423 490 2071 580; baseline 0.01 -39"><span class='ocrx_word' id='word_1_242' title='bbox 423 490 683 546; x_wconf 73' lang='grc' dir='ltr'>ϐεστὰτου</span> <span class='ocrx_word' id='word_1_243' title='bbox 716 492 808 546; x_wconf 78' lang='grc' dir='ltr'>καὶ</span> <span class='ocrx_word' id='word_1_244' title='bbox 841 494 1079 580; x_wconf 74' lang='grc' dir='ltr'>μεγάλου</span> <span class='ocrx_word' id='word_1_245' title='bbox 1124 495 1427 552; x_wconf 82' lang='grc' dir='ltr'>Θεοδοσίου.</span> <span class='ocrx_word' id='word_1_246' title='bbox 1459 496 1578 554; x_wconf 82' lang='lat' dir='ltr'><strong>Vita</strong></span> <span class='ocrx_word' id='word_1_247' title='bbox 1613 501 1786 555; x_wconf 77' lang='lat' dir='ltr'><strong>sancti</strong></span> <span class='ocrx_word' id='word_1_248' title='bbox 1820 500 1998 557; x_wconf 84' lang='lat' dir='ltr'><strong>Patris</strong></span> <span class='ocrx_word' id='word_1_249' title='bbox 2027 510 2071 566; x_wconf 76' lang='grc' dir='ltr'>Α</span> 
     </span>
    </p>
   </div>
   <div class='ocr_carea' id='block_1_47' title="bbox 3568 397 3670 462">
    <p class='ocr_par' dir='ltr' id='par_1_47' title="bbox 3568 397 3670 462">
     <span class='ocr_line' id='line_1_47' title="bbox 3568 397 3670 462; baseline 0.01 -1"><span class='ocrx_word' id='word_1_250' title='bbox 3568 397 3670 462; x_wconf 80' lang='lat'>120</span> 
     </span>
    </p>
   </div>
   <div class='ocr_carea' id='block_1_48' title="bbox 2173 501 3669 582">
    <p class='ocr_par' dir='ltr' id='par_1_48' title="bbox 2173 501 3669 582">
     <span class='ocr_line' id='line_1_48' title="bbox 2173 501 3669 582; baseline 0.003 -21"><span class='ocrx_word' id='word_1_251' title='bbox 2173 504 2284 562; x_wconf 88' lang='grc' dir='ltr'>Ἦν</span> <span class='ocrx_word' id='word_1_252' title='bbox 2306 501 2460 573; x_wconf 78' lang='grc' dir='ltr'>οὗτος</span> <span class='ocrx_word' id='word_1_253' title='bbox 2484 510 2513 563; x_wconf 88' lang='lat'>6</span> <span class='ocrx_word' id='word_1_254' title='bbox 2558 510 2838 575; x_wconf 85' lang='grc' dir='ltr'>Βασίλειος</span> <span class='ocrx_word' id='word_1_255' title='bbox 2872 512 3126 582; x_wconf 86' lang='grc' dir='ltr'>κατηχῶν</span> <span class='ocrx_word' id='word_1_256' title='bbox 3159 511 3338 563; x_wconf 68' lang='grc' dir='ltr'>πάντα</span> <span class='ocrx_word' id='word_1_257' title='bbox 3383 510 3669 582; x_wconf 74' lang='grc' dir='ltr'>ἄνθρωπον</span> 
     </span>
    </p>
   </div>
   <div class='ocr_carea' id='block_1_49' title="bbox 2099 600 3667 674">
    <p class='ocr_par' dir='ltr' id='par_1_49' title="bbox 2099 600 3667 674">
     <span class='ocr_line' id='line_1_49' title="bbox 2099 600 3667 674; baseline 0.004 -23"><span class='ocrx_word' id='word_1_258' title='bbox 2099 600 2229 670; x_wconf 73' lang='grc' dir='ltr'>περὶ</span> <span class='ocrx_word' id='word_1_259' title='bbox 2257 600 2357 668; x_wconf 84' lang='grc' dir='ltr'>τῆς</span> <span class='ocrx_word' id='word_1_260' title='bbox 2378 600 2639 670; x_wconf 81' lang='grc' dir='ltr'>ἀληθείας</span> <span class='ocrx_word' id='word_1_261' title='bbox 2662 602 2763 672; x_wconf 83' lang='grc' dir='ltr'>τῆς</span> <span class='ocrx_word' id='word_1_262' title='bbox 2784 604 2864 666; x_wconf 88' lang='grc' dir='ltr'>είς</span> <span class='ocrx_word' id='word_1_263' title='bbox 2900 604 3159 673; x_wconf 84' lang='grc' dir='ltr'>Χριστόν.</span> <span class='ocrx_word' id='word_1_264' title='bbox 3191 603 3512 674; x_wconf 76' lang='lat' dir='ltr'><strong>Martyrium</strong></span> <span class='ocrx_word' id='word_1_265' title='bbox 3540 618 3667 657; x_wconf 66' lang='lat' dir='ltr'><strong>sano</strong></span> 
     </span>
    </p>
   </div>
   <div class='ocr_carea' id='block_1_50' title="bbox 2099 690 2732 763">
    <p class='ocr_par' dir='ltr' id='par_1_50' title="bbox 2099 690 2732 763">
     <span class='ocr_line' id='line_1_50' title="bbox 2099 690 2732 763; baseline 0.003 -17"><span class='ocrx_word' id='word_1_266' title='bbox 2099 690 2170 746; x_wconf 89' lang='lat' dir='ltr'>cti</span> <span class='ocrx_word' id='word_1_267' title='bbox 2196 690 2377 745; x_wconf 87' lang='lat' dir='ltr'><strong>Basilii</strong></span> <span class='ocrx_word' id='word_1_268' title='bbox 2408 693 2732 763; x_wconf 84' lang='lat' dir='ltr'><strong>presbyteri.</strong></span> 
     </span>
    </p>
   </div>
   <div class='ocr_carea' id='block_1_51' title="bbox 2168 778 3672 858">
    <p class='ocr_par' dir='ltr' id='par_1_51' title="bbox 2168 778 3672 858">
     <span class='ocr_line' id='line_1_51' title="bbox 2168 778 3672 858; baseline 0.003 -22"><span class='ocrx_word' id='word_1_269' title='bbox 2168 778 2279 836; x_wconf 84' lang='grc' dir='ltr'>Ἦν</span> <span class='ocrx_word' id='word_1_270' title='bbox 2310 802 2394 847; x_wconf 88' lang='grc' dir='ltr'>τις</span> <span class='ocrx_word' id='word_1_271' title='bbox 2430 786 2569 855; x_wconf 83' lang='grc' dir='ltr'>γυνὴ</span> <span class='ocrx_word' id='word_1_272' title='bbox 2596 786 2939 857; x_wconf 83' lang='grc' dir='ltr'>φιλόχριστος</span> <span class='ocrx_word' id='word_1_273' title='bbox 2997 786 3223 858; x_wconf 87' lang='grc' dir='ltr'>ὀνόματι</span> <span class='ocrx_word' id='word_1_274' title='bbox 3282 786 3500 840; x_wconf 82' lang='grc' dir='ltr'>Ἰουλία.</span> <span class='ocrx_word' id='word_1_275' title='bbox 3557 787 3672 841; x_wconf 84' lang='lat' dir='ltr'><strong>Vita</strong></span> 
     </span>
    </p>
   </div>
   <div class='ocr_carea' id='block_1_52' title="bbox 2098 874 3673 950">
    <p class='ocr_par' dir='ltr' id='par_1_52' title="bbox 2098 874 3673 950">
     <span class='ocr_line' id='line_1_52' title="bbox 2098 874 3673 950; baseline 0.003 -21"><span class='ocrx_word' id='word_1_276' title='bbox 2098 874 2517 932; x_wconf 84' lang='lat' dir='ltr'><strong>sanctiJoannis</strong></span> <span class='ocrx_word' id='word_1_277' title='bbox 2549 879 2828 944; x_wconf 87' lang='lat' dir='ltr'><strong>monachi,</strong></span> <span class='ocrx_word' id='word_1_278' title='bbox 2852 881 2946 950; x_wconf 86' lang='lat' dir='ltr'>qui</span> <span class='ocrx_word' id='word_1_279' title='bbox 2972 894 3095 935; x_wconf 86' lang='lat' dir='ltr'><strong>sese</strong></span> <span class='ocrx_word' id='word_1_280' title='bbox 3148 880 3207 934; x_wconf 89' lang='lat' dir='ltr'>in</span> <span class='ocrx_word' id='word_1_281' title='bbox 3264 887 3494 949; x_wconf 86' lang='lat' dir='ltr'><strong>puteum</strong></span> <span class='ocrx_word' id='word_1_282' title='bbox 3534 878 3673 948; x_wconf 86' lang='lat' dir='ltr'><strong>inje-</strong></span> 
     </span>
    </p>
   </div>
   <div class='ocr_carea' id='block_1_53' title="bbox 2098 976 2267 1021">
    <p class='ocr_par' dir='ltr' id='par_1_53' title="bbox 2098 976 2267 1021">
     <span class='ocr_line' id='line_1_53' title="bbox 2098 976 2267 1021; baseline -0.012 0"><span class='ocrx_word' id='word_1_283' title='bbox 2098 976 2267 1021; x_wconf 86' lang='lat' dir='ltr'><strong>cerat.</strong></span> 
     </span>
    </p>
   </div>
   <div class='ocr_carea' id='block_1_54' title="bbox 2183 1059 3258 1135">
    <p class='ocr_par' dir='ltr' id='par_1_54' title="bbox 2183 1059 3258 1135">
     <span class='ocr_line' id='line_1_54' title="bbox 2183 1059 3258 1135; baseline 0.005 -22"><span class='ocrx_word' id='word_1_284' title='bbox 2183 1059 2251 1113; x_wconf 84' lang='grc' dir='ltr'><strong><em>Ἥ</em></strong></span> <span class='ocrx_word' id='word_1_285' title='bbox 2318 1062 2447 1130; x_wconf 83' lang='grc' dir='ltr'>περὶ</span> <span class='ocrx_word' id='word_1_286' title='bbox 2527 1062 2639 1115; x_wconf 90' lang='grc' dir='ltr'>τῶν</span> <span class='ocrx_word' id='word_1_287' title='bbox 2677 1063 2964 1135; x_wconf 87' lang='grc' dir='ltr'>μακαρίων</span> <span class='ocrx_word' id='word_1_288' title='bbox 3046 1063 3258 1134; x_wconf 79' lang='grc' dir='ltr'>ἀνδρῶν</span> 
     </span>
    </p>
   </div>
   <div class='ocr_carea' id='block_1_55' title="bbox 2098 1152 3101 1226">
    <p class='ocr_par' dir='ltr' id='par_1_55' title="bbox 2098 1152 3101 1226">
     <span class='ocr_line' id='line_1_55' title="bbox 2098 1152 3101 1226; baseline 0.004 -20"><span class='ocrx_word' id='word_1_289' title='bbox 2098 1152 2309 1224; x_wconf 84' lang='grc' dir='ltr'>γραφή.</span> <span class='ocrx_word' id='word_1_290' title='bbox 2344 1152 2466 1208; x_wconf 90' lang='lat' dir='ltr'><strong>Vita</strong></span> <span class='ocrx_word' id='word_1_291' title='bbox 2489 1155 2662 1210; x_wconf 87' lang='lat' dir='ltr'><strong>sancti</strong></span> <span class='ocrx_word' id='word_1_292' title='bbox 2699 1153 3101 1226; x_wconf 81' lang='lat' dir='ltr'><strong>Xenophontis.</strong></span> 
     </span>
    </p>
   </div>
   <div class='ocr_carea' id='block_1_56' title="bbox 2186 1242 3672 1318">
    <p class='ocr_par' dir='ltr' id='par_1_56' title="bbox 2186 1242 3672 1318">
     <span class='ocr_line' id='line_1_56' title="bbox 2186 1242 3672 1318; baseline 0.002 -22"><span class='ocrx_word' id='word_1_293' title='bbox 2186 1242 2252 1296; x_wconf 85' lang='grc' dir='ltr'><strong>Ἦ</strong></span> <span class='ocrx_word' id='word_1_294' title='bbox 2328 1245 2501 1315; x_wconf 82' lang='grc' dir='ltr'>σεπτὴ</span> <span class='ocrx_word' id='word_1_295' title='bbox 2566 1245 2660 1299; x_wconf 81' lang='grc' dir='ltr'>καὶ</span> <span class='ocrx_word' id='word_1_296' title='bbox 2716 1245 3093 1318; x_wconf 78' lang='grc' dir='ltr'>μεγαλόδωρος</span> <span class='ocrx_word' id='word_1_297' title='bbox 3147 1246 3257 1302; x_wconf 86' lang='grc' dir='ltr'>τῶν</span> <span class='ocrx_word' id='word_1_298' title='bbox 3286 1245 3460 1315; x_wconf 81' lang='grc' dir='ltr'>ἁγίων</span> <span class='ocrx_word' id='word_1_299' title='bbox 3530 1245 3672 1315; x_wconf 77' lang='grc' dir='ltr'>αὕτη</span> 
     </span>
    </p>
   </div>
   <div class='ocr_carea' id='block_1_57' title="bbox 2102 1334 3563 1404">
    <p class='ocr_par' dir='ltr' id='par_1_57' title="bbox 2102 1334 3563 1404">
     <span class='ocr_line' id='line_1_57' title="bbox 2102 1334 3563 1404; baseline 0.003 -18"><span class='ocrx_word' id='word_1_300' title='bbox 2102 1335 2299 1404; x_wconf 86' lang='grc' dir='ltr'>σκηνή.</span> <span class='ocrx_word' id='word_1_301' title='bbox 2331 1334 2586 1391; x_wconf 87' lang='lat' dir='ltr'><strong>Miracula</strong></span> <span class='ocrx_word' id='word_1_302' title='bbox 2618 1347 2934 1394; x_wconf 86' lang='lat' dir='ltr'><strong>sanctorum</strong></span> <span class='ocrx_word' id='word_1_303' title='bbox 2963 1340 3247 1394; x_wconf 72' lang='lat' dir='ltr'><strong>Comet</strong></span> <span class='ocrx_word' id='word_1_304' title='bbox 3295 1337 3563 1393; x_wconf 79' lang='lat' dir='ltr'><strong>Damiani.</strong></span> 
     </span>
    </p>
   </div>
   <div class='ocr_carea' id='block_1_58' title="bbox 2169 1422 3674 1496">
    <p class='ocr_par' dir='ltr' id='par_1_58' title="bbox 2169 1422 3674 1496">
     <span class='ocr_line' id='line_1_58' title="bbox 2169 1422 3674 1496; baseline 0.002 -21"><span class='ocrx_word' id='word_1_305' title='bbox 2169 1422 2475 1493; x_wconf 82' lang='grc' dir='ltr'>Θαυμάτων</span> <span class='ocrx_word' id='word_1_306' title='bbox 2505 1424 2759 1496; x_wconf 84' lang='grc' dir='ltr'>διήγησιν</span> <span class='ocrx_word' id='word_1_307' title='bbox 2807 1426 3208 1496; x_wconf 78' lang='grc' dir='ltr'>προϐάλλεσθαι</span> <span class='ocrx_word' id='word_1_308' title='bbox 3263 1426 3527 1496; x_wconf 85' lang='grc' dir='ltr'>σήμερον.</span> <span class='ocrx_word' id='word_1_309' title='bbox 3574 1422 3674 1477; x_wconf 75' lang='grc' dir='ltr'>ιιι-</span> 
     </span>
    </p>
   </div>
   <div class='ocr_carea' id='block_1_59' title="bbox 2104 1514 3676 1572">
    <p class='ocr_par' dir='ltr' id='par_1_59' title="bbox 2104 1514 3676 1572">
     <span class='ocr_line' id='line_1_59' title="bbox 2104 1514 3676 1572; baseline 0.002 -6"><span class='ocrx_word' id='word_1_310' title='bbox 2104 1514 2287 1569; x_wconf 88' lang='lat' dir='ltr'><strong>racula</strong></span> <span class='ocrx_word' id='word_1_311' title='bbox 2327 1515 2499 1570; x_wconf 87' lang='lat' dir='ltr'><strong>sancti</strong></span> <span class='ocrx_word' id='word_1_312' title='bbox 2525 1515 2801 1572; x_wconf 84' lang='lat' dir='ltr'><strong>Anastasii</strong></span> <span class='ocrx_word' id='word_1_313' title='bbox 2829 1515 3033 1572; x_wconf 67' lang='lat' dir='ltr'><strong>Persa.</strong></span> <span class='ocrx_word' id='word_1_314' title='bbox 3063 1515 3439 1572; x_wconf 79' lang='lat' dir='ltr'><strong>Memorantur</strong></span> <span class='ocrx_word' id='word_1_315' title='bbox 3484 1514 3543 1570; x_wconf 88' lang='lat' dir='ltr'>in</span> <span class='ocrx_word' id='word_1_316' title='bbox 3584 1528 3676 1570; x_wconf 72' lang='lat' dir='ltr'><strong>se-</strong></span> 
     </span>
    </p>
   </div>
   <div class='ocr_carea' id='block_1_60' title="bbox 2104 1606 2894 1678">
    <p class='ocr_par' dir='ltr' id='par_1_60' title="bbox 2104 1606 2894 1678">
     <span class='ocr_line' id='line_1_60' title="bbox 2104 1606 2894 1678; baseline 0.008 -19"><span class='ocrx_word' id='word_1_317' title='bbox 2104 1606 2271 1676; x_wconf 87' lang='lat' dir='ltr'><strong>ptima</strong></span> <span class='ocrx_word' id='word_1_318' title='bbox 2301 1608 2508 1678; x_wconf 86' lang='lat' dir='ltr'><strong>synodo</strong></span> <span class='ocrx_word' id='word_1_319' title='bbox 2533 1609 2894 1665; x_wconf 70' lang='lat' dir='ltr'><strong>mcumenica.</strong></span> 
     </span>
    </p>
   </div>
   <div class='ocr_carea' id='block_1_61' title="bbox 2188 1694 3675 1772">
    <p class='ocr_par' dir='ltr' id='par_1_61' title="bbox 2188 1694 3675 1772">
     <span class='ocr_line' id='line_1_61' title="bbox 2188 1694 3675 1772; baseline -0.001 -21"><span class='ocrx_word' id='word_1_320' title='bbox 2188 1698 2472 1770; x_wconf 85' lang='grc' dir='ltr'>Ἱεράρχην</span> <span class='ocrx_word' id='word_1_321' title='bbox 2507 1701 2602 1754; x_wconf 74' lang='grc' dir='ltr'>καὶ</span> <span class='ocrx_word' id='word_1_322' title='bbox 2645 1700 2892 1772; x_wconf 78' lang='grc' dir='ltr'>ὰσκητὴν</span> <span class='ocrx_word' id='word_1_323' title='bbox 2942 1701 3061 1772; x_wconf 65' lang='grc' dir='ltr'>ἅμα</span> <span class='ocrx_word' id='word_1_324' title='bbox 3082 1700 3180 1755; x_wconf 73' lang='grc' dir='ltr'>καὶ</span> <span class='ocrx_word' id='word_1_325' title='bbox 3237 1696 3475 1771; x_wconf 79' lang='grc' dir='ltr'>Χριστοῦ</span> <span class='ocrx_word' id='word_1_326' title='bbox 3533 1694 3675 1768; x_wconf 77' lang='grc' dir='ltr'>μάρ-</span> 
     </span>
    </p>
   </div>
   <div class='ocr_carea' id='block_1_62' title="bbox 2103 1787 3674 1860">
    <p class='ocr_par' dir='ltr' id='par_1_62' title="bbox 2103 1787 3674 1860">
     <span class='ocr_line' id='line_1_62' title="bbox 2103 1787 3674 1860; baseline 0 -19"><span class='ocrx_word' id='word_1_327' title='bbox 2103 1806 2242 1860; x_wconf 84' lang='grc' dir='ltr'>τυρα</span> <span class='ocrx_word' id='word_1_328' title='bbox 2277 1790 2459 1860; x_wconf 90' lang='grc' dir='ltr'>μόνοις</span> <span class='ocrx_word' id='word_1_329' title='bbox 2487 1790 2553 1844; x_wconf 86' lang='grc' dir='ltr'>ἂν</span> <span class='ocrx_word' id='word_1_330' title='bbox 2574 1790 2784 1859; x_wconf 78' lang='grc' dir='ltr'>γένοιτο</span> <span class='ocrx_word' id='word_1_331' title='bbox 2798 1791 3041 1847; x_wconf 86' lang='grc' dir='ltr'>δυνατόν.</span> <span class='ocrx_word' id='word_1_332' title='bbox 3067 1790 3125 1848; x_wconf 90' lang='lat' dir='ltr'><strong>S.</strong></span> <span class='ocrx_word' id='word_1_333' title='bbox 3153 1789 3415 1847; x_wconf 82' lang='lat' dir='ltr'><strong>Methodii</strong></span> <span class='ocrx_word' id='word_1_334' title='bbox 3439 1787 3674 1860; x_wconf 75' lang='lat' dir='ltr'><strong>patriar-</strong></span> 
     </span>
    </p>
   </div>
   <div class='ocr_carea' id='block_1_63' title="bbox 3339 1062 3672 1134">
    <p class='ocr_par' dir='ltr' id='par_1_63' title="bbox 3339 1062 3672 1134">
     <span class='ocr_line' id='line_1_63' title="bbox 3339 1062 3672 1134; baseline -0.009 -17"><span class='ocrx_word' id='word_1_335' title='bbox 3339 1063 3471 1134; x_wconf 84' lang='grc' dir='ltr'>βίων</span> <span class='ocrx_word' id='word_1_336' title='bbox 3546 1062 3672 1115; x_wconf 80' lang='grc' dir='ltr'>ἀνα-</span> 
     </span>
    </p>
   </div>
   <div class='ocr_carea' id='block_1_64' title="bbox 2028 1879 3393 1953">
    <p class='ocr_par' dir='ltr' id='par_1_64' title="bbox 2028 1879 3393 1953">
     <span class='ocr_line' id='line_1_64' title="bbox 2028 1879 3393 1953; baseline 0.001 -18"><span class='ocrx_word' id='word_1_337' title='bbox 2028 1879 2070 1935; x_wconf 84' lang='grc' dir='ltr'><strong>Β</strong></span> <span class='ocrx_word' id='word_1_338' title='bbox 2099 1881 2831 1953; x_wconf 64' lang='lat' dir='ltr'><strong>clucfonstantinopolitaui</strong></span> <span class='ocrx_word' id='word_1_339' title='bbox 2857 1882 2981 1939; x_wconf 88' lang='lat' dir='ltr'><strong>Vita</strong></span> <span class='ocrx_word' id='word_1_340' title='bbox 3007 1892 3065 1939; x_wconf 91' lang='lat' dir='ltr'>et</span> <span class='ocrx_word' id='word_1_341' title='bbox 3089 1898 3179 1938; x_wconf 86' lang='lat' dir='ltr'>res</span> <span class='ocrx_word' id='word_1_342' title='bbox 3205 1890 3393 1953; x_wconf 59' lang='lat' dir='ltr'><strong>gestat.</strong></span> 
     </span>
    </p>
   </div>
   <div class='ocr_carea' id='block_1_65' title="bbox 2169 1970 3676 2041">
    <p class='ocr_par' dir='ltr' id='par_1_65' title="bbox 2169 1970 3676 2041">
     <span class='ocr_line' id='line_1_65' title="bbox 2169 1970 3676 2041; baseline -0.002 -15"><span class='ocrx_word' id='word_1_343' title='bbox 2169 1973 2281 2026; x_wconf 79' lang='grc' dir='ltr'>Καὶ</span> <span class='ocrx_word' id='word_1_344' title='bbox 2317 1972 2483 2026; x_wconf 82' lang='grc' dir='ltr'>πάλαι</span> <span class='ocrx_word' id='word_1_345' title='bbox 2513 1972 2611 2041; x_wconf 85' lang='grc' dir='ltr'>μὲν</span> <span class='ocrx_word' id='word_1_346' title='bbox 2655 1972 2763 2027; x_wconf 78' lang='grc' dir='ltr'>τῶν</span> <span class='ocrx_word' id='word_1_347' title='bbox 2810 1973 2954 2028; x_wconf 88' lang='grc' dir='ltr'>κατὰ</span> <span class='ocrx_word' id='word_1_348' title='bbox 2992 1972 3128 2026; x_wconf 66' lang='grc' dir='ltr'>Θεὸν</span> <span class='ocrx_word' id='word_1_349' title='bbox 3190 1970 3676 2040; x_wconf 78' lang='grc' dir='ltr'>πολιτευσαμένων</span> 
     </span>
    </p>
   </div>
   <div class='ocr_carea' id='block_1_66' title="bbox 2101 2059 3673 2133">
    <p class='ocr_par' dir='ltr' id='par_1_66' title="bbox 2101 2059 3673 2133">
     <span class='ocr_line' id='line_1_66' title="bbox 2101 2059 3673 2133; baseline 0.001 -19"><span class='ocrx_word' id='word_1_350' title='bbox 2101 2062 2129 2114; x_wconf 96' lang='lat'>6</span> <span class='ocrx_word' id='word_1_351' title='bbox 2169 2059 2281 2131; x_wconf 87' lang='grc' dir='ltr'>βίος</span> <span class='ocrx_word' id='word_1_352' title='bbox 2306 2059 2593 2132; x_wconf 82' lang='grc' dir='ltr'>λυσιτελὴς</span> <span class='ocrx_word' id='word_1_353' title='bbox 2616 2061 2711 2116; x_wconf 78' lang='grc' dir='ltr'>καὶ</span> <span class='ocrx_word' id='word_1_354' title='bbox 2724 2061 3020 2133; x_wconf 77' lang='grc' dir='ltr'>ὠφέλιμος.</span> <span class='ocrx_word' id='word_1_355' title='bbox 3052 2060 3276 2116; x_wconf 81' lang='lat' dir='ltr'><strong>Maximi</strong></span> <span class='ocrx_word' id='word_1_356' title='bbox 3294 2060 3673 2131; x_wconf 68' lang='lat' dir='ltr'><strong>Homologeta</strong></span> 
     </span>
    </p>
   </div>
   <div class='ocr_carea' id='block_1_67' title="bbox 2098 2153 2238 2209">
    <p class='ocr_par' dir='ltr' id='par_1_67' title="bbox 2098 2153 2238 2209">
     <span class='ocr_line' id='line_1_67' title="bbox 2098 2153 2238 2209; baseline -0.007 0"><span class='ocrx_word' id='word_1_357' title='bbox 2098 2153 2238 2209; x_wconf 83' lang='lat' dir='ltr'><strong>Vita.</strong></span> 
     </span>
    </p>
   </div>
   <div class='ocr_carea' id='block_1_68' title="bbox 2168 2242 3672 2327">
    <p class='ocr_par' dir='ltr' id='par_1_68' title="bbox 2168 2242 3672 2327">
     <span class='ocr_line' id='line_1_68' title="bbox 2168 2242 3672 2327; baseline -0.002 -27"><span class='ocrx_word' id='word_1_358' title='bbox 2168 2246 2364 2311; x_wconf 80' lang='grc' dir='ltr'>Καλῶς</span> <span class='ocrx_word' id='word_1_359' title='bbox 2391 2242 2508 2310; x_wconf 81' lang='grc' dir='ltr'>οὐν,</span> <span class='ocrx_word' id='word_1_360' title='bbox 2541 2247 2840 2327; x_wconf 76' lang='grc' dir='ltr'>ἀγαπητοὶ,</span> <span class='ocrx_word' id='word_1_361' title='bbox 2881 2246 2978 2300; x_wconf 72' lang='grc' dir='ltr'>καὶ</span> <span class='ocrx_word' id='word_1_362' title='bbox 3010 2248 3039 2300; x_wconf 89' lang='lat'>6</span> <span class='ocrx_word' id='word_1_363' title='bbox 3066 2245 3229 2317; x_wconf 84' lang='grc' dir='ltr'>χορὸς</span> <span class='ocrx_word' id='word_1_364' title='bbox 3255 2246 3285 2299; x_wconf 89' lang='lat'>6</span> <span class='ocrx_word' id='word_1_365' title='bbox 3318 2247 3378 2299; x_wconf 79' lang='grc' dir='ltr'>ὲν</span> <span class='ocrx_word' id='word_1_366' title='bbox 3409 2243 3672 2315; x_wconf 79' lang='grc' dir='ltr'>Αἰγύπτῳ</span> 
     </span>
    </p>
   </div>
   <div class='ocr_carea' id='block_1_69' title="bbox 2101 2335 3670 2411">
    <p class='ocr_par' dir='ltr' id='par_1_69' title="bbox 2101 2335 3670 2411">
     <span class='ocr_line' id='line_1_69' title="bbox 2101 2335 3670 2411; baseline -0.013 -1"><span class='ocrx_word' id='word_1_367' title='bbox 2101 2340 2458 2410; x_wconf 79' lang='grc' dir='ltr'>μαρτυρήσας</span> <span class='ocrx_word' id='word_1_368' title='bbox 2481 2338 2620 2410; x_wconf 86' lang='grc' dir='ltr'>Θεῷ.</span> <span class='ocrx_word' id='word_1_369' title='bbox 2661 2338 2979 2411; x_wconf 77' lang='lat' dir='ltr'><strong>Martyrium</strong></span> <span class='ocrx_word' id='word_1_370' title='bbox 3010 2338 3185 2395; x_wconf 86' lang='lat' dir='ltr'><strong>sancti</strong></span> <span class='ocrx_word' id='word_1_371' title='bbox 3225 2337 3474 2393; x_wconf 87' lang='lat' dir='ltr'><strong>Martiani</strong></span> <span class='ocrx_word' id='word_1_372' title='bbox 3499 2335 3670 2408; x_wconf 64' lang='lat' dir='ltr'>Egy-</span> 
     </span>
    </p>
   </div>
   <div class='ocr_carea' id='block_1_70' title="bbox 2098 2430 2613 2501">
    <p class='ocr_par' dir='ltr' id='par_1_70' title="bbox 2098 2430 2613 2501">
     <span class='ocr_line' id='line_1_70' title="bbox 2098 2430 2613 2501; baseline 0.004 -17"><span class='ocrx_word' id='word_1_373' title='bbox 2098 2430 2198 2501; x_wconf 90' lang='lat' dir='ltr'><strong>ptii</strong></span> <span class='ocrx_word' id='word_1_374' title='bbox 2232 2440 2287 2485; x_wconf 88' lang='lat' dir='ltr'>et</span> <span class='ocrx_word' id='word_1_375' title='bbox 2318 2431 2613 2486; x_wconf 87' lang='lat' dir='ltr'><strong>sociorum.</strong></span> 
     </span>
    </p>
   </div>
   <div class='ocr_carea' id='block_1_71' title="bbox 2171 2516 3674 2595">
    <p class='ocr_par' dir='ltr' id='par_1_71' title="bbox 2171 2516 3674 2595">
     <span class='ocr_line' id='line_1_71' title="bbox 2171 2516 3674 2595; baseline -0.002 -19"><span class='ocrx_word' id='word_1_376' title='bbox 2171 2522 2330 2576; x_wconf 85' lang='grc' dir='ltr'>Κατὰ</span> <span class='ocrx_word' id='word_1_377' title='bbox 2363 2523 2455 2578; x_wconf 78' lang='grc' dir='ltr'>τὸν</span> <span class='ocrx_word' id='word_1_378' title='bbox 2489 2522 2679 2595; x_wconf 78' lang='grc' dir='ltr'>καιρὸν</span> <span class='ocrx_word' id='word_1_379' title='bbox 2709 2523 2917 2577; x_wconf 68' lang='grc' dir='ltr'>ἐκεῖνον</span> <span class='ocrx_word' id='word_1_380' title='bbox 2936 2516 3006 2594; x_wconf 76' lang='grc' dir='ltr'>ἦν</span> <span class='ocrx_word' id='word_1_381' title='bbox 3048 2523 3078 2575; x_wconf 94' lang='lat'>6</span> <span class='ocrx_word' id='word_1_382' title='bbox 3107 2522 3378 2592; x_wconf 77' lang='grc' dir='ltr'>μακάριος</span> <span class='ocrx_word' id='word_1_383' title='bbox 3416 2518 3674 2581; x_wconf 78' lang='grc' dir='ltr'>Ἰάκωϐος</span> 
     </span>
    </p>
   </div>
   <div class='ocr_carea' id='block_1_72' title="bbox 2097 2608 3673 2683">
    <p class='ocr_par' dir='ltr' id='par_1_72' title="bbox 2097 2608 3673 2683">
     <span class='ocr_line' id='line_1_72' title="bbox 2097 2608 3673 2683; baseline -0.001 -19"><span class='ocrx_word' id='word_1_384' title='bbox 2097 2610 2263 2664; x_wconf 84' lang='grc' dir='ltr'>οίκῶν</span> <span class='ocrx_word' id='word_1_385' title='bbox 2292 2613 2350 2665; x_wconf 75' lang='grc' dir='ltr'>ὲν</span> <span class='ocrx_word' id='word_1_386' title='bbox 2379 2612 2601 2683; x_wconf 77' lang='grc' dir='ltr'>Βηλαϐῇ</span> <span class='ocrx_word' id='word_1_387' title='bbox 2628 2615 2694 2683; x_wconf 80' lang='grc' dir='ltr'>τῇ</span> <span class='ocrx_word' id='word_1_388' title='bbox 2720 2612 2890 2667; x_wconf 82' lang='grc' dir='ltr'>πόλει.</span> <span class='ocrx_word' id='word_1_389' title='bbox 2916 2610 3229 2682; x_wconf 82' lang='lat' dir='ltr'><strong>Martyrium</strong></span> <span class='ocrx_word' id='word_1_390' title='bbox 3261 2609 3435 2666; x_wconf 81' lang='lat' dir='ltr'><strong>sancti</strong></span> <span class='ocrx_word' id='word_1_391' title='bbox 3464 2608 3673 2675; x_wconf 83' lang='lat' dir='ltr'><strong>Jacobi,</strong></span> 
     </span>
    </p>
   </div>
   <div class='ocr_carea' id='block_1_73' title="bbox 2064 2704 2913 2776">
    <p class='ocr_par' dir='ltr' id='par_1_73' title="bbox 2064 2704 2913 2776">
     <span class='ocr_line' id='line_1_73' title="bbox 2064 2704 2913 2776; baseline 0 -17"><span class='ocrx_word' id='word_1_392' title='bbox 2064 2768 2068 2772; x_wconf 39' lang='grc'><em>,</em></span> <span class='ocrx_word' id='word_1_393' title='bbox 2098 2704 2244 2776; x_wconf 79' lang='lat' dir='ltr'><strong>quod</strong></span> <span class='ocrx_word' id='word_1_394' title='bbox 2278 2704 2367 2761; x_wconf 89' lang='lat' dir='ltr'><strong>ille</strong></span> <span class='ocrx_word' id='word_1_395' title='bbox 2390 2705 2555 2760; x_wconf 89' lang='lat' dir='ltr'><strong>subiit</strong></span> <span class='ocrx_word' id='word_1_396' title='bbox 2583 2705 2638 2761; x_wconf 90' lang='lat' dir='ltr'>in</span> <span class='ocrx_word' id='word_1_397' title='bbox 2668 2705 2913 2761; x_wconf 86' lang='lat' dir='ltr'><strong>Perside.</strong></span> 
     </span>
    </p>
   </div>
   <div class='ocr_carea' id='block_1_74' title="bbox 2168 2814 3673 2889">
    <p class='ocr_par' dir='ltr' id='par_1_74' title="bbox 2168 2814 3673 2889">
     <span class='ocr_line' id='line_1_74' title="bbox 2168 2814 3673 2889; baseline -0.001 -20"><span class='ocrx_word' id='word_1_398' title='bbox 2168 2817 2326 2870; x_wconf 83' lang='grc' dir='ltr'>Κατὰ</span> <span class='ocrx_word' id='word_1_399' title='bbox 2373 2816 2466 2871; x_wconf 74' lang='grc' dir='ltr'>τὸν</span> <span class='ocrx_word' id='word_1_400' title='bbox 2489 2818 2678 2889; x_wconf 81' lang='grc' dir='ltr'>καιρὸν</span> <span class='ocrx_word' id='word_1_401' title='bbox 2701 2817 2801 2889; x_wconf 81' lang='grc' dir='ltr'>τῆς</span> <span class='ocrx_word' id='word_1_402' title='bbox 2832 2819 3109 2888; x_wconf 88' lang='grc' dir='ltr'>βασιλείας</span> <span class='ocrx_word' id='word_1_403' title='bbox 3138 2818 3421 2873; x_wconf 80' lang='grc' dir='ltr'>Θεοδοσίου</span> <span class='ocrx_word' id='word_1_404' title='bbox 3453 2814 3545 2869; x_wconf 81' lang='grc' dir='ltr'>τοῦ</span> <span class='ocrx_word' id='word_1_405' title='bbox 3579 2814 3673 2885; x_wconf 90' lang='grc' dir='ltr'>βα-</span> 
     </span>
    </p>
   </div>
   <div class='ocr_carea' id='block_1_75' title="bbox 2099 2908 3671 2984">
    <p class='ocr_par' dir='ltr' id='par_1_75' title="bbox 2099 2908 3671 2984">
     <span class='ocr_line' id='line_1_75' title="bbox 2099 2908 3671 2984; baseline -0.001 -19"><span class='ocrx_word' id='word_1_406' title='bbox 2099 2910 2295 2974; x_wconf 78' lang='grc' dir='ltr'>σιλέως</span> <span class='ocrx_word' id='word_1_407' title='bbox 2319 2910 2415 2964; x_wconf 73' lang='grc' dir='ltr'>καὶ</span> <span class='ocrx_word' id='word_1_408' title='bbox 2438 2910 2726 2982; x_wconf 86' lang='grc' dir='ltr'>Ἀρκαδίου</span> <span class='ocrx_word' id='word_1_409' title='bbox 2772 2915 2866 2967; x_wconf 72' lang='grc' dir='ltr'>καὶ</span> <span class='ocrx_word' id='word_1_410' title='bbox 2896 2913 3156 2984; x_wconf 86' lang='grc' dir='ltr'>Ὀνωρίου</span> <span class='ocrx_word' id='word_1_411' title='bbox 3188 2912 3295 2966; x_wconf 89' lang='grc' dir='ltr'>τῶν</span> <span class='ocrx_word' id='word_1_412' title='bbox 3324 2911 3455 2965; x_wconf 86' lang='grc' dir='ltr'>υίῶν</span> <span class='ocrx_word' id='word_1_413' title='bbox 3481 2908 3671 2964; x_wconf 83' lang='grc' dir='ltr'>αὐτοῦ.</span> 
     </span>
    </p>
   </div>
   <div class='ocr_carea' id='block_1_76' title="bbox 2097 3003 3071 3075">
    <p class='ocr_par' dir='ltr' id='par_1_76' title="bbox 2097 3003 3071 3075">
     <span class='ocr_line' id='line_1_76' title="bbox 2097 3003 3071 3075; baseline 0 -16"><span class='ocrx_word' id='word_1_414' title='bbox 2097 3003 2416 3075; x_wconf 80' lang='lat' dir='ltr'><strong>Martyrium</strong></span> <span class='ocrx_word' id='word_1_415' title='bbox 2445 3007 2620 3061; x_wconf 87' lang='lat' dir='ltr'><strong>sancti</strong></span> <span class='ocrx_word' id='word_1_416' title='bbox 2650 3005 2840 3061; x_wconf 80' lang='lat' dir='ltr'><strong>Jacobi</strong></span> <span class='ocrx_word' id='word_1_417' title='bbox 2869 3005 3071 3062; x_wconf 67' lang='lat' dir='ltr'><strong>Persae.</strong></span> 
     </span>
    </p>
   </div>
   <div class='ocr_carea' id='block_1_77' title="bbox 2170 3091 3674 3169">
    <p class='ocr_par' dir='ltr' id='par_1_77' title="bbox 2170 3091 3674 3169">
     <span class='ocr_line' id='line_1_77' title="bbox 2170 3091 3674 3169; baseline 0.005 -19"><span class='ocrx_word' id='word_1_418' title='bbox 2170 3095 2328 3150; x_wconf 84' lang='grc' dir='ltr'>Κατὰ</span> <span class='ocrx_word' id='word_1_419' title='bbox 2352 3097 2446 3150; x_wconf 81' lang='grc' dir='ltr'>τὸν</span> <span class='ocrx_word' id='word_1_420' title='bbox 2478 3099 2669 3169; x_wconf 77' lang='grc' dir='ltr'>καιρὸν</span> <span class='ocrx_word' id='word_1_421' title='bbox 2702 3098 2805 3168; x_wconf 84' lang='grc' dir='ltr'>τῆς</span> <span class='ocrx_word' id='word_1_422' title='bbox 2837 3098 3113 3168; x_wconf 88' lang='grc' dir='ltr'>βασιλείας</span> <span class='ocrx_word' id='word_1_423' title='bbox 3158 3096 3410 3167; x_wconf 79' lang='grc' dir='ltr'>Μαξίμου</span> <span class='ocrx_word' id='word_1_424' title='bbox 3464 3091 3535 3166; x_wconf 80' lang='grc' dir='ltr'>ἦν</span> <span class='ocrx_word' id='word_1_425' title='bbox 3587 3110 3674 3157; x_wconf 85' lang='grc' dir='ltr'>τις</span> 
     </span>
    </p>
   </div>
   <div class='ocr_carea' id='block_1_78' title="bbox 2023 3187 3530 3271">
    <p class='ocr_par' dir='ltr' id='par_1_78' title="bbox 2023 3187 3530 3271">
     <span class='ocr_line' id='line_1_78' title="bbox 2023 3187 3530 3271; baseline -0.001 -29"><span class='ocrx_word' id='word_1_426' title='bbox 2023 3213 2066 3271; x_wconf 77' lang='lat' dir='ltr'><strong>c</strong></span> <span class='ocrx_word' id='word_1_427' title='bbox 2102 3189 2283 3259; x_wconf 74' lang='grc' dir='ltr'>ἱερεὺς</span> <span class='ocrx_word' id='word_1_428' title='bbox 2331 3189 2441 3243; x_wconf 85' lang='grc' dir='ltr'>τῶν</span> <span class='ocrx_word' id='word_1_429' title='bbox 2475 3189 2767 3261; x_wconf 81' lang='grc' dir='ltr'>Ἑλλήνων.</span> <span class='ocrx_word' id='word_1_430' title='bbox 2800 3189 3116 3262; x_wconf 83' lang='lat' dir='ltr'><strong>Martyrium</strong></span> <span class='ocrx_word' id='word_1_431' title='bbox 3143 3188 3202 3244; x_wconf 91' lang='lat' dir='ltr'><strong>S.</strong></span> <span class='ocrx_word' id='word_1_432' title='bbox 3246 3187 3530 3243; x_wconf 72' lang='lat' dir='ltr'><strong>Susannae.</strong></span> 
     </span>
    </p>
   </div>
   <div class='ocr_carea' id='block_1_79' title="bbox 2171 3276 3677 3354">
    <p class='ocr_par' dir='ltr' id='par_1_79' title="bbox 2171 3276 3677 3354">
     <span class='ocr_line' id='line_1_79' title="bbox 2171 3276 3677 3354; baseline -0.005 -17"><span class='ocrx_word' id='word_1_433' title='bbox 2171 3278 2325 3354; x_wconf 64' lang='grc' dir='ltr'>[ηε]</span> <span class='ocrx_word' id='word_1_434' title='bbox 2340 3282 2495 3336; x_wconf 81' lang='grc' dir='ltr'>Κατὰ</span> <span class='ocrx_word' id='word_1_435' title='bbox 2510 3282 2637 3347; x_wconf 83' lang='grc' dir='ltr'>τοὺς</span> <span class='ocrx_word' id='word_1_436' title='bbox 2654 3283 2879 3353; x_wconf 81' lang='grc' dir='ltr'>καιροὺς</span> <span class='ocrx_word' id='word_1_437' title='bbox 2891 3281 3130 3345; x_wconf 71' lang='grc' dir='ltr'>ἐκείνους</span> <span class='ocrx_word' id='word_1_438' title='bbox 3155 3280 3433 3335; x_wconf 72' lang='grc' dir='ltr'>ἐϐασίλευε</span> <span class='ocrx_word' id='word_1_439' title='bbox 3451 3276 3677 3348; x_wconf 84' lang='grc' dir='ltr'>Διοκλη-</span> 
     </span>
    </p>
   </div>
   <div class='ocr_carea' id='block_1_80' title="bbox 2099 3370 3525 3446">
    <p class='ocr_par' dir='ltr' id='par_1_80' title="bbox 2099 3370 3525 3446">
     <span class='ocr_line' id='line_1_80' title="bbox 2099 3370 3525 3446; baseline -0.002 -19"><span class='ocrx_word' id='word_1_440' title='bbox 2099 3372 2284 3438; x_wconf 85' lang='grc' dir='ltr'>τιανδς</span> <span class='ocrx_word' id='word_1_441' title='bbox 2309 3377 2338 3429; x_wconf 88' lang='lat'>6</span> <span class='ocrx_word' id='word_1_442' title='bbox 2376 3373 2657 3445; x_wconf 85' lang='grc' dir='ltr'>τύραννος.</span> <span class='ocrx_word' id='word_1_443' title='bbox 2697 3373 3009 3446; x_wconf 84' lang='lat' dir='ltr'><strong>Martyrium</strong></span> <span class='ocrx_word' id='word_1_444' title='bbox 3038 3372 3216 3429; x_wconf 82' lang='lat' dir='ltr'><strong>sancti</strong></span> <span class='ocrx_word' id='word_1_445' title='bbox 3257 3370 3525 3440; x_wconf 85' lang='lat' dir='ltr'><strong>Procopii.</strong></span> 
     </span>
    </p>
   </div>
   <div class='ocr_carea' id='block_1_81' title="bbox 2174 3480 3675 3561">
    <p class='ocr_par' dir='ltr' id='par_1_81' title="bbox 2174 3480 3675 3561">
     <span class='ocr_line' id='line_1_81' title="bbox 2174 3480 3675 3561; baseline -0.003 -18"><span class='ocrx_word' id='word_1_446' title='bbox 2174 3487 2331 3543; x_wconf 76' lang='grc' dir='ltr'>Κατὰ</span> <span class='ocrx_word' id='word_1_447' title='bbox 2369 3489 2496 3554; x_wconf 81' lang='grc' dir='ltr'>τούς</span> <span class='ocrx_word' id='word_1_448' title='bbox 2529 3490 2754 3561; x_wconf 81' lang='grc' dir='ltr'>καιροὺς</span> <span class='ocrx_word' id='word_1_449' title='bbox 2791 3480 3090 3559; x_wconf 83' lang='grc' dir='ltr'>Γρατιανοῦ</span> <span class='ocrx_word' id='word_1_450' title='bbox 3123 3489 3219 3543; x_wconf 75' lang='grc' dir='ltr'>καὶ</span> <span class='ocrx_word' id='word_1_451' title='bbox 3279 3484 3675 3542; x_wconf 82' lang='grc' dir='ltr'>Οὐαλεντιανοῦ</span> 
     </span>
    </p>
   </div>
   <div class='ocr_carea' id='block_1_82' title="bbox 2101 3577 3678 3655">
    <p class='ocr_par' dir='ltr' id='par_1_82' title="bbox 2101 3577 3678 3655">
     <span class='ocr_line' id='line_1_82' title="bbox 2101 3577 3678 3655; baseline -0.002 -20"><span class='ocrx_word' id='word_1_452' title='bbox 2101 3581 2209 3636; x_wconf 85' lang='grc' dir='ltr'>τῶν</span> <span class='ocrx_word' id='word_1_453' title='bbox 2224 3583 2654 3655; x_wconf 79' lang='grc' dir='ltr'>Αὐτοκρατόρων</span> <span class='ocrx_word' id='word_1_454' title='bbox 2680 3581 2881 3652; x_wconf 80' lang='grc' dir='ltr'>συνέϐη</span> <span class='ocrx_word' id='word_1_455' title='bbox 2910 3578 3387 3650; x_wconf 82' lang='grc' dir='ltr'>συναθροισθῆναι.</span> <span class='ocrx_word' id='word_1_456' title='bbox 3409 3577 3527 3633; x_wconf 78' lang='lat' dir='ltr'><strong>Vita</strong></span> <span class='ocrx_word' id='word_1_457' title='bbox 3550 3593 3678 3632; x_wconf 88' lang='lat' dir='ltr'><strong>san-</strong></span> 
     </span>
    </p>
   </div>
   <div class='ocr_carea' id='block_1_83' title="bbox 2100 3672 2844 3729">
    <p class='ocr_par' dir='ltr' id='par_1_83' title="bbox 2100 3672 2844 3729">
     <span class='ocr_line' id='line_1_83' title="bbox 2100 3672 2844 3729; baseline -0.004 0"><span class='ocrx_word' id='word_1_458' title='bbox 2100 3674 2173 3729; x_wconf 88' lang='lat' dir='ltr'>cti</span> <span class='ocrx_word' id='word_1_459' title='bbox 2199 3672 2376 3729; x_wconf 89' lang='lat' dir='ltr'><strong>Patris</strong></span> <span class='ocrx_word' id='word_1_460' title='bbox 2400 3674 2572 3729; x_wconf 84' lang='lat' dir='ltr'><strong>nostri</strong></span> <span class='ocrx_word' id='word_1_461' title='bbox 2599 3673 2844 3727; x_wconf 88' lang='lat' dir='ltr'><strong>Martini.</strong></span> 
     </span>
    </p>
   </div>
   <div class='ocr_carea' id='block_1_84' title="bbox 2173 3758 3677 3836">
    <p class='ocr_par' dir='ltr' id='par_1_84' title="bbox 2173 3758 3677 3836">
     <span class='ocr_line' id='line_1_84' title="bbox 2173 3758 3677 3836; baseline -0.006 -17"><span class='ocrx_word' id='word_1_462' title='bbox 2173 3767 2332 3819; x_wconf 87' lang='grc' dir='ltr'>Κατὰ</span> <span class='ocrx_word' id='word_1_463' title='bbox 2360 3766 2491 3830; x_wconf 83' lang='grc' dir='ltr'>τοὺς</span> <span class='ocrx_word' id='word_1_464' title='bbox 2534 3764 2758 3836; x_wconf 83' lang='grc' dir='ltr'>καιροὺς</span> <span class='ocrx_word' id='word_1_465' title='bbox 2836 3761 3220 3833; x_wconf 84' lang='grc' dir='ltr'>Διοκλητιανοῦ</span> <span class='ocrx_word' id='word_1_466' title='bbox 3270 3758 3365 3814; x_wconf 79' lang='grc' dir='ltr'>τοῦ</span> <span class='ocrx_word' id='word_1_467' title='bbox 3413 3758 3677 3830; x_wconf 84' lang='grc' dir='ltr'>βασιλέως</span> 
     </span>
    </p>
   </div>
   <div class='ocr_carea' id='block_1_85' title="bbox 2103 3847 3675 3925">
    <p class='ocr_par' dir='ltr' id='par_1_85' title="bbox 2103 3847 3675 3925">
     <span class='ocr_line' id='line_1_85' title="bbox 2103 3847 3675 3925; baseline -0.004 -17"><span class='ocrx_word' id='word_1_468' title='bbox 2103 3854 2197 3908; x_wconf 74' lang='grc' dir='ltr'>καὶ</span> <span class='ocrx_word' id='word_1_469' title='bbox 2217 3851 2313 3907; x_wconf 84' lang='grc' dir='ltr'>τοῦ</span> <span class='ocrx_word' id='word_1_470' title='bbox 2339 3852 2505 3907; x_wconf 83' lang='grc' dir='ltr'>αὐτοῦ</span> <span class='ocrx_word' id='word_1_471' title='bbox 2533 3851 2904 3925; x_wconf 85' lang='grc' dir='ltr'>συγκαθέδρου</span> <span class='ocrx_word' id='word_1_472' title='bbox 2930 3848 3316 3905; x_wconf 85' lang='grc' dir='ltr'>Γαλλεοιανοῦ.</span> <span class='ocrx_word' id='word_1_473' title='bbox 3358 3847 3675 3920; x_wconf 84' lang='lat' dir='ltr'><strong>Martyrium</strong></span> 
     </span>
    </p>
   </div>
   <div class='ocr_carea' id='block_1_86' title="bbox 2102 3943 2659 4000">
    <p class='ocr_par' dir='ltr' id='par_1_86' title="bbox 2102 3943 2659 4000">
     <span class='ocr_line' id='line_1_86' title="bbox 2102 3943 2659 4000; baseline 0.002 -2"><span class='ocrx_word' id='word_1_474' title='bbox 2102 3952 2306 3999; x_wconf 84' lang='lat' dir='ltr'><strong>sanctae</strong></span> <span class='ocrx_word' id='word_1_475' title='bbox 2337 3943 2659 4000; x_wconf 80' lang='lat' dir='ltr'><strong>Anastasiae.</strong></span> 
     </span>
    </p>
   </div>
   <div class='ocr_carea' id='block_1_87' title="bbox 2174 4053 3678 4129">
    <p class='ocr_par' dir='ltr' id='par_1_87' title="bbox 2174 4053 3678 4129">
     <span class='ocr_line' id='line_1_87' title="bbox 2174 4053 3678 4129; baseline -0.001 -20"><span class='ocrx_word' id='word_1_476' title='bbox 2174 4056 2333 4111; x_wconf 87' lang='grc' dir='ltr'>Κατὰ</span> <span class='ocrx_word' id='word_1_477' title='bbox 2360 4059 2490 4122; x_wconf 81' lang='grc' dir='ltr'>τοὺς</span> <span class='ocrx_word' id='word_1_478' title='bbox 2518 4057 2747 4129; x_wconf 77' lang='grc' dir='ltr'>καιροὺς</span> <span class='ocrx_word' id='word_1_479' title='bbox 2788 4058 3030 4120; x_wconf 69' lang='grc' dir='ltr'>ἐκείνους</span> <span class='ocrx_word' id='word_1_480' title='bbox 3098 4054 3476 4126; x_wconf 80' lang='grc' dir='ltr'>βασιλεύοντος</span> <span class='ocrx_word' id='word_1_481' title='bbox 3537 4053 3678 4108; x_wconf 87' lang='grc' dir='ltr'>κατὰ</span> 
     </span>
    </p>
   </div>
   <div class='ocr_carea' id='block_1_88' title="bbox 2104 4146 3677 4219">
    <p class='ocr_par' dir='ltr' id='par_1_88' title="bbox 2104 4146 3677 4219">
     <span class='ocr_line' id='line_1_88' title="bbox 2104 4146 3677 4219; baseline 0 -19"><span class='ocrx_word' id='word_1_482' title='bbox 2104 4148 2454 4219; x_wconf 83' lang='grc' dir='ltr'>συγχώρησιν</span> <span class='ocrx_word' id='word_1_483' title='bbox 2504 4146 2598 4201; x_wconf 81' lang='grc' dir='ltr'>τοῦ</span> <span class='ocrx_word' id='word_1_484' title='bbox 2668 4147 2928 4217; x_wconf 80' lang='grc' dir='ltr'>Χριστοῦ.</span> <span class='ocrx_word' id='word_1_485' title='bbox 2981 4146 3300 4218; x_wconf 81' lang='lat' dir='ltr'><strong>Martyrium</strong></span> <span class='ocrx_word' id='word_1_486' title='bbox 3361 4153 3677 4203; x_wconf 83' lang='lat' dir='ltr'><strong>sanctorum</strong></span> 
     </span>
    </p>
   </div>
   <div class='ocr_carea' id='block_1_89' title="bbox 2101 4238 3109 4312">
    <p class='ocr_par' dir='ltr' id='par_1_89' title="bbox 2101 4238 3109 4312">
     <span class='ocr_line' id='line_1_89' title="bbox 2101 4238 3109 4312; baseline 0.001 -20"><span class='ocrx_word' id='word_1_487' title='bbox 2101 4239 2389 4311; x_wconf 83' lang='lat' dir='ltr'><strong>Acindyni,</strong></span> <span class='ocrx_word' id='word_1_488' title='bbox 2418 4238 2624 4312; x_wconf 76' lang='lat' dir='ltr'><strong>Pegasii</strong></span> <span class='ocrx_word' id='word_1_489' title='bbox 2645 4247 2699 4294; x_wconf 89' lang='lat' dir='ltr'>et</span> <span class='ocrx_word' id='word_1_490' title='bbox 2713 4238 3109 4309; x_wconf 82' lang='lat' dir='ltr'><strong>Anempodisti.</strong></span> 
     </span>
    </p>
   </div>
   <div class='ocr_carea' id='block_1_90' title="bbox 2174 4328 3678 4401">
    <p class='ocr_par' dir='ltr' id='par_1_90' title="bbox 2174 4328 3678 4401">
     <span class='ocr_line' id='line_1_90' title="bbox 2174 4328 3678 4401; baseline -0.001 -18"><span class='ocrx_word' id='word_1_491' title='bbox 2174 4330 2332 4384; x_wconf 86' lang='grc' dir='ltr'>Κατὰ</span> <span class='ocrx_word' id='word_1_492' title='bbox 2364 4331 2491 4395; x_wconf 70' lang='grc' dir='ltr'>τοὺς</span> <span class='ocrx_word' id='word_1_493' title='bbox 2530 4332 2759 4397; x_wconf 83' lang='grc' dir='ltr'>καιροὺς</span> <span class='ocrx_word' id='word_1_494' title='bbox 2780 4330 3027 4395; x_wconf 79' lang='grc' dir='ltr'>ἐκείνους</span> <span class='ocrx_word' id='word_1_495' title='bbox 3076 4328 3453 4401; x_wconf 88' lang='grc' dir='ltr'>βασιλεύοντος</span> <span class='ocrx_word' id='word_1_496' title='bbox 3502 4328 3678 4393; x_wconf 83' lang='grc' dir='ltr'>Μαξι-</span> 
     </span>
    </p>
   </div>
   <div class='ocr_carea' id='block_1_91' title="bbox 2105 4421 3677 4495">
    <p class='ocr_par' dir='ltr' id='par_1_91' title="bbox 2105 4421 3677 4495">
     <span class='ocr_line' id='line_1_91' title="bbox 2105 4421 3677 4495; baseline 0.001 -21"><span class='ocrx_word' id='word_1_497' title='bbox 2105 4422 2300 4492; x_wconf 82' lang='grc' dir='ltr'>μιανοῦ</span> <span class='ocrx_word' id='word_1_498' title='bbox 2326 4421 2420 4476; x_wconf 86' lang='grc' dir='ltr'>τοῦ</span> <span class='ocrx_word' id='word_1_499' title='bbox 2468 4424 2788 4495; x_wconf 85' lang='grc' dir='ltr'>παρανόμου</span> <span class='ocrx_word' id='word_1_500' title='bbox 2824 4424 2919 4478; x_wconf 75' lang='grc' dir='ltr'>καὶ</span> <span class='ocrx_word' id='word_1_501' title='bbox 2950 4422 3340 4479; x_wconf 84' lang='grc' dir='ltr'>ὰσεϐεστάτου.</span> <span class='ocrx_word' id='word_1_502' title='bbox 3363 4421 3677 4493; x_wconf 86' lang='lat' dir='ltr'><strong>Martyrium</strong></span> 
     </span>
    </p>
   </div>
   <div class='ocr_carea' id='block_1_92' title="bbox 497 4514 2000 4605">
    <p class='ocr_par' dir='ltr' id='par_1_92' title="bbox 497 4532 1999 4605">
     <span class='ocr_line' id='line_1_92' title="bbox 497 4532 1999 4605; baseline 0 -19"><span class='ocrx_word' id='word_1_503' title='bbox 497 4533 692 4598; x_wconf 87' lang='grc' dir='ltr'>Ἐτους</span> <span class='ocrx_word' id='word_1_504' title='bbox 720 4532 948 4603; x_wconf 78' lang='grc' dir='ltr'>ἑϐδόμου</span> <span class='ocrx_word' id='word_1_505' title='bbox 977 4533 1077 4604; x_wconf 81' lang='grc' dir='ltr'>τῆς</span> <span class='ocrx_word' id='word_1_506' title='bbox 1124 4532 1402 4604; x_wconf 82' lang='grc' dir='ltr'>βασιλείας</span> <span class='ocrx_word' id='word_1_507' title='bbox 1439 4533 1809 4605; x_wconf 79' lang='grc' dir='ltr'>Μαξιμιανοῦ.</span> <span class='ocrx_word' id='word_1_508' title='bbox 1844 4535 1999 4604; x_wconf 76' lang='grc' dir='ltr'>ιήγε-</span> 
     </span>
    </p>
   </div>
   <div class='ocr_carea' id='block_1_93' title="bbox 2101 4514 2745 4605">
    <p class='ocr_par' dir='ltr' id='par_1_93' title="bbox 2104 4514 2745 4569">
     <span class='ocr_line' id='line_1_93' title="bbox 2104 4514 2745 4569; baseline 0 0"><span class='ocrx_word' id='word_1_509' title='bbox 2104 4522 2308 4569; x_wconf 77' lang='lat' dir='ltr'><strong>sancla:</strong></span> <span class='ocrx_word' id='word_1_510' title='bbox 2352 4514 2523 4569; x_wconf 86' lang='lat' dir='ltr'><strong>Barba</strong></span> <span class='ocrx_word' id='word_1_511' title='bbox 2533 4530 2627 4569; x_wconf 64' lang='grc' dir='ltr'>ναξ.</span> <span class='ocrx_word' id='word_1_512' title='bbox 2742 4552 2745 4555; x_wconf 95' lang='grc'><strong><em>-</em></strong></span> 
     </span>
    </p>
   </div>
   <div class='ocr_carea' id='block_1_94' title="bbox 428 4627 1997 4701">
    <p class='ocr_par' dir='ltr' id='par_1_94' title="bbox 428 4627 1997 4701">
     <span class='ocr_line' id='line_1_94' title="bbox 428 4627 1997 4701; baseline 0.001 -20"><span class='ocrx_word' id='word_1_513' title='bbox 428 4627 751 4698; x_wconf 79' lang='grc' dir='ltr'>μονεύοντος</span> <span class='ocrx_word' id='word_1_514' title='bbox 778 4629 1049 4699; x_wconf 77' lang='grc' dir='ltr'>Μαξίμου.</span> <span class='ocrx_word' id='word_1_515' title='bbox 1076 4629 1391 4701; x_wconf 80' lang='lat' dir='ltr'><strong>Martyrium</strong></span> <span class='ocrx_word' id='word_1_516' title='bbox 1428 4637 1742 4685; x_wconf 80' lang='lat' dir='ltr'><strong>sanctorum</strong></span> <span class='ocrx_word' id='word_1_517' title='bbox 1774 4629 1997 4684; x_wconf 85' lang='lat' dir='ltr'><strong>Eulam-</strong></span> 
     </span>
    </p>
   </div>
   <div class='ocr_carea' id='block_1_95' title="bbox 422 4719 936 4791">
    <p class='ocr_par' dir='ltr' id='par_1_95' title="bbox 422 4719 936 4791">
     <span class='ocr_line' id='line_1_95' title="bbox 422 4719 936 4791; baseline 0.004 -18"><span class='ocrx_word' id='word_1_518' title='bbox 422 4720 498 4791; x_wconf 82' lang='lat' dir='ltr'>pii</span> <span class='ocrx_word' id='word_1_519' title='bbox 529 4728 586 4774; x_wconf 91' lang='lat' dir='ltr'>et</span> <span class='ocrx_word' id='word_1_520' title='bbox 619 4719 936 4790; x_wconf 65' lang='lat' dir='ltr'><strong>Eulampiae.</strong></span> 
     </span>
    </p>
   </div>
   <div class='ocr_carea' id='block_1_96' title="bbox 497 4811 2001 4883">
    <p class='ocr_par' dir='ltr' id='par_1_96' title="bbox 497 4811 2001 4883">
     <span class='ocr_line' id='line_1_96' title="bbox 497 4811 2001 4883; baseline 0 -18"><span class='ocrx_word' id='word_1_521' title='bbox 497 4813 690 4874; x_wconf 87' lang='grc' dir='ltr'>Ἔτους</span> <span class='ocrx_word' id='word_1_522' title='bbox 718 4814 967 4883; x_wconf 71' lang='grc' dir='ltr'>πέμπτου</span> <span class='ocrx_word' id='word_1_523' title='bbox 998 4812 1095 4883; x_wconf 85' lang='grc' dir='ltr'>τῆς</span> <span class='ocrx_word' id='word_1_524' title='bbox 1125 4812 1709 4882; x_wconf 81' lang='grc' dir='ltr'>βασιλείαςἸ-ουστίνου</span> <span class='ocrx_word' id='word_1_525' title='bbox 1736 4811 1831 4865; x_wconf 87' lang='grc' dir='ltr'>τοῦ</span> <span class='ocrx_word' id='word_1_526' title='bbox 1851 4813 2001 4882; x_wconf 81' lang='grc' dir='ltr'>φιλο-</span> 
     </span>
    </p>
   </div>
   <div class='ocr_carea' id='block_1_97' title="bbox 422 4904 2000 4977">
    <p class='ocr_par' dir='ltr' id='par_1_97' title="bbox 422 4904 2000 4977">
     <span class='ocr_line' id='line_1_97' title="bbox 422 4904 2000 4977; baseline 0.001 -20"><span class='ocrx_word' id='word_1_527' title='bbox 422 4904 648 4975; x_wconf 82' lang='grc' dir='ltr'>χρίστου</span> <span class='ocrx_word' id='word_1_528' title='bbox 674 4904 1071 4975; x_wconf 71' lang='grc' dir='ltr'>βασιλεύοντος.</span> <span class='ocrx_word' id='word_1_529' title='bbox 1098 4906 1413 4977; x_wconf 88' lang='lat' dir='ltr'><strong>Martyrium</strong></span> <span class='ocrx_word' id='word_1_530' title='bbox 1444 4906 1620 4961; x_wconf 89' lang='lat' dir='ltr'><strong>sancti</strong></span> <span class='ocrx_word' id='word_1_531' title='bbox 1688 4905 1904 4960; x_wconf 71' lang='lat' dir='ltr'><strong>Aretha:</strong></span> <span class='ocrx_word' id='word_1_532' title='bbox 1945 4913 2000 4959; x_wconf 89' lang='lat' dir='ltr'>et</span> 
     </span>
    </p>
   </div>
   <div class='ocr_carea' id='block_1_98' title="bbox 420 4996 713 5063">
    <p class='ocr_par' dir='ltr' id='par_1_98' title="bbox 420 4996 713 5063">
     <span class='ocr_line' id='line_1_98' title="bbox 420 4996 713 5063; baseline -0.003 -12"><span class='ocrx_word' id='word_1_533' title='bbox 420 4996 713 5063; x_wconf 71' lang='lat' dir='ltr'><strong>sociorum,</strong></span> 
     </span>
    </p>
   </div>
   <div class='ocr_carea' id='block_1_99' title="bbox 492 5081 2000 5158">
    <p class='ocr_par' dir='ltr' id='par_1_99' title="bbox 492 5081 2000 5158">
     <span class='ocr_line' id='line_1_99' title="bbox 492 5081 2000 5158; baseline 0.003 -20"><span class='ocrx_word' id='word_1_534' title='bbox 492 5081 672 5139; x_wconf 88' lang='grc' dir='ltr'>Ἧκεν</span> <span class='ocrx_word' id='word_1_535' title='bbox 696 5087 832 5157; x_wconf 78' lang='grc' dir='ltr'>ἡμῖν</span> <span class='ocrx_word' id='word_1_536' title='bbox 862 5087 896 5157; x_wconf 80' lang='grc' dir='ltr'><strong>ἡ</strong></span> <span class='ocrx_word' id='word_1_537' title='bbox 929 5086 1159 5158; x_wconf 79' lang='grc' dir='ltr'>λαμπρὰ</span> <span class='ocrx_word' id='word_1_538' title='bbox 1180 5087 1277 5141; x_wconf 74' lang='grc' dir='ltr'>καὶ</span> <span class='ocrx_word' id='word_1_539' title='bbox 1294 5086 1643 5158; x_wconf 85' lang='grc' dir='ltr'>χαρμόσυνος</span> <span class='ocrx_word' id='word_1_540' title='bbox 1671 5088 1767 5142; x_wconf 72' lang='grc' dir='ltr'>καὶ</span> <span class='ocrx_word' id='word_1_541' title='bbox 1796 5089 2000 5143; x_wconf 85' lang='grc' dir='ltr'>ποθου-</span> 
     </span>
    </p>
   </div>
   <div class='ocr_carea' id='block_1_100' title="bbox 425 5175 1998 5249">
    <p class='ocr_par' dir='ltr' id='par_1_100' title="bbox 425 5175 1998 5249">
     <span class='ocr_line' id='line_1_100' title="bbox 425 5175 1998 5249; baseline 0.006 -21"><span class='ocrx_word' id='word_1_542' title='bbox 425 5177 561 5246; x_wconf 78' lang='grc' dir='ltr'>μὲνη</span> <span class='ocrx_word' id='word_1_543' title='bbox 597 5178 925 5248; x_wconf 81' lang='grc' dir='ltr'>πανήγυρις.</span> <span class='ocrx_word' id='word_1_544' title='bbox 960 5175 1021 5231; x_wconf 89' lang='lat' dir='ltr'>ln</span> <span class='ocrx_word' id='word_1_545' title='bbox 1076 5178 1593 5248; x_wconf 86' lang='lat' dir='ltr'><strong>transportationem</strong></span> <span class='ocrx_word' id='word_1_546' title='bbox 1647 5180 1998 5249; x_wconf 88' lang='lat' dir='ltr'><strong>reliquiarum</strong></span> 
     </span>
    </p>
   </div>
   <div class='ocr_carea' id='block_1_101' title="bbox 423 5267 1276 5340">
    <p class='ocr_par' dir='ltr' id='par_1_101' title="bbox 423 5267 1276 5340">
     <span class='ocr_line' id='line_1_101' title="bbox 423 5267 1276 5340; baseline 0.012 -24"><span class='ocrx_word' id='word_1_547' title='bbox 423 5268 593 5322; x_wconf 68' lang='lat' dir='ltr'><strong>sancti</strong></span> <span class='ocrx_word' id='word_1_548' title='bbox 616 5267 842 5323; x_wconf 82' lang='lat' dir='ltr'><strong>Joannis</strong></span> <span class='ocrx_word' id='word_1_549' title='bbox 880 5269 1276 5340; x_wconf 80' lang='lat' dir='ltr'><strong>Chrysostomi.</strong></span> 
     </span>
    </p>
   </div>
   <div class='ocr_carea' id='block_1_102' title="bbox 494 5351 2000 5430">
    <p class='ocr_par' dir='ltr' id='par_1_102' title="bbox 494 5351 2000 5430">
     <span class='ocr_line' id='line_1_102' title="bbox 494 5351 2000 5430; baseline 0.004 -20"><span class='ocrx_word' id='word_1_550' title='bbox 494 5351 670 5411; x_wconf 84' lang='grc' dir='ltr'>Ἧκον</span> <span class='ocrx_word' id='word_1_551' title='bbox 687 5360 780 5411; x_wconf 72' lang='grc' dir='ltr'>ἐπὶ</span> <span class='ocrx_word' id='word_1_552' title='bbox 808 5358 877 5411; x_wconf 82' lang='grc' dir='ltr'>τὰ</span> <span class='ocrx_word' id='word_1_553' title='bbox 913 5362 1207 5430; x_wconf 88' lang='grc' dir='ltr'>νικητήρια</span> <span class='ocrx_word' id='word_1_554' title='bbox 1241 5360 1310 5414; x_wconf 88' lang='grc' dir='ltr'>τὰ</span> <span class='ocrx_word' id='word_1_555' title='bbox 1348 5361 1488 5415; x_wconf 73' lang='grc' dir='ltr'>κατὰ</span> <span class='ocrx_word' id='word_1_556' title='bbox 1516 5360 1609 5415; x_wconf 83' lang='grc' dir='ltr'>τοῦ</span> <span class='ocrx_word' id='word_1_557' title='bbox 1633 5360 1884 5415; x_wconf 86' lang='grc' dir='ltr'>διαϐόλου</span> <span class='ocrx_word' id='word_1_558' title='bbox 1905 5362 2000 5416; x_wconf 74' lang='grc' dir='ltr'>καὶ</span> 
     </span>
    </p>
   </div>
   <div class='ocr_carea' id='block_1_103' title="bbox 422 5448 2000 5523">
    <p class='ocr_par' dir='ltr' id='par_1_103' title="bbox 422 5448 2000 5523">
     <span class='ocr_line' id='line_1_103' title="bbox 422 5448 2000 5523; baseline 0.005 -24"><span class='ocrx_word' id='word_1_559' title='bbox 422 5450 471 5499; x_wconf 81' lang='grc' dir='ltr'><strong>οἱ</strong></span> <span class='ocrx_word' id='word_1_560' title='bbox 497 5448 642 5515; x_wconf 84' lang='grc' dir='ltr'><strong>ἆγιοι</strong></span> <span class='ocrx_word' id='word_1_561' title='bbox 668 5451 943 5519; x_wconf 83' lang='grc' dir='ltr'>μάρτυρες</span> <span class='ocrx_word' id='word_1_562' title='bbox 965 5449 1287 5521; x_wconf 72' lang='grc' dir='ltr'>Νίκανδρος,</span> <span class='ocrx_word' id='word_1_563' title='bbox 1317 5451 1414 5505; x_wconf 78' lang='grc' dir='ltr'>καὶ</span> <span class='ocrx_word' id='word_1_564' title='bbox 1433 5453 1773 5522; x_wconf 87' lang='grc' dir='ltr'>Μαρκιανός.</span> <span class='ocrx_word' id='word_1_565' title='bbox 1805 5451 2000 5523; x_wconf 87' lang='lat' dir='ltr'><strong>Marty-</strong></span> 
     </span>
    </p>
   </div>
   <div class='ocr_carea' id='block_1_104' title="bbox 427 5538 1606 5597">
    <p class='ocr_par' dir='ltr' id='par_1_104' title="bbox 427 5538 1606 5597">
     <span class='ocr_line' id='line_1_104' title="bbox 427 5538 1606 5597; baseline 0.004 -7"><span class='ocrx_word' id='word_1_566' title='bbox 427 5538 567 5593; x_wconf 80' lang='lat' dir='ltr'><strong>rium</strong></span> <span class='ocrx_word' id='word_1_567' title='bbox 597 5548 913 5594; x_wconf 89' lang='lat' dir='ltr'><strong>sanctorum</strong></span> <span class='ocrx_word' id='word_1_568' title='bbox 947 5540 1203 5596; x_wconf 86' lang='lat' dir='ltr'><strong>Nicandri</strong></span> <span class='ocrx_word' id='word_1_569' title='bbox 1244 5550 1301 5596; x_wconf 88' lang='lat' dir='ltr'>et</span> <span class='ocrx_word' id='word_1_570' title='bbox 1332 5542 1606 5597; x_wconf 89' lang='lat' dir='ltr'><strong>Marciani.</strong></span> 
     </span>
    </p>
   </div>
   <div class='ocr_carea' id='block_1_105' title="bbox 493 5623 1998 5705">
    <p class='ocr_par' dir='ltr' id='par_1_105' title="bbox 493 5623 1998 5705">
     <span class='ocr_line' id='line_1_105' title="bbox 493 5623 1998 5705; baseline 0.003 -24"><span class='ocrx_word' id='word_1_571' title='bbox 493 5623 605 5681; x_wconf 81' lang='grc' dir='ltr'>Ἦν</span> <span class='ocrx_word' id='word_1_572' title='bbox 634 5646 719 5693; x_wconf 88' lang='grc' dir='ltr'>τις</span> <span class='ocrx_word' id='word_1_573' title='bbox 748 5631 888 5700; x_wconf 77' lang='grc' dir='ltr'>ἀνὴρ</span> <span class='ocrx_word' id='word_1_574' title='bbox 922 5631 1151 5701; x_wconf 86' lang='grc' dir='ltr'>μοναχδς</span> <span class='ocrx_word' id='word_1_575' title='bbox 1180 5632 1403 5704; x_wconf 83' lang='grc' dir='ltr'>ὀνόματι</span> <span class='ocrx_word' id='word_1_576' title='bbox 1431 5632 1799 5705; x_wconf 83' lang='grc' dir='ltr'>Ἀμφιλόχιος.</span> <span class='ocrx_word' id='word_1_577' title='bbox 1830 5627 1998 5697; x_wconf 74' lang='grc' dir='ltr'>Οὗτος</span> 
     </span>
    </p>
   </div>
   <div class='ocr_carea' id='block_1_106' title="bbox 425 5718 1996 5795">
    <p class='ocr_par' dir='ltr' id='par_1_106' title="bbox 425 5718 1996 5795">
     <span class='ocr_line' id='line_1_106' title="bbox 425 5718 1996 5795; baseline 0.006 -27"><span class='ocrx_word' id='word_1_578' title='bbox 425 5718 639 5781; x_wconf 80' lang='grc' dir='ltr'>δίκαιος</span> <span class='ocrx_word' id='word_1_579' title='bbox 661 5721 750 5771; x_wconf 77' lang='grc' dir='ltr'>καὶ</span> <span class='ocrx_word' id='word_1_580' title='bbox 776 5719 1038 5790; x_wconf 77' lang='grc' dir='ltr'>Θεοσεϐὴς</span> <span class='ocrx_word' id='word_1_581' title='bbox 1071 5721 1337 5792; x_wconf 80' lang='grc' dir='ltr'>ὑπῆρχεν.</span> <span class='ocrx_word' id='word_1_582' title='bbox 1375 5722 1496 5778; x_wconf 83' lang='lat' dir='ltr'><strong>Vita</strong></span> <span class='ocrx_word' id='word_1_583' title='bbox 1545 5724 1721 5779; x_wconf 77' lang='lat' dir='ltr'><strong>sancti</strong></span> <span class='ocrx_word' id='word_1_584' title='bbox 1770 5723 1996 5795; x_wconf 85' lang='lat' dir='ltr'><strong>Amphi-</strong></span> 
     </span>
    </p>
   </div>
   <div class='ocr_carea' id='block_1_107' title="bbox 429 5809 1221 5879">
    <p class='ocr_par' dir='ltr' id='par_1_107' title="bbox 429 5809 1221 5879">
     <span class='ocr_line' id='line_1_107' title="bbox 429 5809 1221 5879; baseline 0.005 -18"><span class='ocrx_word' id='word_1_585' title='bbox 429 5810 587 5867; x_wconf 79' lang='lat' dir='ltr'><strong>lochii</strong></span> <span class='ocrx_word' id='word_1_586' title='bbox 628 5809 864 5879; x_wconf 74' lang='lat' dir='ltr'><strong>episcopi</strong></span> <span class='ocrx_word' id='word_1_587' title='bbox 907 5810 1221 5866; x_wconf 85' lang='lat' dir='ltr'><strong>Iconicnsis.</strong></span> 
     </span>
    </p>
   </div>
   <div class='ocr_carea' id='block_1_108' title="bbox 2174 4602 3678 4678">
    <p class='ocr_par' dir='ltr' id='par_1_108' title="bbox 2174 4602 3678 4678">
     <span class='ocr_line' id='line_1_108' title="bbox 2174 4602 3678 4678; baseline 0 -19"><span class='ocrx_word' id='word_1_588' title='bbox 2174 4605 2333 4659; x_wconf 88' lang='grc' dir='ltr'>Κατὰ</span> <span class='ocrx_word' id='word_1_589' title='bbox 2359 4606 2755 4674; x_wconf 81' lang='grc' dir='ltr'>τούς,καιρούς</span> <span class='ocrx_word' id='word_1_590' title='bbox 2784 4606 3029 4669; x_wconf 78' lang='grc' dir='ltr'>ἐκείνους</span> <span class='ocrx_word' id='word_1_591' title='bbox 3063 4602 3131 4676; x_wconf 78' lang='grc' dir='ltr'>ἦν</span> <span class='ocrx_word' id='word_1_592' title='bbox 3172 4621 3258 4668; x_wconf 85' lang='grc' dir='ltr'>τις</span> <span class='ocrx_word' id='word_1_593' title='bbox 3318 4604 3458 4677; x_wconf 82' lang='grc' dir='ltr'>ἀνὴρ</span> <span class='ocrx_word' id='word_1_594' title='bbox 3502 4606 3560 4659; x_wconf 79' lang='grc' dir='ltr'>ὲν</span> <span class='ocrx_word' id='word_1_595' title='bbox 3611 4609 3678 4678; x_wconf 83' lang='grc' dir='ltr'>τῇ</span> 
     </span>
    </p>
   </div>
   <div class='ocr_carea' id='block_1_109' title="bbox 2102 4694 3675 4767">
    <p class='ocr_par' dir='ltr' id='par_1_109' title="bbox 2102 4694 3675 4767">
     <span class='ocr_line' id='line_1_109' title="bbox 2102 4694 3675 4767; baseline 0.001 -19"><span class='ocrx_word' id='word_1_596' title='bbox 2102 4695 2473 4764; x_wconf 81' lang='grc' dir='ltr'>Παφλαγόνων</span> <span class='ocrx_word' id='word_1_597' title='bbox 2530 4694 2705 4767; x_wconf 79' lang='grc' dir='ltr'>χώρᾳ.</span> <span class='ocrx_word' id='word_1_598' title='bbox 2750 4696 3071 4767; x_wconf 89' lang='lat' dir='ltr'><strong>Martyrium</strong></span> <span class='ocrx_word' id='word_1_599' title='bbox 3120 4694 3294 4750; x_wconf 88' lang='lat' dir='ltr'><strong>sancti</strong></span> <span class='ocrx_word' id='word_1_600' title='bbox 3366 4695 3675 4750; x_wconf 85' lang='lat' dir='ltr'><strong>Mamantis.</strong></span> 
     </span>
    </p>
   </div>
   <div class='ocr_carea' id='block_1_110' title="bbox 2176 4787 3678 4859">
    <p class='ocr_par' dir='ltr' id='par_1_110' title="bbox 2176 4787 3678 4859">
     <span class='ocr_line' id='line_1_110' title="bbox 2176 4787 3678 4859; baseline -0.001 -18"><span class='ocrx_word' id='word_1_601' title='bbox 2176 4788 2337 4841; x_wconf 81' lang='grc' dir='ltr'>Κατὰ</span> <span class='ocrx_word' id='word_1_602' title='bbox 2374 4787 2502 4851; x_wconf 82' lang='grc' dir='ltr'>τοὺς</span> <span class='ocrx_word' id='word_1_603' title='bbox 2562 4788 2786 4859; x_wconf 83' lang='grc' dir='ltr'>καιροὺς</span> <span class='ocrx_word' id='word_1_604' title='bbox 2840 4788 3081 4850; x_wconf 75' lang='grc' dir='ltr'>ἐκείνους</span> <span class='ocrx_word' id='word_1_605' title='bbox 3128 4787 3222 4840; x_wconf 75' lang='grc' dir='ltr'>ἐπὶ</span> <span class='ocrx_word' id='word_1_606' title='bbox 3279 4787 3678 4858; x_wconf 83' lang='grc' dir='ltr'>αὐτοκράτορος</span> 
     </span>
    </p>
   </div>
   <div class='ocr_carea' id='block_1_111' title="bbox 2103 4873 3677 4949">
    <p class='ocr_par' dir='ltr' id='par_1_111' title="bbox 2103 4873 3677 4949">
     <span class='ocr_line' id='line_1_111' title="bbox 2103 4873 3677 4949; baseline 0.001 -19"><span class='ocrx_word' id='word_1_607' title='bbox 2103 4877 2377 4947; x_wconf 83' lang='grc' dir='ltr'>Τραϊανοῦ</span> <span class='ocrx_word' id='word_1_608' title='bbox 2418 4873 2488 4948; x_wconf 82' lang='grc' dir='ltr'>ἦν</span> <span class='ocrx_word' id='word_1_609' title='bbox 2527 4878 2697 4949; x_wconf 81' lang='grc' dir='ltr'>πολλὴ</span> <span class='ocrx_word' id='word_1_610' title='bbox 2742 4878 2931 4949; x_wconf 82' lang='grc' dir='ltr'>μανία.</span> <span class='ocrx_word' id='word_1_611' title='bbox 2982 4875 3295 4946; x_wconf 83' lang='lat' dir='ltr'><strong>Martyrium</strong></span> <span class='ocrx_word' id='word_1_612' title='bbox 3348 4877 3520 4933; x_wconf 84' lang='lat' dir='ltr'><strong>sancti</strong></span> <span class='ocrx_word' id='word_1_613' title='bbox 3575 4876 3677 4932; x_wconf 86' lang='lat' dir='ltr'><strong>Zo-</strong></span> 
     </span>
    </p>
   </div>
   <div class='ocr_carea' id='block_1_112' title="bbox 2103 4966 2243 5022">
    <p class='ocr_par' dir='ltr' id='par_1_112' title="bbox 2103 4966 2243 5022">
     <span class='ocr_line' id='line_1_112' title="bbox 2103 4966 2243 5022; baseline -0.007 0"><span class='ocrx_word' id='word_1_614' title='bbox 2103 4966 2243 5022; x_wconf 90' lang='lat' dir='ltr'><strong>simi.</strong></span> 
     </span>
    </p>
   </div>
   <div class='ocr_carea' id='block_1_113' title="bbox 2176 5076 3677 5153">
    <p class='ocr_par' dir='ltr' id='par_1_113' title="bbox 2176 5076 3677 5153">
     <span class='ocr_line' id='line_1_113' title="bbox 2176 5076 3677 5153; baseline -0.001 -19"><span class='ocrx_word' id='word_1_615' title='bbox 2176 5079 2334 5135; x_wconf 84' lang='grc' dir='ltr'>Κατὰ</span> <span class='ocrx_word' id='word_1_616' title='bbox 2383 5080 2509 5143; x_wconf 85' lang='grc' dir='ltr'>τούς</span> <span class='ocrx_word' id='word_1_617' title='bbox 2535 5081 2765 5151; x_wconf 83' lang='grc' dir='ltr'>καιροὺς</span> <span class='ocrx_word' id='word_1_618' title='bbox 2805 5081 3083 5135; x_wconf 88' lang='grc' dir='ltr'>Λικιννίου</span> <span class='ocrx_word' id='word_1_619' title='bbox 3139 5077 3234 5134; x_wconf 82' lang='grc' dir='ltr'>τοῦ</span> <span class='ocrx_word' id='word_1_620' title='bbox 3286 5079 3551 5151; x_wconf 75' lang='grc' dir='ltr'>βασιλέως</span> <span class='ocrx_word' id='word_1_621' title='bbox 3609 5076 3677 5153; x_wconf 81' lang='grc' dir='ltr'>ἦν</span> 
     </span>
    </p>
   </div>
   <div class='ocr_carea' id='block_1_114' title="bbox 2103 5173 3678 5246">
    <p class='ocr_par' dir='ltr' id='par_1_114' title="bbox 2103 5173 3678 5246">
     <span class='ocr_line' id='line_1_114' title="bbox 2103 5173 3678 5246; baseline 0 -18"><span class='ocrx_word' id='word_1_622' title='bbox 2103 5173 2345 5243; x_wconf 78' lang='grc' dir='ltr'>διωγμὸς</span> <span class='ocrx_word' id='word_1_623' title='bbox 2379 5173 2557 5243; x_wconf 80' lang='grc' dir='ltr'>μέγας</span> <span class='ocrx_word' id='word_1_624' title='bbox 2596 5173 2706 5227; x_wconf 87' lang='grc' dir='ltr'>τῶν</span> <span class='ocrx_word' id='word_1_625' title='bbox 2751 5174 3119 5244; x_wconf 84' lang='grc' dir='ltr'>Χριστιανῶν.</span> <span class='ocrx_word' id='word_1_626' title='bbox 3167 5173 3487 5246; x_wconf 82' lang='lat' dir='ltr'><strong>Martyrium</strong></span> <span class='ocrx_word' id='word_1_627' title='bbox 3547 5188 3678 5230; x_wconf 85' lang='lat' dir='ltr'><strong>san-</strong></span> 
     </span>
    </p>
   </div>
   <div class='ocr_carea' id='block_1_115' title="bbox 2104 5262 3443 5338">
    <p class='ocr_par' dir='ltr' id='par_1_115' title="bbox 2104 5262 3443 5338">
     <span class='ocr_line' id='line_1_115' title="bbox 2104 5262 3443 5338; baseline 0 -17"><span class='ocrx_word' id='word_1_628' title='bbox 2104 5275 2319 5321; x_wconf 89' lang='lat' dir='ltr'><strong>ctorum</strong></span> <span class='ocrx_word' id='word_1_629' title='bbox 2351 5262 2722 5335; x_wconf 83' lang='lat' dir='ltr'><strong>Quadraginta</strong></span> <span class='ocrx_word' id='word_1_630' title='bbox 2753 5265 3071 5338; x_wconf 87' lang='lat' dir='ltr'><strong>Martyrum.</strong></span> <span class='ocrx_word' id='word_1_631' title='bbox 3428 5274 3443 5283; x_wconf 89' lang='lat'><em>&#39;</em></span> 
     </span>
    </p>
   </div>
   <div class='ocr_carea' id='block_1_116' title="bbox 2173 5354 3679 5427">
    <p class='ocr_par' dir='ltr' id='par_1_116' title="bbox 2173 5354 3679 5427">
     <span class='ocr_line' id='line_1_116' title="bbox 2173 5354 3679 5427; baseline -0.001 -14"><span class='ocrx_word' id='word_1_632' title='bbox 2173 5355 2333 5413; x_wconf 88' lang='grc' dir='ltr'>Κατὰ</span> <span class='ocrx_word' id='word_1_633' title='bbox 2363 5354 2490 5417; x_wconf 85' lang='grc' dir='ltr'>τούς</span> <span class='ocrx_word' id='word_1_634' title='bbox 2528 5356 2755 5427; x_wconf 85' lang='grc' dir='ltr'>χρόνους</span> <span class='ocrx_word' id='word_1_635' title='bbox 2776 5357 3048 5427; x_wconf 82' lang='grc' dir='ltr'>Τραϊανοῦ</span> <span class='ocrx_word' id='word_1_636' title='bbox 3065 5354 3161 5411; x_wconf 79' lang='grc' dir='ltr'>τοῦ</span> <span class='ocrx_word' id='word_1_637' title='bbox 3191 5355 3458 5426; x_wconf 89' lang='grc' dir='ltr'>βασιλέως</span> <span class='ocrx_word' id='word_1_638' title='bbox 3486 5356 3679 5426; x_wconf 80' lang='grc' dir='ltr'><strong>γέγονὲ</strong></span> 
     </span>
    </p>
   </div>
   <div class='ocr_carea' id='block_1_117' title="bbox 2102 5447 3683 5524">
    <p class='ocr_par' dir='ltr' id='par_1_117' title="bbox 2102 5447 3683 5524">
     <span class='ocr_line' id='line_1_117' title="bbox 2102 5447 3683 5524; baseline 0 -21"><span class='ocrx_word' id='word_1_639' title='bbox 2102 5467 2187 5513; x_wconf 84' lang='grc' dir='ltr'>τις</span> <span class='ocrx_word' id='word_1_640' title='bbox 2216 5451 2377 5523; x_wconf 83' lang='grc' dir='ltr'>κόρη.</span> <span class='ocrx_word' id='word_1_641' title='bbox 2421 5452 2539 5508; x_wconf 87' lang='lat' dir='ltr'><strong>Vita</strong></span> <span class='ocrx_word' id='word_1_642' title='bbox 2587 5461 2643 5507; x_wconf 87' lang='lat' dir='ltr'>et</span> <span class='ocrx_word' id='word_1_643' title='bbox 2687 5452 3007 5524; x_wconf 87' lang='lat' dir='ltr'><strong>martyrium</strong></span> <span class='ocrx_word' id='word_1_644' title='bbox 3054 5458 3259 5506; x_wconf 58' lang='lat' dir='ltr'><strong>sancta</strong></span> <span class='ocrx_word' id='word_1_645' title='bbox 3296 5447 3553 5505; x_wconf 68' lang='lat' dir='ltr'><strong>Eudociaa</strong></span> <span class='ocrx_word' id='word_1_646' title='bbox 3581 5449 3683 5504; x_wconf 88' lang='lat' dir='ltr'>Sa-</span> 
     </span>
    </p>
   </div>
   <div class='ocr_carea' id='block_1_118' title="bbox 2105 5542 2407 5597">
    <p class='ocr_par' dir='ltr' id='par_1_118' title="bbox 2105 5542 2407 5597">
     <span class='ocr_line' id='line_1_118' title="bbox 2105 5542 2407 5597; baseline 0.003 -1"><span class='ocrx_word' id='word_1_647' title='bbox 2105 5542 2407 5597; x_wconf 69' lang='lat' dir='ltr'><strong>maritume.</strong></span> 
     </span>
    </p>
   </div>
   <div class='ocr_carea' id='block_1_119' title="bbox 2162 5558 3681 5703">
    <p class='ocr_par' dir='ltr' id='par_1_119' title="bbox 2162 5558 3681 5703">
     <span class='ocr_line' id='line_1_119' title="bbox 2199 5558 2407 5597; baseline 0.005 -1"><span class='ocrx_word' id='word_1_648' title='bbox 2199 5558 2241 5596; x_wconf 68' lang='grc' dir='ltr'>τι</span> <span class='ocrx_word' id='word_1_649' title='bbox 2273 5560 2296 5593; x_wconf 85' lang='lat' dir='ltr'>a</span> <span class='ocrx_word' id='word_1_650' title='bbox 2394 5584 2407 5597; x_wconf 94' lang='lat'>.</span> 
     </span>
     <span class='ocr_line' id='line_1_120' title="bbox 2162 5558 3681 5703; baseline 0 -19"><span class='ocrx_word' id='word_1_651' title='bbox 2162 5558 2548 5687; x_wconf 48' lang='grc' dir='ltr'>³Κιέτξιιξξιεῒνον</span> <span class='ocrx_word' id='word_1_652' title='bbox 2580 5634 2672 5687; x_wconf 86' lang='grc' dir='ltr'>τδν</span> <span class='ocrx_word' id='word_1_653' title='bbox 2696 5632 2887 5703; x_wconf 81' lang='grc' dir='ltr'>καιρὸν</span> <span class='ocrx_word' id='word_1_654' title='bbox 2941 5629 3084 5703; x_wconf 80' lang='grc' dir='ltr'>ἦμεν</span> <span class='ocrx_word' id='word_1_655' title='bbox 3135 5630 3333 5695; x_wconf 83' lang='grc' dir='ltr'>πάντες</span> <span class='ocrx_word' id='word_1_656' title='bbox 3365 5631 3413 5684; x_wconf 78' lang='grc' dir='ltr'><strong>οἱ</strong></span> <span class='ocrx_word' id='word_1_657' title='bbox 3442 5630 3681 5685; x_wconf 78' lang='grc' dir='ltr'>ὰπόστο·</span> 
     </span>
    </p>
   </div>
   <div class='ocr_carea' id='block_1_120' title="bbox 2103 5721 3672 5795">
    <p class='ocr_par' dir='ltr' id='par_1_120' title="bbox 2103 5721 3672 5795">
     <span class='ocr_line' id='line_1_121' title="bbox 2103 5721 3672 5795; baseline 0 -19"><span class='ocrx_word' id='word_1_658' title='bbox 2103 5723 2184 5777; x_wconf 87' lang='grc' dir='ltr'>λοι</span> <span class='ocrx_word' id='word_1_659' title='bbox 2203 5726 2261 5776; x_wconf 79' lang='grc' dir='ltr'>ἐν</span> <span class='ocrx_word' id='word_1_660' title='bbox 2297 5723 2561 5795; x_wconf 85' lang='grc' dir='ltr'>Ὶεροσολύ</span> <span class='ocrx_word' id='word_1_661' title='bbox 2571 5742 2710 5795; x_wconf 88' lang='grc' dir='ltr'>μοις.</span> <span class='ocrx_word' id='word_1_662' title='bbox 2735 5723 2952 5780; x_wconf 85' lang='lat' dir='ltr'><strong>Pcriodi</strong></span> <span class='ocrx_word' id='word_1_663' title='bbox 2976 5724 3150 5780; x_wconf 85' lang='lat' dir='ltr'><strong>sancti</strong></span> <span class='ocrx_word' id='word_1_664' title='bbox 3175 5722 3401 5779; x_wconf 74' lang='lat' dir='ltr'><strong>Thoma:</strong></span> <span class='ocrx_word' id='word_1_665' title='bbox 3423 5721 3672 5793; x_wconf 87' lang='lat' dir='ltr'><strong>apostoli.</strong></span> 
     </span>
    </p>
   </div>
   <div class='ocr_carea' id='block_1_121' title="bbox 2178 5813 3673 5884">
    <p class='ocr_par' dir='ltr' id='par_1_121' title="bbox 2178 5813 3673 5884">
     <span class='ocr_line' id='line_1_122' title="bbox 2178 5813 3673 5884; baseline -0.003 -15"><span class='ocrx_word' id='word_1_666' title='bbox 2178 5818 2315 5869; x_wconf 80' lang='grc' dir='ltr'>Κατ’</span> <span class='ocrx_word' id='word_1_667' title='bbox 2348 5818 2553 5873; x_wconf 78' lang='grc' dir='ltr'>ἐκεῖνον</span> <span class='ocrx_word' id='word_1_668' title='bbox 2607 5818 2696 5872; x_wconf 66' lang='grc' dir='ltr'>τὸν</span> <span class='ocrx_word' id='word_1_669' title='bbox 2732 5819 2922 5884; x_wconf 77' lang='grc' dir='ltr'>καιρὸν</span> <span class='ocrx_word' id='word_1_670' title='bbox 2969 5814 3238 5884; x_wconf 78' lang='grc' dir='ltr'>Τραϊανοῦ</span> <span class='ocrx_word' id='word_1_671' title='bbox 3279 5813 3371 5870; x_wconf 85' lang='grc' dir='ltr'>τοῦ</span> <span class='ocrx_word' id='word_1_672' title='bbox 3417 5814 3673 5883; x_wconf 72' lang='grc' dir='ltr'>βασιλέως</span> 
     </span>
    </p>
   </div>
  </div>
