4134 6428
363 417 466 483 123

1681 423 1962 486 LEONIS
2002 422 2313 484 ALLATII

3530 431 3635 495 121

362 544 601 600 cunque,
635 528 933 588 dummodo
962 529 1142 587 infans
1172 533 1399 589 omnino
1440 550 1550 590 non
1588 544 1692 602 est,
1738 536 1944 593 discer-

2081 534 2350 607 Ρωμαίων
2379 534 2523 606 ἀρχὴ
2552 536 2650 606 τῆς
2686 537 2972 611 pastum.
2993 538 3309 613 Martyrium
3347 542 3405 599 S.
3441 543 3643 600 Cathe-

362 637 495 677 nere
523 622 707 678 liceat.
740 623 924 680 [labes
953 641 1117 694 supra
1136 627 1249 698 jam
1282 639 1764 697 commemoratas,
1827 646 1949 701 qua
2054 625 2212 680 rima.

366 714 436 768 ab
467 713 588 769 aliis
610 712 801 770 Graece
838 724 892 770 et
925 715 1120 774 Latine
1146 717 1309 774 editae
1353 726 1486 774 sunt
1523 738 1538 775 :
1591 736 1808 779 necnon
1896 733 1951 779 et

2122 717 2352 783 Βλάσιος
2393 720 2424 772 ὁ
2484 721 2695 792 μάρτυς
2747 721 2898 788 ἄξιον
2925 725 3021 780 τοῦ
3073 726 3281 781 τοιοῦδε
3322 728 3512 793 τέλους
3539 731 3644 799 τῆς

365 804 522 868 a'iias,
566 821 704 875 quas
736 809 1038 878 scriptores
1066 809 1181 875 alii,
1214 811 1345 865 dum
1371 827 1405 866 a
1431 811 1805 883 Metaphraste
1864 815 1947 870 sui

2081 809 2383 882 ιαρτυρίας.
2441 810 2561 868 Vita
2587 820 2644 868 et
2686 815 3007 886 martyrium
3073 817 3249 874 sancti
3312 816 3475 875 Blasii
3525 819 3646 889 cpi--

365 896 494 951 dicti
529 897 905 952 testimonium
935 908 1153 969 petunt,
1197 902 1522 957 nominatim
1569 902 1840 970 laudant;
1896 914 1954 961 et
2055 901 2235 971 scepi.

366 990 565 1046 habeto
591 1007 733 1048 nunc
771 993 891 1058 tibi,
934 1003 989 1048 et
1017 1010 1222 1065 paucas
1254 997 1420 1053 hasce
1479 1014 1511 1053 a
1543 1013 1631 1055 me
1694 1008 1952 1070 tanquam

367 1078 758 1151 Metaphrastaa
808 1085 1064 1155 prOprias
1120 1088 1258 1157 stylo
1303 1088 1564 1160 signatas.

435 1173 601 1241 Αἰγαὶ
634 1175 789 1238 πόλις
814 1176 907 1230 ἐπὶ
934 1177 1121 1249 κόλπῳ
1150 1179 1248 1248 μὲν
1270 1178 1349 1249 τῷ
1374 1179 1522 1250 ίονίῳ
1540 1180 1789 1252 κειμένη.
1810 1180 1955 1237 Mar-

366 1264 568 1336 tyrium
597 1263 698 1320 SS.
742 1265 968 1322 Zenohii
993 1276 1048 1323 et
1079 1268 1334 1324 Zenobia:
1362 1270 1510 1326 illius
1549 1271 1774 1327 sororis.

438 1355 623 1411 Αἰλίου
663 1358 945 1431 Ἀδριανοῦ
976 1358 1266 1428 Ῥωμαίων
1290 1362 1391 1431 μὲν
1416 1360 1820 1432 βασιλεύοντος,
1843 1364 1960 1419 δαί-η

373 1466 499 1520 μοσι
528 1451 585 1504 δὲ
631 1452 726 1505 καὶ
778 1453 1020 1516 εἰδώλοις
1075 1454 1354 1525 ἐπιμελῶς
1391 1455 1760 1522 δουλεύοντος.
1810 1456 1957 1512 Mar-

377 1546 573 1614 tyrium
605 1543 776 1597 sancti
800 1543 1125 1598 Eleutherii.

436 1635 598 1688 Ἀλλὰ
634 1636 753 1699 πῶς
782 1635 849 1689 ἄν
879 1653 966 1699 τις
993 1637 1145 1707 ἡμᾶς
1170 1637 1476 1706 ἀπαλλάξει
1503 1641 1691 1705 αίτίας
1714 1644 1815 1696 καὶ
1843 1642 1957 1713 μώ-

371 1741 507 1792 μων.
598 1722 854 1780 Narratio
915 1725 986 1781 de
1062 1728 1530 1799 transportatione
1607 1731 1957 1802 reliquiarum

322 1819 327 1823 ‘
366 1812 594 1869 Joannis
621 1815 1028 1888 Chrysostomi.

2056 1088 2371 1159 ληφθεῖσαν

2125 992 2451 1049 Γυναικείαν
2489 995 2693 1066 ἀρετὴν
2742 995 2845 1066 τῆς
2885 998 2996 1051 τῶν
3036 999 3250 1071 ἀνδρῶν
3301 1001 3456 1055 οὐδὲν
3510 1002 3647 1055 ἁπο-

2446 1088 2583 1141 πᾶσι
2646 1086 2902 1153 διεξιέναι
2954 1088 3252 1156 λυσιτελές.
3288 1092 3413 1151 Vita
3463 1101 3523 1149 et
3554 1107 3650 1147 res

2060 1188 2229 1254 gesta:
2256 1181 2312 1235 S.
2340 1178 2569 1251 Pelagia:
2590 1180 2970 1238 Antiochenm.

2129 1274 2320 1339 Δέκιος
2356 1273 2524 1345 ἡνίκα
2575 1274 2672 1329 καὶ
2702 1273 3060 1347 Βαλεριανός.
3085 1274 3399 1350 Martyrium
3425 1276 3483 1331 S.
3510 1275 3653 1332 Mer-

2060 1383 2221 1424 cum.

2130 1457 2510 1528 Διοκλητιανος
2524 1459 2553 1512 ὁ
2593 1455 2884 1528 Ῥωμαίων
2911 1456 3279 1529 αὐτοκράτωρ
3296 1458 3532 1526 ἀναξίως
3543 1459 3653 1513 τῶν

2062 1549 2362 1621 σκήπτρων
2390 1548 2806 1619 ἐπιλαϐόμενος.
2864 1547 3281 1620 Martyrium38.
3333 1549 3575 1622 Georgii.

2131 1640 2515 1709 Διοκλητιανὺς
2539 1638 2638 1711 τὴν
2702 1641 3083 1712 αὐτοκράτορα
3123 1639 3419 1710 Ῥωμαίοις
3449 1642 3656 1697 διέπων

2060 1732 2261 1803 ἀρχήν.
2300 1731 2618 1803 Martyrium
2640 1732 2739 1787 SS.
2790 1731 2978 1796 Probi,
3021 1731 3196 1788 laradi
3222 1740 3286 1788 et
3335 1732 3663 1791 Andronici-

2134 1824 2526 1896 Διοκλητιανοῦ
2557 1825 2653 1879 καὶ
2675 1824 3027 1896 Μαξιμιανοῦ
3047 1825 3159 1879 τῶν
3204 1824 3510 1888 δυσσεσῶν,
3562 1829 3657 1881 καὶ

443 1908 638 1971 ’Λλλος
667 1907 768 1977 μὲν
799 1908 928 1963 ἄλλο
980 1927 1035 1964 τι
1088 1911 1188 1982 τῆς
1258 1911 1669 1986 θρυλλουμένης
1715 1915 1958 1980 διεξιέτω
1994 1894 2037 1953 Β
2064 1916 2240 1973 ἀθέων
2292 1894 2392 1988 την
2459 1917 2571 1971 τῶν
2609 1894 2906 1987 Ῥωμαίων
2955 1916 3253 1972 διεπόντων
3287 1920 3485 1990 ἀρχήν.
3516 1918 3657 1974 Mar-

367 2001 617 2071 Κρήτης,
646 2003 674 2055 ὁ
712 2002 813 2073 μὲν
862 2005 926 2058 τὸ
969 2005 1190 2073 κάλλος,
1242 2010 1271 2062 ὁ
1319 2009 1459 2062 δὲτὸ
1520 2010 1772 2080 μέγεθος.
1810 2010 1957 2066 Μαι-ο

371 2096 573 2166 tyrium
614 2107 928 2155 sanctorum
956 2101 1147 2157 decem
1180 2102 1236 2157 in
1258 2101 1421 2158 Creta
1445 2103 1642 2158 insula.

452 2188 784 2245 ’Δναστασία
829 2193 1103 2261 γυναικῶν
1151 2196 1185 2266 ἠ
1255 2194 1541 2266 καλλίστη,
1589 2195 1811 2266 Ῥώμης
1862 2196 1995 2267 μὶν

368 2280 472 2350 τῆς
524 2282 806 2354 περιδὸξου
843 2285 1028 2353 φυτὸν,
1081 2287 1276 2354 γένους
1320 2287 1379 2340 δὲ
1418 2287 1774 2359 περιφανείᾳ.
1804 2286 1954 2342 Mar-

375 2373 570 2442 tyrium
618 2383 823 2430 sanctae
843 2376 1173 2435 Anastasite.

452 2464 692 2536 Ἀνδρῶν
730 2467 1037 2542 φιλαρέτων
1062 2469 1195 2539 βίος,
1229 2471 1328 2527 καὶ
1376 2473 1411 2544 ἡ
1444 2473 1549 2543 τῆς
1580 2471 1765 2527 αὐτῶν
1807 2470 1964 2526 πολι-

371 2555 522 2620 τείας
566 2557 822 2629 διήγησις
882 2561 978 2614 καὶ
1026 2563 1166 2616 πᾶσι
1208 2562 1310 2632 μὲν
1355 2567 1469 2628 τοῖς
1511 2564 1777 2630 εὐσεϐῶς.
1844 2560 1963 2620 Vita

373 2656 427 2702 ct
452 2664 539 2705 res
568 2660 734 2721 gestae
774 2650 833 2707 S.
857 2651 1037 2710 Patris
1058 2657 1237 2711 nostri
1262 2656 1531 2711 Abramii.

446 2742 735 2812 ’Λρκαδίου
770 2744 843 2799 τά
891 2744 1182 2818 Ῥωμαίων
1233 2748 1966 2823 διέποντοςσκῆπτρα.Ναι’-

375 2831 575 2902 tyrium
609 2836 782 2891 sancti
812 2836 1003 2894 Jacobi
1026 2838 1235 2897 Persae.

449 2924 612 2996 Ἄρτι
660 2926 1013 3000 Μαξιμιανοῦ
1084 2931 1341 3005 δεύτερον
1369 2933 1491 2998 ἔτος
1516 2935 1747 3003 ἄγοντος
1778 2936 1838 2988 έν
1888 2938 1960 3007 τῇ

371 3014 679 3085 Ῥωμαίων
713 3020 879 3092 ἀρχῃ,
931 3022 1147 3078 καὶτοῦ
1173 3024 1274 3097 τῆς
1351 3025 1607 3091 ἀσεϐείας
1664 3028 1959 3099 χειμῶνος.

375 3107 691 3179 Martyrium
726 3123 1042 3170 sanctorum
1081 3117 1218 3185 Indi,
1255 3118 1481 3176 Damnat
1541 3130 1600 3176 et
1656 3121 1957 3178 sociorum.

2067 2006 2267 2078 tyrium
2318 2017 2636 2064 sanctorum
2677 2009 3105 2081 Anargyrorum,
3142 2010 3375 2078 Cosmic,
3411 2010 3659 2065 Damiani'.

2066 2109 2124 2155 et
2187 2099 2467 2155 sociorum
2504 2108 2828 2173 martyrum.

2137 2190 2526 2261 Διοκλητιανοῦ
2580 2191 2652 2246 τὰ
2713 2191 3005 2262 Ῥωμαίων
3061 2190 3320 2263 σκῆπτρα
3353 2192 3657 2257 διέποντος,

2066 2284 2310 2354 Πρίσκου
2338 2301 2399 2338 τε
2457 2283 2591 2356 περ’(⁵
2643 2283 2745 2356 τὴν
2809 2284 3022 2340 Ἀσίαν.
3080 2283 3396 2358 Martyrium
3434 2285 3494 2342 S.
3547 2284 3661 2340 Eu-

2067 2377 2326 2447 phemia.

2137 2467 2333 2533 Διττὰς
2401 2469 2536 2539 ἡμῖν
2604 2468 2970 2532 ’Δναστασίας
3011 2463 3119 2523 εἶδε
3174 2482 3469 2536 γνωριςειν
3526 2482 3667 2521 επι-

2065 2561 2258 2631 φανείς
2309 2559 2412 2629 μὲν
2457 2560 2628 2630 ἄμφω
2667 2559 2730 2613 τὸ
2749 2558 2894 2614 κατὰ
2923 2561 3104 2630 σάρκα
3135 2558 3313 2627 γένος.
3346 2555 3468 2614 Vita
3487 2568 3544 2614 et
3572 2572 3664 2613 res

2064 2663 2233 2725 gestas
2261 2662 2462 2710 sanclae
2511 2652 3130 2709 Attianum-Romanae.

2148 2767 2398 2837 Ἐγένετο
2448 2764 2588 2837 μετὰ
2654 2766 2716 2821 τὸ
2766 2767 3010 2835 πατάξαι
3057 2764 3288 2838 Κύριον.
3343 2763 3665 2835 Martyrium

2067 2857 2125 2914 S.
2198 2858 2393 2915 Basilei
2416 2858 2662 2930 episcopi
2692 2858 2949 2913 Amasim.

2139 2951 2289 3008 Ἔδει
2349 2950 2476 3022 μὲν,
2520 2945 2567 3005 ὦ
2610 2950 2907 3023 ἱερωτάτη,
2944 2950 3039 3005 καὶ
3067 2947 3452 3013 θεοσύλλεκτος
3478 2946 3664 3018 ἄθροι-

2064 3062 2148 3109 σις
2200 3044 2292 3099 τὸν
2326 3043 2425 3098 νῦν
2486 3045 2758 3115 σήμερον.
2821 3042 2947 3097 Vita
2977 3041 3154 3098 sancti
3199 3040 3399 3096 Alexii.

2134 3135 2198 3190 Ei
2248 3134 2343 3191 καὶ
2397 3135 2606 3190 δικαίου
2660 3134 2792 3205 μετ’
2828 3132 3120 3207 ἐγκωμίων
3172 3131 3460 3188 τελεῖσθαι.
3512 3128 3672 3186 Com-

449 3202 613 3273 "Ap1:t
641 3205 741 3274 μὲν
768 3208 803 3278 ἡ
829 3208 930 3278 τῆς
958 3208 1218 3274 ἀσεϐείας
1237 3210 1408 3283 ἀχλὺς
1454 3212 1676 3268 ἃπασαν
1730 3214 1962 3286 διεχεῖτο

2081 3229 2379 3284 mentarius
2413 3226 2469 3284 in
2500 3237 2753 3284 sanctum
2794 3227 2998 3284 Lucam
3019 3229 3353 3299 apostolum.

377 3294 481 3366 τὴν
501 3297 852 3367 οἰκουμένην.
885 3299 1208 3373 Martyrium
1231 3305 1408 3359 sancti
1439 3302 1754 3376 Epimachi.

449 3388 516 3442 Ἀ
527 3390 721 3462 ρτιτῆς
751 3393 1034 3461 εὐσεϐείας
1052 3395 1528 3470 άνελλαμπούσης,
1551 3398 1765 3454 καὶτοῦ
1793 3398 1975 3470 Εὐαγ-

376 3481 596 3548 γελικοῦ
658 3484 1017 3558 κηρύγματος
1042 3487 1135 3542 τὸν
1163 3489 1344 3545 πάντα
1369 3490 1596 3562 κόσμον.
1628 3490 1750 3547 Vita
1777 3500 1837 3549 et
1884 3507 1974 3550 res

382 3586 551 3649 gesta:
572 3588 887 3635 sanctorum
913 3579 1128 3637 Cosmaa
1151 3591 1209 3638 et
1224 3583 1496 3641 Damiani.

452 3665 1109 3745 ἈρτιΝαόουχοδονόσορ
1152 3675 1182 3727 ὁ
1213 3672 1469 3744 βασιλεὺς
1503 3676 1821 3748 Ἀσσυρίων
1869 3676 1973 3749 τὴν

394 3758 762 3832 Ἰερουσαλὴμ
793 3763 1018 3836 πολέμῳ
1061 3767 1577 3839 καταστησάμενος.
1612 3767 1975 3826 Commenta—

381 3851 499 3907 rius
518 3853 573 3906 in
598 3853 880 3912 Danielem
903 3856 1232 3935 prophetam
1256 3867 1312 3914 et
1341 3869 1563 3916 sanctos
1619 3868 1733 3918 tres
1766 3878 1970 3934 pueros

384 3943 536 4017 325]
564 3947 849 4015 Ana-tiam,
882 3946 1133 4005 Azariam
1169 3959 1226 4005 et
1254 3950 1557 4008 Miuelem.

458 4033 622 4103 Ἀρι-ι
655 4033 755 4105 τῆς
783 4035 1118 4103 θεογνωσίας
1145 4041 1228 4102 είς
1265 4041 1444 4095 πάντα
1496 4043 1591 4097 τὸν
1626 4041 1833 4112 κοσμόν
1859 4044 1977 4097 δια-

384 4122 730 4194 τρεχούσηςῶ
760 4123 1079 4197 Martyrium
1114 4127 1214 4184 SS.
1243 4130 1515 4202 Eulampii
1571 4141 1628 4187 et
1656 4131 1970 4204 Eulampie.

459 4214 620 4283 Ἀρτι
650 4213 718 4268 τά
785 4214 1078 4287 Ῥωμαίων
1118 4219 1378 4291 σκῆπτρα
1411 4221 1693 4277 Θεοδοσίου
1726 4224 1821 4278 τοῦ
1846 4216 1979 4280 ttat)

382 4304 473 4369 δὸς
501 4305 1040 4374 ’Δρκαδίουεύσεϐῶς
1067 4309 1416 4380 διιθύνοντος.
1449 4312 1571 4373 Vita
1597 4324 1655 4373 et
1691 4330 1782 4375 res
1806 4326 1976 4392 gesta:

387 4398 447 4453 Β.
468 4396 844 4471 Euphrosynae
862 4402 1267 4460 Alexandrinas.
1962 4418 1967 4421 '

459 4493 621 4564 Ἀρτι
668 4492 760 4546 τοῦ
821 4494 1015 4559 παιδὸς
1063 4497 1361 4571 Ζαχαρίου.
1420 4498 1872 4559 Commentarius
1920 4503 1979 4560 in

387 4594 641 4642 sanctum
673 4586 947 4642 Andream
1010 4589 1341 4660 apostolum.

459 4679 619 4750 Ἀρτι
643 4677 738 4734 τοῦ
773 4683 875 4753 τῆς
934 4681 1323 4754 είδωλομανίας
1357 4684 1555 4753 νέφους
1605 4685 1708 4757 τὴν
1728 4687 1988 4759 οἰκουμέ-

392 4788 493 4842 νην
544 4772 677 4840 ὃλην
721 4772 1093 4839 διαλαϐόντος.
1146 4775 1462 4849 Martyrium
1484 4776 1544 4833 S.
1597 4777 1842 4852 Georgii.
1922 4791 1933 4803 '

459 4868 624 4938 ’Ἄρτι
654 4866 935 4937 Τραϊανοῦ
968 4867 1040 4922 τά
1062 4871 1166 4940 τῆς
1193 4869 1487 4942 Ῥωμαίων
1534 4871 1819 4943 βασιλείας
1852 4872 1987 4944 “ﬁ.

385 4975 533 5029 πτρα
561 4959 990 5028 παραλαϐόντος,
1013 4962 1114 5032 τῆς
1150 4963 1476 5034 Ἀντιοχέων
1520 4964 1826 5036 ικκλησίας
1852 4965 1985 5019 ἐπί-

390 5067 617 5113 σκοπος.
658 5051 976 5122 Martyrium
1015 5051 1077 5107 S.
1103 5053 1295 5124 lgnatii
1320 5055 1568 5127 episcopi
1630 5056 1985 5113 Antiocheni.

457 5142 850 5207 Βασιλεύοντος
914 5145 1304 5217 Διοκλητιανοῦ
1370 5149 1468 5201 καὶ
1508 5147 1856 5218 Μαξιμιανοῦ
1876 5149 1986 5204 τῶν

388 5236 480 5289 τοῦ
498 5236 733 5307 ἀληθοῦς
753 5237 1027 5302 Βασιλέως
1043 5239 1343 5307 πολεμίων.
1360 5239 1677 5310 Martyrium
1700 5240 1761 5297 S.
1774 5241 1987 5299 Mennte

391 5327 655 5399 Egyptii,
703 5330 797 5398 qui
869 5330 927 5385 in
1004 5331 1230 5403 Cotyaio
1283 5333 1609 5404 martyrium
1656 5348 1857 5405 passus
1877 5343 1981 5391 est.

461 5421 854 5488 Βασιλεὺοντος
888 5422 1281 5497 Διοκλητιανοῢ
1314 5427 1413 5480 καὶ
1432 5425 1802 5497 Μαξιμιανοῦ,
1835 5430 1988 5482 πᾶσα

395 5513 423 5581 ἡ
476 5512 588 5565 τῶν
644 5512 933 5586 Ῥωμαίων
959 5515 1122 5587 ἀρχή.
1147 5517 1270 5571 Vita
1309 5525 1622 5571 sanctorum
1688 5527 1988 5589 martyrum

397 5603 976 5673 Eustratii,Auxentii.
1023 5607 1273 5680 Eugenii,
1346 5607 1600 5665 Mardarii
1655 5617 1709 5666 et
1749 5610 1982 5667 Orestae.

460 5691 847 5761 Βασιλεύοντος
894 5697 992 5752 τοῦ
1054 5699 1425 5755 άσεὸεστάτου
1485 5702 1579 5755 καὶ
1641 5701 1984 5775 παρανόμου.

395 5781 717 5857 Martyrium
779 5786 838 5843 S.
866 5787 1337 5847 Pantcieemonis.

470 5875 862 5945 Βασιλιύοντος
915 5881 1009 5938 τοῦ
1043 5882 1414 5943 άσεϐεστάτου
1445 5887 1753 5956 Μαξιντίου
1783 5889 1817 5961 ὴ
1879 5887 1987 5945 τῶν

2011 4616 2065 4678 D

2158 3321 2224 3375 El
2249 3322 2344 3375 καὶ
2376 3321 2587 3394 πρῶτοι
2628 3321 2836 3389 Πέρσαι
2867 3321 3104 3392 Χριστὸν
3163 3323 3228 3374 ἐκ
3258 3318 3535 3391 Παρθένου
3556 3335 3674 3387 γεν⁸

2078 3412 2324 3485 νώμενον
2353 3414 2793 3486 προσεκύνησαν.
2822 3412 3112 3468 Certamen
3135 3421 3444 3469 sanctorum
3470 3408 3678 3465 Christi

2080 3513 2381 3577 martyrum
2420 3503 2712 3575 Acindymi,
2738 3500 3385 3574 Pelagii,Anempodisti,
3418 3498 3675 3571 Aphtho-

2080 3594 2157 3649 nii
2187 3604 2244 3653 et
2270 3594 2631 3666 Elpidiphori.

2155 3709 2308 3784 [126]
2338 3710 2560 3776 Είκόνες
2620 3710 2718 3765 καὶ
2805 3709 2976 3764 πάλαι
3035 3710 3131 3764 καὶ
3199 3707 3524 3780 ἀνδριάντες
3584 3706 3679 3762 διὰ

2082 3801 2245 3856 τοῦτο
2285 3801 2508 3867 πάντως
2556 3803 2638 3868 είς
2686 3803 2778 3858 τδν
2819 3802 3092 3875 ἡμέτερον
3145 3800 3261 3874 βίον
3316 3801 3672 3874 εἰσήχθησαν.

2088 3894 2212 3953 Vita
2257 3905 2313 3951 et
2343 3911 2432 3951 res
2455 3904 2623 3968 gesta:
2655 3896 2715 3951 S.
2749 3894 3081 3951 Theoctistae
3113 3893 3350 3951 Lesbite.

2156 3983 2287 4060 Εἶχε
2367 3989 2466 4059 μὲν
2522 3991 2557 4061 η
2622 3988 2894 4058 ἐπιφανὴς
2938 3987 3303 4057 Νικομήδεια.
3356 3984 3676 4058 Martyrium

2084 4081 2265 4137 sancti
2300 4080 2450 4137 Petri
2486 4078 2890 4150 archiepiscopi
2933 4076 3318 4134 Alexandrini.

2157 4170 2288 4244 Εἶχε
2342 4173 2441 4245 μὲν
2461 4171 2528 4227 τὰ
2597 4172 2889 4242 Ῥωμαίων
2942 4170 3200 4241 σκῆπτρα
3254 4168 3518 4236 Λικίνιος,
3579 4170 3678 4223 καὶ

2086 4263 2356 4338 βασιλέων
2405 4262 2517 4318 τῶν
2543 4261 2734 4317 πάλαι.
2789 4262 3105 4334 Martyrium
3157 4261 3261 4319 SS.
3310 4260 3679 4334 Quadraginta

2085 4367 2412 4431 martyrum.

2158 4468 2290 4544 Εῖχε
2335 4470 2437 4543 μὲν
2484 4471 2557 4524 τὰ
2605 4470 2898 4542 Ῥωμαίων
2929 4471 3193 4543 σκῆπτρα
3229 4472 3576 4544 Μαξιμιανδς
3638 4473 3677 4529 ἁ

2101 4563 2436 4636 Ἐρκούλιος.
2471 4561 2790 4633 Martyrium
2832 4562 3008 4619 sancti
3034 4563 3319 4620 Demetrii.

2159 4656 2417 4730 Ἐκράτει
2474 4655 2608 4711 ποτε
2652 4654 2724 4711 τὰ
2748 4656 2852 4727 τῆς
2877 4656 3157 4723 ἀσεϐείας,
3189 4657 3288 4713 καὶ
3309 4658 3550 4728 βασιλεῖς
3584 4659 3681 4713 ἐπὶ

2086 4750 2215 4813 τοὺς
2258 4749 2329 4803 τὰ
2355 4747 2705 4821 Χριστιανῶν
2758 4746 3092 4824 φρονοῦντας
3152 4747 3448 4820 ὲξέμὴναν.
3479 4748 3677 4822 Many-

2088 4842 2232 4898 rium
2268 4841 2326 4898 S.
2359 4840 2683 4898 Cbaritinte.

2099 4987 2104 4993 -
2174 4955 2408 5013 Ἐλύττα
2468 4955 2619 5011 κατὰ
2670 4953 3023 5028 Χριστιανῶν
3037 4953 3320 5026 Σαΰώριος
3367 4957 3399 5008 ὁ
3446 4953 3676 5026 Περσῶν

2091 5049 2373 5120 βασιλεύς.
2450 5047 2741 5104 Certamen
2798 5056 3115 5103 sanctorum
3172 5053 3472 5118 martyrum
3544 5047 3682 5102 Acen

2089 5141 2300 5211 psimaz,
2331 5138 2558 5210 Iosephi
2587 5148 2644 5195 et
2664 5138 2937 5193 Aithialae.

2164 5232 2385 5287 Ἐννοιά
2411 5248 2501 5302 μοι
2527 5230 2791 5294 πολλάκις
2821 5229 3066 5301 εγέγονε,
3128 5229 3182 5283 τί
3225 5228 3432 5300 δήποτε
3478 5226 3669 5297 μυρίοι

2092 5324 2335 5397 ποιηταὶ,
2377 5324 2428 5376 ot
2487 5322 2587 5394 μὲν
2614 5321 2891 5393 πολέμους
2950 5323 3044 5375 καὶ
3109 5319 3337 5392 ἔχθρας.
3406 5320 3507 5373 καὶ
3578 5320 3681 5382 τὰς

2091 5423 2187 5478 ἀπ’
2209 5421 2394 5477 αὐτῶν
2451 5420 2764 5494 συνέθηκαν
2802 5421 3114 5491 συμφοράς.
3167 5416 3292 5473 Vita
3329 5416 3503 5473 sancti
3537 5415 3684 5470 Mar-

2090 5517 2211 5575 celii
2235 5516 2677 5571 archimandritas
2704 5515 2880 5570 sancti
2916 5510 3237 5568 monasterii
3262 5508 3679 5565 Acmmitarum.

2160 5609 2253 5664 Ἐν
2286 5607 2618 5679 Παλαιστίνῃ
2668 5607 2824 5670 πόλις
2846 5604 2996 5659 ἐστὶν
3032 5604 3136 5657 οὐκ
3171 5602 3397 5658 ἔλαττον
3450 5602 3485 5675 ἢ
3516 5599 3682 5654 πέντε

2093 5702 2189 5757 καὶ
2248 5703 2661 5771 τεσσαράκοντα
2710 5698 2961 5761 σταδίους
3005 5695 3284 5767 άπέχουοα
3312 5692 3514 5765 Γάζης.
3558 5689 3687 5746 Vita

2091 5803 2144 5850 e;
2178 5810 2265 5849 res
2313 5802 2478 5866 gesta:
2525 5792 2697 5847 sancti
2730 5788 3036 5846 Hilarionis.

2181 5884 2537 5957 Επῑχωρίαζι
2571 5884 2668 5954 μὶν
2690 5884 2782 5937 καὶ
2814 5881 3081 5951 πρότερον
3108 5881 3207 5951 ἤδη
3229 5878 3288 5933 τὸ
3322 5877 3430 5932 τῶν
3455 5875 3684 5945 Ἀριιαο
