4134 6446
543 448 644 514 127

1846 441 2121 504 LEONIS
2156 444 2466 505 ALLATII

3709 445 3809 508 120'

537 581 597 617 τε
627 559 720 613 καὶ
748 557 1032 628 μεγέθους.
1059 552 1374 624 Martyrium
1400 550 1460 607 S.
1488 551 1733 606 Anthimi
1769 551 2012 623 episcopi
2037 552 2130 607 Ni-

2242 569 2357 622 σης.
2420 551 2740 626 Martyrium
2788 555 2845 611 S.
2895 555 3140 627 Gregorii
3204 552 3408 628 Magum
3465 555 3737 611 Armeniae
3775 563 3835 610 et

539 650 926 709 comediensis.

617 744 690 796 Οὐ
747 741 873 806 ξένα
923 737 1182 790 Γαλατῶν
1208 735 1278 790 τὰ
1307 737 1575 806 παρόντα,
1631 735 1755 789 οὐδὲ
1797 735 2133 814 όμολογητοῦ

537 838 635 903 τῆς
675 831 931 902 ἀληθείας
965 830 1242 898 ἀλλότρια.
1281 827 1596 898 Martyrium
1652 827 1824 881 sancti
1869 827 2131 882 Platonis.

613 925 687 977 Οὐ
751 922 983 986 πολλοὺς
1032 924 1304 990 Αἴγυπτος
1332 919 1469 972 ἐπὰν
1500 920 1558 972 δὲ
1598 919 1736 992 τέκῃ
1757 957 1771 970 .
1809 917 1932 972 Vita
1961 919 2134 972 sancti

541 1011 611 1066 Pa
624 1013 779 1082 rapii.
1790 1018 1792 1020 ⁷

625 1105 741 1174 Οὐχ
780 1103 953 1167 οὕτως
1011 1103 1108 1175 ήδὺ
1156 1103 1234 1170 τῷ
1269 1102 1572 1173 φιλαρέτῳ.
1599 1100 2039 1157 Commentarius
2071 1098 2127 1153 in

545 1203 800 1250 sanctum
840 1192 1112 1248 Jacobum
1199 1191 1662 1262 Adelphotheum.

617 1290 790 1343 Πάλαι
857 1291 955 1361 μὲν
992 1291 1051 1341 ὲν
1099 1289 1291 1351 τύποις
1341 1283 1410 1357 ἦν
1457 1287 1526 1340 τὰ
1571 1287 1670 1355 τῆς
1737 1284 1974 1346 πίστεως
2041 1283 2137 1336 καὶ

541 1383 885 1453 αἰνίγμασιν,
915 1381 1102 1435 Sancti
1133 1377 1373 1450 Dionysii
1395 1376 1738 1446 Areopagitae
1779 1373 2133 1443 martyrium.

603 1473 778 1526 Πάλαι
830 1471 929 1542 μὲν
971 1471 1072 1532 τὰς
1121 1469 1262 1521 κατὰ
1311 1466 1416 1535 γῆν
1456 1463 1748 1533 διατριϐὰς
1795 1460 2052 1525 ἀνύοντες
2085 1463 2136 1514 οἱ

541 1561 851 1616 ἀπόστολοι.
916 1558 978 1615 ln
1014 1567 1263 1614 sanctum
1293 1555 1603 1626 apostolum
1659 1550 1928 1607 Thomam
1986 1567 2137 1606 com-

543 1655 867 1710 mentarius.

617 1747 789 1801 Πάλιν
823 1747 999 1818 ήμῖνό
1030 1745 1174 1808 θεῖος
1197 1745 1470 1814 ἐφέστηκε
1513 1743 1798 1815 πρόεδρος,
1833 1742 1930 1794 καὶ
1975 1739 2137 1792 πάλιν

541 1843 569 1893 ὁ
599 1839 756 1904 λόγος
793 1838 917 1909 ἥκει
952 1837 1368 1907 πανηγυρίσων.
1408 1836 1485 1890 De
1509 1837 1686 1890 tribus
1714 1829 2128 1887 inventionibus

541 1931 742 2000 capitis
795 1931 968 1984 sancti
998 1929 1228 1984 Joannis
1257 1928 1535 1998 Baptistae.

609 2023 948 2095 Τυραννικόν
976 2041 1028 2076 τι
1060 2023 1250 2094 χρῆμα
1277 2023 1548 2075 τεκόντων
1578 2021 1803 2092 στοργὴ,
1833 2021 1928 2074 καὶ
1953 2016 2130 2087 δεσμὰ

545 2119 786 2185 φύσεως.
838 2113 962 2170 Vita
1023 2113 1252 2170 Joannis
1312 2122 1534 2184 propter
1597 2112 1875 2168 Christum
1935 2124 2138 2181 paupe-

547 2225 645 2263 l'lS.

622 2299 802 2354 Πολλὰ
857 2297 961 2367 τῆς
1022 2295 1371 2360 διδασκαλίας
1417 2295 1527 2348 τῶν
1558 2295 1617 2349 εὖ
1651 2295 1744 2349 καὶ
1789 2296 1865 2358 ὡς
1900 2291 2020 2363 Θεῷ
2047 2291 2136 2361 φί-

544 2391 633 2442 λον
665 2388 1028 2460 βεϐιωκότων.
1065 2386 1187 2442 Vita
1204 2388 1378 2442 sancti
1410 2386 1721 2441 Cbaritonis
1742 2385 2132 2454 llomologetaz.

636 2482 813 2552 Πολλὴ
873 2483 1015 2536 κατὰ
1067 2481 1175 2534 τῶν
1215 2480 1308 2534 τοῦ
1370 2479 1612 2549 Χριστοῦ
1669 2478 1968 2550 μαρτύρων
2024 2475 2120 2530 τοῦ

547 2571 794 2626 διαϐόλου
832 2573 863 2642 ἡ
903 2571 1230 2642 κακουργία.
1273 2569 1583 2642 Martyrium
1640 2569 1813 2624 sancti
1873 2569 2131 2634 Andreze,

546 2665 637 2734 qui
703 2665 754 2718 in
806 2664 942 2718 Crisi
996 2676 1098 2718 est.

621 2757 837 2810 Πολλῶν
875 2757 1018 2810 κατὰ
1057 2756 1348 2826 διαφόρους
1406 2755 1630 2825 καιροὺς
1699 2754 1840 2808 κατὰ
1896 2751 2134 2824 Χριστοῦ

548 2852 645 2903 καὶ
693 2849 802 2902 τῶν
856 2850 1065 2902 ἐκείνου
1128 2849 1408 2919 μανέντων
1427 2846 2135 2918 θεραπευτῶνΔιοκλητια-

551 2942 660 3002 νός.
699 2942 1018 3012 Martyrium
1051 2950 1369 2994 sanctorum
1395 2938 1701 2994 Sebastiani
1734 2948 1790 2993 et
1830 2938 2128 3004 sociorum,

548 3035 708 3099 Zoés,
742 3033 1134 3103 Tranquillini,
1166 3032 1479 3095 Nicostrati,
1511 3030 2005 3095 ClaudiiCastoris,
2051 3028 2138 3083 Ti-

551 3128 739 3189 burtii,
766 3126 1009 3192 Castalii,
1043 3126 1341 3181 Marcellini
1371 3124 1632 3181 etMarci.

628 3219 839 3290 Πρόϐου
878 3220 972 3273 τοῦ
1021 3219 1318 3284 δυσσεϐοῦς
1392 3218 1452 3271 τὸ
1499 3218 1770 3289 βασίλειον
1820 3218 2124 3288 σκῆπτρον,

548 3310 658 3362 τῶν
711 3312 997 3382 Ῥωμαίων
1020 3311 1315 3375 διέποντος.
1345 3309 1660 3382 Martyrium
1692 3309 1791 3365 SS.
1830 3309 2135 3381 Trophimi,

550 3403 791 3457 Sabbatii
823 3415 878 3458 et
911 3405 1352 3476 Dorymedontis.

623 3494 918 3563 Σαμόσατα
944 3495 1098 3557 πόλις
1141 3497 1240 3565 τῆς
1300 3495 1499 3566 Συρίας
1547 3495 1716 3549 ἐστίν’
1750 3494 2042 3565 Εὐφράτης
2072 3498 2138 3567 τῇ

553 3583 704 3635 πόλει
733 3587 1033 3656 παραρρεῖ.
1077 3585 1198 3641 Vita
1230 3595 1286 3640 et
1312 3587 1633 3658 martyrium
1658 3587 1832 3641 sancti
1883 3585 2133 3642 Luciani.

630 3675 802 3742 Sozpdv
843 3693 895 3728 τι
959 3678 1152 3746 χρῆμα
1209 3677 1506 3747 ζωγράφου
1549 3679 1695 3750 χεὶρ.
1729 3677 1824 3731 καί¹
1851 3678 1999 3748 δεινὴ
2041 3679 2140 3749 μὲν

555 3769 897 3837 μιμήσασθαι
927 3767 1027 3839 τὴν
1053 3768 1330 3841 ἀλήθειαν.
1388 3769 1508 3826 Vita
1559 3782 1612 3828 et
1643 3772 1795 3846 [l39]
1837 3789 1926 3829 res
1962 3783 2130 3845 gesta:

553 3861 725 3916 sancti
758 3861 964 3917 Nicolai
987 3860 1252 3934 Myrensis
1282 3863 1548 3934 episcopi.

624 3954 738 4018 Τὰς
793 3954 901 4008 τῶν
949 3955 1171 4024 ἀγαθῶν
1223 3957 1433 4027 ἀνδρῶν
1472 3958 1860 4028 ἁναγράπτους
1896 3956 2142 4011 τίθεσθαι

555 4043 806 4115 πράξεις,
841 4048 936 4100 κιιύ⁸
971 4046 1068 4116 τὴν
1094 4047 1299 4102 τούτων
1326 4051 1570 4120 μνήμην.
1609 4051 1728 4105 Vita
1767 4052 1940 4107 sancti
1974 4049 2142 4108 Joan-

557 4140 642 4192 nis
668 4139 978 4194 Eleemonis
1011 4142 1337 4209 patriarcha!
1359 4143 1737 4198 Alexandrini.

631 4231 710 4302 Τῇ
742 4229 1034 4304 θαυμαστῇ
1079 4231 1231 4285 δυάδι
1275 4234 1384 4288 τῶν
1424 4235 1606 4304 σοφῶν
1648 4237 2004 4309 Ἀναργύρων
2037 4255 2144 4293 πα-

557 4322 680 4393 τρὶς
720 4322 841 4392 μέν.
901 4323 1019 4379 Vita
1060 4334 1373 4380 sanctorum
1411 4327 1815 4400 Anargyroruin
1852 4329 2064 4386 Cosmai
2089 4337 2145 4386 et

559 4420 828 4475 Damiani.

631 4514 742 4584 Τὴν
773 4514 910 4584 πρὸς
956 4513 1157 4586 ἀρετὴν
1195 4514 1311 4568 ὁδὸν
1365 4516 1639 4588 φέρουσαν
1677 4520 1942 4589 τραχεῖαν
1979 4513 2141 4584 εῖναι,

2240 645 2539 700 sociorum.

2311 737 2577 808 Τιμόθεον
2629 741 2724 794 τὸν
2774 740 2948 811 μέγαν
3005 743 3210 812 ἧνεγκε
3266 736 3367 814 μὲν
3422 743 3457 814 ἡ
3505 741 3825 797 Λυκαόνων.

2237 827 2674 887 Commentarius
2728 833 2784 887 in
2832 842 3084 890 sanctum
3127 833 3330 890 Christi
3377 833 3682 904 apostolum
3732 833 3831 887 Ti-

2240 921 2547 974 mothenm.

2310 1010 2417 1063 Τοῦ
2448 1012 2652 1082 Κυρίου
2697 1013 2854 1083 ήμῶν
2886 1013 3064 1084 Ἰησοῦ
3108 1015 3347 1086 Χριστοῦ
3395 1014 3650 1086 κοινωνίᾳ
3693 1030 3834 1082 σαρο

2239 1102 2354 1166 κδς,
2407 1102 2436 1155 ὅ
2476 1119 2608 1174 φησι
2649 1105 2882 1170 Παῦλος,
2923 1108 3018 1161 ἐπὶ
3050 1111 3157 1179 γῆς
3196 1106 3624 1180 φιλανθρώπως.
3676 1106 3832 1160 Mar-

2241 1191 2438 1262 tyrium
2493 1203 2808 1250 sanctorum
2862 1195 3083 1269 Thyrsi,
3131 1197 3340 1266 Leucii,
3396 1198 3735 1254 Philemonis
3772 1204 3836 1252 et

2238 1281 2534 1352 Apollonii.

2310 1377 2449 1440 Τοὺς
2496 1377 2854 1446 εὐλογοῦντάς
2887 1397 2972 1444 σε,
3007 1382 3143 1452 φησὶ
3171 1381 3310 1452 πρὸς
3359 1381 3454 1435 τδν
3493 1380 3748 1452 Ἀϐραὰμ
3800 1381 3834 1432 ὀ

2238 1466 2396 1531 Θεὸς,
2427 1469 2729 1540 εὐλογήσω.
2763 1471 2884 1526 Vita
2915 1473 3094 1527 sancti
3125 1473 3338 1544 Cyriaci
3372 1473 3754 1527 Anachoretae.

2309 1559 2450 1623 Τοὺς
2501 1559 2788 1630 σώφρονας
2830 1563 2924 1616 τὸν
2971 1562 3086 1633 βίον
3152 1563 3250 1616 καὶ
3314 1563 3642 1635 φιλαρέτους
3687 1561 3840 1615 κατὰ

2238 1648 2469 1719 δύναμιν
2518 1653 2762 1706 ἐπαινεῖν
2812 1656 2960 1707 ὅσιόν
3010 1671 3070 1706 τε
3118 1654 3256 1724 ὁμοῦ
3314 1655 3410 1708 καὶ
3459 1650 3837 1725 ὠφελιμώτα-

2239 1758 2352 1796 τον.
2380 1742 2502 1797 Vita
2531 1755 2586 1798 et
2618 1761 2708 1800 res
2735 1754 2903 1815 gestae
2941 1745 2999 1800 S.
3039 1747 3324 1802 Matronae.

2314 1833 2584 1904 Τραϊανοῦ
2613 1835 2682 1888 τὰ
2739 1835 3027 1906 Ῥωμαίων
3064 1837 3319 1906 σκῆπτρα
3356 1835 3653 1899 διέποντος.
3710 1833 3840 1891 Vita

2173 1903 2215 1962 Β
2247 1933 2301 1979 et
2331 1903 2648 1996 martyrium
2697 1903 3013 1982 sanctorum
3062 1903 3358 1992 Eustatbii,
3401 1935 3456 1982 et
3485 1927 3608 1998 ejus
3642 1929 3844 1985 uxoria

2248 2015 2608 2085 Theopistes,
2660 2027 2715 2073 et
2753 2034 2946 2074 eorum
3001 2018 3238 2076 ﬁliorum
3286 2019 3477 2092 Agapii
3533 2029 3590 2075 et
3645 2018 3842 2077 Theo-

2245 2117 2393 2176 pistt.

2317 2198 2589 2268 Τραϊανοῦ
2650 2201 2746 2254 τοῦ
2797 2200 3094 2267 δυσσεϐοῦς
3146 2201 3412 2272 βασιλέως
3476 2202 3675 2274 πολλὴν
3733 2202 3847 2272 μὲν

2247 2291 2507 2362 πρόνοιαν
2573 2293 2666 2346 καὶ
2721 2295 2982 2364 σπουδήν.
3059 2295 3376 2367 Martyrium
3425 2294 3528 2351 SS.
3579 2295 3845 2362 Eudoxii,

2245 2379 2482 2447 Romuli,
2508 2385 2742 2439 Zenonis
2772 2395 2828 2440 et
2865 2385 3104 2441 Macarii.

2315 2474 2406 2530 26.
2463 2475 2521 2529 ’0
2559 2477 2653 2529 τοῦ
2701 2477 2836 2532 Θεοῦ
2898 2478 3029 2542 Θεὸς
3061 2479 3231 2543 Λόγος
3293 2481 3482 2544 άϊδίως
3529 2479 3708 2536 συνὼν
3752 2482 3848 2553 τῷ

2245 2567 2424 2639 Πατρὶ
2474 2571 2570 2622 καὶ
2619 2570 2848 2640 ἆχρονος
2895 2570 2974 2623 ὢν
3022 2571 3217 2625 εἵλετο.
3280 2573 3720 2628 Commentarius
3775 2573 3843 2627 in

2245 2669 2496 2714 sanctum
2533 2662 2840 2730 apostolum
2880 2662 3220 2731 Philippum.
3739 2669 3750 2677 '

2319 2751 2441 2805 Τῶν
2473 2751 2579 2804 ὐπὸ
2629 2751 2870 2820 Χριστοῦ
2914 2751 3014 2823 τὴν
3047 2753 3274 2825 ἄθλησιν
3319 2754 3613 2825 ἑλομένων,
3649 2757 3697 2809 οί
3732 2756 3848 2825 μὲν

2247 2844 2389 2914 ὑπὲρ
2445 2844 2729 2907 εὐσεϐείας
2777 2845 2966 2909 ἁπλῶς
3013 2845 3150 2916 πρὸς
3211 2847 3481 2916 Ἕλληνας
3523 2848 3847 2916 ἠγωνίσαν-

2245 2956 2324 2993 το.
2363 2940 2484 2994 Vita
2509 2940 2686 2994 sancti
2718 2938 2988 2995 Theodori
3021 2939 3212 3011 Grapti
3239 2952 3294 2996 et
3321 2941 3495 2996 sancti
3539 2939 3845 3010 TheOpha-

2245 3031 2330 3086 nis
2366 3032 2508 3087 illius
2537 3031 2742 3088 fratris.

2317 3126 2529 3197 Ὥσπερ
2572 3126 2664 3180 ἐπὶ
2704 3125 2816 3180 τῶν
2860 3125 3152 3198 ἀριστέων.
3227 3125 3346 3182 Vita
3383 3126 3570 3194 sancti.
3595 3124 3849 3183 Danielis

2246 3220 2470 3292 Stylitm.

2316 3315 2530 3382 Ὠσπερ
2560 3311 2765 3384 λειμὼν
2801 3314 3032 3384 εὐανθὴς
3060 3317 3330 3380 ποικίλοις
3359 3317 3546 3373 ἄνθεσι
3594 3319 3852 3382 πυκαζό-

2245 3421 2404 3475 μενος
2441 3404 2669 3475 ὼραῖςει
2699 3409 2818 3469 ταῖς
2848 3407 3062 3475 ὀδμαῖς.
3119 3408 3239 3463 Vita
3290 3418 3346 3464 et
3379 3410 3618 3466 laudatio
3655 3415 3848 3467 sant-li

2241 3493 2420 3549 Patris
2449 3496 2621 3550 nostri
2647 3494 3002 3566 Theophanis
3033 3497 3304 3568 Siagreni.

2318 3587 2482 3651 Ἔτος
2529 3589 2628 3658 μὲν
2668 3590 2775 3643 ἀπὸ
2826 3591 2926 3660 τῆς
2969 3591 3320 3663 Ἀλεξάνδρου
3379 3594 3472 3647 τοῦ
3524 3595 3852 3659 Μακεδόνος

2244 3681 2418 3752 ἀρχῆς
2442 3682 2822 3746 ἑξακοσιοστὸν
2843 3679 2932 3755 ἦν.
2956 3683 3272 3756 Martyrium
3289 3696 3602 3742 sanctorum
3627 3689 3848 3754 Gurire,

2247 3773 2500 3829 Samonae
2528 3783 2584 3828 et
2615 3775 2792 3835 Abibi,
2831 3784 2887 3829 et
2914 3776 2982 3830 de
3008 3791 3198 3830 eorum
3231 3778 3497 3834 miraculo
3536 3790 3748 3849 patrato
3776 3781 3846 3836 in

2243 3865 2480 3936 puellam
2512 3866 2894 3936 Euphemiam.

2319 3952 2470 4026 [150]
2522 3954 2777 4024 Νέρωνος
2839 3954 2998 4019 αὖθις
3058 3955 3127 4032 τά
3203 3956 3496 4027 Ῥωμαίων
3574 3957 3845 4030 σκῆπτρα.

2243 4045 2526 4109 διέποντος
2567 4047 2596 4098 ὁ
2651 4046 2969 4118 θαυμαστὸς
3024 4048 3324 4120 Ναζάριος.
3379 4047 3502 4105 Vita
3549 4061 3606 4104 et
3653 4061 3845 4106 certa-

2246 4155 2373 4196 men
2451 4149 2767 4196 sanctorum
2837 4141 3093 4209 Nazarii,
3153 4142 3396 4199 Gervasii
3475 4145 3709 4201 Protasii
3777 4157 3842 4202 et

2245 4232 2412 4288 Celsi.

2318 4326 2549 4398 Μάρκου
2579 4325 2876 4380 Ἀντωνίου
2911 4326 3006 4380 καὶ
3034 4327 3267 4381 Λουκίου
3305 4329 3486 4400 Βήρου
3525 4331 3628 4400 τὴν
3674 4329 3841 4385 αὐτοι

2247 4420 2492 4492 κράτορα
2553 4419 2848 4489 Ῥωμαίοις
2893 4419 3192 4474 διεπόντων
3228 4422 3429 4493 ἀρχήν.
3492 4422 3612 4477 Vita
3645 4429 3700 4477 et
3744 4439 3845 4480 res

2248 4521 2414 4584 gestae
2451 4510 2507 4566 S.
2543 4510 2762 4566 Abercii
2794 4510 3044 4581 Episcopi
3081 4512 3498 4580 Hieropolitani.

561 4607 656 4660 καὶ
685 4608 888 4678 ἀνάντη
917 4607 1011 4661 καὶ
1047 4607 1268 4680 εὐχερῆ.
1301 4607 1424 4663 Vita
1463 4618 1517 4665 et
1547 4625 1633 4665 res
1669 4621 1837 4679 gestae
1864 4610 1921 4664 S.
1965 4608 2136 4665 Patris

2323 4602 2458 4656 Οὐδὲ
2487 4602 2730 4671 γυναξὶν,
2760 4603 2880 4657 οὐδὲ
2903 4603 3096 4675 κόραις
3127 4605 3188 4656 τὸ
3228 4604 3329 4675 τῆς
3359 4605 3668 4677 μαρτυρίας
3700 4606 3843 4662 άπο-

562 4703 730 4756 nostri
764 4701 1044 4757 Joannitii.

633 4790 742 4862 Τὴν
768 4791 863 4844 τοῦ
892 4791 1130 4864 Χριστοῦ
1167 4791 1403 4862 ποίμνην
1426 4791 1700 4864 ὁσημέραι
1729 4791 2145 4862 πληθυνομένην

559 4884 587 4935 ό
620 4883 891 4954 δυσμενὴς
924 4885 1198 4956 καθορῶν.
1254 4884 1570 4956 Martyrium
1622 4885 1793 4940 sancti
1845 4884 2143 4939 Callistrati

561 4987 616 5031 ct
645 4979 942 5036 SOCiOI‘lIm.

633 5069 744 5138 Τῆς
784 5068 906 5136 ίσης
956 5067 1186 5130 ἀτοπίας
1210 5067 1417 5137 νομίζω
1466 5067 1588 5121 τότε
1618 5067 1952 5137 φθέγγεσθαι
1974 5069 2040 5122 τὰ
2071 5067 2145 5140 μὴ

562 5161 773 5216 δέοντα.
807 5159 1120 5230 Martyrium
1151 5158 1210 5214 S.
1235 5158 1553 5214 Autonomi.

635 5251 749 5321 Τῆς
784 5250 1026 5321 μεγάλης
1052 5251 1261 5314 πόλεως
1309 5248 1697 5321 Ἰεροσολύμων
1736 5250 1842 5304 ὑπὸ
1874 5252 1970 5304 τοῦ
2001 5254 2145 5324 Περ-

566 5344 676 5397 σῶν
716 5343 984 5414 βασιλέως
1008 5342 1268 5413 ἁλούσης.
1312 5342 1626 5414 Martyrium
1671 5345 1846 5399 sancti
1872 5345 2143 5406 Anastasii

563 5435 763 5492 Persae.

635 5529 747 5594 Τῆς
785 5527 923 5599 πρὸς
962 5528 1040 5599 τῷ
1081 5530 1300 5601 Λιϐάνῳ
1328 5528 1444 5602 ὄρει
1493 5533 1749 5605 Φοινίκης
1801 5533 1994 5588 πολλαὶ
2047 5531 2146 5602 μὲν

568 5622 751 5686 πόλεις
779 5623 964 5693 ἕτεραι
994 5626 1312 5694 νοτιώτεραι
1338 5663 1354 5690 ,
1393 5626 1491 5679 καὶ
1522 5627 1868 5699 προσάρτιοι.
1923 5623 2046 5679 Vita
2093 5635 2147 5679 et

569 5729 657 5769 res
702 5723 867 5783 gestae
894 5724 951 5770 et
990 5719 1308 5786 martyrium
1360 5728 1674 5777 sanctorum
1726 5719 2058 5776 GalactiOuis
2092 5728 2146 5773 et

571 5803 896 5875 Epistemcs.
1310 5813 1318 5822 '

641 5895 756 5965 Τῆς
804 5897 910 5953 τῶν
960 5900 1185 5971 Περσῶν
1247 5903 1418 5975 ἀρχῆς
1466 5907 1542 5971 εἰς
1604 5905 1820 5978 Πέρσας
1873 5903 2144 5960 διαλυθεί-

2249 4697 2560 4750 κέκλεισται
2595 4697 2826 4752 στάδιον.
2887 4695 3206 4768 Martyrium
3237 4697 3334 4753 SS.
3370 4699 3665 4771 Martyrum
3718 4700 3840 4756 Me-

2248 4788 2503 4854 trodorae,
2534 4787 2930 4858 Nyniphodora:
2955 4800 3009 4844 et
3042 4789 3370 4846 Menodorae.

2322 4883 2482 4952 Ἀρτι
2502 4880 2595 4934 τοῦ
2635 4882 2872 4950 μεγάλου
2907 4881 3009 4946 τῆς
3047 4880 3307 4950 ἀληθείας
3345 4881 3737 4952 εὐαγγελιστοῦ
3775 4904 3838 4941 τε

2248 4974 2342 5028 καὶ
2369 4975 2632 5044 κήρυκος.
2665 4972 2980 5043 Martyrium
3006 4971 3065 5027 S.
3090 4972 3132 5025 Τ
3142 4973 3328 5028 heclze.

2318 5067 2496 5121 Πολλά
2542 5066 2638 5120 καὶ
2691 5065 2907 5136 μεγάλα
2957 5083 3025 5136 με
3072 5065 3171 5138 τὴν
3222 5067 3495 5138 Ἀντιόχου
3530 5067 3840 5137 θαυμάζειν

2247 5159 2679 5231 παρακαλοῦσιν.
2753 5155 2878 5212 Vita
2923 5166 2980 5212 et
3038 5173 3128 5212 res
3191 5167 3356 5228 gesta:
3401 5168 3458 5214 et
3511 5159 3837 5230 martyrium

2248 5261 2562 5307 sanctorum
2594 5249 2848 5321 Cypriani
2880 5257 2936 5304 et
2959 5249 3209 5305 Justinae.

2321 5344 2388 5398 Et
2428 5345 2546 5398 haec
2589 5343 2811 5412 quidem
2851 5356 2951 5411 pro
2982 5341 3122 5397 Vitis
3161 5350 3478 5397 sanctorum
3522 5343 3655 5398 satis
3696 5343 3830 5401 sint.

2247 5435 2451 5491 Verum
2481 5433 2903 5504 Metaphrastem
2933 5441 3131 5503 praeter
3173 5435 3272 5488 has
3309 5443 3624 5489 sanctorum
3658 5436 3832 5504 Vitas,

2249 5529 2350 5583 alia
2381 5543 2600 5596 quoque
2623 5526 2910 5596 scripsisse
2940 5533 3139 5595 praeter
3162 5525 3213 5578 id
3242 5527 3387 5594 quod
3420 5527 3599 5582 innuit
3620 5529 3836 5585 Psellus

2249 5623 2307 5676 in
2347 5623 2468 5691 ejus
2509 5621 2844 5675 laudatione.
2880 5619 2972 5683 Ὠς
2997 5621 3046 5673 εί
3084 5621 3180 5674 καὶ
3215 5621 3384 5693 μηδὲν
3414 5622 3542 5677 ἄλλο
3570 5623 3647 5694 τῷ
3678 5625 3834 5696 ἀνδρὶ

2249 5713 2661 5778 διεσπούδαστο,
2719 5713 2843 5784 μηδ’
2883 5713 3209 5784 ἀποχρῶντα
3253 5714 3322 5768 τὰ
3351 5715 3486 5771 ἄλλα
3517 5719 3832 5789 σύμπαντα,

2252 5809 2348 5863 καὶ
2385 5807 2725 5861 καθέκαστον
2759 5807 2897 5879 πρὸς
2935 5806 3192 5880 ἀφορμὴν
3222 5810 3500 5882 εὐφημίας
3535 5812 3832 5883 ἀρκοῦνταο

2252 5901 2389 5959 ἀλλὰ
2425 5900 2484 5954 τό
2512 5917 2573 5969 γε
2614 5898 2852 5954 τοιοῦτον
2881 5899 3099 5956 ἑλέσθαι
3133 5904 3478 5968 σπούδασυα,
3530 5906 3625 5959 καὶ
3661 5902 3836 5968 οὕτως
