4134 6422
570 327 664 392 131
1874 324 2159 389 LEONIS
2197 326 2507 387 ALLATIl

3748 327 3859 398 132

565 448 678 507 ptta
712 437 880 492 sancti
900 444 948 492 et
992 436 1188 508 Deiferi
1224 435 1402 490 Patris
1433 435 1597 489 nostri
1623 433 1853 489 Macarii
1885 435 2145 507 Egyptii,
2185 446 2225 501 Α
2256 452 2367 490 cem
2415 452 2719 490 animarum
2778 434 3185 508 Hypotyposim,
3232 438 3518 511 Capitibus
3554 455 3657 496 cxx
3696 457 3854 502 com-

565 545 631 583 ex
655 529 801 584 illius
829 528 1155 584 sermonibus
1177 529 1497 599 paraphrasi
1522 529 1762 598 exposita
1804 545 1836 581 a
1865 528 2153 599 Logotlteta

569 619 951 690 Metaphraste.
978 618 1039 677 P.
1089 621 1286 693 Χάριτι
1318 623 1415 692 μὲν
1438 620 1535 674 καὶ
1566 621 1745 693 δωρεᾷ
1777 619 1873 674 τοῦ
1904 622 2157 693 Πνεύμα-

567 730 662 777 τος
707 713 828 787 θείᾳ
877 715 1110 779 ἕκαστος
1151 715 1312 786 ἡμῶν
1341 716 1441 787 τὴν
1503 716 1783 788 σωτηρίαν
1846 718 2153 790 πορίζεται,

570 804 752 859 πίστει
777 806 834 859 δὲ
863 805 956 860 καὶ
988 806 1202 880 ἀγάπῃ,
1235 808 1484 878 ἀγῶνιτε
1506 810 1886 881 προαιρέσεως
1904 810 2159 877 αὐτεξου-

569 898 686 951 σίου
713 897 808 952 τοῦ
855 900 1069 954 τελείου
1106 902 1309 972 μέτρου
1367 901 1469 970 τῆς
1502 903 1882 974 πνευματικῆς
1937 902 2158 974 ἡλικίας

568 987 854 1055 ἐφικέσθαι
890 988 1137 1045 δύναται.
1173 989 1380 1045 Horum
1428 993 1670 1062 capitum
1717 993 1953 1048 Macariir
1983 1008 2011 1048 a
2045 993 2158 1049 ille-

568 1081 851 1150 tapbraste
912 1084 1251 1153 metaphrasi
1298 1095 1688 1141 exornatorum
1744 1086 1954 1141 mentio
1995 1086 2056 1140 ﬁt
2103 1085 2159 1140 in

568 1172 771 1243 eclogis
832 1174 1270 1230 testimoniorum
1340 1175 1565 1232 Patrum
1623 1177 1887 1235 adversus
1933 1177 2159 1232 Barlaa-

568 1279 720 1319 mum
765 1274 821 1321 et
851 1266 1192 1338 Acindynum
1243 1278 1300 1324 et
1349 1284 1543 1324 eorum
1592 1269 1854 1327 haereses.
1909 1269 2159 1327 Subnec—

568 1356 828 1410 tebantur
876 1355 931 1411 in
964 1358 1159 1413 eodem
1193 1357 1438 1414 Codice:
1481 1358 1591 1412 Τοῦ
1632 1359 1800 1413 αὑτοῦ
1826 1361 1986 1429 άγίου
2036 1362 2159 1415 Μα-

568 1446 766 1515 καρίου
807 1447 1082 1517 κεφάλαια
1125 1448 1305 1519 ἕτεραι
1363 1449 1635 1517 ὠφελείας
1698 1451 1882 1520 πάσης
1947 1454 2162 1523 πεπλη-

570 1537 747 1607 σμένα
780 1546 883 1608 με’.
919 1539 1174 1609 Ejusdem
1226 1542 1399 1595 sancti
1435 1540 1667 1597 Macarii
1687 1545 1800 1598 alia
1833 1545 2013 1614 capita
2038 1562 2159 1615 per-

568 1646 727 1699 quam
754 1630 910 1684 utilia
932 1632 1294 1703 quadraginta
1321 1634 1577 1705 quinque.
1608 1635 1672 1691 P.
1710 1637 1870 1691 Πᾶσα
1901 1638 1934 1708 ἡ
1969 1637 2162 1709 εὐαρέ-

568 1737 761 1790 στησις
809 1722 907 1776 τοῦ
957 1722 1119 1793 Θεοῦ,
1187 1727 1283 1779 καὶ⁵
1330 1727 1365 1799 η
1418 1727 1672 1782 διακονία
1718 1729 1819 1798 τῆς
1870 1728 2055 1800 ψυχῆς
2101 1730 2160 1783 ἐν

2258 532 2611 598 prehensum.

2330 659 2561 732 Scripsit
2615 662 2745 716 item
2780 660 3052 733 Epistolas
3101 665 3168 719 ad
3212 665 3484 734 diversos,
3525 682 3590 724 ex
3643 670 3854 740 quibus

2260 767 2432 823 penes
2475 768 2563 809 me
2616 764 2993 810 suntnovem.
3038 755 3099 811 P.
3144 755 3234 819 Ὠς
3258 757 3552 830 εὐστόχως.
3598 759 3687 815 Em
3721 774 3856 818 sunt

2260 844 2393 897 satis
2436 844 2755 914 compositae
2802 853 2858 899 et
2906 855 3201 912 accuratae,
3238 846 3772 922 publicabunlurque
3819 869 3855 909 a

2261 949 2369 997 me,
2413 935 2459 989 si
2502 934 2649 990 Deus
2701 936 2935 1001 dederit,
2970 938 3290 1009 aliquando,
3335 956 3442 995 una
3469 957 3595 998 cum
3639 942 3857 1000 Nieolai

2261 1012 2586 1095 patriarchae
2626 1025 3218 1098 Constantinopolitani
3248 1070 3263 1095 ,
3324 1029 3598 1087 Theodori
3648 1033 3858 1090 Metro-

2263 1118 2445 1187 politae
2481 1117 2687 1174 Nicaeui
2723 1160 2738 1184 ,
2777 1119 2959 1175 Photii
3006 1121 3344 1180 Patriarchae
3383 1125 3857 1199 Constantinopo-

2264 1211 2438 1278 litani,
2468 1210 2731 1267 Demetrii
2784 1212 3038 1285 Cydonii,
3092 1215 3299 1273 Nicetae
3337 1218 3601 1291 Magistri,
3630 1219 3863 1277 Manue-

2262 1302 2329 1357 lis
2354 1302 2666 1375 Palaeologi,
2697 1314 2753 1360 et
2776 1304 3025 1361 aliorum
3045 1307 3325 1380 Epistolis.

2334 1436 2683 1495 Carminibus
2732 1455 2954 1511 quoque
2988 1458 3213 1512 operam
3245 1444 3536 1516 impendit,
3600 1446 3862 1506 iambicis

2263 1536 2321 1585 et
2359 1530 2601 1600 politicis
2650 1532 3036 1602 potissimum,
3082 1537 3286 1606 quibus
3339 1554 3523 1596 mores
3560 1540 3860 1597 hominum

2265 1627 2681 1697 componebat“,
2724 1629 3103 1702 pietatemque
3134 1632 3459 1704 adaugebat.
3495 1635 3701 1691 Eorum
3730 1651 3864 1707 spe-

2263 1717 2445 1774 cimen
2491 1733 2658 1790 supra
2705 1721 2876 1779 babes
2929 1723 3117 1791 exiis,
3162 1737 3287 1795 qua
3313 1739 3479 1795 supra
3512 1724 3659 1782 inter
3705 1726 3862 1784 illius

565 1814 677 1877 τοῖς
711 1813 995 1886 λογισμοῖς
1025 1819 1197 1872 ἐστιν.
1252 1816 1568 1874 Σπούδασον
1598 1814 1693 1874 οὖν
1726 1820 1917 1873 ἕωθεν.
1952 1822 2035 1876 Ab
2061 1835 2158 1876 eo-

2264 1824 2461 1882 preces
2521 1812 2880 1884 signavimus.
2931 1814 3091 1873 Nunc
3135 1817 3403 1873 nonnulla
3458 1832 3861 1890 appouemus,

565 1905 764 1960 (lemne
804 1904 1175 1977 Metaphraste
1211 1909 1532 1978 paraphrasi
1588 1918 1644 1965 et
1668 1910 1785 1980 ipsa
1849 1911 2160 1982 explicata?

567 1997 682 2066 Ego
727 2008 908 2066 puto:
972 1998 1060 2053 alii
1123 2002 1329 2056 certius
1359 2002 1756 2057 determinent.
1812 2003 1905 2079 Sic
1963 2003 2158 2058 eodem

566 2089 687 2157 ipso
719 2098 968 2161 tempore
1018 2107 1129 2147 non
1162 2093 1270 2148 alio
1312 2109 1481 2165 scopo
1524 2093 1638 2150 Leo
1683 2095 1986 2166 imperator
2038 2094 2160 2150 edi-

568 2181 666 2245 dit,
725 2182 1087 2256 Οὶακιστικὴν
1136 2184 1327 2256 ψυχῶν
1370 2186 1743 2243 ὑποτύπωσιν.
1811 2185 2161 2244 Gubernatri-

1354 2302 1399 2359 l.

568 2412 915 2482 Alphabrtum
944 2414 1147 2470 domini
1169 2416 1446 2488 Symconis
1476 2428 1526 2474 et
1548 2421 1824 2491 logotheta:
1851 2438 2038 2478 cursus
2058 2422 2158 2495 (α).

640 2596 726 2652 Ab
749 2598 924 2654 oculis
966 2600 1077 2655 Deo
1096 2599 1345 2658 Creatori
1387 2602 1677 2676 Iacrymas,
1725 2609 2019 2679 cordisque
2047 2625 2151 2664 una

568 2702 865 2755 aerumnas,
897 2690 1092 2746 animat
1113 2701 1291 2747 autem
1327 2694 1697 2763 pmnitentiam
1732 2698 1920 2756 oﬂ‘ero.

643 2780 774 2848 Quae
795 2784 1092 2852 voluptatis
1110 2785 1287 2854 gratia
1314 2784 1442 2853 feci,
1469 2804 1613 2845 nunc
1637 2805 1736 2846 cor
1769 2794 2153 2862 transfodiam,

564 2872 1328 2946 liquidemcarnisvoluptates
1340 2883 1802 2940 crueiatusanimo
1814 2899 2153 2957 pepererunt.

639 2965 885 3023 Proclive
909 2978 1015 3035 est,
1045 2973 1214 3040 probe
1230 2974 1367 3039 scio,
1398 2990 1568 3046 genus
1599 2978 1894 3035 humanum
1928 2981 1996 3035 ad
2020 2995 2150 3049 pec-

566 3067 780 3127 eatum;
832 3075 935 3131 ego
967 3071 1171 3131 autem,
1199 3066 1336 3135 proh
1374 3067 1562 3125 dolor!
1609 3070 1893 3128 brutorum
1921 3071 2153 3127 instinc-

567 3160 683 3204 tum
712 3166 835 3207 sum
864 3163 1308 3224 praetergressus.

640 3244 860 3310 Adeste,
887 3245 1083 3300 animat
1107 3248 1373 3320 benignae,
1394 3250 1760 3324 lacrymarum
1794 3253 1968 3311 fontes
2011 3257 2163 3313 vix-os

564 3334 863 3404 ciinndite;
895 3352 1019 3392 nam
1048 3341 1233 3411 gravia
1260 3345 1550 3401 commissa
1580 3354 1707 3402 sunt
1728 3345 2075 3405 olendicula.

2265 1915 2382 1962 tum
2439 1917 2505 1963 ut
2561 1908 2803 1965 hominis
2859 1909 3138 1982 ingenium
3192 1912 3349 1970 ferax
3383 1954 3399 1979 ,
3458 1924 3866 1987 expertumque

2262 2012 2572 2070 agnoscas,
2598 2009 2712 2056 tum
2765 2012 2829 2058 ut
2876 2004 2946 2059 ab
2992 2004 3234 2061 interitis
3264 2005 3473 2063 similes
3518 2008 3873 2077 antiquitatis

2265 2106 2398 2162 opes
2423 2101 2650 2162 propter
2696 2094 2779 2148 sui
2804 2087 3002 2150 molem
3018 2097 3298 2167 exiguam,
3324 2097 3575 2155 interitui
3597 2099 3864 2157 obnox'm

2267 2198 2366 2255 per
2394 2198 2483 2239 me
2505 2196 2909 2244 conserventur
2936 2189 3271 2260 posteritati.

3009 2303 3091 2360 A’.

2276 2412 2657 2484 ’Λαιςοάϐητον
2706 2375 2817 2470 tofi
2871 2415 3061 2490 saepe}?
3104 2418 3369 2490 ΔΣυμεςίὶδν
3397 2420 3497 2473 καὶ
3526 2420 3870 2490 λοψθέτου

2854 2485 2962 2540 τοῦ
3004 2485 3250 2557 δρόμου.

2276 2596 2411 2651 Ἀπὸ
2444 2596 2733 2669 βλεφάρων
2765 2598 2999 2672 δάκρυα,
3034 2600 3144 2655 ἀπὸ
3173 2603 3404 2674 καρδίας
3438 2604 3656 2671 πόνους,

2352 2689 2486 2743 Ἀπὸ
2519 2689 2701 2761 ψυχῆς
2734 2692 3029 2762 μετάνοιαν
3068 2694 3365 2766 προσφέρω
3392 2711 3474 2749 σοι
3504 2696 3583 2769 τῷ
3618 2698 3866 2772 κτίστῃ.

2263 2781 2583 2857 [133]Βέλη
2612 2802 2704 2856 μοι
2741 2784 2838 2841 νῦν
2867 2788 3160 2857 γεγόνασιν
3194 2792 3252 2844 αἱ
3278 2791 3554 2862 φιλήδονοι
3590 2794 3825 2867 πράξεις
3855 2810 3874 2829 ο

2350 2874 2570 2929 Ἦδοναὶ
2602 2877 3063 2951 μετεστράφησαν
3084 2883 3164 2946 εῑς
3200 2883 3444 2954 χαλεπὰς
3477 2884 3693 2950 ὀδύνας.

2270 2964 2433 3028 Γένος
2458 2965 2669 3037 βροτῶν
2692 2969 2994 3037 εὐόλισθον,
3023 2967 3166 3040 οἶδα,
3201 2974 3336 3046 πρὸς
3360 2976 3637 3048 ἁμαρτίαν
3661 2992 3677 3007 ⁸

2338 3053 2482 3109 Ἀλλ’
2500 3058 2636 3126 ἐγὼ,
2658 3059 2796 3129 ipsi)!
2824 3062 3178 3136 παρέδραμον
3202 3065 3298 3120 καὶ
3324 3066 3422 3139 τὴν
3451 3068 3647 3140 ἄλογον
3670 3069 3870 3139 φύσιν.

2269 3242 2460 3308 Δεῦτε,
2490 3243 2663 3316 ψυχαὶ
2697 3245 3098 3320 φιλάνθρωποι,
3133 3251 3288 3307 δεῦτε
3304 3253 3559 3326 δακρύων
3579 3257 3814 3330 ὄμϐρος,

2353 3335 2490 3388 Ἀπὸ
2520 3337 2713 3407 ψυχῶν
2748 3338 3053 3409 κενώσατε,
3080 3342 3293 3399 πολλῶν
3319 3346 3537 3420 θρήνων
3556 3349 3728 3416 ἄξιαι.

641 3428 748 3484 Sed
768 3430 1032 3486 audacius
1049 3432 1365 3503 proloquar.
1390 3434 1447 3491 Si
1466 3451 1632 3507 penes
1651 3447 1724 3501 te,
1757 3437 1996 3508 Christe,
2029 3454 2157 3495 sun-

2263 3422 2424 3495 -Ἑρῶ
2458 3443 2512 3480 τι
2539 3430 2635 3482 καὶ
2660 3429 3033 3506 θρασύτερον·
3060 3435 3124 3489 El
3151 3439 3280 3509 νικᾷ
3312 3456 3393 3493 σοι
3424 3444 3762 3515 χρηστότης,

566 3520 728 3575 ctitas
741 3530 1087 3589 peccatorum
1099 3523 1289 3580 sordes
1299 3528 1665 3599 superat,jam
1682 3530 1813 3586 mihi
1828 3534 2161 3589 succurrite.

649 3610 719 3667 Ut
759 3622 847 3668 est
884 3612 1079 3670 melius
1109 3616 1249 3671 mori
1295 3632 1459 3687 quam
1509 3621 1589 3676 sic
1622 3624 1864 3692 peccatis
1905 3623 2162 3681 obrutum

569 3704 789 3760 vivere!
822 3714 1029 3775 quanto
1064 3708 1258 3763 melius
1287 3718 1408 3766 erat
1435 3725 1542 3765 non
1577 3715 1765 3769 nascil

642 3793 843 3850 Levavi
891 3796 959 3851 ad
1010 3806 1083 3865 te,
1137 3797 1385 3866 Domine,
1432 3803 1623 3858 oculos
1669 3807 1892 3873 mentis,
1926 3808 2157 3878 nequid-

569 3901 758 3955 quam,
793 3888 1180 3945 misericordiae
1207 3907 1303 3963 spe
1338 3893 1455 3964 ipsa
1487 3896 1802 3955 destitutus.

648 3977 841 4032 Mortis
899 3981 1077 4050 imago
1134 3989 1308 4039 terret
1358 3987 1653 4056 mortales;
1716 4004 1802 4045 me
1870 4006 1993 4062 quae
2042 4002 2167 4062 post

571 4076 803 4120 mortem
834 4078 1016 4137 erunt,
1050 4073 1242 4142 majori
1289 4076 1455 4130 etiam
1506 4077 1796 4136 formidine
1827 4085 2153 4152 percutiunt.

646 4152 900 4222 Respice,
923 4154 1185 4228 Verbum,
1215 4162 1413 4218 anima:
1451 4180 1583 4222 mea:
1615 4170 1970 4239 pravitatem;
2002 4177 2160 4229 auxi-

574 4247 740 4300 liator
763 4248 897 4303 mihi
928 4250 1005 4305 sis
1031 4253 1323 4323 propitius.

644 4335 790 4393 Reos
823 4339 1019 4408 punire
1058 4341 1151 4396 tibi
1192 4344 1335 4401 haud
1387 4348 1615 4421 volupe;
1659 4351 1769 4409 imo
1814 4354 2029 4411 sals-are
2079 4369 2163 4411 me

575 4428 747 4499 magis
779 4440 1013 4500 gratum.
1045 4432 1141 4491 His
1168 4450 1255 4493 me
1281 4441 1556 4499 consolor.

646 4519 761 4576 Leo
784 4524 1025 4581 crudelis
1055 4541 1143 4583 me
1184 4544 1473 4601 aggressus
1500 4544 1604 4604 est,
1636 4553 1884 4609 quaerens
1908 4541 2152 4596 animam

576 4629 753 4669 meam
779 4622 1027 4687 perdere.
1050 4622 1191 4682 Ecce
1222 4641 1319 4683 ore
1348 4627 1599 4698 improbo
1630 4633 1757 4687 ruit.
1785 4632 2013 4706 Porrige
2044 4651 2160 4690 ma—

576 4727 704 4767 num
733 4724 881 4770 tuam
909 4718 1277 4779 salvatricem.

648 4805 727 4861 Tu
768 4780 918 4865 solus
971 4811 1091 4869 sine
1121 4824 1346 4884 peccato
1388 4808 1730 4890 e's,:Cbiriste
1756 4819 1935 4877 Patris
1977 4823 2165 4892 unige-

572 4895 705 4950 nite.

651 4986 761 5054 Ego
782 4997 959 5045 autem
990 4993 1231 5049 actiones
1250 4997 1565 5054 tenebrosus
1592 5003 1819 5070 patravi,
1837 5003 1977 5059 lucis
2002 5020 2164 5075 opera

575 5092 837 5146 perosus;
874 5095 1043 5150 qure
1081 5098 1283 5142 crassae
1306 5102 1395 5145 me
1422 5091 1717 5147 obvolvunt
1751 5096 2008 5152 tenebrae.

647 5166 727 5220 Tu
748 5170 965 5238 quidem
992 5172 1136 5231 facta
1150 5177 1423 5249 verbaque
1448 5164 1569 5237 mea
1590 5185 1879 5253 reprobas;
1905 5188 1949 5242 si
1985 5198 2164 5246 tamen

576 5276 662 5314 me
690 5264 1040 5330 reprobatum
1062 5270 1264 5335 salvas,
1296 5269 1470 5328 dicam
1496 5283 1550 5329 te
1572 5276 1833 5345 sospitem
1872 5293 2073 5335 meum.

645 5352 878 5437 Qnando
909 5369 1258 5425 peccatorum
1293 5379 1537 5420 meorum
1588 5367 1994 5426 multitudinem
2036 5387 2166 5444 sup-

577 5456 727 5511 pulo,
760 5447 833 5502 ub
862 5450 1149 5509 instantem
1182 5471 1400 5526 poenam
1437 5469 1582 5514 metu
1610 5462 1934 5520 excrucior!

652 5539 846 5597 Multos
860 5557 958 5614 per
982 5547 1181 5614 gradus
1198 5549 1367 5619 gloria
1385 5561 1471 5605 tua
1492 5551 1713 5618 incedit,
1731 5568 1826 5624 per
1852 5557 2048 5613 multos
2072 5574 2166 5614 ca-

578 5623 796 5693 Iligatio
809 5630 977 5684 etiam
997 5641 1087 5687 tua
1106 5655 1119 5689 :
1137 5639 1408 5704 quomodo
1424 5641 1687 5712 supplicia
1707 5623 1892 5700 isthaec
1904 5647 2168 5716 portabo?

651 5738 727 5812 (α)
767 5742 1278 5819 [interpretationem
1317 5756 1566 5816 Latinam
1599 5761 1928 5821 addidimus.
1984 5764 2147 5828 Εοιτ.

2186 4477 2240 4537 D

2341 3519 2571 3591 Χριστὲ,
2605 3524 2809 3578 κακίαν
2834 3525 3098 3598 ἄμετρον,
3131 3529 3219 3582 ἐπ’
3247 3530 3270 3581 ὲ
3282 3531 3376 3601 μοὶ
3405 3533 3503 3587 νῦν
3537 3535 3805 3604 φανείτω.

2267 3612 2377 3682 Ζῇν
2409 3610 2585 3678 οὕτως
2605 3614 2981 3687 ἁμαρτάνοντι
3006 3620 3068 3673 τὸ
3094 3620 3278 3677 θανεῖν
3301 3626 3468 3679 πόσον
3500 3629 3786 3697 κρεῖττονι

2340 3697 2411 3776 Ὦ
2450 3707 2547 3760 καὶ
2585 3706 2791 3776 μᾶλλον
2819 3712 3121 3785 συνέφερεν
3155 3715 3294 3780 ὅλως
3327 3717 3402 3790 μὴ
3438 3722 3787 3793 γεννηθῆναι.

2268 3789 2422 3866 Ἦρα
2447 3797 2589 3866 πρὸς
2612 3797 2671 3852 σὲ
2693 3799 2762 3854 τὰ
2784 3799 3036 3873 ὄμματα,
3074 3805 3346 3872 Δέσποτα,
3383 3789 3486 3880 τῆς
3520 3789 3749 3883 καὴρδῖας
3770 3828 3783 3842 ⁶

2335 3890 2615 3962 Κράζοντι
2639 3895 2855 3966 πικρῶς
2884 3897 3056 3966 ἔλεον,
3085 3900 3337 3966 ἐξέλιπον
3366 3904 3602 3971 ἐλπίδες.

2268 3983 2515 4039 Θανάτου
2555 3986 2618 4039 τὸ
2646 3989 3001 4060 μνημόσυνον
3041 3994 3237 4065 πικρόν
3283 4014 3336 4049 τι
3369 3999 3482 4062 τοῖς
3509 3998 3871 4071 ἀνθρώποις·

2352 4074 2489 4163 ξΕμὲ
2512 4077 2606 4131 τοῦ
2640 4079 2832 4144 τέλους
2867 4081 3033 4137 πλέον
3062 4084 3141 4148 δὲ,
3177 4085 3245 4139 τὰ
3274 4087 3415 4157 μετὰ
3449 4089 3603 4155 τέλος
3636 4095 3827 4163 τήκει.

2280 4159 2430 4219 Ἰδὼν
2456 4165 2533 4220 ῐδε
2564 4167 2665 4239 τὴν
2691 4168 2944 4239 κάκωσιν
2976 4173 3078 4243 τῆς
3113 4173 3256 4245 ἐμῆς
3293 4176 3494 4249 ψυχῆς,
3524 4181 3690 4248 Λόγε,

2338 4258 2450 4313 Καὶ
2474 4261 2781 4346 συμπαθῶς
2812 4263 3094 4336 ἐπίστηθι,
3130 4269 3228 4323 καὶ
3253 4270 3330 4342 μὴ
3355 4272 3786 4346 άντιπαρέλθῃς.

2266 4348 2559 4417 Κολάξειν,
2585 4345 2729 4415 οῖδα,
2765 4352 3032 4417 Δέσποτα,
3061 4357 3291 4429 γνώμην
3322 4360 3422 4413 οὐκ
3449 4360 3593 4431 ἔχεις
3614 4345 3774 4430 ὅλως,

2336 4441 2564 4514 Χαίρεις
2575 4443 2631 4496 δὲ
2649 4445 2854 4515 μᾶλλον
2872 4445 3063 4511 σώζων
3079 4466 3169 4519 με.
3187 4450 3359 4505 Τοῦτό
3374 4470 3441 4524 με
3459 4453 3653 4508 θάλπει
3673 4457 3868 4527 μόνον.

2272 4534 2427 4589 Λέων
2455 4535 2656 4607 πικρὸς
2697 4539 2903 4612 ἐπέστη
2932 4557 3043 4611 μοι,
3088 4541 3228 4596 λέων
3254 4545 3281 4597 ό
3306 4544 3649 4620 ψυχοφθόρος

2346 4625 2568 4693 Ἠνοιξε
2589 4628 2785 4700 στόμα.
2808 4630 3135 4702 Πρόφθασον
3150 4650 3166 4666 ο
3183 4637 3344 4707 χεῖρα
3370 4636 3460 4703 δός
3480 4651 3495 4667 ⁸
3522 4638 3744 4712 ἧρπασέ
3767 4658 3869 4710 με.

2269 4808 2452 4873 Μόνος
2477 4811 2643 4876 αὐτὸς
2672 4812 2773 4884 οὐχ
2799 4814 3073 4887 ἥμαρτες.
3125 4816 3288 4873 Ἀλλά
3313 4820 3556 4877 τοσαῦτα
3588 4823 3772 4895 μόνος.

2340 4902 2414 4956 Σὺ
2452 4904 2611 4974 μόνος
2636 4904 3048 4977 ἀναμάρτητος,
3078 4909 3173 4963 καὶ
3204 4910 3440 4984 Χριστὸς
3478 4916 3645 4981 ὅντως
3675 4921 3869 4990 μόνος.

2270 4994 2486 5059 Νυκτὸς
2507 4996 2740 5066 πράξεις
2769 4997 3061 5070 ἠγάπησα,
3094 5004 3274 5072 φωτὸς
3299 5005 3438 5077 ἔργα
3470 5011 3710 5078 μισήσας
3735 5027 3750 5042 ·

2345 5086 2512 5141 Ὅθεν
2542 5087 2638 5141 καὶ
2674 5090 2965 5160 περιμένει
2997 5109 3065 5164 με
3089 5096 3278 5162 σκότος
3302 5099 3363 5152 τὸ
3387 5100 3752 5173 ψυχοφθόρον.
3854 5108 3859 5111 ’

2271 5178 2415 5232 Ξένα
2454 5195 2539 5232 σοι
2576 5179 2672 5234 καὶ
2706 5181 3013 5253 παράδοξα,
3056 5186 3241 5244 πάντα
3275 5193 3512 5247 νικῶντα
3540 5195 3699 5266 λόγον
3721 5211 3738 5227 '

2348 5271 2481 5341 Ἐμὲ
2501 5271 2560 5325 δὲ
2585 5272 2678 5326 τὸν
2711 5275 3047 5347 κατάκριτον
3076 5281 3126 5333 si
3151 5280 3371 5349 σώσεις,
3403 5286 3623 5341 πάντων
3648 5290 3865 5359 μεῖξον.

2273 5365 2445 5418 Ὅταν
2471 5365 2886 5437 ἀναλογίσωμαι
2921 5368 3031 5423 τῶν
3063 5374 3250 5429 κακῶν
3284 5394 3384 5447 μου
3416 5379 3484 5433 τά
3513 5380 3713 5452 πλήθη,

2342 5458 2503 5522 Ποῖος
2522 5459 2727 5531 τρόμος
2754 5462 2968 5534 συνέχει
2997 5483 3066 5536 με
3096 5468 3194 5539 τῆς
3223 5467 3346 5541 ῐσης
3373 5474 3677 5545 τιμωρίαςῐ

2270 5553 2473 5608 uolitat
2502 5555 2663 5625 μοναὶ
2684 5556 2785 5627 τῆς
2814 5556 2976 5631 δόξης
3004 5575 3121 5628 σου,
3157 5562 3353 5618 πολλαὶ
3396 5568 3489 5620 καὶ
3522 5569 3807 5641 τιμωρίαι,

2325 5648 2521 5716 Τάξεις
2535 5647 2626 5702 καὶ
2643 5647 2840 5720 μέτρα,
2855 5650 3122 5709 Δέσποτα.
3140 5653 3244 5708 Φεῦ
3263 5657 3373 5726 μοιῐ
3391 5660 3611 5727 καὶπῶς
3625 5660 3861 5733 ὑποίσωζ
