4134 6464
447 362 551 427 135

1755 337 2034 402 LEONIS
2064 334 2376 397 ALLATII

3598 319 3704 386 136

443 485 500 531 et
546 479 642 530 bos
693 470 844 525 bovis
889 465 1148 523 societate
1202 461 1445 531 privatus
1502 457 1772 528 lacrymas
1833 457 2058 515 fundits

2169 457 2334 516 Ιππος
2367 447 2588 512 διαστὰς
2616 445 2871 500 δάκνεται
2903 441 2994 497 τοῦ
3035 443 3322 513 συννόμου,

521 579 788 650 Equidem
832 577 1007 630 amico
1045 584 1218 642 eoque
1253 567 1595 623 nobilissimo
1623 565 1876 620 defuncto
1898 564 2028 636 quid

384 716 395 763 ;r
451 695 694 751 faciam?
732 689 1012 760 Lacrymis
1046 685 1288 756 profecto
1326 679 1516 738 oﬂ‘usis
1555 681 1671 735 huc
1713 681 1778 734 ad
1811 688 1885 744 te,
1916 679 2032 751 Sy-

400 862 414 874 ,
450 807 614 867 liaue,
663 803 861 867 scribo,
906 799 970 852 ad
1013 807 1065 852 te
1112 796 1203 865 qui
1256 793 1388 848 mihi
1432 806 1491 846 es
1548 790 1703 846 dulce
1752 790 1936 855 decus,
1975 789 2027 843 iu

403 905 409 923 ἶ
451 913 710 970 aerumnis
749 908 1076 972 consolator,
1117 905 1172 960 in
1209 918 1390 958 rerum
1438 899 1764 955 adversitate
1790 899 2022 952 auxilia-

450 1026 565 1089 ris;
611 1022 701 1090 qui
747 1034 988 1075 mearum
1030 1017 1084 1072 in
1135 1024 1183 1069 te
1219 1023 1425 1082 partem
1477 1025 1727 1065 curarum
1776 1010 2032 1078 suscipis,

451 1136 711 1208 pliiltrum
761 1130 853 1201 qui
898 1144 957 1183 es
1003 1125 1243 1182 omnium
1289 1123 1524 1187 dierum,
1569 1123 1761 1176 insons
1784 1135 1911 1191 erga
1950 1119 2036 1173 in-

456 1251 704 1304 sontem,
742 1255 864 1295 cum
906 1237 1157 1292 libertate
1177 1232 1341 1288 verba
1368 1229 1595 1294 faciens,
1636 1227 1803 1283 animi
1835 1244 2038 1298 nequa-

461 1367 625 1422 quam
652 1347 925 1417 ambigui;
961 1345 1052 1414 qui
1092 1359 1179 1398 me
1212 1356 1599 1410 nonnunquam
1640 1338 2036 1406 pusillanimem

469 1459 655 1527 erigis,
687 1456 777 1524 qui
816 1466 1028 1521 semper
1070 1451 1124 1505 in
1155 1464 1333 1504 rerum
1359 1447 1672 1504 discrimine
1705 1455 1900 1516 praesto
1929 1461 1986 1501 es
2022 1463 2037 1500 :

459 1571 526 1624 ad
573 1581 647 1633 te,
690 1567 839 1624 cbari
869 1564 1064 1635 capitis
1089 1563 1358 1619 desiderio
1396 1561 1736 1628 vulneratus,
1778 1575 2038 1624 accurro,

461 1683 552 1754 qui
582 1684 796 1737 unicum
824 1680 1065 1736 solamen
1089 1679 1143 1735 in
1169 1676 1460 1750 gemitibus
1485 1686 1540 1733 et
1563 1674 1821 1747 lacrymis
1845 1673 2038 1729 habeo.

533 2176 932 2234 Commentaria
985 2175 1040 2229 in
1099 2175 1298 2229 Lucam
1359 2174 1646 2244 scripsisse
1713 2175 2051 2246 Metaphras-

467 2278 596 2334 tem,
651 2283 763 2322 non
834 2281 998 2321 nemo
1062 2266 1295 2336 probare
1371 2267 1656 2320 conabitur
1731 2269 2046 2323 testimonio

467 2360 819 2429 Theophanis
891 2356 1136 2412 Ceramei
1198 2355 1427 2411 Homilia
1492 2357 1547 2410 in
1620 2358 1870 2426 quintum
1935 2361 2052 2414 Ma-

470 2453 708 2505 tutinum
768 2449 1190 2519 Evangelicum;
1254 2448 1334 2502 sic
1394 2448 1539 2501 enim
1607 2448 1697 2502 ille
1755 2449 1922 2501 :Ka‘t
1976 2449 2052 2512 ὡς

470 2545 537 2597 ἂν
600 2543 674 2614 μὴ
723 2543 824 2594 καὶ
890 2544 1048 2613 ἡμεῖς
1119 2541 1357 2611 δόξωμεν
1419 2541 1715 2594 ἀπεοικότα
1785 2542 2049 2612 μαντεύε-

473 2629 619 2694 σθαι,
671 2630 962 2699 άξιόχρεων
1003 2627 1235 2681 ἐνταῦθα
1282 2629 1619 2698 παράγωμεν
1662 2631 1915 2700 μάρτυρα
1957 2631 2059 2682 Συ-

473 2721 714 2792 μεώνην,
765 2720 866 2793 τὸν]
898 2721 997 2785 τὰς
1041 2721 1415 2792 μεταφράσεις
1486 2719 1544 2775 εὖ
1594 2721 1738 2791 μάλα
1796 2720 2058 2790 συνθέμε-

472 2831 560 2867 νον
588 2829 600 2843 ⁶
631 2813 849 2883 ἀποχρὴ
879 2807 973 2864 οὖν
992 2811 1071 2880 τῷ
1101 2814 1180 2874 εἰς
1206 2811 1296 2863 τὸν
1361 2812 1504 2882 ἱερὸν
1535 2813 1748 2865 Λουκᾶν
1811 2813 2060 2883 ύπομνήυ

474 2925 604 2976 ματι
652 2906 808 2959 τοῦτο
849 2905 1192 2974 ποιούμενος.
1255 2907 1331 2958 Ac
1386 2923 1446 2959 ne
1478 2923 1569 2958 nos
1607 2907 1768 2960 etiam
1798 2908 1910 2958 sine
1941 2922 2062 2974 pro-

471 2998 631 3054 habili
671 3015 834 3053 causa
883 2999 1119 3053 divinare
1167 2998 1296 3054 velle
1339 3000 1630 3065 rideamur,
1682 2999 1788 3068 ﬁde
1844 3001 2059 3071 dignum

473 3100 650 3144 testem
687 3093 757 3144 ad
809 3092 946 3144 hanc
985 3109 1093 3144 rem
1143 3094 1479 3160 producimus
1528 3092 1837 3162 Symeonem
1887 3093 2059 3156 illum,

473 3185 562 3254 qui
592 3184 962 3254 Metaphrases
992 3186 1250 3252 pra’clare
1281 3188 1568 3255 composuit
1597 3202 1614 3238 :
1655 3188 1786 3240 satis
1815 3187 1975 3256 igitur
1995 3187 2061 3239 sit

473 3275 576 3338 hic,
604 3278 693 3346 qui
722 3278 778 3330 in
808 3286 1052 3330 sanctum
1105 3276 1303 3330 Lucam
1334 3277 1724 3332 Commentario
1757 3279 1831 3330 ita
1883 3279 2064 3331 existi-

474 3372 661 3424 aravit.
681 3370 784 3436 Qui
814 3371 866 3424 id
895 3369 1188 3423 allirmaret
1207 3369 1468 3439 decoptus
1499 3369 1614 3438 ipse
1641 3369 1874 3439 primum
1898 3383 2066 3438 pravo

475 3464 764 3517 verborum
822 3463 1122 3527 intellectu,
1176 3463 1310 3516 alios
1350 3474 1562 3533 postea,
1603 3463 1647 3516 si
1681 3462 1780 3532 ipsi
1816 3461 2064 3527 ﬁderent,

478 3554 780 3625 deciperet.
819 3555 1018 3608 Verum
1043 3555 1312 3624 siquidem
1367 3563 1470 3620 est,
1503 3553 1958 3622 quemadmodum
2010 3552 2067 3606 in

478 3642 799 3715 Pmphetas,
829 3656 1156 3716 sanctosque
1187 3647 1324 3700 alios
1364 3647 1566 3701 veteris
1621 3645 1953 3699 Testamenti
1977 3644 2064 3698 Ἦ·

479 3751 587 3804 ros,
619 3754 832 3792 necnon
856 3736 1013 3803 Novi,
1049 3754 1283 3808 quorum
1331 3740 1385 3792 in
1415 3739 1585 3793 sacris
1621 3737 1837 3792 Litteris
1863 3737 2068 3792 mentio

479 3838 677 3893 exstat,
698 3828 1140 3886 Commentarios
1166 3831 1408 3900 scripsit.
1453 3831 1526 3884 ita
1547 3840 1599 3884 et
1630 3831 1681 3884 in
1702 3829 1902 3884 Lucam
1934 3830 2070 3885 scri-

477 3918 672 3988 psisse,
697 3920 819 3989 quis
846 3920 898 3974 id
928 3920 1189 3990 negabit?
1218 3919 1362 3990 Ergo
1385 3928 1440 3974 et
1459 3921 1515 3974 in
1539 3920 1888 3990 Evangelium
1907 3919 2070 3975 Luca:

479 4008 1014 4078 lntcrpretationem.
1082 4011 1161 4064 Ne
1223 4011 1446 4064 minima
1502 4010 1720 4078 quidem
1779 4025 1846 4065 ex
1893 4019 2066 4080 parte.

480 4098 833 4162 Sanctorum,
859 4115 1093 4168 quorum
1131 4099 1278 4155 Vitas
1307 4102 1612 4170 composuit
1650 4101 2066 4172 Metaphrastes,

482 4206 654 4260 genus
682 4190 882 4260 duplex
908 4192 1131 4245 invenio
1159 4192 1438 4262 :‘alterum
1472 4193 1630 4262 cujus
1671 4195 1730 4248 in
1789 4194 2070 4265 Scriptura

482 4282 751 4336 memoria
781 4283 962 4352 aliqua
999 4291 1215 4348 exstat;
1249 4283 1504 4347 alterum,
1537 4286 1692 4355 cujus
1723 4285 2071 4357 nulla.Cujus

483 4375 634 4427 nulla
666 4383 772 4439 est,
823 4375 960 4444 ipse,
988 4390 1108 4443 quae
1136 4390 1205 4429 ex
1237 4375 1470 4430 aliorum
1507 4379 1729 4449 scriptis
1781 4380 2067 4445 habuerat,

2136 546 2248 601 Καὶ
2272 542 2399 614 βοῦς
2429 540 2714 612 στερηθεὶς
2735 537 2828 591 τοῦ
2862 535 3128 607 συνήθους
3153 533 3400 603 δακρύει.

2147 637 2290 706 Ἐγὼ
2319 636 2372 689 τί
2403 634 2590 705 δράσω
2629 631 2927 700 ζημιωθεὶς
2960 629 3052 682 τὸν
3085 627 3277 697 φίλον;

2134 729 2310 783 Φίλων
2349 726 2412 780 τὸ
2447 722 2839 792 καλλώπισμα,
2865 723 2965 789 τὴν
3000 720 3298 789 κορωνίδας

2138 821 2229 883 Σὲ,
2261 816 2540 880 Στυλιανὲ,
2571 815 2745 867 ταῦτα
2773 811 3027 882 δακρύων
3053 811 3274 879 γράφω,

2137 910 2510 982 Πρόσφθεγμα
2536 907 2789 977 τερπνὸν,
2821 905 2929 958 τῶν
2953 905 3103 975 tua»
3145 906 3323 956 πόνων
3345 903 3522 971 λύσις,

2136 1004 2340 1057 Κόπων
2367 1001 2548 1070 βοηθὲ,
2584 997 2938 1067 συμμεριστὰ
2967 997 3290 1066 φροντίδων,

2139 1093 2382 1148 Κοινωνὲ
2423 1091 2660 1156 πάντων,
2695 1093 2788 1143 καὶ
2823 1089 3002 1142 πλέων
3028 1089 3138 1141 τῶν
3159 1087 3443 1159 χειρόνων,

2140 1187 2368 1257 Φίλτρον
2404 1185 2621 1255 βέϐαιον
2643 1185 2705 1236 οὐ
2739 1183 2874 1253 πρὸς
2901 1183 3114 1252 ἡμέραν
3146 1181 3364 1252 βλέπον,

2140 1277 2368 1345 Φίλτρον
2393 1276 2660 1344 φυλάξας,
2701 1274 2943 1343 οὐδαμοῦ
2981 1275 3148 1346 φέρον
3180 1274 3369 1344 ψόγον,

2155 1369 2473 1439 Ἐλεύθερον
2497 1369 2778 1438 φρόνημα,
2820 1367 3045 1438 διπλόης
3073 1365 3244 1433 ξένον,

2156 1463 2334 1532 Ἐμῆς
2354 1462 2736 1532 παρηγόρημα
2766 1460 3159 1531 μικροψυχίας,

2151 1555 2219 1608 Ὃ
2246 1555 2343 1607 καὶ
2369 1553 2530 1606 πλέον
2565 1569 2654 1622 μοι
2684 1551 2958 1616 συνδεθεὶς
2984 1553 3206 1624 δεσμοῖς
3240 1552 3430 1620 πόθου,

2150 1645 2385 1707 ’Λλυτος
2415 1641 2578 1714 ἦλθες
2606 1645 2746 1717 πρὸς
2769 1645 2939 1708 πνοὰς
2970 1645 3069 1708 τὰς
3106 1645 3364 1714 ἐσχάτας.

2154 1737 2266 1790 Καὶ
2297 1737 2392 1790 νῦν
2425 1737 2540 1804 ἐγώ
2577 1752 2671 1790 σου
2705 1738 2784 1807 τῷ
2811 1737 2962 1808 πόοῳ
2995 1739 3363 1808 τετρωμένος,

2084 1809 2127 1864 Β
2159 1830 2271 1884 Καὶ
2305 1829 2473 1900 μηδὲν
2502 1829 2680 1898 εὑρὼν
2711 1832 2790 1892 εἰς
2822 1829 3104 1900 ἀναψυχήν
3133 1829 3317 1895 πλέον,

2151 1922 2355 1986 Μόνοις
2384 1926 2714 1994 στεναγμοῖς
2745 1925 2840 1975 καὶ
2870 1923 3208 1992 σταλαγμοῖς
3239 1922 3516 1995 δακρύων,

2153 2013 2328 2084 Ψύχω
2355 2015 2416 2068 τὴ
2444 2014 2686 2086 πνεῦμα,
2720 2015 3022 2085 σπένδομαι
3051 2016 3149 2086 τὴν
3180 2017 3428 2087 καρδίαν.

2149 2177 2479 2232 Matt/tantm.
2530 2177 2862 2246 ’Υπόμνημα
2919 2179 2996 2240 εἰς
3031 2176 3122 2229 τὸν
3155 2177 3450 2246 Προφήτην
3497 2176 3728 2230 Ἀϐδιού·

2151 2267 2566 2324 Commentarius
2618 2270 2671 2320 in
2730 2267 2956 2320 Abdiam
3006 2266 3346 2335 Prop/letam.
3401 2265 3738 2336 ’Υπόμνημα

2151 2362 2230 2422 εἰς
2289 2360 2379 2412 τὸν
2441 2360 2594 2427 ἅγιον
2625 2359 2920 2412 ἀπόστολον
2959 2359 3246 2415 Φίλιππον.
3317 2357 3738 2413 Commentarius

2152 2451 2202 2504 in
2231 2459 2470 2503 sanctum
2501 2449 2796 2518 apostolum
2833 2449 3160 2518 Philippum.
3179 2448 3512 2517 Ὑπόμνημα
3543 2450 3621 2510 εἰς
3646 2449 3739 2500 τὸν

2157 2538 2311 2607 ἅγιον
2374 2538 2676 2590 ἀπόστολον
2714 2537 2993 2607 Ἀνδρέαν.
3050 2537 3474 2591 Commentarios
3527 2540 3583 2592 in
3615 2556 3739 2591 sau-

2157 2640 2300 2680 ctum
2349 2627 2641 2694 apostolum
2668 2627 2951 2682 Andream.
3006 2627 3336 2697 Ὑπόμνημα
3358 2629 3433 2691 εις
3461 2629 3550 2682 τὸν
3586 2629 3740 2694 ἅγιον

2157 2720 2416 2772 Ἰάκωϐον
2469 2719 2559 2772 τὸν
2595 2720 2915 2774 ἀπόστολον.
2969 2719 3389 2773 Commentarius
3418 2723 3471 2773 in
3499 2737 3741 2774 sanentur

2158 2811 2418 2866 Iacobum
2447 2812 2764 2881 apostolum.
2800 2812 3133 2884 ’Υπόμνημα
3186 2816 3265 2876 εἰς
3291 2814 3379 2867 τὸν
3415 2813 3569 2883 ἅγιον
3602 2817 3740 2868 ἀπό-

2165 2906 2348 2959 στολον
2374 2905 2467 2958 τοῦ
2517 2906 2753 2975 Χριστοῦ
2785 2906 3013 2976 Θωμᾶν.
3053 2904 3472 2961 Commentarius
3523 2909 3578 2960 in
3613 2924 3741 2961 san-

2167 3009 2309 3051 ctum
2339 2998 2636 3065 apostolum
2695 2996 2890 3052 Clu-isti
2923 2997 3190 3051 Thomam.
3235 2997 3467 3067 Parique
3510 2999 3741 3061 ratione,

2182 3092 2606 3160 ’Υπόμνημαείς
2623 3090 2713 3143 τὸν
2733 3091 2886 3158 ἅγιον
2912 3090 3564 3160 ΕὑαγγελιστὴνΛουκᾶν.
3591 3088 3746 3144 Com-

2169 3184 2454 3236 mentariua
2489 3185 2542 3234 in
2573 3196 2812 3235 sanctum
2841 3181 3233 3251 Et'augelistam
3264 3182 3484 3246 Lucam,
3509 3193 3564 3237 et
3601 3183 3744 3236 inci-

2167 3274 2274 3342 pit:
2312 3273 2371 3322 lii
2403 3273 2494 3324 καὶ
2519 3271 2724 3322 δικαίου
2763 3272 2948 3339 μνήμη
2984 3273 3098 3339 μετ’
3132 3272 3423 3340 ἐγκωμίων
3452 3272 3744 3334 τελεῖσθαι,

2167 3367 2309 3434 quod
2345 3363 2453 3417 Leo
2483 3363 2875 3431 Ceuturipinus
2895 3363 3206 3432 expressius
3227 3363 3386 3426 dixit,
3413 3363 3466 3416 in
3495 3371 3746 3418 sanctum

2167 3457 2429 3511 Jacobum
2491 3455 2796 3524 apostolum
2859 3455 3108 3510 Zebedari
3162 3455 3356 3520 ﬁlium,
3408 3455 3564 3523 λόγον
3623 3457 3747 3509 καθ’

2170 3546 2476 3616 ὑπόμνημα
2519 3548 2577 3598 ὲν
2633 3546 2762 3598 εῖδει
2819 3545 3200 3616 πανηγυρικῷ.
3257 3546 3439 3601 Oratio
3479 3563 3595 3616 qua:
3639 3549 3751 3601 vice

2170 3639 2546 3694 Commentarii
2617 3657 2725 3694 esse
2796 3641 2982 3709 poterit
3050 3641 3106 3693 in
3163 3657 3349 3711 genere
3413 3645 3750 3696 demonstra-

2170 3736 2294 3789 tivo.

2240 3828 2516 3882 Antonius
2549 3825 2839 3881 Verderius
2871 3825 2925 3880 in
2960 3825 3356 3896 Supplemento
3398 3823 3752 3880 Bibliotheca

2171 3920 2525 3976 Gesnerianaa
2577 3919 2632 3974 in
2683 3919 2942 3990 Catalogo
2992 3918 3237 3974 exhibito
3294 3933 3324 3971 a
3381 3915 3752 3973 Grammatico

2171 4023 2444 4078 recenset,
2491 4011 2765 4081 Symeonis
2799 4011 3173 4078 Metaphrastw
3200 4009 3502 4077 Dioptram.
3541 4007 3614 4063 De
3641 4023 3755 4079 qua

2170 4104 2308 4158 nihil
2352 4104 2467 4174 ipse
2503 4103 2698 4156 habeo.
2731 4100 2914 4156 Potuit
2961 4101 3130 4167 illam,
3179 4103 3636 4172 quemadmodum
3694 4115 3758 4159 et

2172 4195 2276 4248 alia
2301 4195 2542 4248 scribere
2564 4191 2976 4262 Metaphrastes,
2995 4200 3051 4246 et
3079 4191 3218 4246 forte
3246 4193 3486 4262 scripsit,
3508 4202 3564 4247 et
3588 4193 3755 4249 modo

2173 4285 2372 4340 alicubi
2406 4285 2557 4338 latet.
2589 4283 2697 4337 Nos
2722 4298 2831 4336 non
2862 4282 3043 4337 omnia
3093 4283 3346 4338 vidimus.
3397 4283 3582 4353 Neque
3618 4284 3750 4354 quia

2173 4376 2334 4430 nobis
2371 4376 2637 4446 ignotum,
2666 4374 2787 4430 ideo
2815 4375 2980 4428 etiam
3027 4388 3138 4427 non
3162 4372 3328 4428 fuisse
3349 4373 3608 4443 scriptum
3633 4373 3752 4426 exi-

484 4468 795 4521 narratione
850 4482 968 4530 sua,
1006 4469 1266 4538 temporis
1297 4470 1439 4525 serie
1474 4487 1582 4526 non
1625 4475 1860 4540 turbata,
1891 4475 2068 4544 diges—
2099 4475 2146 4534 ι)
2177 4467 2450 4522 Slimalur-

484 4559 576 4625 sit,
609 4568 662 4613 et
719 4557 889 4623 Vitas,
946 4575 1144 4628 resque
1176 4571 1375 4632 gestas,
1423 4564 1536 4618 sive
1565 4563 1818 4636 Martyris
1852 4581 2067 4620 nuncu-

485 4651 636 4720 pavit
670 4669 683 4704 :
734 4651 891 4720 cujus
921 4653 1189 4717 exstabat,
1237 4654 1405 4709 verba
1451 4656 1564 4718 illa,
1595 4656 1649 4710 in
1683 4657 1884 4726 quibus
1918 4656 2067 4729 [156]

484 4741 934 4806 continebantur,
965 4745 1258 4814 arripiens,
1294 4756 1347 4800 et
1380 4762 1497 4810 sua,
1534 4749 1620 4802 vel
1668 4749 1896 4804 aliorum
1930 4751 2069 4805 anti-

483 4848 716 4902 quorum
770 4834 1222 4904 interpretatione
1273 4838 1556 4906 expoliens
1607 4848 1770 4908 atque
1837 4840 2072 4910 locuple-

487 4934 633 4990 tuns,
653 4940 738 4980 res
781 4926 924 4980 illius
953 4926 1139 4981 Sancti
1173 4927 1246 4981 ita
1281 4929 1662 4997 concinnabat,
1697 4939 1755 4985 ut
1776 4931 2068 4986 Commen-

487 5015 686 5068 tarium
735 5015 917 5081 potius
949 5017 1210 5079 scribere,
1243 5033 1405 5085 quam
1454 5035 1542 5073 res
1569 5029 1749 5085 gestas
1783 5021 1924 5074 illius
1952 5037 2068 5074 nar-

485 5118 607 5157 rare
637 5099 917 5156 videretur
953 5121 965 5157 :
994 5104 1222 5173 ideoque
1254 5120 1362 5159 non
1395 5108 1502 5161 alio
1543 5109 1700 5164 titulo
1731 5125 1882 5175 usus,
1908 5126 2069 5180 quam

484 5190 897 5246 Commentarii.
931 5191 1070 5246 Hinc
1122 5194 1262 5263 apud
1293 5196 1465 5263 illum,
1532 5199 1850 5268 ’Υπόμνηνα
1883 5204 1959 5261 et;
1981 5200 2072 5252 τὸν

485 5283 640 5351 ἅγιον
694 5282 1104 5354 Εὐαγγελιστὴν
1180 5287 1455 5358 Ἰωάννην.
1532 5288 1952 5344 Commentarius
2018 5293 2074 5345 in

487 5389 730 5430 sanctum
764 5377 1164 5449 anngelistam
1188 5381 1472 5436 Joannem.
1522 5384 1852 5455 ’Υπόμνημα
1883 5386 1962 5446 εἰς
1982 5384 2074 5438 τὸν

492 5470 664 5535 μέγαν
707 5470 1000 5539 Προφήτην
1070 5473 1288 5542 Δανιήλ.
1357 5474 1777 5528 Commentarios
1833 5477 1887 5528 in
1946 5491 2074 5528 san-

489 5566 629 5610 ctum
687 5558 1008 5629 Prophetam
1079 5563 1370 5619 Dauielem.
1441 5566 1773 5636 Ὑπόμνημα
1847 5567 1928 5627 εἱς
1985 5566 2076 5620 τὸν

491 5646 644 5712 ἅγιον
674 5648 971 5702 ἀπόστολον
1014 5653 1110 5705 καὶ
1161 5654 1562 5728 Εύαγγελιστὴν
1592 5657 1890 5710 ὒΙατΟαῖον.
1919 5654 2077 5710 Com-

494 5738 782 5793 mentarius
827 5741 883 5795 in
939 5751 1181 5797 sanctum
1240 5747 1529 5815 apostolum
1579 5761 1623 5802 et
1680 5749 2077 5818 Ei-angelismm

2246 4557 2342 4612 His
2374 4570 2544 4626 prope
2589 4555 2781 4611 diebus
2820 4571 2946 4611 eum
2993 4570 3024 4610 a
3052 4570 3138 4609 me
3167 4555 3235 4610 de
3263 4564 3422 4610 aetate
3471 4555 3757 4626 Symeonis

2174 4649 2558 4721 Metaphrastaa
2608 4647 2961 4703 doctissimus
3023 4661 3088 4702 ac
3125 4647 3526 4703 eruditissimus
3564 4647 3754 4701 Simon

2175 4739 2606 4813 Wagnereckius
2665 4749 3017 4811 percontatus
3079 4740 3306 4807 fuisset,
3344 4742 3638 4810 respondi,
3694 4751 3758 4797 ut

2175 4835 2348 4906 potui,
2374 4835 2608 4904 misique
2637 4851 2756 4889 eam
2796 4833 3052 4890 Diatribae
3079 4843 3312 4906 partem,
3343 4851 3449 4906 qua
3473 4835 3758 4908 Symeonis

2175 4935 2309 4982 aetas
2343 4927 2608 4988 asset-itur
2656 4935 2711 4980 et
2742 4927 3036 4981 stabilitur.
3099 4925 3253 4997 Legit
3305 4928 3395 4983 ille
3449 4944 3596 4994 mea,
3626 4944 3751 4984 exa-

2177 5018 2426 5083 minavit,
2467 5017 2798 5086 tandemque
2836 5017 2892 5070 in
2945 5019 3228 5072 nonnullis
3267 5034 3376 5074 non
3428 5020 3634 5088 absque
3664 5035 3755 5072 ra-

2180 5111 2331 5164 tione
2369 5109 2627 5164 dubitans
2679 5108 2976 5178 rescripsit.
3029 5108 3104 5162 Ea
3151 5111 3302 5164 lubet
3341 5111 3430 5166 hic
3457 5127 3755 5182 apponere,

2179 5211 2241 5257 ut
2268 5217 2409 5272 pene
2434 5200 2737 5254 absolutam
2773 5200 2840 5254 de
2871 5199 3252 5270 Metaphrastac
3299 5202 3462 5256 rebus
3495 5203 3759 5274 cognitio-

2179 5308 2303 5348 nem
2341 5293 2660 5355 babeamus,
2693 5292 2891 5360 quibus
2918 5292 3111 5347 addam
3161 5302 3217 5346 et
3261 5309 3402 5348 mea.
3458 5295 3516 5347 Si
3546 5296 3758 5348 dubita-

2182 5385 2422 5439 tionibus
2469 5384 2614 5437 illius
2649 5384 2908 5448 satisfeci,
2944 5385 3086 5440 bene
3111 5397 3239 5450 est;
3274 5386 3361 5439 sin
3400 5387 3600 5452 minus,
3626 5402 3760 5457 sup-

2182 5477 2350 5546 plebit
2389 5477 2479 5529 ille
2510 5492 2630 5544 qua:
2661 5476 2912 5530 deerunt.

2259 5565 2607 5620 Nobilissimo
2633 5579 2679 5621 et
2710 5569 3067 5622 eruditissimo
3103 5568 3224 5623 Viro
3252 5567 3318 5622 D.
3363 5569 3522 5623 Leoni
3563 5570 3760 5623 Allatio

2183 5676 2277 5711 suo
2300 5657 2482 5711 Simon
2518 5659 2923 5727 l’Vagne-rcckius
2966 5660 3028 5714 S.
3055 5660 3100 5714 1.
3141 5661 3201 5713 In
3231 5661 3597 5730 Metaphrastw
3632 5673 3762 5714 tem-

2185 5748 2400 5818 poribus
2449 5751 2778 5819 perridendis
2829 5751 3025 5804 miram
3067 5751 3195 5805 milii
3251 5751 3416 5807 lucem
3464 5752 3758 5807 attulerunt
