4134 6424
469 408 572 474 139

1766 400 2043 463 LEONIS
2079 396 2386 459 ALLATII

3610 394 3717 460 140

462 526 678 588 simum,
739 516 992 575 steculum
1047 515 1242 572 Christi
1300 530 1496 571 nonum
1551 514 1791 585 appellas
1841 517 2047 587 (nempe
2075 518 2120 572 Α
2151 511 2312 564 tanda
2336 509 2496 563 etiam
2515 522 2618 562 non
2636 505 2917 578 requisitus
2936 505 3205 576 appellans
3224 502 3482 562 animum.
3505 508 3724 565 Factum

462 613 763 676 decursum,
802 625 867 663 ac
908 609 1029 679 jam
1079 609 1238 677 plane
1289 606 1651 677 completum),
1715 606 1772 662 id
1826 606 2040 660 omnino

462 705 713 773 temporis
742 705 973 774 spatium
1006 701 1315 758 Lansselius
1348 710 1546 766 noster,
1582 701 1835 757 sarculum
1888 696 2043 752 Citri-

460 797 532 849 sti
572 796 832 850 decimum
885 805 1069 859 uocat,
1132 810 1316 863 nempe
1378 795 1704 859 inchoatum,
1750 800 1801 847 et
1864 791 2054 845 adhuc‘

460 903 676 942 currens
714 887 1099 961 millesimoque
1127 886 1325 944 Christi
1355 903 1498 941 anno
1527 887 1757 956 perfecte
1781 883 2041 952 complen-

460 978 609 1035 dum.

529 1070 608 1124 De
651 1068 940 1140 Parallage
983 1077 1228 1125 tonorum
1260 1067 1484 1124 Joannis
1531 1065 1781 1121 Lascaris
1806 1066 1863 1120 in
1910 1081 2040 1135 gra—

458 1162 593 1219 tiam
611 1176 779 1214 meam
796 1160 1078 1229 exscripta,
1094 1156 1211 1214 οῖδα
1235 1159 1334 1230 μέν
1356 1175 1439 1211 σοι
1462 1157 1620 1229 χάριν
1639 1157 1738 1228 τὴν
1754 1155 2033 1226 πλείστην.

465 1251 667 1307 Vellem
693 1261 894 1318 tamen,
934 1261 991 1306 ut
1020 1253 1104 1305 hic
1136 1251 1361 1319 scriptor
1387 1251 1484 1303 has
1513 1249 1659 1318 ipsas
1682 1249 1854 1302 nudas
1887 1256 2038 1300 tono-

459 1360 579 1398 'um
605 1345 927 1414 differentias
972 1341 1360 1411 deﬁnitionibus
1384 1339 1496 1393 suis
1530 1338 1860 1408 explicasset.
1903 1336 2038 1390 Amo

466 1436 664 1489 mirum
710 1435 767 1487 in
790 1434 1003 1488 modum
1048 1429 1407 1486 incredibilem
1437 1428 1634 1482 amoris
1676 1444 1802 1496 erga
1830 1443 1914 1480 me
1960 1427 2038 1480 tui

459 1522 868 1590 abundantiam,
922 1537 1043 1575 cum
1073 1536 1156 1574 res
1208 1529 1318 1572 tam
1370 1517 1594 1583 multas,
1633 1516 1865 1584 mihique
1910 1515 2039 1569 insi-

455 1617 628 1686 gniter
683 1613 856 1677 utiles,
913 1628 978 1665 ac
1037 1622 1198 1681 prope
1230 1609 1555 1664 necessarias
1589 1624 1617 1663 e
1664 1607 2038 1675 manuscriptis

455 1705 719 1761 codicibus
770 1701 922 1776 [139]
968 1700 1155 1756 uestris
1202 1698 1592 1769 perliberaliter
1650 1697 2037 1753 communicare

455 1798 688 1853 libuerit.
732 1798 901 1868 Agam
947 1810 1040 1867 ego
1078 1794 1135 1847 in
1190 1802 1343 1862 parte
1366 1790 1596 1846 secunda
1640 1805 1779 1853 mea,
1813 1790 1951 1860 quod
1981 1789 2039 1844 in

2145 600 2293 656 Surii
2317 617 2419 654 non
2442 601 2657 671 probas.
2688 615 2896 677 necego
2921 600 3081 653 laudo
3099 615 3118 654 :
3152 614 3245 654 nec
3267 610 3394 670 puto
3409 600 3526 665 alii,
3546 603 3647 656 nisi
3659 604 3726 657 de

2142 693 2267 762 faece
2280 692 2513 745 homines
2529 682 2843 744 laudabunt.
2862 690 3069 744 Mutare
3083 688 3300 758 stglum,
3316 700 3528 746 mutare
3548 708 3724 747 rerum

2139 790 2191 836 et
2204 796 2547 849 personarum
2561 781 2770 850 faciem,
2798 779 3033 833 membra
3058 780 3221 834 etiam
3243 781 3360 850 ipsa
3387 781 3442 835 in
3458 780 3725 837 meliorem

2138 880 2363 936 statum,
2395 881 2448 925 ut
2475 871 2702 936 videtur,
2739 884 3069 938 componere,
3097 879 3383 941 posteaque
3418 889 3514 940 pro
3541 872 3726 927 iisdem

2138 964 2327 1037 primis
2355 964 2633 1017 divendere
2652 978 2717 1015 ac
2737 961 3029 1031 publicare,
3059 964 3256 1016 astutia
3273 972 3368 1026 est,
3393 962 3610 1034 fallacia
3627 973 3724 1027 est,

2140 1055 2294 1125 fraus
2331 1065 2429 1119 est,
2461 1053 2758 1107 auctoribus
2788 1052 3137 1122 piis,sursum
3177 1070 3383 1108 uersum
3431 1071 3487 1109 os
3535 1056 3723 1125 offucia

2138 1145 2398 1200 sublinere
2443 1153 2538 1210 est,
2593 1153 2652 1198 ut
2689 1144 2825 1199 nihil
2853 1144 2919 1199 de
2950 1132 3208 1199 sententia
3236 1146 3433 1211 dicam,
3460 1162 3622 1212 quam
3652 1163 3726 1200 an

2137 1245 2340 1290 mutato
2363 1235 2518 1305 style,
2539 1235 2752 1304 ﬁrmam
2774 1235 2828 1288 in
2851 1236 3088 1290 omnibus
3105 1235 3188 1291 ειις
3223 1220 3468 1302 tenuerit,
3493 1234 3725 1306 judicent

2137 1330 2255 1385 alii.
2275 1329 2346 1384 Ni
2368 1332 2503 1401 forte
2525 1329 2667 1397 apud
2694 1328 2975 1384 nonnullos
3003 1329 3209 1382 ueniam
3225 1329 3328 1382 sibi
3342 1313 3564 1382 inveniet
3577 1332 3727 1400 fraus

2136 1421 2202 1476 ab
2230 1422 2364 1489 ipso,
2387 1421 2476 1485 qui
2498 1436 2615 1474 eam
2633 1420 3066 1485 comminiscitur,
3084 1421 3340 1490 professa.
3369 1418 3472 1474 Sed
3492 1421 3609 1490 quis
3626 1422 3725 1474 mi-

2137 1513 2339 1565 nimum
2356 1510 2623 1566 excusabit
2642 1525 2758 1564 eam
2779 1519 3023 1580 apertam
3047 1511 3291 1580 fraudem
3319 1527 3424 1564 non
3453 1526 3588 1575 esse,
3606 1527 3725 1565 cum

2140 1602 2323 1658 Lector
2347 1600 2580 1657 Suriana
2610 1604 2677 1657 ab
2713 1602 2946 1656 auctoris
2971 1603 3190 1673 geminis
3216 1602 3385 1655 verbis
3420 1602 3726 1671 dignoscere

2138 1714 2241 1752 non
2264 1695 2476 1751 valeat?
2498 1696 2723 1752 Poterat
2758 1696 2849 1750 ille
2869 1712 2970 1750 sua
2996 1696 3365 1749 eharacterum
3405 1695 3534 1761 alio,
3567 1707 3726 1766 atque

2139 1788 2248 1845 alio
2292 1804 2477 1860 genere
2521 1788 2580 1843 in
2627 1788 2749 1856 ipsa
2775 1786 3005 1841 editione
3047 1787 3113 1841 ab
3142 1787 3266 1841 aliis
3292 1787 3628 1858 distinguere,
3665 1798 3724 1840 ut

452 1890 627 1955 prima
645 1864 931 1957 jam'ctrpi
957 1864 991 1941 :7
1021 1892 1181 1955 atque
1219 1883 1574 1955 germanitate
1597 1896 1824 1946 summa,
1876 1888 1934 1935 ut
1962 1879 2043 1934 uel
2072 1864 2114 1921 Β
2143 1881 2314 1952 fecere
2358 1881 2415 1936 in
2461 1878 2901 1948 Interpretatione
2945 1877 3257 1948 Thucydidis
3301 1896 3336 1933 a
3393 1878 3543 1933 Valla
3600 1896 3727 1934 con-

452 1982 634 2049 patria
678 1995 794 2034 mea
848 1977 1094 2049 requirit,
1155 1979 1349 2031 iterato
1385 1972 1613 2044 fatebor,
1656 1987 1816 2042 quam
1836 1968 2041 2034 multa,

456 2071 530 2125 mi
588 2069 713 2133 Leo,
763 2068 831 2122 ab
888 2066 1164 2122 excellenti
1225 2063 1521 2119 eruditione
1582 2070 1680 2116 tua
1738 2058 2038 2115 didicerim.

457 2160 728 2215 Francisci
788 2158 967 2215 Scorsi
998 2160 1164 2213 nostri
1207 2156 1588 2226 Theophanem,
1619 2169 1890 2224 nunquam
1943 2152 2042 2205 ha-

454 2263 633 2307 ctenus
684 2251 795 2307 vidi
829 2266 848 2306 :
883 2266 987 2306 non
1010 2248 1192 2304 dubito
1220 2248 1487 2303 eruditum
1517 2246 1669 2302 ualde
1698 2246 2049 2315 interpretem.

454 2359 598 2409 esse;
631 2343 721 2396 sed
751 2343 816 2396 de
845 2342 961 2412 ejus
990 2340 1232 2397 (Ieramei
1274 2348 1430 2394 aetate
1458 2353 1666 2409 unaque
1713 2338 1779 2392 de
1827 2351 2038 2395 summa

455 2433 668 2505 cherii
694 2432 976 2505 φιλοτιμίᾳ
1022 2433 1078 2486 in
1106 2431 1403 2502 appetendo
1453 2428 1607 2483 titulo
1658 2426 1838 2498 Regis,
1867 2436 2039 2481 tecum

453 2523 750 2592 plenissime
804 2521 972 2576 sentio
1006 2536 1070 2575 ea:
1098 2519 1336 2590 pluribus
1364 2519 1540 2574 causis
1590 2533 1616 2573 s
1664 2515 1912 2586 proinde;
1939 2515 2037 2570 illa

454 2613 521 2666 de
550 2611 760 2683 Rngerii
793 2611 1004 2665 nomine
1026 2609 1321 2674 subtilitas,
1355 2617 1613 2679 tanquam
1636 2608 1888 2662 mendosa
1916 2605 2039 2663 ἀντὶ

454 2704 556 2773 τῆς
581 2703 746 2777 ρόγας
778 2702 951 2772 posita
978 2701 1165 2771 fuerit,
1195 2701 1314 2770 plus
1343 2716 1426 2755 me
1453 2698 1702 2766 delectat,
1739 2715 1897 2769 quam
1924 2714 2039 2753 mo-

458 2804 557 2850 uet.
603 2795 678 2849 De
711 2791 1052 2848 Ceuebrardo
1102 2793 1230 2864 quid
1284 2792 1504 2849 dicam?
1541 2791 1835 2847 Tantumne
1866 2794 2039 2847 uirum

453 2887 510 2941 in
544 2886 651 2940 illis
686 2884 870 2944 Suidte
907 2885 1074 2940 verbis
1127 2884 1506 2956 intelligendis,
1548 2899 1667 2955 qua
1719 2884 2051 2945 mentionem

456 2979 521 3032 de
547 2976 799 3049 Symeone
829 2977 1119 3049 Logotheta
1172 2976 1396 3047 faciunt,
1448 2984 1558 3031 tam
1610 2976 1836 3045 turpiter
1889 2974 2038 3029 labi?

456 3072 525 3124 At
557 3070 646 3125 ille
678 3069 1012 3134 Caminiata,
1048 3084 1200 3147 quem
1227 3068 1284 3121 in
1313 3076 1407 3121 tua
1449 3065 1680 3122 diatriba
1727 3066 1885 3131 citas,
1919 3066 2036 3136 quis

455 3164 568 3219 est?
601 3179 722 3218 nam
756 3172 804 3221 et
832 3163 968 3216 hunc
993 3176 1263 3232 nunquam
1294 3160 1495 3214 editum
1517 3169 1664 3229 puto,
1688 3168 1744 3213 ut
1767 3169 1817 3215 et
1839 3159 2036 3213 Cinna-
2060 3194 2104 3254 α

455 3272 600 3311 mum
650 3256 823 3321 illum,
862 3254 1016 3325 cujus
1076 3269 1214 3307 nunc
1246 3261 1422 3306 tamen
1472 3252 1754 3307 editionem
1782 3250 2034 3308 Possinus

456 3359 633 3403 uoster
659 3348 905 3402 adornat.
930 3344 1015 3401 Ita
1047 3346 1296 3400 nimirum
1323 3360 1435 3416 ego,
1472 3344 1563 3414 qui
1581 3344 1799 3415 jamdiu
1828 3341 2039 3400 Greece-

456 3457 578 3495 rum
613 3449 850 3494 auctores
884 3454 1061 3494 omnes
1098 3453 1401 3509 cognoscere
1425 3437 1629 3502 studeo,
1660 3437 1832 3492 adhuc
1857 3437 2039 3506 inﬁni-

457 3541 536 3589 tos
566 3548 832 3602 superesse
884 3546 1060 3596 cerno,
1108 3546 1238 3601 quos
1288 3530 1541 3584 nesciam.
1592 3527 1793 3584 Licebit
1845 3531 1930 3584 hic
1960 3531 2041 3585 ui-

454 3629 583 3678 deas
615 3664 631 3689 ,
701 3624 775 3678 mi
821 3622 963 3688 Leo,
1027 3638 1229 3677 memor
1278 3622 1395 3676 triti
1451 3620 1598 3675 illius
1643 3621 1709 3675 de
1753 3621 2038 3683 Macedone

453 3724 668 3785 propter
723 3713 1013 3769 Democriti
1065 3714 1289 3768 mundos
1324 3713 1557 3783 infinitos
1617 3713 1789 3779 irato;
1840 3721 1895 3766 ut
1944 3715 2034 3781 qui

454 3808 685 3860 nondum
712 3805 792 3861 uel
829 3822 991 3860 unum
1016 3805 1174 3875 probe
1203 3804 1509 3877 subegisset.
1531 3803 1681 3858 Mitto
1715 3820 1852 3858 nunc
1878 3804 2038 3877 simul

452 3912 499 3954 et
540 3900 704 3956 semel
749 3909 913 3955 totam
961 3909 1167 3970 portent
1219 3899 1357 3953 hanc
1386 3894 1651 3969 primam;
1682 3905 1840 3969 utque
1885 3896 2037 3952 illam

452 3995 509 4049 iu
537 3993 722 4064 pignus
751 3993 1001 4046 amicitiae
1044 3999 1239 4046 nostra:
1292 3990 1599 4054 nominatio
1652 3989 1837 4045 Vestra
1887 4006 2038 4045 acceb

451 4097 605 4154 piare
652 4086 917 4155 dignetur,
963 4078 1154 4152 δέσμαι
1198 4081 1301 4152 τῆς
1358 4082 1456 4153 σῆς
1486 4081 1900 4155 φιλανθρωπζας
1934 4082 2035 4154 τῆς

454 4176 619 4230 πάνυ.
649 4172 918 4227 Monachii
947 4172 1016 4228 29
1042 4170 1179 4227 Maii
1203 4170 1361 4228 1643.

525 4265 951 4327 llumanissimis
986 4264 1074 4320 his
1112 4264 1314 4320 litteris
1339 4264 1477 4320 mihi
1513 4265 1585 4322 ob
1646 4280 1818 4322 novas
1848 4266 2036 4323 turbas

346 4384 355 4391 ο
454 4360 511 4415 in
551 4356 775 4412 staria
831 4365 1051 4412 exortus
1101 4354 1376 4427 principio
1430 4357 1638 4413 mensis
1695 4356 2034 4426 Septembris

452 4446 701 4512 redditis,
733 4445 915 4501 statim
949 4444 1023 4501 ita
1052 4444 1309 4515 respondi
1340 4462 1354 4499 :
1381 4445 1682 4500 Admodum
1734 4446 2033 4502 Reverentia

2140 1972 2334 2040 scripta
2386 1969 2681 2040 Stephanus
2738 1980 2787 2026 ct
2842 1968 3059 2025 Portus.
3115 1970 3244 2025 Tum
3300 1969 3461 2025 Suria
3515 1974 3725 2043 gratias

2140 2080 2437 2134 ageremus.
2482 2063 2621 2133 quod
2667 2061 2815 2118 illius
2861 2078 3041 2131 opera,
3091 2071 3143 2116 et
3190 2073 3458 2119 auctorem
3498 2075 3722 2119 veterem

2142 2153 2293 2227 [MO]
2359 2154 2693 2221 haberemus,
2736 2162 2785 2209 et
2829 2153 2976 2207 illius
3003 2154 3187 2207 studio
3225 2154 3616 2225 elegantiorem,
3670 2164 3723 2209 et

2139 2244 2247 2305 ictu
2270 2246 2406 2300 oculi
2423 2258 2473 2300 et
2493 2244 2753 2311 Suriana,
2776 2255 2827 2300 et
2856 2245 3104 2300 Auctoris
3130 2246 3310 2312 verba,
3332 2247 3722 2317 sententiasque

2139 2339 2511 2409 conferremus.
2567 2338 2693 2393 Mihi
2726 2354 2855 2394 sane
2901 2355 3048 2409 teque
3080 2354 3143 2392 ac
3173 2338 3266 2392 tibi
3292 2339 3516 2407 simplex
3562 2337 3717 2403 illud,

2138 2433 2459 2502 minimeque
2493 2433 2729 2503 fucatum
2782 2432 2992 2486 dicendi
3050 2448 3234 2503 genus,
3272 2432 3409 2502 quod
3448 2440 3721 2500 tantopere

2141 2522 2408 2577 admirata
2444 2528 2520 2577 est
2574 2519 2884 2577 Christiana
2914 2522 3207 2592 antiquitas
3245 2536 3575 2590 summopere
3599 2536 3722 2589 per-

2136 2614 2329 2682 placet,
2366 2622 2417 2667 et
2440 2614 2633 2668 veritas
2656 2612 2720 2666 ab
2770 2614 2914 2667 omni
2944 2622 3136 2668 ornatu
3179 2613 3446 2667 denudata
3477 2615 3717 2667 animum

2139 2706 2431 2761 acrioribus
2486 2704 2717 2760 stimulis
2768 2706 2838 2759 ad
2886 2706 3135 2774 pietatem
3182 2707 3375 2760 excitat
3414 2721 3433 2762 :
3489 2722 3590 2760 non
3639 2706 3717 2759 ita

2140 2808 2313 2853 tamen
2337 2807 2390 2852 ut
2422 2814 2503 2852 res
2530 2798 2640 2853 illa:
2669 2797 2981 2870 elegantiori
3006 2798 3142 2869 stglo
3173 2800 3440 2867 exposita,
3485 2809 3536 2853 et
3565 2815 3724 2853 anuu-

2138 2889 2368 2945 nioribus
2425 2889 2658 2944 colorum
2709 2890 2943 2959 ﬂosculis
2990 2892 3332 2946 intersum-tae
3382 2891 3714 2961 rejiciantur.

2135 2980 2460 3052 Complector
2489 2999 2693 3061 summe
2727 2984 3006 3054 elegantes,
3041 2995 3088 3039 et
3129 2983 3354 3037 Latinas
3374 2983 3583 3038 dicendi
3605 2984 3720 3054 for-

2136 3076 2310 3129 mulas
2339 3091 2458 3129 cum
2482 3076 2701 3131 veritate
2721 3076 3053 3145 conjunctae,
3084 3077 3273 3146 quibus
3311 3078 3515 3131 doctior
3544 3076 3719 3145 factus

2136 3180 2243 3218 una
2278 3165 2528 3231 pietatem
2554 3160 2791 3222 addisco.
2821 3164 2925 3221 Sed
2964 3167 3095 3221 ntihi
3125 3183 3296 3222 sermo
3333 3177 3408 3221 est
3428 3169 3493 3221 de
3514 3176 3719 3223 mutato

2139 3257 2191 3310 in
2235 3257 2463 3311 aliorum
2519 3259 2727 3328 scriptis
2762 3257 2918 3327 stylo.
2977 3268 3261 3329 posteaque
3312 3259 3419 3313 illis
3470 3261 3718 3314 Auctoris

2136 3347 2295 3414 primi
2338 3349 2549 3403 nomine
2607 3336 2720 3402 sine
2747 3348 2858 3402 ulla
2888 3350 3205 3403 mutationis
3245 3360 3369 3403 nota
3413 3350 3718 3405 divenditis;

2140 3435 2431 3492 Videndum
2475 3448 2571 3505 est,
2600 3439 2684 3493 An
2726 3447 2780 3493 et
2834 3432 3235 3509 Metaphrsstes
3268 3440 3398 3509 quid
3429 3440 3605 3495 simile
3635 3440 3716 3494 fe-

2099 3524 2290 3584 cerit.
2350 3527 2645 3584 Videamus.
2698 3528 2932 3593 Psellus,
2995 3530 3084 3599 qui
3123 3531 3300 3585 omnia
3345 3531 3718 3599 Metaphrastc

2136 3620 2314 3674 studia
2355 3620 2410 3675 in
2458 3620 2743 3675 scribendis
2795 3621 2925 3675 Vitis
2975 3631 3279 3677 sanctorum
3322 3624 3717 3678 accuratissime

2134 3722 2440 3780 prosecutus
2513 3720 2611 3777 est,
2663 3713 2902 3783 quamvis
2965 3714 3199 3781 dixerat,
3240 3715 3407 3770 .male
3457 3729 3713 3786 comptas.

2136 3803 2497 3874 inurbaneque
2530 3804 2854 3873 conscriptas
2895 3805 3216 3875 elegantiora
3242 3805 3379 3875 stylo
3411 3822 3713 3873 enarrasse,

2136 3908 2407 3964 nunquam
2469 3903 2644 3951 tamen
2675 3895 2829 3958 dixit,
2861 3896 2918 3948 in
2964 3895 3227 3959 aliquibus
3273 3897 3468 3968 stylum
3524 3901 3751 3953 immu-—

2138 3995 2319 4051 tasse;
2368 3987 2425 4041 in
2454 3987 2720 4057 a'liquibus
2764 3989 2841 4042 ita
2880 3995 2934 4042 ut
2973 4000 3088 4042 erat
3135 3988 3407 4061 reliquisse
3438 4007 3456 4045 :
3486 4007 3751 4060 postmc-n

2135 4078 2263 4132 dum
2300 4076 2472 4132 Viam
2511 4078 2663 4133 illam
2706 4083 2804 4134 sub
2851 4079 3012 4147 primi
3062 4082 3335 4149 scriptoris
3381 4084 3591 4138 nomine
3615 4099 3717 4150 pu-

2135 4167 2377 4223 blicnset.
2417 4168 2563 4234 Quod
2613 4178 2661 4224 et
2719 4186 2899 4225 verum
2952 4181 3065 4234 est;
3109 4188 3235 4226 nam
3267 4170 3493 4242 Symeon
3547 4173 3717 4242 Vitas,

2134 4278 2268 4333 quas
2293 4263 2393 4318 sibi
2418 4263 2649 4317 scribere
2691 4274 3072 4333 proposuerat,
3112 4265 3193 4318 ita
3230 4266 3287 4319 in
3314 4265 3482 4320 alium
3515 4283 3719 4322 sermo-

2135 4372 2252 4411 nem
2290 4355 2502 4421 extulit,
2524 4366 2582 4410 ut
2629 4374 2790 4428 prope
2815 4359 2934 4428 jam
2966 4371 3130 4415 essent
3185 4356 3495 4416 elocutione
3524 4379 3557 4417 a
3601 4364 3721 4432 pri-

2135 4451 2235 4503 mis
2262 4448 2367 4503 illis
2390 4449 2628 4516 direrste,
2659 4450 2877 4521 ideoque
2925 4467 3052 4506 suas
3105 4451 3513 4526 Μεταφράσεις,
3545 4452 3719 4508 Meta-
3750 4458 3753 4461 ’

452 4535 631 4603 Patri,
667 4535 1085 4606 Doctissimoquc
1114 4532 1321 4590 Simoni
1358 4534 1733 4603 Wagnereclsio
1765 4535 1870 4592 Leo
1929 4536 2028 4591 Al-
2059 4528 2103 4585 Ῑ)
2133 4541 2381 4615 phrases,
2412 4542 2467 4595 in
2497 4541 2663 4596 aliam
2704 4557 2888 4611 nempe
2915 4543 3151 4615 linguam
3177 4560 3453 4599 conuersas
3489 4547 3712 4610 vocavit,

453 4629 612 4684 latius
685 4626 743 4683 S.
814 4627 880 4685 P.
934 4626 1004 4683 Β.
1066 4626 1189 4682 Mea
1233 4628 1299 4681 de
1348 4627 1607 4699 Symeone
1668 4627 2027 4699 Metaphraste.

451 4726 591 4777 dicta
623 4722 839 4793 probari
867 4721 958 4777 abs
985 4730 1052 4788 te,
1099 4721 1362 4791 triumpho
1395 4731 1445 4776 et
1469 4723 1674 4794 gaudeo
1693 4738 1713 4777 :
1737 4723 1857 4793 jam
1886 4724 2027 4778 enim

450 4812 516 4871 ab
551 4816 979 4872 adversariorum
1032 4817 1172 4881 telis,
1200 4808 1478 4886 morsuque
1536 4824 1680 4869 tutus
1725 4817 1814 4871 vis:
1851 4832 1940 4871 ero
1993 4833 2027 4870 a

448 4908 783 4975 Doctissimo,
831 4919 879 4964 et
927 4925 1105 4965 rerum
1132 4908 1322 4963 harum
1355 4908 1729 4964 callentissimo
1754 4911 2024 4979 probatus.

455 5003 517 5059 Ut
546 5019 725 5057 verum
759 5003 956 5074 fatear,
985 5002 1248 5057 Iuerebam
1276 5012 1432 5057 antea
1464 5017 1568 5055 non
1600 5018 1812 5069 parum,
1837 5005 2030 5069 pende—

447 5090 671 5165 bantque
701 5093 891 5160 animi,
932 5093 1162 5164 mihique
1181 5093 1569 5165 quodammodo
1602 5093 1894 5147 metuebam
1945 5095 2030 5147 in-

447 5191 606 5253 scius,
658 5203 728 5242 au
780 5202 896 5258 qua:
924 5186 1033 5256 ipse
1062 5186 1128 5240 de
1172 5184 1547 5255 Metaphrastce
1580 5194 1757 5251 aetate,
1799 5194 1850 5239 et
1906 5186 2031 5240 aliis

449 5268 863 5350 disputaveram,
900 5278 995 5333 tibi
1027 5277 1294 5349 placitura
1338 5286 1531 5342 essent,
1567 5293 1731 5348 neque
1754 5277 1926 5347 potius
1946 5279 2030 5341 Tad

449 5373 846 5446 correctionem,
865 5386 1023 5439 quum
1041 5370 1112 5423 ad
1132 5368 1359 5440 gloriam
1382 5379 1713 5439 comparata.
1736 5368 1876 5434 Quid
1892 5371 2032 5425 enim

448 5481 663 5530 sperare
700 5472 937 5533 poteram
962 5463 1019 5515 in
1041 5461 1193 5516 rebus
1227 5459 1620 5525 occultissimis,
1647 5471 1695 5515 et
1718 5478 1751 5515 a
1783 5461 1908 5516 uiris
1931 5474 2033 5516 tute

449 5552 726 5607 Societatis
756 5552 994 5622 apprime
1034 5552 1251 5606 eruditis
1296 5550 1429 5604 adeo
1476 5550 1643 5606 solide
1694 5552 2036 5618 pertractatis

449 5644 699 5719 ingenioli
721 5646 825 5698 mei
843 5642 1068 5698 tantillis
1088 5645 1284 5698 uiribus
1311 5644 1491 5698 nisus?
1521 5642 1659 5696 Dum
1686 5643 1897 5698 interim
1920 5644 2037 5698 lau-

450 5740 548 5792 dor
566 5736 657 5790 abs
672 5745 721 5790 te
742 5736 1046 5805 placeoque,
1064 5734 1259 5800 laboris
1267 5735 1626 5806 jantzsuscepti
1647 5748 1740 5789 nec
1765 5734 1918 5788 modo
1928 5750 2038 5803 pae-

450 5830 577 5889 nitet
613 5845 705 5887 nec
729 5828 991 5901 paenitebit
1016 5829 1357 5895 imposterum
1381 5843 1398 5882 :
1426 5828 1532 5892 imo
1563 5828 1632 5883 ad
1660 5825 1862 5882 similia
1887 5843 2037 5882 scru-

2128 4644 2177 4688 et
2206 4633 2299 4687 sub
2321 4650 2416 4687 sua
2445 4635 2675 4699 nomine,
2717 4634 2914 4689 abolito
2943 4645 3116 4690 uetere
3142 4638 3415 4705 scriptore,
3439 4639 3522 4692 edi
3555 4654 3719 4694 cura-

2126 4725 2220 4778 vit.
2244 4723 2311 4778 Et
2342 4724 2461 4779 licet
2495 4726 2549 4779 in
2579 4726 2812 4796 antiquis
2838 4728 3109 4796 scriptoris
3160 4728 3310 4797 fieret
3335 4730 3555 4794 mentio,
3594 4732 3713 4783 Me-
3799 4738 3807 4796 ξ

2129 4817 2430 4885 taphrastcs
2459 4827 2639 4872 tamen
2671 4817 2817 4871 illius
2835 4833 3110 4885 suppresso
3137 4821 3369 4885 nomine,
3397 4831 3714 4889 netenipora

2130 4909 2599 4978 confunderentur,
2654 4910 2862 4977 reliqua
2915 4909 3013 4985 sibi
3078 4910 3302 4978 probata
3347 4914 3542 4982 scripto
3589 4929 3716 4966 con-

2128 4999 2374 5068 signuvit.
2421 4999 2517 5054 Ubi
2544 5014 2666 5053 vero
2698 4997 2971 5064 scriptoris
3021 5002 3353 5073 Antiquioris
3399 5006 3714 5059 memoriam

2130 5090 2303 5159 facere
2347 5090 2533 5156 noluit,
2583 5090 2639 5142 id
2694 5090 2773 5143 ita
2821 5091 2963 5161 fecit,
3000 5101 3058 5145 ut
3117 5110 3221 5147 non
3253 5094 3519 5149 uideretur
3566 5096 3719 5151 illius

2136 5181 2283 5245 Vita',
2335 5198 2489 5251 quam
2541 5182 2995 5236 commentabatur
3039 5183 3289 5254 Symeon.
3348 5196 3564 5253 auctor,
3614 5191 3707 5241 sed

2133 5272 2391 5336 alterius,
2458 5288 2576 5342 qua:
2636 5282 2758 5327 ante
2825 5275 3001 5341 ipsum
3072 5277 3558 5346 circumferebatur.
3624 5278 3719 5333 Vi-

2134 5375 2241 5420 tam
2325 5365 2462 5419 enint
2537 5364 2692 5419 illam
2754 5376 2879 5421 ante
2941 5383 3000 5421 se
3072 5369 3439 5436 conscripsisse
3505 5369 3715 5439 fateba~

2136 5467 2223 5512 tur
2264 5457 2419 5520 hunc,
2476 5459 2558 5513 eel
2610 5458 2762 5513 illum
2811 5461 3138 5528 scriptorem.
3194 5459 3258 5514 Id
3317 5461 3556 5528 exemplo
3614 5475 3717 5529 pa-

2136 5550 2328 5603 tentius
2369 5550 2478 5619 ﬁet.
2528 5550 2594 5605 In
2645 5551 2763 5606 Vite
2806 5550 3075 5622 Symeouis
3108 5550 3317 5621 Stylitte
3358 5555 3412 5605 in
3441 5552 3711 5607 Handra:

2136 5640 2430 5711 Συμεώνην
2449 5641 2542 5697 τὸν
2566 5641 2732 5705 πάνυ,
2759 5642 2823 5696 τὸ
2856 5642 2999 5713 μέτα
3039 5640 3227 5713 θαῦμα
3260 5643 3358 5713 τῆς
3385 5644 3712 5714 οξκουμένης

2137 5734 2233 5787 κιπιὶ⁸
2265 5734 2386 5787 ὅσοι
2411 5734 2512 5803 τῆς
2556 5734 2658 5803 γῆς
2699 5734 2829 5788 ἄλλο
2873 5749 2927 5786 τι
2960 5734 3126 5804 μέρος
3166 5734 3352 5805 λαχεῖν
3403 5735 3614 5806 ἔλαχθν.
3645 5735 3711 5788 Oi

2142 5828 2242 5899 μὲν
2296 5826 2419 5897 ὕψει
2489 5826 2557 5882 τὰ
2600 5826 2837 5891 ἐκείνου,
2889 5826 2938 5879 οἱ
2982 5825 3041 5879 δὲ
3091 5827 3228 5899 ἀκοῇ
3274 5828 3705 5900 παραλασόπιτες,
3764 5862 3771 5873 .
