4134 6452
501 396 594 462 ιιι

1150 403 1249 464 DE
1288 402 1638 470 SCRIPTIS
1675 403 2058 467 SYMEONIS
2097 403 2678 466 METAPHRASTAE
2716 401 3102 463 DIATRIBA.

3659 397 3764 462 ΗΞ

495 511 743 580 γλώττης
760 513 978 584 τρυφὴν
1000 515 1095 568 τὸν
1117 517 1289 591 ἄνδρα
1311 519 1662 589 πεποίηνται.
1692 519 1885 589 Μέγας
1903 520 2083 573 τοίνυν

2204 515 2437 588 igricola:
2469 513 2720 569 industrii
2740 522 2794 568 et
2815 512 3120 584 diligentes,
3150 508 3240 579 qui
3261 507 3423 564 vitem
3460 509 3768 566 fmcundam

495 595 654 664 οὗτος
686 600 784 666 ὢν,
819 603 917 655 καὶ
944 603 1120 669 πολὺς
1149 605 1247 678 τὴν
1291 608 1480 678 φήμην
1520 607 1836 678 γενόμενος,
1877 608 2090 661 πολλῶν

497 695 661 764 ἔτυχε
688 695 785 748 καὶ
803 693 913 748 τῶν
941 697 1314 770 συγγραφέων
1333 715 1348 731 ο
1379 699 1494 752 ἀλλ’
1519 699 1696 762 οὐδεὶς
1719 700 1930 753 οὐδέπω
1949 699 2092 754 κατὰ

501 787 674 858 μέρος
696 786 766 840 τὰ
792 787 915 841 κατ’
946 787 1115 842 αὐτὸν
1143 789 1442 859 διεξῆλθεν,
1465 790 1586 844 οὐδὲ
1614 792 1695 853 εἰς
1721 789 1937 844 ἅπαντα
1961 789 2096 843 καθ-

497 877 639 946 ῆκεν
691 878 905 943 ἐαυτὸν,
962 879 1086 933 οὐδέ
1145 881 1410 950 ἀκριϐῶς,
1461 882 1610 943 ὅπως
1660 881 1869 934 ἕκαστα
1923 873 2093 950 εἶχον,

499 966 840 1036 ἀνέγραψεν.
887 967 1056 1020 Ἀλλὰ
1085 969 1214 1031 τοὺς
1243 970 1355 1022 ἄνω
1387 969 1610 1040 χρόνους
1636 968 1694 1022 ἐν
1724 967 2096 1035 κεφαλαιώδε-

507 1075 597 1110 σιν
631 1059 922 1127 ἐπιτομαῖς
958 1059 1232 1122 εἰπόντες,
1264 1059 1384 1112 ἔνιά
1412 1075 1474 1111 τε
1515 1059 1623 1111 τῶν
1658 1059 1716 1110 ἐν
1770 1057 1922 1129 μέσῳ
1954 1075 2095 1130 παρ-

505 1150 775 1219 έδραμον,
809 1152 901 1203 καὶ
946 1150 1066 1203 οὐδέ
1108 1150 1243 1220 πρὸς
1291 1149 1424 1203 αὐτὸ
1453 1150 1514 1204 τὸ
1560 1150 1714 1212 τέλος
1742 1150 1852 1204 τῶν
1900 1150 2094 1203 τούτου

510 1241 774 1310 πράξεων
797 1237 963 1311 ἦλθον
979 1256 994 1271 ⁸
1020 1242 1152 1312 ήμῖν
1177 1241 1233 1294 δὲ
1255 1243 1526 1312 χρήσιμος
1547 1243 1575 1295 ό
1602 1241 1730 1313 περὶ
1755 1241 1920 1296 αὐτοῦ
1943 1241 2096 1295 ἔσται

507 1333 694 1400 λόγος,
728 1331 940 1387 ἄνωθέν
969 1349 1028 1385 τε
1073 1333 1422 1404 ἀρχομένοις,
1457 1335 1552 1388 καὶ
1585 1334 1678 1387 ἐπὶ
1714 1335 1784 1388 τὰ
1810 1333 2096 1388 τελευταῖα

510 1426 610 1479 τοῦ
661 1424 855 1493 ἀνδρὸς
911 1424 1344 1488 καταδιδάζουσι
1377 1425 1478 1493 τὴν
1526 1425 1799 1496 διήγησιν.
1838 1424 2095 1497 Magnum

516 1515 866 1586 Symeonem,
890 1515 1083 1586 ingens
1113 1517 1260 1570 orbis
1289 1526 1556 1572 terrarum
1583 1516 1929 1581 miraculum,
1953 1526 2009 1572 et
2031 1533 2099 1573 ex

524 1607 621 1668 iis,
656 1607 745 1675 qui
769 1619 923 1660 terra:
946 1610 1200 1678 regiones
1224 1607 1354 1661 alias
1377 1615 1538 1678 atque
1566 1608 1699 1662 alias
1727 1595 2094 1674 incoluerunt,

535 1697 751 1762 quidam
778 1712 860 1751 res
892 1705 1074 1767 gestas
1101 1697 1246 1752 illius
1281 1697 1476 1764 oculis,
1503 1697 1724 1767 quidam
1755 1697 1943 1752 auditu
1971 1713 2098 1768 per-

536 1791 809 1858 cipientes,
875 1792 1056 1845 virum
1092 1790 1290 1862 linguae
1329 1806 1442 1846 sure
1469 1789 1696 1846 delicias
1750 1790 1951 1846 fecere.
1987 1789 2100 1846 Ma-

2190 618 2247 664 et
2280 608 2548 662 fructibus
2583 607 2807 662 uberem
2833 604 3254 670 vindemiantes,
3284 603 3510 658 omnino
3533 619 3598 659 ex
3625 604 3770 658 illius

2191 698 2403 755 fructus
2445 698 2848 762 benedictione,
2883 697 3048 752 etiam
3090 695 3339 752 nolentes
3361 695 3448 760 iis,
3491 695 3586 766 qui
3623 705 3772 750 retro

2191 804 2288 846 eos
2341 798 2668 858 sequuntur,
2700 787 3035 858 pauperibus
3071 787 3281 843 fructus
3329 785 3768 855 decerpentibus,

2192 878 2396 950 aliquid
2421 877 2864 948 praetermittunt.
2890 877 2970 932 Ex
2995 877 3195 948 quibus
3213 891 3315 931 nos
3336 891 3553 946 quoque
3583 890 3774 930 sumus

2193 961 2432 1026 minimi.
2479 969 2634 1024 Licet
2678 969 2826 1024 enim
2883 968 3012 1023 totis
3067 968 3274 1023 viribus
3337 966 3666 1022 sanctissimi
3715 966 3773 1020 hi

2192 1076 2324 1115 vere
2356 1061 2498 1114 hanc
2532 1061 2731 1115 olivam
2762 1058 3123 1123 fructiferam,
3173 1066 3397 1129 propter
3430 1058 3774 1112 abundantes

2197 1155 2253 1209 in
2292 1172 2356 1211 ea
2390 1156 2564 1210 olivas
2595 1156 2651 1210 in
2683 1156 2846 1210 domo
2888 1155 3006 1222 Dei,
3046 1163 3108 1209 ut
3137 1155 3212 1209 ait
3258 1154 3564 1224 hymnodus
3582 1151 3773 1213 David.

2195 1248 2494 1317 plantatam
2538 1247 2873 1302 vindemiare
2915 1247 3104 1302 divino
3131 1245 3251 1301 zelo
3295 1245 3645 1307 studuerunt,
3692 1243 3778 1298 ni-

2197 1339 2496 1394 hilominus
2554 1337 2692 1410 fugit
2739 1339 2886 1409 ipsos
2919 1339 3124 1394 multus
3161 1338 3320 1392 olivae
3372 1337 3604 1402 fructus,
3665 1334 3776 1390 Deo

2195 1429 2514 1499 providente
2578 1437 2827 1484 nostrum
2907 1429 3150 1494 humile,
3204 1442 3481 1499 segneque
3537 1425 3777 1507 studium

2199 1522 2468 1591 accipere,
2501 1521 2964 1591 quemadmodum
3013 1521 3191 1576 viduae
3227 1535 3336 1575 atra
3388 1519 3600 1574 minuta
3641 1517 3775 1573 duo.

2197 1611 2389 1682 Neque
2457 1611 2605 1668 enim
2673 1627 2771 1667 eos
2839 1611 3219 1677 criminantes,
3275 1625 3455 1680 neque
3514 1619 3776 1680 tanquam

2200 1717 2390 1758 eorum
2445 1719 2474 1758 a
2528 1703 2638 1759 Deo
2698 1703 2957 1759 donatam
2997 1701 3325 1772 sapientiam
3383 1701 3628 1756 temulari
3679 1715 3777 1757 vo-

2201 1792 2406 1859 lentes,
2471 1791 2612 1850 Justi
2685 1793 2928 1850 facinora
3024 1795 3231 1864 scripto
3307 1792 3522 1847 tradere
3588 1806 3778 1847 susce-

522 1899 660 1953 gnus
689 1884 870 1952 itaque
900 1883 990 1937 hic
1043 1859 1364 1948 cum—esset,
1393 1893 1450 1939 et
1482 1884 1623 1939 fama
1655 1885 1798 1940 illius
1823 1894 1971 1940 esset
1998 1901 2101 1940 un-
2126 1859 2174 1919 B
2203 1885 2418 1955 pimus.)
2479 1884 2852 1954 Meta-phrastes
2925 1901 2989 1939 ea:
3032 1859 3156 1947 his;
3217 1900 3309 1938 nec
3368 1900 3471 1938 non
3521 1892 3570 1938 et
3611 1883 3780 1938 Leon-

519 1976 685 2044 dique
741 1975 1078 2045 pervulgata,
1144 1977 1348 2032 multos
1407 1977 1597 2032 habuit
1650 1992 1872 2032 suarum
1913 1993 2098 2034 rerum

515 2069 848 2137 scriptores;
911 2067 1007 2122 sed
1063 2084 1227 2124 nemo
1278 2084 1518 2138 unquam
1569 2069 1640 2124 ad
1689 2069 1806 2124 haec
1853 2078 2098 2140 tempora

516 2175 712 2214 omnes
769 2169 1091 2230 persecutus
1137 2167 1242 2228 est,
1296 2177 1399 2216 nec
1456 2162 1742 2217 universas
1810 2161 2099 2234 colligendi

515 2249 761 2304 studium
789 2251 1108 2320 insumpsit,
1137 2265 1314 2320 neque
1343 2259 1619 2318 accurate,
1671 2261 1731 2307 ut
1772 2251 1984 2324 singula
2010 2268 2100 2308 ac-

514 2339 722 2402 cidere,
767 2339 973 2408 scripto
1009 2339 1281 2411 signavit;
1307 2340 1401 2395 sed
1432 2341 1741 2412 superiores
1763 2356 1939 2397 annos
1960 2342 2102 2412 capi-

515 2430 668 2483 tibus
715 2429 1040 2499 compendio
1091 2430 1314 2502 digestis
1366 2431 1765 2500 describentes,
1813 2433 2096 2499 nonnulla,

514 2538 645 2593 qua:
699 2523 880 2577 media
911 2521 1090 2584 fuere,
1134 2523 1351 2579 silentio
1382 2522 1732 2580 involverunt
1791 2523 1963 2596 [Ml],
1997 2539 2101 2580 nec

516 2615 588 2668 ad
647 2629 870 2668 suarum
927 2614 1208 2670 actionum
1269 2615 1470 2670 exitum
1536 2627 1922 2686 pervenerunt.
1985 2616 2096 2672 No-

519 2706 607 2760 bis
673 2721 803 2760 vero
863 2705 967 2760 erit
1021 2722 1205 2762 sermo
1264 2707 1332 2762 de
1398 2723 1466 2763 eo
1523 2709 1818 2779 proficuus,
1879 2709 1971 2779 qui
2031 2710 2099 2766 ab

517 2799 789 2851 anteactis
831 2797 1149 2869 incipimus,
1201 2807 1256 2853 et
1305 2799 1372 2854 ad
1423 2800 1525 2856 viri
1573 2811 1882 2871 postremas
1926 2804 2098 2858 actio-

517 2904 621 2944 nes
679 2889 1049 2944 narrationem
1097 2889 1398 2961 dirigimus.
1468 2889 1642 2946 Vitam
1708 2894 1881 2948 sancti
1934 2893 2101 2950 Joan-

517 2982 602 3034 nis
659 2979 956 3035 Eleemonis
1011 2983 1286 3051 scripsisse
1336 2983 1688 3054 Sopltronium
1735 2995 1785 3041 ct
1838 2984 2101 3042 Joannem

517 3075 687 3127 habeo
706 3091 772 3128 ea:
801 3073 1020 3129 Leontio
1052 3067 1250 3146 Cyprio
1275 3077 1330 3130 iu
1367 3077 1742 3146 Supplementa
1768 3078 1902 3134 Vita:
1934 3080 2100 3134 illius:

520 3167 664 3237 Ἤδη
695 3166 796 3236 μὲν
826 3163 919 3222 οὖν
948 3171 1042 3220 καὶ
1076 3168 1256 3240 ἕτεροι
1275 3169 1597 3238 ,φθάσαντες
1633 3171 1740 3242 πρὸ
1769 3172 1937 3243 ,ἡμῶν
1967 3174 2100 3229 κάλ-

515 3257 681 3310 λιστά
705 3274 764 3310 τε
815 3259 908 3310 καὶ
942 3258 1252 3330 ὑψηλότερα
1285 3260 1413 3330 περὶ
1439 3260 1632 3313 τούτου
1672 3259 1766 3313 τοῦ
1798 3261 2102 3332 ἀρχιερέως

518 3350 614 3401 καὶ
665 3348 974 3418 θαυμασίου
1009 3348 1200 3420 ἀνδρὸς
1248 3348 1669 3420 ἐφιλοσόφησαν,
1701 3347 1918 3403 δυνατοὶ
1949 3348 2102 3414 ὄντες

518 3441 670 3511 ἔργῳ
705 3441 802 3492 καί
845 3439 1010 3510 λόγῳ,
1045 3440 1189 3507 λέγω
1234 3441 1320 3511 δὴ,
1368 3440 1623 3513 Ἰωάννης
1658 3445 1752 3497 καὶ
1796 3443 2104 3513 Σωφρόνιος

516 3538 567 3588 οί
605 3534 881 3596 θεοσεϐεῖς
922 3534 1016 3586 καὶ
1044 3533 1348 3603 φιλάρετοι,
1384 3534 1479 3588 καὶ
1504 3534 1606 3604 τῆς
1633 3535 1920 3597 εὐσεϐείας
1950 3536 2103 3600 ὄντες

524 3627 858 3696 ὐπὲρμαχοι.
912 3623 1055 3678 Ἀλλ’
1119 3626 1267 3695 ὅμως
1309 3624 1404 3678 κοιλ⁸
1454 3625 1684 3680 τοιοῦτοι
1744 3627 2103 3698 τυγχάνοντες

522 3718 626 3786 τῆς
651 3717 832 3782 ἀξίας,
867 3717 964 3771 καὶ
991 3717 1151 3770 αὐτοὶ
1177 3719 1276 3788 τῆς
1301 3717 1394 3770 τοῦ
1425 3717 1616 3790 ἀνδρὸς
1644 3719 1847 3788 ἀρετῆς
1885 3719 2106 3774 ἀπελεί-

528 3809 763 3879 φθησαν,
805 3810 903 3862 καὶ
932 3809 1132 3862 ταυτὸν
1182 3809 1541 3876 πεπόνθασιν,
1572 3809 1736 3864 οἱονεί
1769 3828 1914 3875 τινες
1951 3810 2104 3880 φιλό-

534 3917 686 3952 πονοι
735 3899 977 3969 γεωργοὶ
1039 3898 1284 3968 ἄμπελον
1343 3899 1545 3970 εὐθαλῆ
1601 3899 1697 3954 καὶ
1750 3885 2104 3971 κατάκαρπον

539 3990 862 4060 τρυγῶντες,
910 3992 994 4044 ὄτι
1031 3987 1424 4060 καταλείψουσι
1468 3991 1686 4056 πάντως
1737 3993 1801 4044 ἐκ
1855 3991 1957 4062 τῆς
2009 3991 2104 4044 τοῦ

535 4081 747 4152 καρποῦ
784 4079 1061 4149 εὐλογίας,
1115 4081 1210 4135 καὶ
1246 4080 1322 4152 μὴ
1376 4077 1692 4151 βουλόμενοι
1731 4083 1843 4146 τοῖς
1882 4081 2108 4136 κατόπι-

528 4174 653 4227 σθεν
667 4174 845 4229 αὐτῶν
861 4171 1218 4228 ἀκολουθοῦσι
1237 4176 1473 4245 πτωχοῖς
1485 4173 1890 4246 ὲπιρωγολογου
1898 4176 2102 4246 μένοις,

525 4265 626 4336 τὴν
659 4267 929 4333 ἄμπελον,
978 4265 1038 4332 ἐξ
1072 4259 1147 4319 ὧν
1194 4266 1360 4337 ἐσμεν
1391 4264 1485 4318 καὶ
1517 4267 1678 4336 ἡμεῖς
1711 4265 2006 4337 ἐλάχιστοι.
2043 4267 2105 4320 Εἰ

523 4359 637 4428 γὰρ
667 4357 765 4411 καὶ
796 4357 948 4432 πάσῃ
980 4356 1161 4412 αὐτῶν
1189 4356 1420 4428 δυνάμει
1451 4359 1500 4411 οί
1533 4358 1778 4412 πανόσιοι
1829 4351 1975 4412 οὗτοι
2006 4359 2105 4430 τὴν

522 4451 812 4522 ἔγκαρπον
863 4449 1261 4521 ταύτηνέλαίαν
1308 4449 1522 4520 ἀληθῶς
1566 4448 1656 4502 διὰ
1702 4448 1812 4502 τῶν
1863 4450 1920 4502 ἐν
1965 4449 2103 4525 αὐτῇ

2207 1976 2279 2029 tio
2339 1990 2438 2029 sua
2500 1975 2697 2042 hausit,
2759 1977 2887 2029 dum
2951 1975 3145 2044 scripto
3205 1974 3472 2045 consignat
3540 1972 3780 2029 Eleemo-

2207 2067 2409 2136 synarii
2465 2067 2658 2121 Vitam.
2713 2065 3002 2121 Videamus
3070 2083 3192 2138 ergo
3249 2083 3484 2137 quanam
3550 2067 3778 2133 ratione,

2206 2175 2322 2227 qua:
2370 2159 2451 2212 illi
2481 2159 2545 2213 de
2591 2175 2648 2212 se
2693 2159 2964 2224 dixerunt,
3006 2160 3116 2228 ipse
3165 2160 3360 2230 referat
3393 2166 3445 2212 et
3472 2167 3778 2227 pertractat.

2206 2250 2454 2321 Σήμερον
2495 2250 2524 2304 ὁ
2568 2249 2828 2313 ταπεινὸς
2867 2250 3144 2320 Ἰωάννης,
3197 2245 3372 2315 εἶπεν,
3420 2249 3631 2320 μισθὸν,
3669 2249 3780 2304 οὐδ’

2207 2339 2312 2392 ὐπό
2343 2353 2490 2400 τινος
2555 2338 2746 2393 οὐδένα
2773 2339 3143 2410 διεκομίσατο,
3181 2339 3303 2411 μηδ’
3336 2340 3462 2410 ἔσχε
3495 2339 3691 2412 μικρόν
3727 2358 3783 2393 τι

2207 2431 2304 2485 καὶ
2336 2429 2397 2484 τὸ
2425 2431 2588 2502 τυχὸν
2615 2430 2884 2500 ἐξίλασμα
2909 2431 3050 2504 ὑπὲρ
3073 2432 3181 2486 τῶν
3213 2432 3466 2502 μεγάλων
3491 2431 3660 2486 αὐτοῦ
3688 2433 3784 2486 καὶ

2205 2522 2419 2577 πολλῶν
2449 2522 2783 2592 σφαλμάτων
2809 2525 3196 2610 προσενεγκεῖν
3218 2523 3298 2595 τῷ
3319 2523 3568 2596 Χριστῷο
3586 2522 3785 2596 ,ὥσπερ

2205 2613 2335 2682 γοῦν
2362 2613 2482 2668 οὐδέ
2501 2614 2691 2669 ἄλλοτέ
2720 2631 2874 2670 ποτε.
2915 2613 2974 2667 '0
2998 2613 3178 2668 τοίνυν
3210 2615 3353 2686 ἱερὸς
3372 2615 3679 2687 Σωφρόνιος
3699 2617 3782 2680 είς

2205 2704 2234 2757 ὃ
2274 2705 2334 2759 τὸ
2377 2705 2543 2775 ῥηθὲν
2587 2704 2738 2776 αὐτῷ
2785 2694 3061 2771 ἐϐούλετο,
3092 2703 3326 2776 χαίρειν,
3373 2705 3502 2777 ἔφη,
3544 2707 3784 2777 σήμερον

2206 2797 2334 2862 ἔδει,
2370 2797 2464 2851 καὶ
2506 2796 2789 2868 εὐθυμεῖν,
2830 2797 3217 2870 μακαριώτατε
3248 2798 3506 2864 δέσποτα,
3545 2798 3662 2853 ἀνθ’
3705 2792 3786 2853 ὧν

2206 2889 2350 2942 οὕτω
2421 2889 2520 2960 τὴν
2565 2889 2950 2944 πιστευθείσαν
3023 2888 3261 2959 ποίμνην
3306 2888 3407 2961 ζῇν
3470 2891 3530 2944 ἐν
3589 2889 3787 2962 εἰρήνῃ

2205 2979 2645 3050 παρεσκεύασας.
2700 2980 2871 3036 Hodie
2921 2979 3145 3035 humilis
3191 2979 3433 3036 Joannes
3471 2982 3784 3037 mercedem

2207 3072 2410 3126 nullam
2444 3086 2474 3125 a
2504 3086 2780 3142 quoquam
2825 3070 3034 3136 retulit,
3064 3085 3169 3125 nec
3223 3069 3413 3125 habuit
3443 3051 3695 3141 pusillam
3729 3078 3788 3125 et

2207 3166 2370 3221 vilem
2401 3165 2769 3236 expiationem
2813 3181 2912 3236 pro
2942 3165 3094 3238 [149]
3119 3166 3329 3237 magnis
3347 3166 3462 3221 suis
3487 3165 3785 3237 multisque

2205 3258 2422 3325 erratis,
2451 3274 2614 3328 quam
2639 3258 2862 3314 Christo
2887 3257 3111 3314 offerret
3146 3275 3161 3314 :
3196 3259 3656 3330 quemadmodum
3679 3275 3788 3316 nec

2207 3366 2436 3421 usquam
2485 3351 2642 3406 alias.
2701 3351 2867 3406 Sacer
2909 3351 3092 3422 itaque
3144 3350 3508 3423 Sophronias,
3532 3354 3586 3406 in
3616 3366 3783 3423 quem

2207 3442 2414 3498 dictum
2473 3443 2767 3510 direxerat,
2825 3443 3185 3500 Gaudendum
3244 3460 3367 3501 esse
3407 3445 3592 3512 hodie,
3629 3445 3786 3513 dixit,

2207 3537 2564 3606 bilariterque
2625 3535 2770 3591 diem
2832 3536 3251 3603 traducendum,
3311 3535 3635 3593 Beatissime
3689 3537 3790 3593 do-

2206 3628 2354 3682 mine
2381 3667 2396 3693 ,
2471 3636 2760 3698 pr0pterea
2831 3629 2977 3698 quod
3035 3643 3254 3700 gregem
3331 3628 3429 3683 tibi
3492 3628 3786 3685 concredi-

2208 3732 2325 3776 tum
2377 3722 2432 3775 in
2473 3735 2606 3790 pace
2656 3720 2839 3776 vivere
2870 3719 3058 3782 eilicis.
3106 3727 3212 3775 etc.
3257 3718 3551 3789 Scripserat
3593 3721 3658 3774 de
3688 3719 3784 3775 Ιη-

2209 3813 2452 3866 ventione
2510 3808 2715 3879 Capitis
2768 3809 2827 3864 S.
2897 3809 3119 3864 Joannis
3175 3809 3435 3877 Baptista:
3497 3809 3788 3864 Marcellus

2209 3900 2663 3963 Archimandrita,
2677 3899 2856 3953 scribit
2874 3908 2921 3953 et
2933 3899 3348 3969 Meta‘phrastes;
3365 3900 3456 3953 sed
3468 3897 3559 3953 Ha
3567 3899 3755 3954 rcellus
3769 3919 3789 3960 :

2222 3991 2618 4062 Ἀπεκαλύφθη
2658 3990 2713 4044 δὲ
2746 3991 2886 4062 μετὰ
2939 3989 3106 4059 φόϐου
3156 3991 3250 4044 καὶ
3301 3992 3508 4062 τρόμου
3541 3992 3602 4046 ἐν
3652 3990 3786 4045 εἴδει

2207 4085 2438 4154 ἀστέρος
2469 4082 2639 4154 πυρὸς
2667 4082 2790 4152 ἐμοὶ
2811 4081 2890 4152 τῷ
2922 4080 3192 4152 ἐλαχίστῳ
3225 4081 3446 4152 ἁδελφῷ
3477 4081 3786 4154 Μαρκέλλῳ
3831 4131 3834 4134 ,

2210 4178 2354 4232 κατὰ
2382 4178 2451 4232 τὰ
2479 4174 3171 4245 ὑποτεταγμένα.όράματα
3209 4171 3391 4228 πίστιν
3413 4172 3558 4244 ἔχον.
3600 4173 3785 4231 Reve-

2210 4271 2382 4326 latum
2404 4277 2489 4324 est
2526 4281 2713 4324 autem
2742 4282 2866 4323 cum
2905 4266 3103 4322 timore
3131 4273 3189 4320 et
3216 4271 3456 4326 tremore
3497 4265 3557 4320 in
3602 4266 3788 4336 specie

2209 4361 2406 4418 sideris
2422 4360 2564 4433 ignei
2586 4359 2720 4414 mihi
2740 4357 2970 4413 minimo
3013 4355 3166 4411 fratri
3188 4354 3462 4421 Marcello,
3481 4356 3783 4411 secundum

2208 4453 2484 4523 subjectas
2500 4452 2739 4507 visiones
2761 4449 2921 4504 fidem
2942 4449 3171 4504 habens.
3197 4445 3289 4512 Et,
3309 4447 3663 4518 Κατῆξίωσεν
3687 4449 3788 4518 ἐμὲ

526 4542 807 4597 πλουσίων
829 4542 1050 4606 ἐλαιῶν,
1075 4541 1175 4612 τὴν
1196 4543 1252 4594 ἐν
1279 4541 1358 4612 τῷ
1379 4543 1512 4612 οἴκῳ
1543 4541 1634 4597 τοῦ
1657 4541 1814 4606 Θεοῦ,
1850 4539 1926 4605 ὦς
1944 4558 2107 4611 φησιν
2140 4553 2184 4611 ι)
2211 4544 2300 4598 τὸν
2322 4541 2516 4598 ἐαυτοῦ
2535 4540 2718 4596 δοῦλον
2736 4538 3056 4610 Μάρκελλον
3067 4536 3262 4609 θεατὴν
3278 4536 3532 4606 γενέσθαι
3547 4537 3646 4607 τῆς
3661 4554 3791 4609 προ-

523 4637 556 4688 ό
587 4633 838 4706 ὐμνῳδδς
885 4632 1048 4687 Δαυῒδ
1081 4635 1500 4705 πεφυτευμένην
1533 4636 1742 4708 τρυγᾷν
1781 4633 1928 4706 ζήλῳ
1970 4633 2105 4688 Θεοῦ

525 4727 946 4797 ἐπετήδευσαν·
992 4727 1111 4782 ἀλλ’
1153 4726 1303 4796 ὅμως
1339 4726 1587 4780 διέλαθεν
1645 4726 1840 4792 αὐτοὺς
1886 4726 2107 4790 ὁπολύς

522 4815 630 4889 τῆς
667 4817 856 4881 ἐλαίας
917 4818 1149 4889 καρπὸς,
1184 4818 1280 4871 καὶ
1313 4817 1412 4889 τὴν
1451 4817 1728 4888 ἡμετέραν
1772 4817 1966 4884 εὐτελῆ
2009 4819 2107 4871 καὶ

523 4907 748 4979 ψυχρὰν
795 4906 1109 4978 προθυμίαν
1168 4908 1601 4978 προσδέξασθαι,
1656 4907 1730 4969 ὡς
1781 4906 1850 4970 τὰ
1881 4907 1976 4960 δύο
2005 4908 2106 4977 τῆς

526 5005 708 5073 χήρας
735 5000 930 5058 λεπτά.
991 5001 1065 5054 Οὐ
1101 5002 1212 5072 γὰρ
1260 5001 1504 5064 ἐκείνους
1545 5000 1944 5064 διαϐάλλοντες.
1985 5000 2106 5053 οὐδὲ

523 5094 604 5158 ὡς
639 5093 932 5164 δυνάμενοι
981 5093 1081 5163 τὴν
1109 5093 1289 5146 αὐτῶν
1318 5091 1656 5164 θεοδὼρητον
1698 5077 1889 5161 σοιρίαν
1924 5093 2110 5164 μιμεῖ·

526 5184 680 5249 σθαι,
711 5182 782 5235 τὰ
803 5183 898 5236 τοῦ
929 5181 1139 5236 δικαίου
1184 5182 1586 5254 κατορθώματα
1630 5185 1887 5252 συγγαφῇ
1933 5199 2110 5253 παρα-

525 5276 713 5330 δοῦναι
739 5276 1110 5347 ἐσπεύσαμεν.
1137 5274 1256 5330 Jam
1293 5276 1438 5331 enim
1469 5282 1525 5330 et
1550 5275 1640 5329 alii
1675 5283 1804 5329 ante
1833 5289 1936 5330 nos
1962 5275 2109 5344 opti-
2133 5315 2179 5332 ν

526 5384 620 5424 ma
665 5385 892 5439 quaeque
946 5367 1264 5424 sublimiora
1294 5369 1366 5423 de
1421 5367 1528 5422 hoc
1560 5366 1815 5437 praesule,
1846 5375 1902 5422 et
1933 5366 2108 5421 admi-

531 5461 708 5516 rando
739 5462 854 5516 viro
885 5459 1259 5532 philosophati
1294 5467 1443 5526 sunt,
1469 5462 1560 5529 qui
1587 5473 1754 5528 opere
1785 5467 1841 5512 et
1857 5469 2109 5512 sermone

533 5553 732 5608 mirum
765 5553 816 5608 in
850 5553 1078 5609 modum
1113 5550 1467 5620 praestabant,
1497 5547 1734 5604 Joannes
1766 5556 1823 5604 et
1870 5546 2112 5618 Sophro-

534 5643 663 5698 nius
716 5645 787 5716 pii
845 5654 903 5701 et
950 5641 1221 5706 studiosi,
1269 5641 1598 5712 pietatisque
1650 5649 2104 5711 propugnatores.

532 5733 920 5794 Verumtamen
968 5734 1100 5789 licet
1130 5735 1263 5790 tales
1289 5733 1576 5805 dignitate,
1615 5733 1731 5789 Viri
1787 5735 1988 5788 virtute
2019 5732 2107 5788 in-

533 5827 753 5888 feriores
803 5831 966 5887 fuere
1033 5844 1045 5880 :
1092 5834 1146 5881 ct
1203 5815 1420 5882 subiere
1472 5825 1708 5880 laborem
1767 5839 1920 5894 teque
1949 5833 2110 5894 atque

2208 4634 2467 4705 κειμένης
2484 4633 2746 4704 ὁράσεως.
2775 4627 2928 4683 Εἶδον
2951 4628 3058 4700 γὰρ
3089 4628 3148 4680 ἐν
3182 4627 3421 4698 ὁράματι
3448 4627 3548 4696 τῆς
3571 4629 3786 4684 νυκτός.

2207 4727 2470 4795 Dignatus
2498 4731 2603 4788 est,
2631 4737 2717 4777 me
2743 4735 2960 4776 servum
2989 4735 3150 4774 suum
3171 4717 3488 4774 Marcellum
3510 4727 3790 4788 spectato-

2162 4840 2179 4850 -
2209 4833 2324 4871 rem
2359 4814 2475 4870 fieri
2509 4811 2793 4884 praesentis
2826 4809 3076 4864 visionis.
3105 4806 3228 4862 Vidi
3273 4806 3423 4862 enim
3475 4805 3532 4861 in
3576 4807 3790 4864 visione

2208 4907 2406 4964 noctis.
2427 4905 2839 4974 Metaplirastes:
2873 4899 3192 4972 Μάρκελλός
3221 4917 3304 4963 τις
3331 4899 3423 4953 τὸν
3447 4898 3562 4970 βίον
3589 4901 3790 4968 ἐπιψα-

2210 5000 2329 5070 νὴς,
2356 4997 2449 5050 τὸν
2474 4995 2676 5066 τρόπον
2703 4992 2980 5064 θεοφιλὴς,
3011 4991 3072 5057 ὃς
3113 4990 3210 5046 καὶ
3243 4991 3411 5062 μονῆς
3441 4990 3539 5060 τῆς
3564 4992 3706 5046 κατὰ
3728 4995 3791 5046 τδ

2211 5093 2488 5165 Σπήλαιον
2525 5089 2841 5160 καθηγεῖτο,
2877 5087 3021 5143 κατά
3065 5105 3191 5143 τινα
3241 5086 3413 5141 νύκτα
3465 5086 3567 5156 τῆς
3616 5085 3791 5157 μέσης

2214 5184 2512 5254 ἑϐδομάδος
2538 5182 2650 5236 τῶν
2693 5181 2960 5252 νηστειῶν
2999 5179 3135 5251 ὄναρ
3173 5177 3413 5235 τοιοῦτον
3442 5179 3564 5248 ὁρᾷ,
3606 5177 3666 5240 ὃς
3692 5177 3790 5230 καὶ

2212 5274 2273 5327 τὸ
2301 5272 2501 5345 ὁραθὲν
2524 5273 2637 5335 τοῖς
2669 5272 2759 5324 ὐπ’
2784 5268 2936 5340 αὐτῷ
2957 5269 3218 5340 διηγεῖτο,
3244 5267 3446 5321 οὑτωσὶ
3473 5266 3612 5338 πρὸς
3639 5265 3789 5332 λέξιν

2210 5364 2444 5430 διεξιών.
2508 5363 2796 5418 Marcellus
2832 5353 3053 5431 quidam
3099 5360 3212 5414 vita
3245 5359 3493 5426 illustris,
3544 5358 3791 5414 moribus

2211 5457 2355 5528 pius,
2381 5455 2470 5526 qui
2506 5452 2857 5516 monasterio,
2901 5450 3045 5522 quod
3075 5450 3128 5504 in
3160 5450 3370 5521 Speleeo
3403 5459 3508 5516 est,
3530 5462 3784 5522 praeerat,
3856 5490 3864 5500 .

2211 5559 2374 5604 nocte
2408 5547 2639 5618 quadam
2679 5545 2874 5600 media:
2921 5543 3256 5614 jejuniorum
3314 5542 3675 5600 hebdomadis
3705 5544 3788 5599 vi-

2212 5642 2420 5697 sionem
2448 5641 2590 5696 hanc
2619 5639 2884 5701 intuetur,
2906 5637 3191 5706 visumque
3215 5635 3317 5692 sibi
3350 5636 3610 5706 subjectis
3629 5650 3790 5691 enar-

2212 5731 2371 5789 rabat
2427 5733 2545 5788 haec
2574 5733 2641 5787 ad
2672 5731 2901 5797 verbum
2935 5727 3254 5806 enuntians.
3287 5726 3415 5792 Qua:
3462 5729 3638 5792 itaque
3691 5728 3789 5782 alii

2214 5827 2276 5881 de
2302 5826 2489 5893 seipsis
2516 5826 2570 5880 in
2620 5841 2793 5880 rerum
2823 5834 3091 5897 gestarum
3122 5822 3276 5890 serie,
3329 5821 3453 5877 dum
3479 5821 3672 5899 scripto
3714 5819 3788 5871 vi-
