4134 6420
396 318 513 384 Ἰζ3

1731 314 2011 378 LEONIS
2048 314 2358 375 ALLATH

3581 310 3677 374 ιιι

399 452 508 498 tam
565 434 791 489 aliorum
840 416 1118 500 leparrattt,
1180 430 1548 501 pronuntiant,
1610 430 1994 498 Metaphrastes
2023 428 2068 486 Α
2103 426 2240 478 alias
2274 421 2439 479 Pselli
2463 423 2871 489 lucubrationes,
2924 422 3199 493 epistolam
3229 423 3298 476 ad
3345 421 3677 494 Xiphilinunt

398 543 501 580 non
526 526 642 586 sibi.
675 541 738 578 ac
779 524 826 578 si
873 525 983 592 ipse
1007 523 1325 592 loqueretur,
1379 522 1516 590 quod
1547 517 1737 574 Surius
1763 521 1978 588 fecerat,

397 616 489 670 sed
528 631 708 669 eorum
745 614 1012 683 personis,
1047 600 1256 682 quando
1290 626 1422 679 opus
1450 619 1546 677 est,
1580 610 1850 681 appingit;
1884 624 1985 663 ste-

398 707 517 775 pius
547 708 731 770 etiam,
758 697 925 759 'nulla
977 719 1157 756 eorum
1186 702 1333 773 facta
1380 702 1662 765 mentione,
1716 709 1827 755 item
1873 701 1984 769 ipse

400 814 602 851 meram
658 796 818 852 veluti
847 795 986 848 alius
1015 802 1254 849 enarrat.
1287 792 1532 864 Conferri
1583 803 1797 863 possunt
1849 790 1985 847 Vita:

397 897 699 939 sanctorum
746 893 870 937 ante
910 881 1333 952 Hetaphrastem
1381 882 1446 937 ab
1492 882 1793 936 auctoribus
1826 880 1983 953 ,Sgn-

398 977 607 1029 chronis
634 975 868 1043 scripttc,
896 989 1013 1044 qua:
1037 984 1177 1026 certe
1206 972 1379 1026 adhuc
1411 981 1690 1041 supersunt
1713 972 1981 1040 plurimm,

398 1084 519 1121 cum
567 1065 846 1135 descriptis
884 1081 917 1117 tt
984 1063 1359 1132 Metaphraste.
1411 1061 1561 1116 Nihil
1607 1063 1679 1116 ibi
1712 1079 1986 1118 commune

397 1159 654 1212 invenies.
685 1153 795 1211 Sua
821 1156 888 1208 de
931 1171 986 1207 se
1027 1162 1217 1207 narrat
1243 1152 1643 1222 Metaphrastes,
1672 1151 1900 1206 aliorum
1928 1160 1987 1206 ut

401 1249 582 1304 aliena
610 1261 656 1304 et
680 1247 1017 1316 Scriptorum
1046 1246 1384 1316 antiquorum
1416 1245 1655 1313 propria,
1690 1261 1793 1298 non
1819 1247 1984 1317 facta,

400 1358 565 1412 neque
598 1355 851 1409 personas
877 1354 995 1393 cum
1019 1338 1128 1392 suis
1155 1336 1500 1406 confundens,
1532 1346 1589 1389 ut
1615 1336 1791 1389 aliena
1816 1348 1990 1405 prose-

398 1434 599 1504 quitur.
651 1429 838 1496 'Quare
878 1438 1057 1483 cessat
1094 1425 1355 1481 dubitatio
1413 1431 1476 1479 de
1513 1424 1623 1479 illis
1685 1422 1839 1489 Vitis,
1870 1440 1990 1497 qua:

398 1522 495 1577 sub
524 1520 899 1590 Metaphrasta:
926 1517 1136 1572 nomine
1151 1516 1392 1583 veniunt,
1421 1511 1486 1570 eo;
1523 1516 1654 1583 ipsis
1676 1526 1851 1570 tamen
1875 1515 1989 1570 col-

400 1613 587 1683 ligitur
607 1611 764 1676 aiios,
813 1625 926 1664 non
953 1608 1383 1677 Metaphrastem,
1420 1606 1582 1677 fuisse
1608 1607 1828 1662 illarum
1859 1609 1991 1663 scri-

397 1715 593 1774 ptores.
626 1701 982 1763 Addeetiam,
1022 1700 1069 1754 si
1106 1697 1267 1764 lubet,
1306 1696 1477 1752 Vitam
1504 1696 1681 1751 sancti
1718 1695 1992 1752 Eustathii

2081 519 2144 573 de
2173 518 2509 589 Chrysopaeia
2542 520 2781 589 pluribus
2810 518 3007 573 videbis
3040 534 3376 588 empressam.
3617 571 3629 595 ι

2151 608 2431 680 Iosephus
2466 610 2810 665 Methonensis
2833 612 3103 682 episcopus
3132 612 3383 664 adversus
3432 607 3486 663 Μ
3496 626 3678 662 arcum

2087 704 2377 772 Ephesium
2396 705 2801 773 Metaphrastem
2831 715 2982 760 vocat
3005 704 3285 775 iuniorem
3315 703 3677 773 Tlteologum,

2087 811 2155 849 ea:
2191 812 2293 865 quo
2321 796 2508 850 merito
2537 796 2653 867 quis
2677 797 2892 860 dixerit,
2922 793 3227 864 Symconem
3247 795 3506 861 iuniorem
3534 796 3678 849 theo—

2088 889 2286 959 logum,
2323 889 2472 958 cujus
2503 889 2772 942 orationes
2803 898 2906 942 tres
2934 897 2983 941 et
3010 869 3217 957 viginti,
3243 895 3292 940 et
3313 886 3421 939 alia
3442 887 3674 943 Jacobus

2087 979 2364 1035 Pontanus
2381 979 2569 1033 Latine
2585 978 2773 1041 edidit,
2793 993 2905 1031 esse
2921 974 3228 1047 ngeonem
3246 979 3676 1045 Metaphrastem,

2090 1071 2182 1140 qui
2217 1069 2444 1139 deniqtte
2472 1070 2646 1140 factus
2685 1068 2755 1121 sit
2796 1066 3083 1121 monachus
3130 1076 3181 1120 et
3211 1070 3523 1137 prwpositus
3561 1084 3678 1122 mo-

2089 1161 2321 1215 nasterio
2349 1159 2522 1213 sancti
2562 1158 2869 1213 Mamantis.
2906 1157 2972 1210 Et
3011 1173 3139 1211 sane
3169 1155 3339 1212 Cruci
3369 1156 3677 1229 Symeonem

2087 1252 2224 1306 hunc
2273 1249 2713 1322 quemadmodum
2750 1248 2860 1303 solo
2900 1248 3200 1318 Logotheta:
3254 1249 3467 1302 nomine
3501 1251 3680 1315 expri-

2089 1351 2260 1407 munt,
2285 1343 2411 1412 quia
2464 1357 2646 1410 nempe
2671 1357 2891 1411 magnus
2920 1340 3210 1409 aliquando
3244 1338 3526 1410 Logotheta
3552 1341 3677 1410 fuit,

2089 1448 2183 1485 cur
2210 1446 2314 1485 non
2353 1439 2403 1485 et
2455 1429 2741 1495 similiter,
2783 1429 2976 1482 omisso
3034 1429 3401 1496 Metaphrastw
3445 1429 3676 1490 nomine.

2091 1528 2295 1573 tantum
2326 1521 2617 1591 theologum
2634 1519 2905 1589 juniorem
2928 1535 3114 1573 vocare
3156 1520 3288 1573 alibi
3316 1520 3521 1589 possint
3558 1563 3571 1585 ,
3607 1520 3679 1573 ad

2090 1610 2479 1665 distinctionem
2506 1610 2616 1664 divi
2651 1609 3006 1676 Nazianzeni,
3034 1611 3124 1678 qui
3144 1619 3268 1663 ante
3290 1627 3407 1663 eum
3433 1611 3674 1682 Theologi

2059 1704 2064 1708 “
2091 1701 2191 1755 sibi
2222 1717 2409 1756 nomen
2444 1701 2851 1756 vindicaverat?
2877 1701 3006 1757 Cum
3038 1703 3102 1756 de
3128 1702 3224 1755 hoc
3255 1704 3425 1773 fusius
3457 1704 3514 1756 in
3544 1696 3676 1757 Dia-

398 1804 448 1850 et
484 1795 745 1850 sociorum
769 1800 895 1847 ante
913 1790 1334 1860 Metaphrastem
1374 1789 1653 1858 scriptam,
1673 1789 1826 1858 cujus
1852 1788 1988 1843 illud
2021 1779 2062 1833 Β
2092 1791 2225 1845 triba
2255 1791 2318 1845 de
2342 1790 2685 1861 Symeonibus
2707 1793 2921 1862 egerim,
2947 1794 3130 1860 paucis
3152 1807 3233 1846 me
3265 1793 3348 1846 hic
3376 1794 3672 1863 expediam.

398 1894 476 1942 est
520 1885 840 1956 principium
868 1899 888 1938 :
930 1882 1231 1952 Πρόκειται
1269 1883 1383 1945 τοῖς
1426 1879 1736 1952 ἀνθρώποις
1777 1880 1874 1932 καὶ
1923 1880 1979 1933 ὲκ

2101 1881 2294 1937 Verum
2343 1891 2419 1937 est
2485 1877 2797 1953 Sym'eonem
2842 1883 3115 1938 Juniorem
3152 1885 3445 1955 theologum
3497 1903 3677 1940 mona-

398 1974 639 2046 φύσεως.
674 1972 916 2044 Scriptor
951 1973 1008 2027 in
1033 1971 1296 2028 Proccmio
1346 1975 1527 2045 refert,
1550 1990 1648 2028 sua
1682 1981 1846 2029 (etate
1865 1984 1987 2028 ιαπ-
2088 1974 2239 2045 cltum
2270 1974 2453 2043 fuisse.
2485 1972 2674 2028 Verum
2702 1980 2780 2027 est
2812 1970 3229 2043 Metaphrastem
3261 1974 3354 2026 sub
3382 1973 3678 2044 LogotheIa:

400 2076 513 2122 tam
547 2065 787 2120 illuxisse
816 2066 1065 2119 virtutem
1097 2080 1116 2119 :
1147 2064 1315 2120 Οὐδὲν
1343 2060 1437 2118 οὖν
1463 2059 1631 2136 ἦττον
1674 2064 1988 2138 προεθέμην

399 2156 724 2228 προσθεῖναι
775 2157 887 2220 τοῖς
948 2155 1251 2226 ἐγγράφοις
1308 2155 1418 2208 τῶν
1469 2155 1716 2228 ἀρχαίων
1775 2156 1986 2229 ἀνδρῶν

399 2248 910 2320 ἀνδραγαθήμασιν,
933 2248 1100 2302 καὶτὸ
1122 2247 1218 2302 νῦν
1234 2249 1293 2303 ἐν
1309 2248 1423 2312 τοῖς
1441 2251 1656 2321 καιροῖς
1673 2249 1831 2320 ἡμῶν
1855 2266 1986 2304 κατ-

399 2337 710 2409 ορθωθέντα
744 2337 883 2409 πρὸς
919 2336 1242 2408 εὐεργεσίαν
1258 2337 1359 2407 μὲν
1370 2336 1483 2390 τῶν
1511 2337 1843 2405 ἀκουόντων,
1866 2339 1987 2392 ἑπι-

401 2431 646 2502 στροφὴν
674 2429 732 2485 δὲ
749 2428 859 2484 τῶν
880 2430 1203 2500 φασκόντων
1237 2427 1314 2501 μὴ
1344 2427 1605 2484 δύνασθαι
1631 2428 1728 2483 νῦν
1758 2428 1986 2485 τοιαῦτα

399 2520 826 2593 κατορθοῦσθαι,
872 2515 963 2575 οἷα
1018 2522 1077 2574 ιν
1133 2521 1250 2582 τοῖς
1304 2503 1690 2592 παλαιοτέροις
1746 2521 1982 2594 χρόνοις.

398 2612 521 2670 Νοιι
553 2614 738 2670 minus
768 2613 953 2684 itaque
981 2611 1119 2669 mihi
1154 2611 1414 2684 proposui
1458 2610 1583 2677 aliis
1629 2613 1981 2684 antiquorum

397 2705 658 2777 praeclare
710 2704 898 2777 gestis,
957 2703 1274 2776 scriptoque
1327 2703 1604 2760 mandatis
1661 2706 1884 2773 addere,
1927 2716 1985 2763 ct

396 2812 520 2867 qua:
561 2809 709 2851 nunc
737 2795 842 2851 hac
874 2802 1063 2850 nostra
1088 2803 1249 2851 aetate
1285 2809 1500 2851 summa
1528 2795 1842 2852 cumlaude
1883 2812 1983 2868 pa-

396 2894 539 2943 trata
585 2894 735 2954 sunt,
778 2895 891 2942 tum
947 2888 1018 2943 ad
1071 2886 1364 2942 utilitatem
1428 2886 1795 2952 audientium,
1863 2897 1979 2944 tum

394 2995 584 3037 eorum
604 2980 1042 3046 conversionem,
1072 2979 1165 3050 qui
1185 2979 1375 3036 dicunt
1394 2994 1506 3035 non
1539 2995 1699 3050 posse
1730 2982 1833 3037 hoc
1859 2997 1977 3037 aevo

394 3071 523 3127 talia
584 3070 814 3136 absolvi,
873 3069 1058 3142 qualia
1103 3070 1408 3140 antiquitus
1446 3070 1585 3127 facta
1639 3080 1788 3127 sunt.
1844 3071 1974 3128 Cum

394 3179 550 3219 suam
612 3179 677 3218 ex
733 3163 913 3217 eodem
970 3160 1352 3230 Hetaphrastes
1403 3163 1786 3236 conscriberet,
1844 3164 1976 3218 nihil

394 3256 569 3313 simile
598 3256 710 3311 suis
758 3255 1094 3320 interseruit,
1152 3255 1243 3308 sed
1296 3255 1405 3310 alio
1446 3257 1696 3326 prommio
1746 3257 1973 3326 appicto,

288 3354 297 3361 ’
394 3360 584 3407 «πίεται
614 3356 801 3404 narrat
859 3348 921 3402 de
949 3362 1064 3412 suo,
1102 3355 1158 3399 ut
1189 3348 1394 3417 frustra
1436 3345 1719 3418 Scriptoris
1765 3357 1975 3404 tctatem

364 3464 370 3471 α
392 3442 452 3497 in
478 3440 903 3515 Metaphrasta'is
940 3425 1172 3512 quiera's.
1928 3432 1938 3441 ’

464 3616 617 3693 [M3]
649 3616 971 3688 Scripseram
1000 3619 1055 3673 in
1078 3617 1324 3674 Diatriba
1348 3634 1466 3673 mea
1505 3619 1614 3674 alia
1641 3634 1847 3691 quoque
1870 3619 1977 3675 Me-

394 3709 684 3777 tapltrasta:
713 3710 920 3780 scripta
938 3711 1128 3779 egisse,
1160 3724 1279 3776 quin
1300 3716 1476 3764 tamen
1509 3711 1567 3763 in
1589 3709 1834 3763 Diatriba
1855 3720 1977 3764 ante

393 3801 707 3856 transmissa
765 3816 871 3854 non
914 3799 1267 3854 habebantur.
1329 3796 1419 3852 Ita
1454 3807 1555 3853 est.
1610 3797 1681 3852 Et
1715 3798 1872 3867 plane
1918 3800 1975 3853 in

392 3891 643 3947 Diatriba
672 3893 752 3962 egi
780 3890 990 3946 abunde
1039 3890 1106 3944 de
1138 3888 1267 3943 illis.
1295 3888 1403 3944 Illa
1445 3897 1620 3943 tamen
1663 3889 1976 3944 transmissa

392 3999 499 4038 non
530 3992 674 4046 sunt,
706 3983 844 4054 quod
877 3997 969 4035 nec
985 3979 1233 4035 Diatriba
1254 3981 1371 4051 ipsa
1399 3980 1627 4049 integra.
1648 3981 1739 4035 sed
1768 3988 1975 4033 tantum

391 4091 455 4132 ea
481 4089 630 4144 pars,
660 4076 719 4126 in
762 4088 867 4141 qua
897 4070 963 4124 de
1000 4079 1162 4125 (etate
1190 4069 1590 4138 Metaphrastte,
1638 4069 1704 4123 de
1761 4085 1864 4139 qua
1885 4086 1979 4139 per

394 4177 518 4222 tuas
561 4173 903 4236 percontatus
958 4164 1158 4234 fueras,
1189 4159 1463 4230 agebatur.
1490 4159 1678 4229 Agitur
1715 4160 1771 4213 in
1812 4176 1872 4215 ea
1911 4161 1977 4216 de

392 4257 515 4312 aliis
540 4251 909 4326 Symeonibus,
943 4266 1169 4321 quorum
1202 4252 1459 4304 memoria
1478 4257 1554 4303 est
1580 4250 1721 4317 apud
1760 4260 1971 4316 veteres,

387 4347 470 4403 vel
499 4344 811 4399 recentiores
840 4341 1046 4412 aliquid
1069 4340 1248 4397 Grmce
1267 4341 1558 4408 scripsisse.
1575 4340 1722 4396 Inter
1750 4356 1839 4396 eos
1868 4358 1970 4397 non

2090 2072 2294 2118 tantum
2312 2061 2521 2117 nomine
2561 2060 2830 2134 intelligi:
2853 2062 2993 2117 male
3025 2070 3202 2116 tamen
3218 2062 3486 2132 juniorem
3530 2063 3673 2115 theo-

2088 2156 2261 2227 logum
2315 2172 2433 2210 cum
2463 2154 2827 2225 Mataphraste
2866 2157 3141 2227 confundit
3172 2157 3544 2224 Methonensis,
3571 2156 3676 2211 ali-

2084 2263 2306 2320 quorum
2318 2246 2559 2301 codicum
2576 2249 3059 2315 manuscriptorum
3076 2251 3395 2304 auctoritate
3406 2251 3674 2320 deceptus,

2086 2340 2177 2411 qui
2210 2337 2525 2393 tractatulos
2561 2336 2834 2409 Symeonis
2885 2340 3158 2408 prwpositi
3184 2342 3358 2395 sancti
3386 2344 3676 2396 Mamantis

2085 2434 2184 2488 sub
2213 2433 2309 2487 hoc
2339 2431 2494 2486 titulo
2524 2442 2733 2486 notant:
2763 2430 2871 2485 Τοῦ
2894 2432 3294 2506 Μεταφραστοῦ
3331 2435 3537 2505 Κυρίου
3572 2435 3675 2487 Συ-

2087 2521 2256 2596 μεὼν,
2286 2523 2380 2576 καὶ
2398 2522 2522 2576 νέου
2561 2520 2826 2591 Θεολόγου
2842 2521 2970 2594 περὶ
2986 2523 3325 2595 προσοχῆς,ἢ
3345 2523 3673 2595 προσευχῆς.

2083 2611 2468 2684 Μοιθριιηειω
2514 2609 2728 2667 Domini
2790 2611 3079 2684 Symeonis
3116 2621 3172 2668 et
3200 2610 3444 2669 iunioris
3487 2613 3673 2670 Theo-

2083 2704 2191 2778 logi
2217 2705 2285 2762 de
2310 2704 2629 2761 Attentione
2684 2704 2800 2760 sive
2849 2703 3130 2760 Oratione.
3173 2704 3264 2768 Et,
3317 2706 3542 2778 Συμεὼν
3575 2707 3674 2763 τοῦ

2082 2799 2483 2873 Menippus-:06
2518 2797 2612 2852 καὶ
2672 2800 2795 2853 νέου
2859 2799 3121 2871 Θεολόγου
3167 2800 3328 2873 ἔτερα
3375 2802 3669 2871 κεφάλαια·

2083 2890 2368 2964 Symeonis
2418 2890 2799 2961 Metaphrastaz
2861 2902 2917 2946 et
2969 2890 3206 2963 iunioris
3266 2891 3527 2965 Theologi
3563 2894 3673 2949 alia

2083 2981 2295 3051 Capita.
2355 2978 2423 3034 Ut
2456 2980 2660 3052 reliqua
2722 2991 3054 3050 pra’teream,
3106 3000 3267 3038 unum
3330 2984 3672 3055 eumdemque

2082 3074 2239 3144 fuisse
2290 3069 2599 3141 Symeonem
2628 3071 3039 3141 Metaphrastem
3077 3084 3126 3129 et
3164 3072 3468 3145 ngeonem
3493 3074 3673 3130 sancti

2080 3162 2367 3220 Mamantis
2388 3162 2725 3229 prtepost'tum
2764 3170 3001 3229 tempora
3039 3165 3151 3232 ipsa
3186 3181 3289 3217 non
3317 3166 3516 3220 sinunt.
3551 3165 3666 3219 Me-

2077 3252 2380 3321 taphrastes
2413 3250 2619 3305 vivebat
2669 3252 2762 3305 sub
2796 3250 2963 3306 Leone
3008 3254 3244 3323 sapiente
3292 3253 3486 3308 Basilii
3528 3255 3670 3340 filio,

2074 3345 2247 3400 sancti
2302 3342 2593 3397 Mamantis
2648 3344 2965 3413 praepositus
3013 3345 3108 3396 sub
3163 3344 3349 3399 Alexio
3378 3343 3667 3412 Comneuo,
3734 3396 3739 3399 _

2075 3435 2165 3505 qui
2199 3434 2360 3501 ejecta
2379 3433 2661 3489 Botaniato
2675 3436 2953 3504 imperium
2982 3445 3346 3505 occupaverat,
3380 3434 3668 3509 [148(ticﬂ

2076 3527 2447 3599 Metaphrasta
2492 3529 2676 3593 iunior
2711 3530 2820 3598 fere
2871 3543 3038 3581 annos
3064 3536 3283 3595 septem,
3313 3536 3361 3582 et
3391 3530 3663 3586 ducentos.

2075 3623 2140 3678 Id
2171 3623 2419 3691 ﬁrmatur
2448 3620 2679 3690 ejusdem
2715 3620 2990 3689 Symeonis
3020 3621 3332 3685 tesrimonio,
3372 3622 3462 3693 qui
3506 3621 3663 3678 Orat.

2078 3715 2147 3770 15
2186 3717 2262 3768 ait
2293 3727 2313 3766 :
2335 3712 2506 3776 Αὐτὸς
2542 3712 2601 3765 δὲ
2645 3711 3052 3784 ἑξακισχιλίοις,
3083 3714 3178 3766 καὶ
3209 3713 3533 3780 ἑξακοσίοις,
3569 3715 3666 3769 καὶ

2076 3806 2334 3860 ιπέκεινα
2372 3804 2580 3860 τούτων
2623 3804 2767 3858 ἔτεσι
2813 3805 3097 3877 διαμείνας
3122 3806 3211 3860 ἀεὶ
3265 3806 3524 3879 πολέμιος
3551 3808 3664 3864 τῶν

2075 3898 2407 3971 ἀνθρώπων,
2457 3915 2637 3970 nempe
2691 3900 2953 3955 diabolus.
2983 3900 3174 3958 Sexies
3201 3901 3351 3958 mille
3389 3904 3665 3961 sexcentis

2075 3999 2133 4045 et
2158 3989 2393 4060 amplius
2424 3991 2584 4045 annis
2611 3991 3215 4061 permansithominum
3237 3994 3409 4051 hostis
3430 3994 3657 4066 .Suppu-

2077 4091 2178 4150 tat,
2202 4083 2506 4139 Grtecorum
2528 4099 2693 4163 more,
2729 4084 2793 4137 ab
2824 4085 2947 4139 orbe
2991 4088 3201 4141 condito
3228 4103 3246 4142 :
3273 4103 3440 4159 quare
3454 4090 3551 4142 erit
3580 4090 3666 4145 hic

2075 4191 2247 4228 annus
2279 4174 2476 4229 Christi
2518 4173 2679 4230 1092.
2732 4172 2803 4228 Et
2848 4175 3153 4241 ἑξακοσίοις
3182 4178 3400 4249 integris
3445 4179 3664 4249 syllabis

2038 4288 2041 4289 ν
2075 4265 2387 4318 describitur
2402 4265 2459 4317 in
2487 4263 2759 4318 Palatino.
2792 4263 2893 4320 Sed
2912 4267 2957 4321 si
2984 4284 3101 4322 cum
3120 4268 3244 4323 aliis
3280 4268 3512 4339 legamus
3544 4269 3663 4323 δια-

2079 4354 2306 4421 κοσίοις,
2336 4354 2594 4419 ducentis,
2626 4364 2683 4408 ut
2723 4360 3117 4424 reprtesentavit
3147 4357 3419 4414 Pontanus
3439 4400 3453 4423 ,
3489 4359 3665 4412 adhuc

388 4437 637 4506 inﬁmum
681 4434 787 4491 δίδί
832 4433 1008 4488 locum
1054 4441 1279 4502 οοσιφαε
1322 4432 1716 4526 “emphasi”
1744 4473 1760 4499 ι
1821 4436 1973 4504 cui!“
2002 4449 2057 4509 1)
2084 4447 2175 4500 isti
2214 4444 2499 4516 Symeones
2532 4454 2688 4500 (etate
2726 4445 2917 4502 diversi
2950 4457 3094 4526 sunt,
3135 4460 3183 4503 et
3226 4447 3452 4519 Symeon
3486 4447 3666 4504 Meta-

389 4530 645 4600 pleraque
697 4528 1072 4582 examinantur
1096 4541 1119 4592 ;
1142 4526 1267 4580 vita:
1325 4526 1490 4580 etiam
1528 4525 1779 4596 pleraque
1812 4526 1878 4579 ab
1916 4542 1976 4581 eo

389 4621 654 4690 seriptata
688 4618 1040 4690 snpposititiis
1085 4626 1431 4672 secernuntur
1471 4634 1489 4674 :
1530 4630 1978 4691 numeranturque

388 4713 504 4767 alia
529 4711 729 4779 scripta
757 4719 951 4781 praeter
988 4709 1135 4765 Vitas
1158 4720 1208 4766 et
1244 4708 1484 4766 Canones
1503 4749 1518 4775 ,
1542 4725 1671 4780 quos
1695 4721 1742 4766 te
1786 4711 1978 4769 vidisse

383 4806 442 4860 in
481 4803 701 4859 Menaeis
727 4784 908 4875 refers.
954 4802 1037 4857 Ea
1081 4811 1206 4857 sunt
1237 4817 1416 4872 preces
1445 4804 1627 4866 varice,
1687 4805 1973 4868 orationes,

384 4896 497 4951 sive
517 4893 856 4949 laudationes
882 4894 941 4946 in
972 4900 1210 4957 sanctos,
1238 4893 1505 4947 orationes
1557 4893 1788 4947 morales
1821 4908 1976 4969 sxw,

385 5000 454 5041 ea:
487 4986 593 5040 divi
639 4984 830 5041 Basilii
865 4986 1487 5055 operibusLsenteutiosa
1541 4989 1718 5056 capita
1765 4986 1830 5041 de
1880 5001 1977 5040 suo

383 5091 570 5140 cum,
621 5090 687 5129 ea:
749 5085 938 5129 sancto
986 5075 1224 5129 Macario
1276 5076 1528 5147 Egyptio
1568 5093 1650 5132 CL.
1699 5076 1976 5147 Epistolis,

381 5168 623 5221 carmina
646 5168 782 5222 varii
824 5168 1053 5238 generis,
1105 5166 1348 5236 Dioptra,
1375 5184 1493 5238 quat
1543 5176 1717 5224 tamen
1742 5170 1796 5222 in
1827 5168 1979 5222 Psel-

384 5251 530 5315 liana
568 5259 821 5315 Diatriba
849 5275 1130 5331 perperam
1158 5263 1562 5332 perquiruntur,
1587 5261 1679 5314 ubi
1704 5260 1979 5315 Pselliana

294 5387 299 5392 -
386 5359 593 5406 tantum
622 5353 820 5422 scripta
861 5362 1215 5408 numerantur
1245 5369 1264 5408 :
1297 5356 1397 5407 etsi
1446 5368 1610 5422 neque
1643 5352 1738 5406 illa
1778 5354 1976 5421 omnia,

382 5460 499 5498 cum
552 5457 672 5516 post
728 5448 997 5518 vulgatam
1056 5447 1357 5503 Diatribam
1399 5447 1601 5502 allatus
1644 5448 1776 5503 mihi
1824 5451 1980 5521 fuerit

386 5537 548 5592 codex
576 5536 1000 5608 Manuscriptus,
1036 5540 1213 5607 tineis,
1251 5542 1571 5611 madoreque
1609 5543 1897 5611 confectus,
1925 5543 1980 5597 in

387 5642 489 5695 quo
546 5627 710 5681 multo
763 5630 920 5699 plura
970 5621 1138 5698 ips'ius
1199 5630 1367 5685 Pselli
1402 5633 1757 5700 reperiuntur_
1822 5632 1977 5719 Lege,

386 5732 584 5787 qua'so,
631 5734 759 5773 mete
784 5718 1045 5775 Diatribte
1086 5721 1310 5791 paginas
1356 5723 1429 5779 45
1472 5732 1525 5778 et
1572 5723 1668 5782 88.
1700 5721 1804 5801 ibi
1843 5724 1982 5779 inter

2077 4538 2318 4606 phrastes
2336 4538 2438 4592 erit
2466 4536 2725 4608 Theologo
2747 4539 2932 4608 junior
2966 4542 3245 4596 minimum
3268 4558 3435 4596 annos
3461 4541 3585 4607 194,
3615 4543 3663 4595 si

2077 4627 2310 4698 ngeon
2367 4628 2642 4684 Xerocerci
2674 4632 3029 4688 annomundi
3066 4633 3226 4689 6300.
3267 4633 3548 4698 scribebat,
3572 4634 3663 4703 qui

2079 4720 2354 4786 respondet
2392 4720 2763 4792 anno‘Christi
2796 4722 2923 4786 692,
2978 4723 3073 4775 sub
3110 4722 3419 4778 Iustiniano
3449 4724 3668 4778 Rhinot.

2079 4819 2217 4863 meto
2267 4819 2390 4865 ante
2426 4810 2891 4868 Iconomachorum
2936 4814 3177 4868 hwresim
3222 4832 3387 4871 annos
3458 4817 3666 4869 circiter

2080 4901 2323 4973 triginta.
2362 4904 2515 4969 Quod
2558 4907 2605 4959 si
2636 4905 2891 4974 Stephani
2910 4907 3144 4975 junioris
3176 4919 3209 4962 a
3241 4907 3573 4981 Coprongmo
3601 4909 3663 4963 ob

2079 4992 2775 5064 defensioncm.saerarum
2855 4998 3148 5068 imaginum
3219 5000 3479 5071 interfecti
3524 5016 3663 5053 anno

2081 5084 2277 5140 Christi
2322 5086 2424 5140 767
2454 5088 2712 5153 meminit,
2760 5098 2807 5141 et
2837 5090 2913 5142 sic
2956 5089 3117 5143 etiam
3147 5092 3245 5144 erit
3286 5092 3452 5145 multo
3486 5093 3660 5145 Meta-

2078 5176 2290 5247 phraste
2317 5177 2793 5246 antiquior,-anno
2823 5180 2956 5248 forte
2988 5193 3216 5235 centum.
3248 5180 3350 5236 Sed
3375 5183 3465 5253 qui
3492 5183 3661 5253 potuit

2082 5285 2224 5323 anno
2247 5267 2443 5324 Christi
2462 5268 2566 5323 602
2598 5273 2771 5325 vivens
2801 5270 3056 5342 Stephani
3077 5273 3308 5341 junioris
3344 5274 3659 5338 meminisse,

2081 5360 2401 5429 martyrium
2425 5360 2725 5427 passianno
2757 5361 2879 5429 767,
2909 5364 3062 5417 annis
3092 5363 3161 5417 75
3195 5350 3498 5434 antiquior?
3526 5365 3664 5419 Hinc

2080 5451 2136 5504 in
2158 5452 2254 5505 hoc
2283 5454 2513 5506 secundo
2548 5470 2764 5507 numero
2795 5471 2944 5509 error
2975 5457 3251 5528 manifeste
3288 5456 3580 5528 colligitur,
3613 5470 3662 5511 et

2082 5552 2454 5611 consequenter
2488 5545 2691 5611 primus
2740 5562 3002 5600 numerus
3050 5546 3400 5600 verosimilior
3442 5556 3662 5617 est,qtto

2083 5636 2166 5689 hic
2193 5635 2469 5691 Xerocerci
2516 5639 2829 5709 praepositus
2868 5639 3239 5708 Metaphrasta:
3285 5641 3539 5707 posterior
3562 5648 3659 5697 est.

2084 5722 2358 5795 Quidquid
2391 5734 2566 5782 tamen
2582 5726 2671 5797 sit,
2717 5726 2932 5781 omnino
2978 5712 3311 5784 concluditur
3353 5727 3519 5783 alium
3551 5745 3662 5788 esse
