4156 6408
504 355 608 419 12's
654 305 659 311 ’

1497 331 1598 392 DE
1635 324 2166 416 AUCTORITATE
2205 320 2789 387 METAPHRASM

3680 311 3783 377 176

504 384 608 419 λά)
1498 384 1598 392 -—
1635 384 2161 391 -v-————-——~'7
2210 384 2273 385 ην
2336 384 2345 385 κ
2421 384 2481 387 -Ὕ
3244 384 3252 390 1

500 459 722 533 privait,
772 455 801 510 ξι
829 453 878 508 la
909 463 1017 507 vue
1058 447 1155 504 des
1202 444 1361 500 biens
1416 437 1659 539 éternels
1694 452 1804 509 que
1834 437 1886 492 la
1914 435 1986 492 l'oi
2018 412 2094 491 lui
2127 435 2602 520 Apourivaincre
2644 449 2704 489 sa
2750 427 3003 497 lermelé,
3053 437 3103 485 et
3133 423 3380 500 l’obliger
3424 424 3784 495 d'acquiescer

499 555 681 613 faisait
710 548 1014 617 envisagcr.

572 648 667 702 Cet
708 645 912 697 homme
954 634 1044 706 qui
1094 628 1272 698 veri/ia
1314 621 1367 680 la
1415 621 1705 694 prédiction
1752 636 1853 693 que
1898 617 2113 674 Iesus--

501 744 673 801 Christ
704 735 843 791 auait
884 732 1037 803 faite,
1068 739 1168 794 que
1210 720 1281 775 les
1326 725 1542 787 parents
1576 714 1894 770 trahiraient
1949 711 2090 767 leurs

388 877 406 891 .
501 849 715 908 propres
749 827 977 897 enfants
998 828 1047 875 et
1087 817 1159 871 les
1192 811 1495 868 livreraient
1517 809 1839 864 eus-mentes
1872 821 1981 860 ana:
1996 804 2090 875 ju-

499 896 650 1001 ges:a
675 896 830 978 cause
858 918 920 972 de
958 914 1052 978 lui,
1077 908 1188 963 alla
1226 905 1363 977 faire
1385 920 1455 957 au
1479 898 1766 973 magistral
1795 899 1884 953 des
1909 896 2090 967 plain-

500 985 574 1075 les
598 1019 661 1072 de
692 1002 801 1068 son'
820 1008 928 1079 ﬁls,
959 1015 1157 1059 comme
1185 996 1311 1051 d'un
1336 992 1524 1064 enfant
1549 989 1738 1060 rebelle
1776 990 1808 1043 ὰ
1847 1003 1942 1043 son
1969 985 2089 1058 pere

499 1092 548 1170 et
586 1125 696 1165 eum
731 1106 912 1177 dieux.
1390 1092 1393 1095 ’

570 1203 648 1258 Le
716 1179 1002 1266 magistrat
1048 1198 1254 1256 euvoya

499 1276 737 1373 premite
767 1286 969 1361 Cyrille
1022 1297 1122 1353 par
1159 1277 1257 1373 des

1404 1176 1530 1233 Haec
1593 1189 1762 1249 agens
1830 1172 1887 1227 in
1954 1171 2088 1227 iram

1326 1268 1663 1342 provocabat
1697 1250 1959 1321 Caesai‘cte
1998 1263 2092 1336 ju-

498 1369 749 1459 soltlats:
803 1390 853 1436 et
903 1377 1116 1450 l’agant.
1157 1369 1255 1441 {ait

496 1488 643 1544 venir
666 1485 856 1539 deuant
886 1475 982 1538 lui,
1008 1470 1047 1526 il
1068 1480 1254 1535 essaya

496 1582 561 1635 de
587 1578 633 1633 le
658 1584 902 1629 ramener
929 1579 1036 1631 uua:
1074 1558 1255 1613 volon-

495 1676 573 1728 tés
615 1670 678 1724 de
695 1680 788 1721 son
808 1660 971 1733 pere;
1004 1662 1060 1710 et
1093 1652 1127 1706 il
1176 1648 1256 1704 lui

495 1764 555 1820 ﬁt
575 1756 793 1814 ensuile
808 1751 876 1807 de
892 1744 1127 1820 grandes
1146 1754 1255 1795 me-

493 1866 659 1911 naces
711 1859 853 1919 pour
910 1833 1263 1903 l’intimider._

497 1950 708 2021 Voyant
751 1953 859 2011 que
892 1932 1093 2008 Cyrille
1126 1928 1254 2021 n‘en

494 2017 629 2099 eluit
671 2049 769 2108 pas
827 2030 953 2101 plus
997 2024 1153 2091 ému,
1211 2017 1254 2073 ξι

495 2137 729 2204 changea
791 2126 855 2180 de
897 2122 1155 2181 discours,
1194 2123 1258 2178 et

495 2227 571 2283 lui
593 2226 672 2280 dit
711 2220 875 2292 (ιιιῖοη
892 2213 975 2269 lui
1013 2208 1255 2283 pardon-

495 2319 613 2377 nait
634 2316 687 2371 le
727 2308 910 2385 passé,
936 2305 1023 2362 s’il
1049 2298 1257 2358 voulait

495 2415 614 2468 etre
657 2420 814 2476 sage;
844 2415 953 2473 que
997 2410 1098 2453 son
1124 2390 1256 2461 pere

495 2505 706 2563 voulait
733 2500 862 2556 bien
888 2491 1103 2551 oublier
1140 2496 1258 2542 tou-

497 2613 580 2658 tes
601 2615 681 2655 ses
720 2591 1163 2651 désobéissances,
1203 2588 1259 2638 et

497 2678 623 2754 tous
654 2693 733 2748 les
756 2695 942 2744 aulres
986 2680 1160 2752 sujets
1187 2676 1257 2734 de

494 2788 1002 2849 mécontentement
1032 2775 1165 2849 qu‘il
1181 2773 1255 2829 lui

496 2884 645 2941 avait
691 2875 923 2941 causes,
1001 2872 1052 2927 le
1104 2882 1257 2925 recc-

1326 1362 1504 1417 dicetu
1530 1401 1546 1427 ,
1609 1369 1657 1415 et
1724 1373 1914 1413 vocans
1971 1372 2091 1410 eum

1324 1472 1418 1527 per
1466 1453 1913 1510 ministrationem
1946 1448 2091 1504 mili-

1327 1557 1474 1615 tum,
1543 1556 1594 1601 et
1666 1554 1867 1599 terrens
1930 1541 2093 1597 simul

1325 1642 1390 1697 de
1413 1640 1639 1712 judiciis
1664 1681 1678 1706 ,
1712 1638 1920 1702 videbat
1970 1636 2093 1708 qui-

1326 1738 1445 1792 dem
1513 1737 1569 1791 in
1640 1733 1902 1805 principio
1972 1748 2089 1786 cum

1326 1846 1430 1885 non
1489 1828 1709 1896 terreri,
1786 1826 1884 1883 sed
1947 1825 2089 1879 omni

1327 1936 1589 1983 momento
1632 1925 1699 1980 ab
1736 1923 1879 1979 omni
1927 1921 2090 1992 trepi-

1328 2002 1543 2076 datione
1578 2035 1821 2074 securum
1865 2014 2088 2087 (astare)

1327 2113 1544 2169 modica
1635 2110 1819 2167 omnia
1900 2115 2091 2164 contra

1318 2207 1488 2262 ﬁdem
1519 2212 1962 2274 computantem.
2006 2196 2089 2251 En

1325 2298 1573 2371 indulgeo
1598 2297 1726 2361 tibi,
1778 2294 1952 2366 inquit
1986 2290 2090 2347 Juv

1327 2394 1447 2458 dem,
1472 2408 1501 2445 ο
1540 2404 1692 2458 puer,
1725 2385 1941 2465 delicta.
1993 2383 2091 2437 Di-

1326 2488 1489 2543 mittit
1525 2485 1618 2540 tibi
1651 2492 1699 2539 et
1728 2491 1880 2555 pater
1926 2480 2091 2551 oﬂ'en-

1326 2599 1473 2648 sam,
1521 2581 1577 2634 in
1617 2578 1830 2633 domum
1874 2576 2091 2646 suscipit

1329 2686 1399 2732 te.
1464 2673 1608 2729 Licet
1667 2672 1765 2726 tibi
1803 2671 1911 2742 frui
1955 2675 2121 2724 bona-

1327 2769 1499 2842 patris
1521 2807 1536 2833 ,
1564 2766 1610 2820 si
1639 2764 1846 2820 sobrius
1871 2763 1972 2833 ﬁas
1995 2802 2010 2829 ,
2044 2761 2091 2816 si

1331 2864 1637 2934 tibimetipsi
1659 2862 1748 2917 des
1774 2860 2085 2931 cogitatum.

2189 545 2301 585 aus
2329 512 2560 583 volantes
2585 527 2649 580 de
2670 541 2764 579 sou
2792 523 2933 591 pere.

2263 615 2411 672 Cena:
2437 632 2537 688 que
2562 614 2609 670 le
2632 615 2763 685 juge
2805 612 2951 667 avait
3096 611 3322 681 Quando
3374 613 3553 664 autem
3619 622 3784 679 neque
3838 620 3839 623 ‘

2192 712 2411 768 commis
2446 726 2581 781 pour
2609 709 2684 764 lui
2728 724 2952 778 rappor-
3024 707 3352 778 lacrymatus
3389 720 3521 773 puer
3558 702 3783 756 nuntia-

2191 816 2272 863 ter
2319 807 2409 861 des
2434 804 2441 809 ’
2470 805 2732 861 nouvelles
2790 804 2855 858 de
2890 802 2947 856 la
3024 803 3215 866 batur,
3256 815 3421 862 neque
3458 797 3631 866 ignem
3672 810 3788 849 me-

2191 910 2511 959 contenance
2557 901 2655 968 que
2712 905 2789 951 cet
2856 911 2950 949 en-
3025 907 3194 959 tuens,
3248 893 3305 946 in
3357 905 3515 960 quem
3564 881 3788 957 injicere

2192 999 2310 1067 {aut
2372 993 2624 1049 tiendrait
2683 993 2716 1046 ἁ
2766 989 2818 1045 la
2850 1005 2948 1044 uue
3021 990 3159 1044 hunc
3234 981 3613 1045 minabantur,
3693 974 3788 1030 sed

2190 1093 2282 1160 des
2344 1096 2665 1155 tourntents,
2726 1086 2952 1143 vincent
3020 1078 3406 1155 patientissime
3443 1074 3515 1129 ad
3561 1080 3787 1128 mortem

2190 1156 2265 1241 lui
2296 1184 2414 1240 dire
2439 1180 2602 1254 qu’on
2631 1179 2837 1235 n’avait
2879 1192 2952 1254 pu
3022 1181 3367 1246 pergentem:
3493 1253 3500 1254 γ
3581 1156 3588 1163 ’
3685 1215 3699 1227 ,

2192 1274 2269 1330 lui
2336 1250 2600 1328 arraeher
2678 1282 2790 1324 une
2862 1252 3085 1329 larme;
3137 1273 3246 1330 que
3298 1253 3581 1325 lorsqu’on
3636 1250 3787 1320 avait

2192 1369 2293 1425 fait
2355 1366 2535 1425 mine-
2564 1363 2634 1422 de
2660 1363 2712 1418 le
2736 1363 2881 1434 jeter
2929 1358 3071 1413 dans
3124 1354 3176 1410 le
3208 1351 3322 1434 feu,
3376 1348 3414 1405 il
3457 1348 3662 1421 n’avait
3728 1345 3787 1425 ni

2192 1458 2394 1527 recula,
2420 1458 2477 1513 ni
2506 1457 2642 1523 crié,
2687 1432 2750 1509 ni
2774 1452 2977 1522 change
3011 1446 3076 1502 de
3103 1432 3349 1508 coule'ur;
3378 1452 3477 1513 que
3510 1439 3689 1511 quand
3718 1452 3789 1491 on

2194 1557 2272 1611 lui
2303 1555 2451 1616 auait
2479 1554 2580 1626 {ait
2608 1538 2722 1607 uoir
2753 1549 2914 1619 l’épée
2944 1560 3047 1600 nue
3079 1557 3212 1613 pour
3250 1538 3325 1594 lui
3355 1552 3547 1606 couper
3577 1533 3629 1587 la
3658 1534 3781 1598 tete,

2192 1651 2234 1706 il
2259 1649 2403 1706 auait
2431 1623 2669 1719 presenté
2704 1643 2753 1698 le
2792 1656 2909 1706 cou,
2944 1653 3073 1700 avec
3112 1650 3215 1691 une
3247 1630 3532 1687 resolution
3564 1623 3787 1695 capable

495 2975 618 3031 νυίι·
645 2972 784 3028 dans
817 2982 880 3023 sa
915 2963 1152 3027 maison,
1194 2959 1273 3014 lui
1313 2959 1502 3014 reudre
1537 2964 1649 3010 tant
1681 2969 1737 3007 ce
1773 2950 1902 3022 qu’il
1943 2949 2090 3004 auait

494 3042 702 3143 perdit,
734 3071 791 3120 et
835 3062 886 3117 le
920 3050 1147 3115 re'tablir
1177 3055 1314 3112 dans
1353 3053 1433 3108 les
1473 3051 1649 3107 droits
1679 3046 1749 3103 de
1792 3057 2091 3125 sasucees-

2194 1744 2259 1798 de
2287 1742 2425 1815 faire
2458 1736 2704 1794 trentbler
2728 1734 2776 1789 le
2808 1734 3069 1788 bourreau
3109 1743 3126 1782 :

2124 1804 2164 1860 Β
2357 1833 2522 1903 juge,
2565 1828 2705 1900 pleitt
2752 1824 2954 1880 d’éton-

2193 1935 2403 1983 nement
2445 1934 2494 1979 et
2549 1919 2951 1997 d‘admiration,

2192 2020 2255 2077 ﬁt
2286 2020 2503 2075 revenir
2525 2015 2723 2088 Cyrille
2747 2013 2949 2070 devant

2193 2114 2293 2177 lui,
2324 2120 2381 2167 et
2404 2111 2609 2166 l'aisant
2643 2106 2813 2162 valoir
2830 2104 2953 2160 l'iu-

2192 2208 2462 2279 dulgence
2494 2203 2626 2275 qu‘il
2664 2202 2809 2257 avait
2847 2214 2953 2255 eue

2192 2318 2335 2375 pour
2364 2300 2462 2366 lui,
2522 2298 2559 2353 il
2604 2295 2872 2352 l‘exltorta
2920 2292 2954 2347 ὸ

2197 2401 2413 2449 rentrer
2452 2405 2523 2445 en
2560 2385 2873 2449 lui-meme,
2898 2391 2955 2439 et

2193 2490 2225 2546 ὸ
2289 2486 2515 2560 proﬁter
2571 2484 2640 2541 de
2700 2482 2750 2538 la
2791 2480 2954 2553 gt‘ace

2192 2584 2325 2656 qu'il
2359 2581 2541 2638 venait
2569 2579 2639 2635 de
2680 2575 2948 2633 recevoir.

2264 2674 2519 2732 L’enl‘ant
2548 2671 2622 2728 lui
2661 2668 2948 2741 repandit:

2194 2768 2334 2826 Loiu
2375 2767 2446 2823 de
2477 2778 2567 2821 me
2604 2762 2740 2819 faire
2770 2759 2952 2833 grues,

2195 2882 2334 2925 vous
2372 2865 2580 2921 m’avez
2641 2860 2741 2916 fait
2780 2856 2952 2931 grand

2195 2969 2325 3025 tort,
2371 2973 2438 3015 en
2463 2970 2549 3012 me
2585 2955 2819 3011 retiraut
2855 2950 2953 3007 des

2194 3053 2398 3121 l'euxLet
2419 3050 2519 3106 des
2533 3047 2717 3120 épées.
2738 3045 2811 3105 Ce
2824 3045 2955 3127 n’est

3098 1818 3300 1874 Iterum
3338 1821 3488 1869 t'ocat
3516 1810 3654 1865 hunc
3684 1805 3785 1861 Ju-

3024 1915 3143 1978 dex,
3194 1912 3379 1964 docere
3421 1905 3693 1960 animatus
3734 1909 3784 1954 et

3009 2006 3174 2063 .verbo
3222 2000 3448 2058 suadere
3497 1996 3787 2053 secundum

3023 2098 3240 2155 solitum
3287 2094 3387 2149 sibi
3424 2106 3645 2165 morem.
3688 2085 3788 2143 Vi-

3023 2192 3195 2257 disti,
3229 2206 3263 2248 ο
3314 2204 3451 2261 puer
3521 2184 3786 2258 (inquit),

3027 2288 3208 2360 ignem
3228 2283 3471 2352 ;vidisti,
3492 2278 3781 2352 ojuvenis,

3018 2383 3264 2457 gladium
3326 2399 3340 2436 :

3026 2488 3086 2536 ut
3118 2480 3318 2535 iterum
3366 2475 3589 2530 habeas
3616 2469 3790 2543 patris

3024 2573 3248 2630 domum
3273 2580 3331 2626 et
3360 2568 3659 2624 fortunam.

3095 2664 3200 2731 Qui
3284 2660 3552 2731 respondit
3613 2671 3633 2712 :
3684 2654 3794 2711 No-

3023 2758 3201 2822 cuisti,
3231 2771 3260 2811 ο
3292 2762 3540 2825 tyranne,
3585 2763 3670 2802 me
3699 2762 3791 2800 re—

3024 2867 3261 2915 vocans;
3295 2845 3548 2911 nocuisti,
3591 2854 3640 2900 et
3673 2859 3794 2911 pes-
3840 2916 3849 2925 _

3024 2947 3156 3003 sime
3175 2942 3380 3016 gessisti
3407 2958 3425 3011 ._’
3446 2942 3647 3012 [rustra
3669 2951 3795 2991 suc-

3027 3038 3251 3094 cendisti
3268 3037 3464 3107 ignem,
3485 3033 3598 3087 sine
3622 3044 3791 3086 cuusa

3396 2378 3602 2434 sobrius
3654 2386 3790 2444 esto,
3884 2428 3887 2429 ν

496 3162 642 3225 sion,
670 3164 794 3212 dent
818 3151 860 3206 il
903 3147 1090 3204 l’avait
1123 3145 1291 3217 prive.

510 3262 518 3267 '
566 3251 766 3326 Cyrille
792 3247 870 3303 lui
915 3244 996 3301 dit
1034 3241 1167 3314 qu’il
1198 3255 1259 3296 se

497 3343 818 3420 réiouissait
837 3380 850 3407 ,
869 3337 992 3403 ,no'n
1030 3336 1121 3390 des
1154 3332 1263 3387 bel-

500 3444 575 3499 les
605 3448 894 3510 promesses
927 3432 1054 3485 dont
1103 3442 1171 3482 on
1199 3425 1283 3489 'le_

498 3533 724 3609 ﬂattait,
757 3528 896 3583 mais
945 3524 1044 3580 des
1074 3514 1262 3590 repro-

500 3631 634 3687 clues
651 3637 704 3682 et
716 3624 813 3681 des
832 3629 1086 3677 menaces
1096 3615 1260 3687 qu‘on

497 3725 574 3780 lui
612 3712 994 3786 laisait;‘qu’il
1037 3724 1098 3767 se
1127 3723 1262 3764 con-

499 3816 660 3874 solait
673 3811 950 3870 ’aisément
969 3806 1039 3862 de
1052 3794 1113 3860 se
1140 3799 1262 3857 voir

499 3907 696 3968 chassé
745 3905 813 3961 de
845 3903 894 3957 Ia
939 3898 1149 3955 maison
1189 3892 1259 3948 de

499 4021 597 4061 sou
621 4001 769 4072 pere,
801 4011 897 4068 par
921 3989 1259 4062 l'espérance

500 4094 634 4169 qu'il
689 4090 843 4148 avait.
883 4086 1058 4142 d’étre
1128 4093 1259 4145 reeu

501 4191 639 4246 dans
665 4186 802 4242 celle
831 4184 901 4238 de
930 4179 1102 4243 Dieu;
1130 4171 1260 4244 qu’il

1404 3235 1753 3293 Beatissimae
1814 3246 1935 3288 uero
1991 3228 2096 3299 Cy-

1333 3332 1524 3399 rillus,
1591 3328 1849 3390 Gaudeo,
1932 3324 2091 3392 dixit,

1333 3446 1453 3486 cum
1496 3442 1592 3499 pro
1631 3426 1711 3481 Itis
1758 3424 1888 3479 mihi
1923 3422 2099 3477 incre-

1332 3533 1514 3594 patur.
1572 3519 1688 3591 Ego
1747 3516 1894 3572 enim
1951 3514 2097 3585 apud

1332 3611 1506 3668 Deum
1574 3608 1785 3680 optime
1838 3604 2091 3676 recipiar.

1333 3702 1580 3760 Delector
1624 3703 1782 3757 domo
1808 3708 1939 3755 ‘ntea
1985 3697 2098 3768 pri—

1331 3803 1508 3853 uatus.
1532 3792 1799 3848 Habitabo
1813 3791 1951 3850 enim
1976 3806 2098 3845 ma-

1323 3888 1499 3958 jorem
1520 3895 1569 3941 et
1590 3884 1881 3940 meliorem.
1903 3882 2097 3951 Sponte

1330 3981 1402 4051 ﬁo
1442 3995 1674 4044 uauoer,
1720 3987 1777 4032 ut
1819 3977 1973 4049 fruar
2015 3976 2110 4031 (li--

1329 4071 1474 4128 uitiis
1500 4057 1771 4142 (teternis)
1804 4082 1823 4132 ;
1895 4067 2098 4123 bonam

1303 4173 1560 4234 .mortem
1594 4177 1697 4217 non
1730 4170 1905 4216 metuo
1925 4200 1940 4227 ,
1971 4160 2098 4231 quia

2115 3150 2159 3211 ο
2190 3146 2340 3219 point
2423 3157 2527 3198 une
2598 3139 2952 3211 indulgence,

3026 3131 3266 3204 gladium
3340 3127 3555 3183 acuisti.
3615 3125 3794 3181 Multo

2197 3238 2437 3293 c’estune
2455 3236 2676 3291 cruauté
2698 3249 2798 3305 que
2827 3247 2957 3287 eous
3030 3222 3207 3292 major
3236 3220 3354 3292 (est)
3395 3220 3581 3274 domus
3627 3234 3793 3290 quam

2197 3349 2324 3388 aues
2343 3330 2554 3387 exercee
2596 3337 2776 3383 contra
2824 3325 2953 3381 moi.
3029 3318 3272 3373 habitare
3318 3316 3508 3389 festino
3559 3331 3579 3371 :
3624 3314 3796 3370 multo

2194 3424 2297 3481 J'ai
2326 3439 2432 3479 une
2458 3432 2619 3479 autre
2658 3420 2870 3476 maison
2900 3426 2959 3473 et
3020 3414 3232 3493 divitia:
3245 3414 3658 3485 prwstantiores.
3676 3410 3798 3466 llas

2197 3516 2438 3574 d’autres
2452 3511 2958 3571 richessesaatten-
3033 3502 3277 3579 accipere
3312 3524 3344 3561 a
3366 3506 3594 3566 Domino
3643 3520 3792 3559 arce.

2197 3608 2296 3665 dre
2314 3607 2584 3680 que’celles
2602 3606 2666 3661 de
2678 3621 2800 3660 mon
2814 3603 2953 3675 pere.
3035 3601 3164 3664 lero,
3189 3596 3410 3654 celerius
3438 3614 3519 3652 me
3547 3611 3799 3651 consum-

2196 3700 2494 3773 J‘espérais
2550 3714 2621 3756 en
2651 3698 2785 3753 aller
2812 3696 2962 3769 jouir
3035 3711 3150 3759 ma,
3180 3700 3237 3747 ut
3266 3691 3486 3747 celerius
3508 3692 3683 3762 fruar.

2200 3794 2409 3867 lorsque
2462 3809 2587 3849 vous
2664 3789 2865 3846 m‘aves
2914 3787 3021 3851 jbté
3092 3794 3224 3840 cette
3287 3784 3637 3855 satisfaction.
3711 3779 3799 3839 No

2198 3887 2468 3944 nt’enviez
2496 3886 2639 3941 done
2664 3899 2760 3955 pas
2792 3883 2917 3954 plus
2944 3873 3256 3950 lo'ngtemps
3284 3892 3411 3932 mon
3446 3877 3714 3932 bouheur.

2270 3980 2376 4035 Les
2417 3979 2725 4043 assistants,
2780 3973 2961 4045 égale-
3126 3968 3196 4024 Et
3265 3969 3413 4024 'Iuec
3521 3969 3799 4023 audientes

2200 4054 2588 4141 mentsurpris
2619 4069 2719 4124 des
2743 4069 2968 4123 raison-
3021 4072 3271 4138 _astantes
3298 4062 3736 4135 lacrymabantur
3778 4079 3798 4118 :

503 4275 818 4338 consentait
859 4274 929 4329 de
970 4271 1263 4345 demeurer
1336 4258 1499 4313 vitam
1536 4255 1785 4326 provideo
1820 4253 1952 4308 mihi
1992 4268 2101 4309 me-

501 4385 732 4447 pauvre,
765 4379 977 4439 pourvu
1008 4357 1143 4431 qu’il
1167 4356 1264 4427 put
1301 4350 1545 4447 "liorem.

502 4437 647 4541 iouir
673 4437 780 4520 dest
798 4458 1079 4516 richesses
1108 4445 1402 4507 éternelles
1430 4442 1568 4498 dans
1592 4440 1649 4497 le
1673 4439 1817 4507 cie];
1846 4448 1903 4496 et
1936 4437 2101 4511 quam

2199 4173 2456 4222 nements
2493 4171 2550 4218 et
2592 4162 2659 4217 de
2705 4159 2754 4215 la
2799 4175 2962 4217 cons-

2202 4267 2363 4314 tsnce
2407 4256 2476 4311 de
2513 4269 2578 4310 ce
2613 4255 2782 4326 jeune
2838 4268 2962 4325 gar-

2201 4359 2337 4426 con;
2387 4370 2459 4412 ne
2506 4364 2707 4427 putent
2755 4355 2962 4411 retenir

2201 4447 2349 4508 leurs
2374 4447 2574 4504 lat-mes
2597 4463 2731 4518 pour
2749 4430 2804 4502 la
2842 4446 2962 4517 plu-

505 4531 648 4619 reste
666 4556 715 4611 'il
739 4569 809 4610 ne
830 4545 1103 4621 craignait
1130 4537 1367 4615 point_la
1393 4544 1557 4601 mort,
1580 4547 1747 4617 parce
1767 4531 1900 4604 qu’il
1920 4540 2099 4587 atten-
2123 4552 2178 4613 Β
2204 4546 2348 4612 μανι,
2406 4541 2607 4613 cyriue
2640 4549 2728 4596 ειη
2776 4546 2961 4595 meo"

508 4651 619 4711 t‘.ait
643 4645 858 4706 ensuite
904 4655 1014 4698 une
1045 4637 1134 4695 vie
1163 4633 1290 4707 plus
1317 4630 1593 4686 heureuse
1643 4641 1745 4698 que
1790 4624 1919 4681 celle
1943 4622 2100 4696 qu‘on

420 4751 429 4759 '
505 4744 583 4797 lui
606 4738 809 4796 uoulait
846 4736 981 4790 bter.

572 4834 647 4889 Le
696 4832 827 4904 juge
873 4826 1063 4883 étonné
1090 4803 1263 4900 'd'une
1383 4812 1537 4869 ’Hatc
1580 4812 1758 4868 dicens
1799 4827 1918 4867 eum
1967 4828 2102 4884 qua.

500 4929 547 4984 si
574 4928 855 5000 genereuse
900 4921 1140 4991 réponse,
1187 4914 1281 4971 lui-
1335 4911 1460 4965 dam
1494 4906 1682 4977 deiﬁca
1714 4906 1930 4973 virtute,
1961 4921 2102 4975 pra-

500 4998 587 5078 litﬁ
618 5026 821 5074 mettre
874 5014 956 5070 les
1010 5010 1145 5076 fers,
1208 5014 1266 5063 et
1336 5001 1534 5073 cipitur
1575 5000 1735 5071 ligari
1772 4998 2100 5066 solemniter,

500 5110 826 5171 connnanda
859 5105 1103 5179 qu’onle
1131 5117 1267 5160 con-
1338 5098 1491 5169 quasi
1536 5098 1607 5152 ad
1659 5105 1885 5151 mortem
1938 5096 2105 5151 dedu-

500 5202 671 5260 duislt.
714 5214 784 5254 au
839 5195 953 5251 lieu
1011 5195 1085 5250 du
1137 5206 1269 5263 sup-

500 5296 682 5367 plice,
753 5303 968 5345 comme
1032 5302 1172 5358 pour
1235 5300 1269 5357 γ

501 5390 622 5442 etre
658 5381 913 5440 execute.
978 5380 1029 5437 ll
1086 5381 1266 5435 donna

504 5496 568 5536 en
635 5482 805 5535 meme
859 5487 1026 5547 temps
1063 5492 1136 5531 un
1179 5491 1267 5530 or-

504 5572 599 5627 dre

675 5578 840 5625 secret
919 5583 1029 5623 aux
1103 5568 1289 5623 hour»

1338 5189 1554 5244 cendus.
1621 5189 1790 5258 Usque
1849 5197 2104 5244 terrorem

1340 5294 1521 5340 autem
1554 5294 1604 5340 et
1630 5285 1930 5355 jussionem
1967 5285 2104 5341 illud

1339 5379 1572 5452 publicos
1601 5380 1915 5451 (ministros)
1931 5381 2107 5453 facere

1344 5471 1554 5545 σπάθας)
1611 5472 1871 5544 prccipit,
1919 5473 2109 5542 proba-

1344 5567 1539 5622 tionem
1603 5566 1866 5637 accipiens
1931 5567 2103 5637 pueri.~

508 5676 677 5718 reaux
708 5660 777 5716 de
812 5669 934 5716 lout
972 5658 1109 5714 laire
1143 5658 1175 5714 it
1207 5674 1308 5716 son
1340 5657 1531 5731 égard,
1571 5657 1831 5730 jusqu‘an
1864 5675 1998 5731 conp
2041 5660 2108 5715 de

510 5761 572 5817 ια
602 5763 776 5820 mort,
816 5751 1075 5808 meis-de"
1101 5767 1166 5805 ae
1208 5752 1358 5820 point
1390 5744 1576 5822 passer
1624 5766 1698 5806 au
1729 5750 1850 5806 dele
1875 5791 1889 5816 ,
1944 5766 2110 5822 parce

510 5843 865 5921 qu'il'voulait
883 5845 1163 5919 employer
1183 5858 1245 5903 ce
1262 5843 1487 5901 dernicr
1512 5842 1731 5902 reméde
1759 5843 1827 5903 de
1849 5843 1898 5900 la
1936 5859 2074 5916 peur
2090 5886 2107 5914 ,

2204 4635 2251 4691 le
2264 4651 2491 4707 courage
2513 4634 2582 4691 de
2597 4634 2717 4691 leur
2740 4649 2808 4691 en
2826 4633 2962 4691 faire

2202 4727 2301 4784 des
2328 4727 2645 4799 reprocltes.
2681 4726 2831 4785 Vous
2861 4727 2960 4785 de-

2201 4819 2353 4877 vriez
2402 4819 2534 4888 rlre,
2559 4819 2681 4875 leur
2706 4817 2958 4886 disait-il,

2202 4921 2261 4969 et
2296 4928 2436 4970 vous
2477 4912 2687 4985 rejouir
2710 4913 2780 4969 de
2813 4910 2965 4969 l’état

2204 5003 2277 5059 ou
2299 5020 2439 5063 vous
2466 5019 2554 5062 me
2581 5018 2771 5077 vayes.

2276 5183 2507 5254 Lorsque
2530 5184 2577 5238 le
2588 5183 2720 5257 juge
2744 5192 2968 5254 eutpro-

2207 5280 2373 5335 noncé
2388 5279 2443 5334 la
2461 5264 2699 5336 sentence
2723 5282 2788 5336 de
2807 5289 2966 5349 mort,

2209 5373 2283 5428 les
2310 5371 2487 5444 pleurs
2543 5373 2633 5429 des
2667 5382 2849 5429 autres
2880 5391 2970 5430 re-

2211 5468 2539 5524 doublereut.
2576 5467 2633 5523 Μ
2637 5467 2719 5524 ais
2751 5467 2967 5539 Cyrille,

2210 5563 2337 5620 d‘un
2386 5573 2474 5619 ton
2492 5564 2600 5633 qui
2626 5565 2896 5634 marquait
2917 5562 2972 5618 la

2209 5657 2520 5729 disposition
2554 5655 2619 5712 de
2671 5671 2766 5711 son
2798 5655 2974 5728 grand

2212 5768 2354 5807 caeur
2381 5760 2431 5806 et
2462 5751 2514 5805 la
2556 5750 2768 5806 solidité
2817 5750 2881 5804 de
2909 5765 2971 5805 sa

2208 5844 2340 5915 joie,
2372 5843 2487 5900 leur
2504 5842 2585 5901 dit
2606 5840 2697 5899 :Sl
2725 5827 2861 5899 vous
2886 5853 2976 5899 sa-

3035 4173 3166 4227 puer
3188 4165 3366 4213 autem
3400 4156 3667 4236 lacrymas
3708 4172 3802 4211 eo-

3037 4269 3156 4307 rum
3185 4251 3493 4323 inculpabat
3527 4261 3598 4319 et,
3633 4251 3802 4307 Debe-

3038 4345 3128 4408 tis,
3182 4344 3390 4416 inquit,
3450 4344 3644 4411 ridere,
3701 4344 3802 4398 de-

3036 4437 3168 4493 betis
3229 4435 3483 4492 delectari
3504 4481 3520 4503 ,
3596 4437 3801 4493 debetis

3037 4531 3163 4603 (me)
3218 4531 3505 4599 producere
3559 4531 3803 4602 gauden-

3035 4635 3112 4681 tes
3179 4626 3251 4682 ad
3302 4626 3635 4696 patiendum.
3684 4623 3801 4687 Ne,-

3037 4718 3181 4775 scitis
3210 4735 3373 4791 quam
3406 4719 3675 4774 ciuitatem
3699 4720 3804 4774 Ita-

3037 4811 3249 4878 bitabo;
3280 4812 3495 4867 nescitis
3537 4828 3700 4883 quam
3732 4811 3805 4881 ﬁ-

3035 4906 3252 4962 duciam
3302 4906 3492 4961 habeo.
3521 4907 3803 4965 Concedite

3034 4999 3114 5055 sic
3132 5001 3428 5071 expendere
3449 5010 3639 5056 tutam.
3668 5000 3801 5059 Haec

3037 5091 3231 5150 dicens
3265 5092 3385 5150 ibat
3421 5093 3586 5153 mori.

3110 5185 3445 5267 Splendidus
3502 5196 3688 5243 autem
3743 5196 3803 5244 es

3038 5284 3357 5356 spectabilis
3381 5265 3536 5349 erat,
3568 5302 3672 5341 non
3708 5302 3803 5341 so-

3041 5377 3153 5432 lum
3177 5377 3227 5431 ei
3264 5378 3378 5448 qui.
3408 5377 3594 5447 recipit
3643 5377 3806 5447 hujus

3041 5470 3306 5535 animam,
3337 5468 3438 5526 sed
3477 5478 3533 5525 et
3560 5470 3684 5526 aliis
3707 5469 3809 5541 qui

3041 5561 3307 5618 Caesarea:
3332 5563 3653 5620 habitabant
3671 5604 3687 5629 ,
3720 5564 3808 5631 ip-

3043 5670 3164 5709 sum
3221 5655 3514 5726 adjuvante
3574 5655 3667 5727 qui
3718 5646 3808 5709 re-

3042 5755 3171 5819 gnat
3188 5747 3244 5803 in
3258 5748 3454 5805 «ecula
3464 5748 3806 5819 sucularum.

3026 5842 3236 5899 'Ameu.
3454 5809 3474 5851 θ’
