4156 6404
490 359 598 426 179

1475 359 1580 441 ΒΕ,
1611 309 2144 428 AUCTORITATE'
2175 359 2770 424 METAPHPASTE.

3652 366 3752 440 180

487 487 633 540 saint
677 480 909 553 Cyrille,
963 479 1101 551 qu’il‘
1153 493 1184 534 a
1229 478 1324 534 fait
1375 479 1558 550 parler
1619 479 1650 534 ὲ
1703 494 1763 534 ea
1813 478 2065 537 fautaisie
2091 477 2143 538 Α
2171 479 2417 536 donnent
2442 481 2607 554 guére
2630 499 2737 555 que
2767 499 2859 540 ces
2881 483 3022 541 deus
3048 461 3346 558 "esemplcs,
3383 501 3520 557 pour
3547 503 3758 558 preuw

487 572 719 628 i’auteur
758 571 825 626 de
859 579 1000 626 cette
1044 569 1304 636 histoire,
1340 568 1470 638 qu’il
1507 585 1538 622 a
1567 567 1750 638 ajouté
1783 569 2067 638 beaucoup

489 657 564 718 du
600 661 714 714 sien
745 659 776 716 ὲ
809 668 952 714 cette
986 657 1287 721 narration,
1331 655 1460 726 qu‘il
1487 671 1556 710 en
1593 671 1624 710 a
1669 654 1957 710 retrancbé
2005 671 2070 711 ce

490 751 620 823 qu’il
666 751 740 804 lui
781 766 808 804 a
840 749 928 820 plu
950 791 974 816 ,.
997 758 1052 803 et
1084 747 1216 818 qu‘il
1243 763 1286 812 ,a
1319 748 1498 802 méme
1525 745 1705 802 donné
1737 747 1772 801 a.
1805 747 2068 816 quelques

489 845 889 898 circonstances
923 857 996 894 un
1031 829 1155 895 tour
1189 840 1282 909 qui
1330 839 1600 909 n’est'pas
1634 847 1750 893 tout
1783 837 1812 892 a
1843 838 1938 893 fait
1972 853 2073 893 na-

488 933 628 988 turel
653 950 670 998 ;
705 932 832 1002 qu’il
859 948 888 986 a
909 932 1163 1002 rapporté
1193 931 1241 986 le
1262 939 1496 1002 martyre
1521 931 1588 985 de
1613 946 1676 984 cc
1701 929 1843 984 saint
1861 929 2068 996 enfant,

489 1039 599 1079 non
634 1039 730 1094 pas
760 1039 972 1078 comme
1011 1024 1048 1077 il
1076 1023 1204 1079 s‘est
1240 1023 1418 1094 passé,
1464 1023 1602 1076 mais
1627 1037 1838 1077 comme
1871 1022 1908 1076 il
1939 1038 1966 1076 a
1996 1038 2070 1092 pu

491 1130 550 1169 se
582 1130 802 1184 passer;
833 1116 979 1170 enlin
1015 1116 1143 1185 qu’il
1174 1131 1203 1170 a
1236 1117 1368 1170 orné
1397 1131 1496 1170 son
1531 1115 1674 1183 sujet
1702 1116 1768 1170 de
1795 1115 2070 1184 plusieurs

492 1206 897 1288 circonstances
951 1208 1042 1276 qui
1090 1223 1160 1260 ne
1190 1216 1312 1260 sont
1343 1208 1496 1276 point
1522 1207 1658 1261 dans
1689 1222 1788 1261 son
1817 1207 2067 1278 original.

492 1297 852 1409 eguisse?
880 1297 1185 1409 ariae
1213 1299 1498 1409 estate
1517 1297 2073 1409 ﬂ‘ff__l‘:_'3i“_‘.°f.3?f
2113 1359 2116 1363 -
2430 1297 2961 1408 ...:,‘.;;a'.'..;"az
2989 1297 3368 1408 malum.
3388 1297 3754 1409 suae:

491 1386 855 1456 paraphrasée
888 1405 900 1440 :
931 1387 968 1441 il
1015 1388 1181 1442 serait
1209 1388 1474 1456 aiséjd’en
1515 1405 1768 1460 marquer
1801 1390 2073 1460 plusieurs

492 1487 696 1540 autres,
749 1477 840 1547 qui
886 1494 954 1532 ne
988 1488 1112 1533 sont
1153 1494 1250 1550 pas
1298 1480 1476 1535 moins
1518 1467 1920 1550 remarquables
1967 1496 2080 1552 que-

491 1570 626 1623 celle
653 1570 719 1622 de
761 1572 902 1625 saint
941 1570 1166 1640 Cyrille,
1200 1580 1253 1626 et
1283 1571 1419 1626 dans
1448 1571 1736 1642 lesquelles
1767 1572 1803 1625 il
1843 1587 1912 1628 ne
1943 1572 2074 1627 s’cst

491 1675 590 1728 pas
622 1647 803 1714 donné
851 1661 1030 1716 moins
1063 1661 1127 1716 de
1159 1661 1369 1718 liberté.
1400 1660 1532 1716 L'on
1575 1662 1661 1717 n'a
1695 1664 1866 1718 choisi
1902 1664 1951 1718 la
1974 1663 2073 1720 Vie

492 1751 558 1804 de
587 1767 649 1805 ce
678 1751 838 1812 saint,
868 1754 1023 1806 entre
1047 1753 1318 1824 plusieurs
1345 1763 1552 1820 autres,
1573 1769 1678 1826 que
1700 1770 1860 1825 parce
1876 1755 2072 1828 qu’elle

489 1852 574 1895 est
607 1841 712 1896 fort
741 1856 948 1898 courte.
1469 1836 1478 1846 ’
2065 1843 2070 1846 ’

563 1942 646 1997 0n
683 1961 727 1996 v:
755 1947 794 2000 it
823 1960 920 2014 par
956 1943 1004 1998 la
1032 1960 1137 2013 que
1174 1945 1298 2002 l'art
1326 1945 1392 2002 de
1420 1947 1784 2018 paraphraser
1808 1949 1949 2004 n’est
1977 1964 2073 2019 pas

494 2035 538 2090 si
573 2022 883 2105 partienlier
917 2037 947 2092 ὲ
985 2037 1370 2107 Métaphraste,
1418 2034 1547 2107 qu‘il
1584 2039 1717 2094 n'ai-t
1745 2040 1832 2095 été
1873 2040 1975 2095 mis
2003 2057 2075 2095 en

496 2144 659 2198 usage
699 2145 795 2197 par
835 2131 1101 2183 d'autres-
1127 2140 1388 2195 auteurs,
1439 2132 1530 2202 qui
1567 2141 1664 2187 ont
1713 2132 1977 2202 prétendu
2016 2147 2076 2205 se

495 2221 797 2289 disting'wr
823 2237 917 2289 par
948 2223 1064 2275 Ieur
1087 2222 1326 2291 justesse
1355 2232 1410 2278 ct
1441 2240 1537 2293 par
1584 2210 2036 2296 leur'exactitude
2057 2268 2074 2291 ,

493 2312 782 2381 quoiqq'ils
845 2312 1150 2367 (lélﬁl‘dmellt
1215 2331 1282 2368 en
1355 2315 1501 2370 mille
1581 2317 1828 2372 endroits
1885 2327 2075 2373 contre

494 2400 576 2456 les
605 2401 764 2456 ext-es
797 2403 863 2456 de
903 2415 988 2456 cet
1034 2402 1266 2458 écrivain
1310 2421 1456 2475 grec,
1507 2407 1641 2460 dont
1670 2423 1738 2460 on
1786 2416 1913 2462 vent
1944 2408 2076 2462 faire

457 2505 464 2513 '
496 2506 686 2560 passur
716 2492 762 2543 le
795 2492 1130 2565 léinoignage
1162 2510 1374 2548 comme
1420 2495 1629 2552 n‘étant
1653 2497 1885 2554 d'aucun
1918 2499 2074 2568 poids

497 2602 635 2657 pour
661 2589 854 2641 (mihi?
897 2606 968 2642 uu
1019 2589 1115 2644 fait
1160 2592 1497 2662 liistorique,
1537 2603 1591 2648 et
1633 2593 1766 2649 dant
1807 2595 1984 2650 meme
2026 2595 2075 2651 le

498 2697 623 2734 nom
656 2682 907 2737 doitétrc
950 2672 1249 2754 supprime,
1284 2686 1578 2757 quoiqu‘on
1623 2687 1817 2758 proﬁte
1859 2687 1927 2744 de
1977 2704 2077 2743 son

499 2783 578 2828 ira
589 2777 720 2828 vail.’
1495 2798 1499 2803 '

568 2867 813 2936 Quoique
863 2867 932 2922 Μ.
975 2868 1041 2923 de
1086 2868 1377 2925 Tillcmont
1410 2872 1570 2935 l'asse,
1606 2887 1745 2942 pour
1775 2872 1912 2948 sinsi
1941 2873 2079 2936 dire,

499 2959 637 3016 deus
670 2973 846 3018 sortes
874 2962 1202 3018 d’additions
1231 2980 1335 3018 aux
1384 2965 1638 3019 liistoires
1673 2965 1964 3035 originales
1987 2966 2081 3020 des

497 3055 690 3115 saints,
723 3071 792 3108 on
843 3073 910 3108 ne
943 3057 1083 3108 croit
1126 3073 1221 3124 pas
1260 3055 1584 3111 néanmoins
1632 3056 1859 3126 qu'ellcs
1901 3057 2084 3132 soicnt
2173 3107 2180 3114 .

498 3157 687 3201 ωριτε
721 3148 1083 3202 l'exactitude.
1109 3147 1302 3214 Quand
1334 3149 1370 3202 il
1409 3157 1597 3204 trouve
1626 3149 1756 3203 hors
1779 3150 1844 3203 de
1870 3165 1967 3203 son
1991 3165 2084 3203 su-
2110 3151 2161 3213 (Σ-

459 3282 471 3294 .
497 3238 577 3310 jet
603 3239 838 3308 quoique
859 3240 1026 3294 chose
1061 3239 1152 3308 qui
1193 3249 1323 3308 peut
1377 3241 1580 3295 relever
1625 3256 1696 3294 ou
1737 3241 1985 3296 éclaircir
2025 3243 2074 3297 la

500 3328 725 3383 matiérc
748 3327 874 3397 qu'il
903 3329 1101 3392 traite,
1125 3329 1288 3390 alors,
1336 3328 1379 3383 si
1419 3329 1653 3383 l‘auleur
1691 3341 1774 3385 est
1808 3330 1968 3400 digne
2010 3331 2077 3385 de

499 3417 600 3479 l‘oi,
631 3417 665 3471 il
721 3417 930 3472 nefa-it
977 3433 1070 3486 pas
1118 3416 1376 3472 dilliculté
1423 3415 1689 3472 d‘insérer
1732 3435 1794 3474 ce
1829 3420 1956 3488 qu’il
2001 3419 2076 3474 lui

501 3517 790 3576 emprunte
837 3507 972 3562 dans
1027 3524 1105 3582 sa.
1135 3509 1437 3582 narration,
1487 3509 1724 3580 quoique
1777 3511 2076 3579 originale,

500 3597 638 3652 mais
667 3611 798 3652 avec
815 3607 956 3652 cette
985 3598 1328 3668 précaution,
1352 3599 1481 3669 qu‘il
1502 3600 1776 3670 distingue
1801 3601 1987 3656 d‘avec
2023 3602 2076 3657 le

503 3697 646 3743 texte
676 3688 902 3760 original
933 3705 994 3744 ce
1021 3690 1111 3760 qui
1143 3691 1215 3744 lui
1241 3700 1326 3745 est
1356 3690 1630 3760 étrangcr,
1664 3701 1720 3746 et
1755 3692 1886 3762 qu‘il
1919 3693 2022 3748 rite
2046 3693 2077 3748 ia

501 3779 559 3836 la.
582 3798 764 3853 margo
799 3782 846 3837 le
870 3798 995 3836 nom
1028 3783 1093 3837 de
1124 3783 1352 3838 l‘auteur
1376 3784 1502 3854 qu'il
1529 3784 1626 3838 fait
1651 3785 1845 3855 parlor.
1877 3785 1917 3839 Il
1941 3771 2079 3842 n‘est

499 3889 598 3946 pas
621 3890 741 3936 rare
770 3892 874 3946 que
899 3891 960 3931 ce
985 3875 1144 3931 docte
1184 3877 1412 3947 critique
1443 3877 1624 3945 ajoute
1661 3878 1804 3932 aussi
1845 3879 2078 3948 quelque

500 3965 671 4022 chose
717 3966 788 4021 du
842 3967 958 4021 sien
1013 3967 1149 4022 dans
1201 3968 1280 4022 les
1328 3968 1583 4022 bist—uires
1628 3967 1758 4036 qu’il
1803 3978 2024 4023 racontc
2061 3987 2074 4022 :

500 4057 638 4111 mais
673 4071 884 4132 comme
932 4057 967 4110 il
1017 4057 1288 4112 renl‘crme
1332 4057 1444 4112 cela
1493 4065 1648 4112 entre
1697 4058 1835 4113 deux
1877 4074 2076 4128 paren-

501 4149 706 4215 tbéses,
741 4149 792 4204 le
841 4149 1047 4203 lecteur
1075 4149 1184 4203 voit
1229 4149 1354 4204 bien
1394 4165 1500 4219 que
1529 4165 1619 4204 ces
1650 4152 1826 4206 Sortes
1871 4149 2078 4206 d'addi-
2116 4198 2123 4207 .

502 4241 648 4296 tions
673 4255 742 4295 ne
774 4239 892 4295 l'ont
916 4255 1011 4308 pas
1043 4239 1217 4309 partie
1249 4239 1322 4293 du
1357 4255 1516 4309 corps
1539 4239 1607 4296 de
1633 4239 1682 4293 la
1710 4239 1862 4310 piéce
1895 4257 1908 4294 :
1935 4239 2073 4295 ainsi

501 4332 618 4390 cela
651 4347 724 4388 ne
752 4341 883 4403 peut
912 4347 1100 4401 passer
1121 4347 1258 4402 pour
1283 4346 1391 4386 une
1412 4330 1672 4387 véritable
1697 4331 2002 4387 alteration.

550 4425 610 4494 Ill
639 4441 668 4496 y
698 4439 732 4478 a
755 4401 829 4478 eu
877 4401 1146 4479 d'liabiles-
1193 4423 1456 4494 eritiques
1481 4423 1572 4494 qui
1607 4433 1705 4478 ont
1741 4439 1840 4479 cru
1886 4439 1992 4492 que
2026 4423 2075 4478 la
2112 4401 2123 4418 ’

2172 572 2268 628 des
2300 573 2586 632 inﬂdélités
2613 576 2683 632 de
2709 576 2800 634 cet
2818 586 3011 636 auteur
3042 593 3189 651 grec.

2171 729 2249 786 La
2283 733 2364 786 uie
2391 733 2455 786 de
2484 735 2624 807 saint
2658 733 2970 807 Nicephore,
3016 745 3220 807 martyr
3251 736 3363 805 (li)
3391 777 3406 802 ,
3452 737 3578 790 tirée
3622 736 3750 789 d‘un

2243 804 2533 876 manuscrit
2568 805 2733 858 de-la
2774 805 3118 875 bibliothéque
3158 804 3229 860 du
3261 804 3374 871 iroi,
3424 815 3472 860 et
3512 807 3752 876 conferée

2240 889 2366 945 aveo
2394 873 2524 928 celle
2566 876 2656 945 qui
2703 891 2738 928 α
2767 877 2848 928 ἑτέ
2891 873 3089 929 άοηηέε
3136 893 3234 943 par
3269 873 3649 944 Metaphraste.
3681 905 3755 916 —

2244 941 2340 996 Le:
2365 941 2630 997 additions
2661 945 2724 1017 de
2753 945 3103 1017 Metaphraste
3129 941 3226 1016 que
3253 946 3360 1000 l’on
3381 941 3470 1017 ειά
3505 948 3750 1011 ίηδένέεε,

2243 1023 2359 1066 sont
2387 1030 2451 1068 en
2474 1015 2742 1068 caractére
2767 1015 3010 1085 italique.

2181 1209 2184 1213 ,
2245 1150 2310 1206 1η
2346 1153 2440 1206 illo
2487 1161 2719 1224 tempore
2756 1164 2875 1211 erat
2910 1155 3128 1226 quidem
3162 1155 3444 1227 presbyter
3470 1157 3528 1209 in
3555 1173 3752 1227 magna

2173 1242 2453 1298 Antiochia
2495 1245 2686 1316 Syria,
2737 1249 2962 1303 nomine
3009 1246 3313 1317 Sapricius.
3388 1247 3520 1303 Erat
3569 1258 3752 1304 autem

2175 1428 2468 1498 cep-hers,
2486 1436 2604 1484 erat
2632 1445 2762 1484 vero
2792 1430 2980 1486 ordine
3008 1431 3201 1498 laicus,
3233 1441 3290 1486 et
3319 1431 3612 1487 admodum
3634 1447 3757 1502 ger-

2176 1533 2371 1575 manus
2395 1520 2607 1598 amicus
2632 1520 2882 1591 ejusdem
2909 1521 3213 1594 presbyteri
3239 1539 3253 1576 :
3289 1536 3461 1592 seque
3487 1522 3648 1576 ambo
3677 1522 3758 1576 sic

2174 1621 2366 1667 mutuo
2425 1613 2742 1685 diligebant,
2794 1620 2859 1668 ut
2899 1598 3343 1670 existimarentur
3392 1629 3513 1669 esse
3558 1613 3757 1669 fratres

2175 1703 2441 1785 germani,
2474 1704 2589 1759 nati
2613 1719 2678 1760 ex
2705 1719 2814 1759 uno
2845 1714 3040 1772 utero;
3081 1705 3216 1761 adeo
3239 1713 3300 1759 ut
3320 1713 3467 1760 esset
3483 1703 3756 1759 excellens

2103 1819 2146 1876 Β
2177 1812 2329 1853 amor
2359 1812 2548 1851 eorum
2590 1805 2835 1852 mutuus.
2903 1797 3040 1852 Cum
3090 1797 3252 1868 longo
3292 1806 3476 1852 autem
3508 1805 3756 1864 tempore

2175 1889 2447 1944 vixissent
2473 1887 2529 1942 iu
2562 1888 2664 1943 hac
2693 1887 3004 1950 aﬂectioue,
3035 1890 3179 1944 bono
3198 1896 3254 1944 et
3274 1887 3504 1942 lianeste
3525 1885 3756 1944 infestus
3813 1902 3831 1914 ο

2176 1990 2232 2036 et
2283 1979 2744 2036 sceleratissimus
2796 1979 3022 2035 humani
3067 1978 3285 2051 generis
3327 1977 3622 2043 inimicus,
3675 1975 3756 2031 eis

2177 2071 2447 2137 invidens,
2479 2072 2640 2127 talem
2673 2073 2818 2127 inter
2845 2087 2940 2128 eos
2968 2072 3182 2143 peperit
3205 2071 3604 2128 dissensionem
3628 2110 3645 2135 ,
3698 2077 3758 2123 ut

2177 2180 2281 2220 nec
2311 2164 2365 2218 in
2388 2164 2564 2235 platea
2586 2164 2807 2235 quidem
2833 2165 3035 2221 vellent
3061 2163 3163 2220 sibi
3187 2163 3422 2219 invicem
3445 2177 3757 2227 occurrere,

2179 2271 2246 2311 ex
2285 2256 2590 2313 daemonico
2631 2256 2759 2312 odio
2805 2257 2951 2326 quod
2997 2253 3139 2311 inter
3167 2271 3226 2314 se
3275 2255 3511 2310 invicem
3558 2269 3759 2310 conce-

2179 2358 2393 2418 perant.

2251 2481 2388 2536 Cum
2421 2482 2552 2537 satis
2573 2496 2704 2536 vero
2732 2481 2894 2552 longo
2918 2493 3164 2552 tempore
3196 2481 3268 2536 ita
3295 2482 3527 2538 fuissent
3550 2482 3753 2546 aﬁecti.

2181 2572 2246 2627 ad
2278 2587 2337 2627 se
2381 2572 2597 2627 rediens
2614 2571 2974 2642 Nicephorus,
3007 2580 3061 2626 et
3079 2586 3415 2642 cognoscens
3431 2572 3613 2627 odium
3637 2587 3762 2627 esse

2181 2664 2506 2721 diabolicum
2536 2707 2552 2732 ,
2605 2664 2811 2735 rogavit
2840 2663 3044 2718 amicos
3068 2663 3355 2733 quosdam,
3399 2671 3460 2718 ut
3505 2665 3646 2719 irent
3690 2664 3762 2718 ad

2182 2755 2564 2826 presbyterum
2604 2753 2931 2824 Sapricium,
2963 2763 3019 2808 et
3047 2761 3302 2824 rogarent
3326 2769 3449 2808 eum
3468 2769 3574 2823 pro
3604 2751 3762 2808 Nice-

2183 2845 2380 2916 phoro,
2420 2855 2478 2900 ut
2509 2846 2555 2899 ei
2592 2847 2806 2915 culpam
2840 2847 3194 2912 condonaret,
3223 2857 3416 2902 etcum
3437 2846 3758 2916 poenitentia

2184 2936 2408 2992 ductum
2437 2937 2706 3007 acciperet
2734 2947 2946 3004 propter
2977 2937 3278 2992 Dominum.
3324 2936 3416 2992 ille
3447 2945 3625 2992 autem
3657 2951 3762 2993 no-

2185 3029 2288 3084 luit
2316 3029 2362 3083 ei
2387 3029 2720 3084 condonare.
2751 3027 2798 3083 Is
2827 3044 2956 3083 vero
2977 3043 3168 3082 rursus
3203 3028 3348 3083 misit
3375 3029 3508 3084 alios
3531 3029 3761 3094 amicos,

2187 3129 2247 3175 ut
2293 3121 2858 3176 ci-reconciliaretur.
2918 3118 3210 3191 Presbyter
3259 3129 3441 3174 autem
3483 3120 3762 3190 Sapriclus

2187 3226 2291 3266 nec
2334 3226 2429 3266 eos
2461 3211 2677 3281 quidem
2715 3214 2970 3282 rogantes
3012 3210 3197 3264 audire
3227 3209 3504 3265 sustinuit.
3550 3209 3762 3284 Rursus

2187 3315 2316 3372 ergo
2343 3299 2683 3371 bicepliorus
2713 3301 2918 3373 rogavit
2949 3300 3086 3356 alios
3132 3301 3396 3371 quosdam
3438 3302 3663 3369 amicos,
3705 3313 3763 3358 et

2187 3391 2334 3446 misit
2367 3391 2433 3445 ad
2461 3391 2659 3460 ipsum,
2695 3399 2755 3444 ut
2787 3391 2837 3444 ei
2865 3389 3183 3461 dignaretur
3208 3393 3292 3445 sui
3319 3392 3500 3446 delicti
3543 3393 3759 3447 veniam

2186 3477 2490 3534 concedere
2531 3497 2544 3533 :
2605 3487 2663 3533 ut
2706 3480 3064 3533 convenienter
3110 3481 3286 3534 diuino
3335 3480 3540 3552 eloquio
3575 3482 3630 3535 in
3666 3497 3767 3537 ore

2185 3569 2420 3626 duorum
2446 3570 2533 3624 vel
2561 3571 2724 3625 trium
2759 3571 2975 3638 testium
3002 3581 3170 3626 staret
3195 3586 3356 3626 omne
3383 3571 3630 3627 verbum.
3668 3573 3764 3627 ille

2185 3672 2368 3718 autem
2409 3677 2533 3718 cum
2583 3671 2730 3716 esset
2774 3662 2912 3716 duro
2941 3661 3140 3727 corde,
3200 3673 3254 3717 et
3293 3663 3671 3732 implacabilis,
3707 3675 3766 3718 et

2184 3756 2386 3812 oblitus
2415 3762 2562 3811 esset
2583 3753 2795 3827 Domini
2836 3754 3008 3809 nostri
3039 3755 3165 3810 Jesu
3197 3755 3421 3818 Christi,
3469 3756 3563 3826 qui
3592 3755 3762 3811 dicit:

2179 3865 2210 3900 τ
2239 3848 2539 3911 Remittite,
2558 3855 2612 3901 et
2625 3845 2933 3900 remittetur
2946 3845 3122 3910 vobis,
3149 3865 3167 3896 ι
3193 3854 3240 3899 et
3263 3862 3447 3900 rursus
3468 3865 3487 3901 ε
3503 3845 3560 3900 Si
3573 3847 3764 3916 offeras

2185 3942 2380 3994 donum
2430 3948 2577 3992 tuum
2625 3939 2696 3991 ad
2738 3938 2931 4001 altare,
2979 3947 3027 3991 et
3065 3939 3369 3992 recordatus
3411 3941 3572 4008 {ueris
3624 3942 3766 4010 quod

2185 4032 2344 4086 liabet
2390 4030 2593 4100 aliquid
2622 4029 2874 4084 adversus
2903 4032 3125 4099 fratrem
3160 4041 3329 4092 tuum.
3353 4032 3559 4086 dimitte
3588 4031 3663 4099 id,
3712 4019 3812 4086 et"

2184 4125 2381 4179 uadens
2405 4120 2743 4176 reconciliare
2758 4123 2915 4192 fratri
2939 4132 3028 4176 tuo
3053 4132 3141 4188 ;et
3159 4138 3376 4177 rursus:
3403 4142 3422 4175 ί
3449 4122 3564 4194 Nisi
3595 4126 3765 4178 remi-

2185 4215 2290 4270 seri
2300 4215 2366 4269 tis
2382 4213 2694 4268 hominibus
2709 4212 2906 4268 delicta
2925 4229 3138 4274 eorum,
3158 4230 3263 4270 nec
3283 4202 3442 4271 Pater
3458 4225 3638 4271 vester
3657 4231 3766 4271 cu:-

2185 4306 2339 4362 lestis
2368 4290 2610 4360 remittet
2645 4305 2799 4360 vobis
2833 4305 3028 4362 delicta
3055 4315 3265 4374 vestra;
3296 4327 3314 4359 ι
3344 4308 3599 4365 omnibus
3637 4325 3764 4364 eum

2185 4398 2506 4470 rogantibus
2533 4407 2588 4454 et
2612 4398 2945 4468 petentibus,
2990 4414 3102 4454 non
3141 4400 3473 4456 condonavit
3511 4401 3670 4471 fratri
3713 4412 3764 4455 et

495 4489 724 4588 plupart
771 4517 868 4573 des
909 4517 1182 4572 additions
1225 4515 1294 4571 de
1338 4489 1710 4586 Metaphraste
1758 4489 1962 4572 étaient
2009 4515 2078 4572 de
2109 4505 2154 4561 Β
2185 4492 2362 4588 Μηδίᾳ
2379 4507 2511 4588 ³¹⁸⁰χ
2565 4489 2692 4545 N0"
2739 4492 3136 4588 θήῃ-’⁸⁸⁵⁸⁸³⁸⁸
3181 4493 3237 4588 δη
3270 4508 3326 4588 ξε
3367 4493 3683 4588 ⁶ῙῨ⁴¹⁷Ῠ⁸⁶⁸⁰⁷¹
3712 4503 3764 4546 et

434 4631 439 4638 ·
501 4616 646 4664 cette
676 4617 871 4663 nature
899 4605 1010 4677 (10)
1049 4624 1062 4660 :
1094 4615 1150 4661 et
1176 4605 1260 4662 s’il
1301 4607 1443 4662 avait
1475 4607 1587 4677 pris
1623 4607 1700 4661 les
1731 4607 2078 4677 précautions

501 4697 570 4755 de
609 4697 678 4754 Μ.
726 4699 795 4755 de
846 4699 1170 4764 Tillemont,
1206 4700 1262 4770 je
1309 4714 1380 4754 ne
1418 4699 1608 4767 saissi
1654 4699 1763 4753 l‘on
1811 4715 1869 4754 se
1911 4699 2079 4754 serait

500 4780 672 4846 re'crié
697 4791 844 4847 aussi
872 4790 1181 4847 bardiment
1203 4791 1368 4861 qu'on
1402 4791 1468 4845 l‘a
1506 4790 1602 4845 fait
1635 4801 1824 4846 contre
1855 4807 1942 4847 ses
1985 4808 2082 4862 pa-

503 4884 808 4952 raphrases.
854 4885 893 4936 ll
922 4894 1005 4938 est
1046 4883 1251 4938 certain
1279 4883 1443 4954 qu’on
1480 4893 1669 4938 trouve
1701 4883 1839 4938 dans
1873 4899 1936 4939 ce
1976 4884 2080 4940 Lé-

502 4973 759 5043 gendaire
797 4973 896 5028 des
937 4974 1209 5028 additions
1249 4989 1316 5028 en
1366 4975 1534 5043 grand
1569 4975 1830 5034 nombre:
1867 4990 2081 5032 comme

501 5065 842 5136 cellesqu’on
873 5080 1108 5136 suppose
1131 5064 1258 5134 qu’il
1275 5081 1308 5119 a-
1325 5064 1481 5120 faites
1499 5066 1635 5119 dans
1656 5066 1704 5120 la
1731 5065 1824 5121 Vie
1853 5066 1920 5122 de
1937 5067 2082 5124 saint

500 5155 841 5226 Nicépliore,
877 5165 932 5212 et
973 5157 1108 5212 dans
1142 5157 1410 5212 l'histoire
1442 5157 1508 5211 de
1550 5158 1600 5210 la
1650 5158 1967 5212 translation
2005 5160 2076 5214 du

427 5246 433 5251 ’
502 5246 634 5302 ehel‘
656 5248 723 5302 de
757 5249 901 5303 saint
931 5246 1370 5317 Jean-Baptistc,
1412 5247 1505 5316 qui
1543 5262 1613 5302 ne
1653 5257 1780 5302 sont
1818 5263 1916 5318 pas
1957 5250 2078 5319 plus

503 5338 906 5395 considérables
947 5353 1054 5410 que
1103 5339 1532 5408 quelques-unes
1565 5337 1656 5406 qui
1699 5353 1759 5393 se
1825 5347 2079 5396 trouvent

502 5430 638 5484 dans
668 5427 745 5483 Μ.
767 5427 834 5483 de
869 5427 1163 5484 Tillemont
1197 5444 1212 5481 :
1242 5442 1336 5483 car
1378 5443 1478 5482 nos
1523 5427 1784 5498 critiques
1827 5444 1898 5485 ne
1939 5445 2081 5502 nous

573 5625 711 5696 (10)
780 5627 1068 5690 Pauculis.
1132 5632 1203 5684 ad
1257 5632 1603 5686 attentionem
1665 5633 2082 5696 conciliandam,

507 5697 745 5773 aptiuape
796 5700 1174 5773 conectendas
1229 5703 1496 5770 periodos,
1567 5704 1892 5773 interjectis,
1943 5704 2077 5760 Boll.

508 5773 640 5821 tom.
673 5765 693 5821 Ι
720 5765 942 5835 Januar,
975 5767 1192 5824 Praefat.
1223 5765 1276 5839 p.
1317 5773 1402 5836 18,
1430 5773 1537 5827 col.
1567 5788 1606 5827 ι.

2183 4583 2604 4639 misericordiam
2631 4599 2652 4640 .'
2692 4585 3035 4658 quamobrem
3053 4601 3180 4654 Jure
3205 4585 3306 4657 fuit
3334 4579 3578 4653 priuatus
3605 4600 3766 4656 regno

2182 4676 2450 4732 caelorum.
3379 4693 3384 4698 ‘

2254 4790 2315 4845 In
2339 4790 2528 4861 primis
2558 4799 2740 4847 autem
2766 4806 2890 4862 pius
2912 4798 2968 4846 et
3015 4790 3192 4846 ﬁdelis
3221 4790 3582 4862 Nicephorus,
3637 4807 3765 4844 cum

2184 4881 2323 4937 vidit
2347 4882 2650 4952 Sapricium
2679 4881 2991 4952 despexisse
3031 4897 3352 4938 communes
3396 4882 3622 4944 amicos,
3669 4883 3768 4952 qui

2187 4989 2286 5046 pro
2327 4989 2395 5030 eo
2426 4983 2672 5043 petentes
2713 4974 2926 5029 veniam
2957 4988 3064 5028 non
3097 4983 3448 5045 acceperunt,
3491 4976 3608 5044 ipse
3639 4990 3764 5029 cur-

2187 5078 2315 5122 rens
2359 5067 2426 5122 ad
2472 5054 2619 5122 ardes
2646 5065 2898 5138 Sapricii,
2944 5082 3013 5141 _se
3058 5067 3273 5138 proiicit
3299 5069 3366 5122 ad
3408 5068 3576 5138 pedes
3617 5068 3758 5137 ejus,

2185 5157 2376 5212 dicens
2396 5175 2408 5210 :
2430 5156 2689 5212 Condona
2714 5156 2866 5220 mihi,
2893 5156 3070 5224 Pater,
3091 5168 3315 5229 propter
3337 5159 3646 5214 Dominum.
3668 5159 3762 5214 ille

2189 5264 2318 5303 vero
2341 5247 2516 5302 noluit
2546 5249 2594 5304 ei
2627 5249 2964 5304 reconciliari
2995 5259 3052 5305 ut
3075 5250 3274 5316 amico,
3300 5259 3356 5306 et
3377 5250 3611 5313 maxime
3639 5266 3763 5305 cum

2189 5348 2510 5408 rogaretur:
2559 5347 2608 5393 et
2654 5341 2884 5394 maxime
2931 5355 3054 5394 cum
3102 5341 3346 5405 deberet,
3396 5341 3607 5397 etiamsi
3652 5357 3767 5396 non

2188 5429 2379 5487 fuisset
2414 5438 2652 5502 rogatus,
2701 5447 2736 5486 a
2763 5432 2936 5505 prima
2966 5432 3318 5487 excusatione
3343 5447 3469 5488 eum
3496 5434 3762 5503 accipere,

2260 5632 2372 5702 (ll)
2410 5633 2566 5704 Apud
2621 5607 2863 5691 Bolland.
2907 5644 3035 5692 tom.
3076 5636 3117 5692 ιι
3146 5593 3409 5694 Februar.
3445 5639 3533 5696 die
3570 5638 3622 5693 9.
3659 5636 3763 5691 Ha-

2188 5703 2547 5778 betur_et_iam
2569 5706 2711 5774 apud
2749 5705 2926 5778 Buyn.
2953 5707 3088 5763 Acta
3115 5709 3318 5766 selecta
3347 5709 3521 5767 Graec.
3551 5719 3605 5765 et
3640 5707 3760 5765 Lat.

2189 5790 2310 5846 pag.
2341 5773 2469 5843 244,
2507 5784 2615 5830 etc.
