4156 6408
461 380 573 449 181

1474 379 1574 440 DE
1613 376 2155 439 AUCTORIT-ATE
2195 378 2817 457 ΜΕΤΑΡΗΒΑΞΤᾸΞ.

3556 322 3770 441 ’λεδ

460 509 535 558 ut
557 496 917 557 Christianus
954 503 1013 552 et
1033 492 1342 567 presbyter,
1389 501 1446 553 et
1488 491 1581 564 qui
1628 491 1912 569 professus
1956 492 2153 549 erateA
2247 492 2469 550 Etcum
2501 495 2748 567 venisset
2777 496 2848 563 ad
2871 495 3050 569 locum
3081 495 3139 567 in
3157 509 3268 567 quo
3297 506 3416 555 erat
3452 492 3772 563 interimen-

455 590 680 651 δεῖς-ξω
716 587 853 647 Deo.
1754 624 1759 629 ο
1946 638 1951 645 .

539 683 680 740 Cum
710 681 833 747 haec
853 687 1040 737 autem
1065 677 1145 735 sic
1165 676 1380 741 fierent,
1402 682 1630 745 repente
1654 672 1872 737 exsistit
1887 687 2076 742 perse-

458 776 622 834 cutio
670 782 728 831 et
766 788 967 847 magna
1018 770 1245 829 afﬂictio
1281 770 1339 827 in
1386 768 1678 827 Antiochia
1727 766 1951 824 civitate
1985 765 2076 827 ubi

461 869 639 929 ambo
689 865 1053 928 habitabant,
1103 870 1160 921 et
1210 859 1637 939 apprehenditur
1685 858 1964 930 Sapricius
2023 867 2078 913 ut

461 959 830 1023 Christianus,
852 965 909 1012 et
942 955 1177 1015 traditur
1199 953 1450 1025 praesidi:
1476 961 1533 1009 et
1552 948 1707 1009 stetit
1728 961 1858 1007 ante
1876 953 2076 1023 ipsum,

464 1040 680 1109 et'dixit
708 1050 760 1107 ei
780 1066 1020 1121 praeses:
1050 1048 1206 1115 Quod
1239 1056 1541 1105 estnomen
1564 1045 1760 1101 tuum?
1789 1043 2079 1100 llleautem

468 1144 657 1202 dixit:
713 1141 1242 1213 Voeor-Sapricius.
1301 1138 1450 1195 Dixit
1488 1153 1731 1210 praeses:
1775 1136 2079 1207 Cuiusnam

471 1254 536 1297 es
598 1235 824 1308 generis
865 1235 890 1290 ?
962 1234 1115 1291 Dixit
1158 1233 1480 1306 Sapricius:
1513 1231 1674 1288 .Sum
1710 1230 2078 1288 Christianus.

474 1330 694 1389 Praeses
717 1327 898 1383 dixit:
931 1325 1003 1387 Es
1036 1325 1315 1382 clericus?
1345 1325 1493 1387 Dixit
1520 1322 1802 1396 Sapricius
1828 1344 1841 1380 :
1874 1324 2081 1389 Locum

479 1433 647 1480 teneo
691 1419 1026 1495 presbyteri.
1094 1419 1238 1481 Dicit
1265 1434 1470 1492 praeses
1503 1436 1517 1474 :
1556 1418 1789 1490 Augusti
1830 1418 2003 1481 nostri
2027 1426 2083 1475 et

482 1515 693 1576 domini
723 1515 889 1585 huius
929 1513 1176 1594 regionis
1203 1520 1259 1568 et
1282 1512 1473 1575 [inium
1498 1512 1894 1577 Ronranorum,
1925 1508 2085 1566 Vale-

498 1610 695 1667 rianus
733 1616 786 1665 et
809 1606 1003 1663 Gallus
1030 1603 1397 1678 [Gallienus],
1440 1604 1729 1674 jusserunt
1778 1611 1857 1669 ut,
1899 1602 1992 1675 qui
2024 1617 2085 1665 se

505 1699 694 1757 dicunt
721 1714 831 1755 esse
850 1697 1225 1763 Christianos,
1251 1697 1586 1757 .sacrilicent
1626 1696 1729 1753 diis
1754 1695 2084 1759 immortali-

493 1790 622 1851 bus.
664 1790 718 1845 Si
743 1790 867 1861 quis
909 1805 1041 1853 vero
1069 1789 1402 1860 despiciens,
1440 1789 1652 1860 respuit
1686 1788 1792 1845 hoc
1820 1789 2087 1858 edictum;

490 1885 633 1943 sciat
657 1900 716 1941 se
745 1883 979 1947 diversis
1006 1883 1297 1947 tormentis
1322 1890 1378 1939 et
1406 1882 1691 1955 suppliciis
1711 1883 2083 1954 plectendum,

483 1986 542 2032 et
576 1976 659 2033 sic
686 1977 1005 2049 gravissima
1050 1983 1229 2032 morte
1264 1991 1387 2032 esse
1428 1975 1938 2035 condemnandum.
1985 1974 2085 2031 Sa-

481 2068 697 2141 pricins
730 2074 915 2123 autem
946 2064 1158 2130 as'tans,
1187 2066 1325 2122 dixit
1350 2066 1569 2137 praesidi
1594 2084 1607 2121 :
1635 2065 1748 2122 Nos
1764 2065 2087 2134 Christiani,

483 2176 518 2219 ο
548 2174 770 2230 prem,
792 2159 1072 2217 Christum
1098 2158 1271 2215 Deum
1303 2158 1570 2215 habemus
1590 2156 1807 2230 regem;
1831 2160 2088 2229 quoniam

481 2252 605 2325 ipse
637 2260 726 2308 est
759 2251 911 2309 solus
947 2265 1113 2311 verus
1140 2250 1306 2315 Deus,
1333 2260 1389 2306 et
1412 2250 1644 2309 Creator
1671 2251 1794 2308 ασειί
1825 2260 1881 2307 et
1905 2262 2086 2319 terrae,

480 2351 544 2407 et
574 2344 773 2407 maris,
802 2353 858 2401 et
888 2343 1135 2402 omnium
1164 2357 1286 2413 qua:
1312 2349 1443 2403 sunt
1473 2342 1662 2398 in-eis.
1711 2341 1917 2399 Omnes
1963 2357 2090 2397 vero

480 2436 561 2493 dii
606 2437 884 2509 gentium,
907 2435 1176 2494 daemonia
1204 2452 1220 2505 ;
1256 2444 1312 2490 et
1338 2443 1568 2505 pereant
1595 2450 1626 2495 ιι
1654 2434 1791 2490 facie
1821 2434 2092 2492 universa:

484 2540 684 2596 terrae,
721 2531 816 2602 qui
848 2546 957 2591 non
986 2540 1218 2602 possunt
1250 2530 1412 2586 alicui
1444 2545 1606 2601 Opem
1646 2527 1815 2595 ferre,
1861 2531 2092 2614 aut‘ali.

481 2640 661 2696 quem
682 2624 883 2687 laedere
901 2624 1308 2698 autimpedire.
1329 2639 1454 2690 cum
1487 2623 1599 2680 sint
1632 2641 1794 2697 opera
1829 2641 2091 2689 manuum

483 2721 807 2780 hominum.
1376 2738 1381 2742 η

567 2815 730 2873 Tunc
790 2814 964 2871 iratus
1018 2828 1245 2890 praeses,
1288 2812 1453 2882 jussit
1492 2827 1619 2868 eum
1653 2811 1844 2887 projici
1884 2812 1939 2868 in
1999 2828 2120 2886 (ιο-η

484 2908 948 2978 ebleam,jubens
972 2924 1098 2966 eum
1117 2908 1471 2965 vehementer
1494 2907 1721 2963 versari.
1740 2907 1876 2962 Cum
1894 2907 1940 2963 is
1965 2920 2093 2980 ergo

487 3001 635 3068 adeo
664 3000 864 3057 acerbe
895 3008 951 3055 et
978 2999 1279 3055 inhumane
1314 3006 1683 3078 torqueretur.
1746 2998 1881 3060 dixit
1905 2998 2093 3070 Sapri-

486 3092 617 3148 cius
646 3091 868 3165 praesidi
893 3110 906 3145 :
932 3090 1127 3148 Carnis
1149 3106 1287 3145 mea:
1308 3089 1476 3149 habes
1497 3096 1823 3159 potestatem
1849 3106 1865 3155 ;
1895 3092 2123 3151 animae’

2181 584 2287 641 dus
2316 584 2617 657 Sapricius,
2650 602 2846 659 rursus
2869 586 3090 661 eidixit
3123 584 3492 659 Nicephorum
3533 584 3677 656 Roga
3701 596 3771 655 ις,

2181 687 2390 748 martyr
2419 677 2638 753 Christi,
2657 680 2866 753 ignosce
2897 678 3025 737 mihi
3046 679 3097 733 si
3112 678 3239 753 quid
3269 679 3559 747 peccarint
3585 678 3773 733 homo:

2180 766 2451 841 scriptu'm
2478 779 2563 828 est
2593 772 2769 831 enim:
2798 790 2819 823 ι
2848 761 3121 839 Petite,et
3151 771 3374 835 dabitur
3408 770 3582 829 vobis.
3610 788 3630 837 ξ
3664 768 3775 833 Sed

2180 878 2248 920 eo
2286 864 2403 920 hrec
2435 864 2673 931 dicente,
2707 873 2762 927 et
2790 875 3071 937 quaesout
3102 866 3186 920 his
3211 864 3436 930 similia,
3470 879 3584 919 non
3614 864 3774 918 audi-

2179 958 2261 1014 vit
2291 974 2472 1017 saevus
2502 968 2557 1016 et
2586 959 2760 1015 durus
2799 959 3063 1015 amicus:'
3088 974 3196 1014 nec
3240 958 3416 1013 flexus
3454 968 3551 1013 est
3572 957 3775 1015 sodalis

2180 1050 2545 1122 asperrimus,
2579 1066 2672 1115 nec
2704 1051 2808 1133 [adit
2839 1051 3097 1115 mollitus,
3137 1060 3275 1105 totus
3300 1043 3622 1122 inﬂeiribilis.
3653 1050 3777 1104 Non

2181 1144 2319 1199 enim
2366 1143 2572 1205 audivit
2604 1143 2738 1203 illud
2777 1162 2792 1198 :
2857 1142 3055 1214 Diliges
3091 1142 3376 1213 Dominum
3412 1143 3579 1198 Deum
3629 1152 3778 1207 tuum

2183 1244 2382 1299 εει-τοῖο
2414 1237 2570 1292 corde
2598 1246 2686 1290 tuo
2708 1276 2725 1309 ,
2756 1243 2822 1308 ,ει
2848 1237 3153 1306 proximum
3184 1244 3334 1291 tuum
3362 1237 3497 1291 sicut
3531 1237 3777 1306 teipsum.

2183 1325 2287 1383 Sed
2311 1326 2510 1383 clausit
2543 1343 2705 1387 aures
2735 1328 2909 1383 cordis
2942 1329 3027 1383 sui
3052 1337 3101 1383 et
3119 1330 3377 1398 corporis,
3401 1338 3459 1384 ut
3486 1329 3634 1399 aspis
3655 1344 3779 1384 sur-

2185 1403 2264 1485 da.
2286 1429 2342 1475 et
2374 1420 2591 1482 clauda,
2623 1436 2746 1493 qua:
2786 1436 2897 1478 non
2930 1421 3212 1477 exaudivit
3249 1436 3443 1479 vocem
3489 1422 3782 1479 incantan-

2187 1510 2345 1567 tium.
2401 1509 2700 1581 Propterea
2729 1513 2819 1583 qui
2847 1528 3129 1583 personam
3156 1530 3261 1571 non
3290 1515 3502 1584 respicit
3533 1523 3583 1570 et
3613 1530 3779 1575 verax

2185 1611 2270 1658 est
2287 1601 2573 1669 Dominus,
2589 1604 2683 1681 qui
2697 1604 2832 1663 dixit
2855 1622 2869 1659 :
2891 1604 2950 1662 Si
2971 1621 3083 1663 non
3112 1606 3435 1667 remiseritis
3464 1607 3784 1675 hominibus

2186 1696 2384 1759 delicta
2418 1712 2634 1764 eorum,
2693 1713 2860 1773 neque
2910 1698 3076 1759 Pater
3099 1709 3267 1755 vester
3293 1699 3519 1757 caelestis
3549 1702 3783 1763 remittet

2188 1787 2335 1842 vobis
2355 1788 2549 1847 delicta
2575 1776 2747 1849 vestro
2761 1797 2885 1856 ;et:
2920 1790 2983 1846 lu
3014 1807 3119 1861 qua
3146 1807 3390 1859 mensura
3414 1792 3643 1853 metieris
3666 1796 3781 1867 Ira,-

2192 1880 2263 1934 tri
2298 1887 2407 1946 tuo,
2442 1880 2499 1933 in
2523 1898 2587 1935 ea
2615 1881 2921 1939 remetietur
2951 1882 3066 1939 tibi.
3586 1878 3594 1886 ’
3747 1943 3764 1958 ,

2266 1971 2535 2030 Dominus
2572 1988 2698 2033 cum
2733 1972 2959 2031 vidisset
2987 1989 3115 2033 eum
3164 1974 3314 2030 nulla
3351 1974 3501 2046 tangi
3546 1976 3784 2046 proximi

2194 2064 2593 2129 misericordia,
2619 2066 2744 2137 jure
2777 2082 2904 2123 eum
2932 2066 3171 2139 privavit
3192 2082 3363 2139 regno
3394 2082 3495 2125 suo
3525 2068 3739 2124 caelesti
3765 2085 3782 2124 :

2194 2158 2306 2233 imo
2339 2173 2509 2229 vero,
2568 2157 2662 2217 ille
2690 2158 2935 2230 seipsum
2972 2159 3237 2229 alienavit
3277 2175 3306 2215 a
3353 2161 3535 2231 gratia
3575 2161 3786 2225 coalesti

2171 2254 2250 2308 'et
2297 2251 2367 2309 lib
2411 2250 2634 2320 tete-mis
2662 2250 2757 2307 Dei
2784 2250 2966 2329 bonis,
3002 2264 3229 2325 propter
3277 2253 3495 2323 injuriae
3536 2271 3567 2311 a
3619 2254 3787 2323 fratre

2193 2353 2431 2414 accepta:
2460 2340 2935 2405 recordationem}
2967 2353 3020 2400 et
3049 2345 3282 2413 maxime
3310 2347 3455 2417 quod
3481 2346 3537 2401 in
3566 2363 3786 2417 germa-
3884 2376 3889 2382 -

2196 2450 2328 2493 num
2355 2444 2411 2491 et
2435 2444 2674 2503 veterem
2704 2436 2942 2493 amicum
2975 2437 3173 2494 fuisset
3199 2438 3386 2495 animo
3427 2438 3660 2505 crudeli,
3686 2440 3787 2495 int-

2195 2528 2344 2583 mani
2400 2537 2455 2589 et
2493 2529 2957 2597 irreeonciliabili.
3012 2528 3169 2599 Tunc
3206 2531 3396 2597 dicunt
3422 2531 3643 2593 lictores
3684 2530 3788 2593 Sa-

2196 2622 2374 2692 pricio
2401 2641 2414 2677 :
2458 2621 2647 2697 Flecte
2671 2638 2849 2699 genua
2883 2628 2997 2690 toa,
3034 2632 3097 2679 ut
3127 2633 3294 2695 caput
3324 2625 3420 2681 tibi
3449 2634 3786 2696 amputetur.

2196 2714 2342 2783 Dicit
2367 2724 2550 2789 autem
2588 2716 2668 2771 eis
2690 2714 3014 2786 Sapricius:
3057 2714 3282 2784 Quare?
3320 2716 3522 2771 Dicunt
3551 2716 3602 2771 ei
3628 2716 3789 2777 licto-

2196 2824 2286 2865 res
2310 2826 2324 2862 :
2373 2806 2644 2875 Quoniam
2668 2807 2894 2863 noluisti
2927 2806 3032 2877 (liis
3052 2808 3385 2875 sacrificare,
3419 2808 3514 2863 sed
3537 2821 3789 2867 contem-

2196 2898 2354 2970 psisti
2397 2898 2637 2955 edictum
2667 2897 3048 2967 imperatoris,
3094 2905 3320 2970 propter
3370 2898 3647 2953 hominem
3695 2900 3790 2971 qui

2196 2990 2397 3047 dicitur
2418 2989 2689 3047 Christus.
2733 2987 2858 3044 [hec
2886 3005 3009 3059 cum
3038 2988 3274 3044 audisset
3300 2989 3463 3047 miser
3487 2990 3788 3059 Sapricius,

2197 3083 2482 3154 respondit
2509 3068 2794 3139 lictoribus
2838 3083 2975 3149 lianc
3007 3084 3255 3143 miseram
3284 3092 3331 3137 et
3353 3083 3562 3143 tristem
3592 3099 3787 3149 vocem,
3832 3091 3837 3096 '

488 3195 685 3245 autem
734 3192 1251 3256 mete'potestatem
1290 3197 1401 3250 non
1443 3180 1635 3248 habes,
1691 3182 1787 3239 sed
1835 3181 2097 3237 Dominus
2124 3167 2430 3261 C'dieens:
2458 3175 2638 3230 Nolite
2664 3191 2751 3230 me
2784 3174 2984 3240 ferire;
3018 3174 3158 3237 iacio
3192 3175 3337 3247 enim
3363 3191 3485 3246 quae
3508 3175 3792 3246 jUSSerunt

485 3277 660 3336 Iesus
694 3277 972 3345 Christus,
1016 3277 1111 3346 qui
1141 3292 1259 3331 eam
1289 3274 1515 3331 creavit.
1559 3273 1747 3345 Longo
1791 3290 1921 3331 vero
1952 3283 2091 3330 tem-

490 3388 634 3445 pore
678 3382 881 3437 tortus,
929 3370 1193 3427 sustinuit
1229 3378 1521 3425 tormenta.
1570 3368 1707 3423 Cum
1734 3366 1959 3423 vidisset
1992 3383 2094 3423 au-

494 3473 611 3523 tem
648 3464 922 3530 improbus
948 3472 998 3518 et
1039 3461 1339 3516 malitiosus
1371 3459 1549 3516 Judex
1576 3476 1703 3521 eum
1732 3476 1841 3517 non
1872 3476 2097 3532 persua-

495 3560 642 3621 deri,
683 3555 893 3619 tulitin
927 3572 1056 3612 eum
1102 3555 1455 3627 sententiam,
1502 3555 1731 3615 dicens:
1784 3554 2092 3627 Sapricium

495 3651 909 3723 presbyterum,
960 3649 1051 3721 qui
1103 3648 1280 3711 edicta
1318 3649 1627 3705 contemnit
1676 3649 2091 3721 imperatorum,

498 3747 556 3795 et
580 3753 693 3795 non
730 3737 941 3812 paruit,
990 3752 1097 3795 nec
1144 3737 1247 3792 diis
1287 3736 1690 3809 immortalibus
1730 3739 1902 3795 voluit
1928 3742 2096 3809 sacri-

504 3828 690 3895 ﬁcare,
718 3840 782 3885 ut
814 3829 911 3901 qui
936 3845 967 3884 a
993 3845 1092 3901 spe
1114 3828 1553 3903 Christianorum
1590 3846 1704 3889 non
1731 3831 1917 3888 tulerit
1945 3831 2096 3889 exci-

514 3920 644 3975 dere
665 3964 681 3987 ,
702 3922 966 3991 iubemus
997 3920 1138 3977 tra‘di
1166 3920 1441 3992 supplicio
1466 3921 1681 3993 capitis.

580 4010 711 4070 Cum
759 4029 897 4085 ergo
936 4013 1054 4084 ipse
1098 4022 1249 4069 esset
1274 4028 1550 4083 egressus,
1591 4024 1819 4087 accepta
1846 4016 2095 4089 martyrii

506 4107 802 4172 uolentia,
837 4115 897 4162 et
923 4104 1212 4163 festinaret
1238 4105 1309 4161 ad
1338 4105 1620 4163 cmlestem
1651 4123 1912 4165 coronam
1938 4146 1955 4172 ,
1991 4124 2095 4164 au-

502 4198 737 4256 divisset
783 4206 969 4256 autem
1019 4208 1250 4256 sanctus
1287 4199 1655 4271 Nieepliorus,
1697 4215 1929 4257 currens
1967 4216 2098 4273 pro-
2137 4251 2140 4254 .

500 4292 678 4349 cessit
696 4291 749 4347 ei
766 4292 1007 4359 obviam,
1024 4300 1084 4348 et
1112 4306 1171 4348 se
1189 4292 1410 4371 proiicit
1434 4292 1501 4348 ad
1518 4292 1690 4364 pedes
1709 4292 1851 4364 ejus,
1870 4292 2061 4365 dicens
2081 4310 2096 4349 :

503 4383 716 4455 Ilartyr
732 4384 962 4458 Christi,
988 4385 1214 4455 ignosce
1242 4385 1376 4441 mihi
1400 4386 1660 4457 quoniam
1690 4386 1911 4457 peccavi
1940 4386 1993 4441 in
2020 4395 2096 4443 te.

2206 3266 2587 3335 imperatores.
2637 3274 2693 3323 et
2726 3265 2832 3321 diis
2861 3265 3132 3321 sacriﬁco.
3188 3266 3280 3323 Sic
3329 3283 3455 3322 eum
3498 3268 3793 3331 excacavit

2204 3358 2414 3424 odium,
2443 3366 2500 3415 et
2530 3358 2599 3417 ab
2630 3373 2695 3413 eo
2716 3356 2945 3414 abduxit
2976 3356 3070 3415 Dei
3094 3359 3344 3431 gratiam.
3388 3359 3492 3427 Qui
3520 3361 3664 3419 enim
3694 3375 3793 3430 per

2202 3449 2471 3518 ejusmodi
2505 3455 2780 3509 tormenta
2812 3464 2922 3503 non
2964 3450 3183 3520 negavit
3212 3448 3500 3505 Dominum
3541 3460 3791 3513 nostrum

2201 3537 2391 3597 Iesum
2431 3538 2735 3605 Christum,
2770 3556 2893 3595 cum
2923 3540 3171 3597 venisset
3195 3540 3453 3611 ad-littem
3486 3541 3697 3609 mortis,
3738 3549 3795 3603 et

2203 3642 2350 3688 esset
2398 3643 2730 3701 accepturus
2772 3632 3060 3707 praemium
3104 3641 3159 3705 et
3201 3649 3463 3703 coronam
3514 3634 3700 3705 gloriae
3742 3641 3793 3689 et

2201 3726 2334 3796 spei,
2360 3726 2580 3796 negavit
2607 3726 2768 3781 vitam
2793 3734 3073 3791 aeternam,
3107 3735 3162 3781 et
3184 3725 3288 3783 fuit
3320 3736 3591 3798 apostata.

2273 3815 2404 3874 llzec
2436 3832 2560 3873 cum
2600 3816 2846 3881 audisset
2895 3827 3120 3874 sanctus
3149 3816 3494 3890 Nicephorus
3517 3859 3532 3884 ,
3562 3817 3795 3886 .rogavit

2205 3908 2539 3982 Sapricium,
2586 3925 2703 3963 cum
2751 3908 3024 3981 lacrymis,
3058 3908 3291 3965 dicens:
3336 3907 3480 3977 Noli,
3522 3924 3556 3981 o
3599 3909 3791 3976 frater,

2203 3982 2313 4056 noli
2350 4000 2654 4072 transgredi
2691 4007 2748 4056 et
2788 4015 2989 4072 negare
3012 3999 3305 4056 Dominum
3332 4009 3580 4056 nostrum
3603 4001 3794 4058 Iesum
3859 4033 3869 4044 ο

2200 4094 2507 4152 Christum.
2555 4094 2674 4151 Noli
2707 4095 2954 4161 omnino,
2987 4110 3120 4167 rogo
3148 4104 3225 4161 te,
3259 4096 3330 4152 ab
3356 4111 3425 4151 eo
3450 4095 3708 4162 deiicere,
3738 4106 3798 4152 et

2202 4190 2435 4262 perdere
2479 4188 2760 4245 ccelestem
2799 4203 3060 4245 coronam
3084 4230 3099 4251 ,
3149 4188 3445 4261 quam'per
3492 4191 3664 4245 multa
3698 4205 3795 4245 ac-

2202 4281 2416 4354 quisiin
2446 4290 2724 4339 tormenta
2749 4289 2808 4338 et
2844 4281 3195 4347 allictioues.
3254 4281 3347 4338 Ille
3388 4290 3575 4338 autem
3618 4282 3797 4337 noluit

2205 4389 2331 4431 eum
2362 4374 2591 4430 omnino
2618 4373 2834 4437 audire,
2869 4373 2966 4429 sed
2995 4372 3281 4431 contendit
3306 4372 3459 4428 abire
3500 4372 3569 4427 ad
3602 4371 3797 4427 interi-

500 4477 601 4534 lllc
611 4453 800 4535 autem
816 4478 956 4534 nihil
974 4453 1033 4534 ei
1044 4478 1327 4558 respondit
1377 4496 1393 4536 :
1418 4453 1744 4535 crematum
1764 4480 1906 4535 enim
1925 4482 2093 4551 fuerat

2205 4475 2325 4524 tum
2350 4475 2400 4522 et
2423 4453 2665 4522 tenebras
2694 4464 2907 4522 ultimae
2936 4466 3152 4531 mortis,
3180 4473 3230 4521 et
3256 4466 3327 4521 ad
3352 4466 3549 4537 ignem,
3577 4465 3666 4532 qui
3692 4480 3798 4518 non

501 4587 597 4626 cor
624 4570 745 4640 ejus
777 4586 810 4624 a
840 4570 985 4625 malo
1011 4571 1271 4635 dictitans.
1325 4568 1569 4637 Sanctus
1593 4569 1935 4650 Nicephorus
1966 4587 2094 4631 eum
2128 4559 2184 4633 Ι)
2209 4571 2378 4635 potest
2411 4562 2696 4639 exstingui.
2725 4561 2830 4635 Qui
2853 4562 2987 4629 tanti
3012 4562 3171 4636 pretii
3198 4561 3423 4633 gloriam
3442 4559 3499 4650 in
3517 4557 3796 4650 momﬁtto

498 4680 702 4720 rursus
722 4663 982 4733 praevenit
1002 4679 1100 4734 per
1118 4661 1282 4718 aliam
1303 4663 1468 4728 viam,
1491 4671 1548 4718 et
1568 4663 1619 4718 ei
1650 4663 1891 4720 occurrit
1916 4665 2101 4735 prius-

499 4757 690 4829 qnam'
724 4755 844 4826 ipse
886 4756 1239 4828 egrederetur
1263 4771 1296 4812 e
1331 4756 1573 4822 civitate,
1617 4765 1675 4811 et
1715 4757 1925 4827 rogavit
1972 4754 2101 4813 eum

498 4849 731 4905 dicens:
757 4847 958 4921 Martyr
973 4848 1198 4912 Christi,
1217 4848 1471 4917 condona
1489 4848 1625 4903 mihi
1645 4864 1709 4917 ea
1734 4864 1856 4923 quso
1877 4848 2102 4919 peccavi

502 4941 562 4997 in
605 4953 661 4995 te
691 4949 752 4995 ut
777 4941 962 4998 homo.
1020 4939 1162 4995 Ecce
1202 4940 1370 5015 enim,
1416 4939 1544 4996 data
1580 4950 1667 4997 est
1700 4940 1798 4997 tibi
1841 4956 2043 4999 corona
2069 4958 2102 4998 a

502 5032 752 5095 Christo,
771 5048 934 5102 quem
969 5048 1080 5087 non
1101 5032 1334 5105 negasti,
1364 5033 1462 5089 sed
1486 5033 1776 5090 confessus
1801 5049 1864 5090 es
1895 5050 2097 5091 nomen

503 5122 632 5193 ejus
681 5132 933 5205 sanctum
981 5139 1165 5179 coram
1212 5125 1403 5180 multis
1449 5126 1701 5181 testibus.
1771 5124 1864 5181 Ille
1914 5135 2099 5182 autem

502 5216 677 5269 durus
697 5225 746 5269 et
765 5214 1145 5283 implacabilis,
1196 5215 1325 5274 odio
1353 5232 1450 5273 cor
1478 5217 1689 5285 habens
1736 5225 2093 5284 exemcatutn,

505 5323 693 5378 neque
725 5306 778 5362 ei
806 5307 960 5363 dedit
1008 5308 1264 5375 veniam,
1317 5324 1501 5379 neque
1544 5310 1595 5365 ei
1645 5311 1875 5366 verbum
1926 5311 2105 5379 voluit

508 5397 884 5469 respondere;
938 5399 1075 5454 adeo
1122 5406 1184 5454 ut
1230 5399 1332 5470 ipsi
1365 5400 1583 5456 lictores
1627 5401 1874 5465 dicerent
1915 5410 2106 5461 sancto

506 5486 868 5565 Nicephoro:
915 5490 1049 5545 Tam
1072 5477 1303 5546 stultum
1341 5492 1619 5549 hominem
1652 5509 1934 5565 nunquam
1964 5494 2106 5550 vidi-

509 5564 657 5638 mus.
700 5581 861 5639 Vadit
885 5582 955 5638 ad
980 5584 1308 5654 supplicium
1332 5585 1547 5656 capitis,
1574 5595 1632 5641 et
1659 5564 1934 5657 quomodo
1964 5586 2104 5657 petis

510 5673 732 5729 veniam
778 5672 849 5731 ab
873 5689 966 5737 eo,
1013 5675 1107 5746 qui
1149 5675 1263 5746 jam
1295 5686 1382 5731 est
1426 5677 1774 5734 moriturus?
1836 5677 1976 5734 Dicit
2022 5679 2105 5734 eis

511 5774 738 5823 sanctus
778 5765 1165 5837 Nicephorus:
1212 5765 1448 5823 Nescitis
1487 5768 1622 5839 quid
1669 5779 1850 5841 petam
1898 5785 1927 5827 a
1966 5774 2103 5827 con-

512 5856 722 5917 fessore
755 5856 1008 5919 Christi:
1038 5857 1392 5916 Deus'autem
1421 5860 1545 5918 scit.

2206 4656 2373 4710 nuius
2402 4653 2555 4710 horae
2587 4652 2731 4709 ictus
2757 4651 2919 4723 gladii
2955 4651 3214 4722 perdidit,
3250 4662 3449 4706 revera
3479 4648 3581 4705 fuit
3606 4649 3793 4714 miser,

2204 4756 2511 4804 excaecatus
2534 4747 2604 4802 ab
2627 4744 2777 4801 odio.

2276 4839 2393 4893 Non
2422 4838 2568 4909 enim
2595 4836 2802 4909 audivit
2822 4834 3115 4889 Dominum
3133 4842 3384 4889 nostrum
3408 4832 3597 4889 Jesum
3630 4831 3796 4888 Chri-

2205 4942 2372 5001 stum,
2416 4931 2692 5001 dicentem
2744 4928 2799 4987 in
2843 4935 3035 4985 sancto
3079 4924 3415 4997 E’vangelio:
3452 4944 3470 4977 ι
3507 4923 3562 4979 Si
3599 4925 3798 4980 all‘eras

2207 5037 2411 5078 munus
2433 5030 2584 5076 tuum
2610 5020 2678 5074 ad
2695 5018 2890 5081 altare,
2911 5025 2965 5073 et
2983 5016 3293 5072 recorderis
3315 5014 3458 5086 quod
3484 5014 3653 5071 frater
3672 5024 3797 5069 tuus

2209 5116 2373 5172 habet
2390 5113 2601 5184 aliquid
2640 5112 2907 5168 adversus
2932 5116 3005 5176 te,
3028 5109 3246 5164 dimitte
3270 5124 3469 5163 munus
3488 5116 3642 5161 tuum
3667 5116 3796 5163 ante

2207 5210 2404 5275 altare,
2429 5217 2486 5264 et
2514 5208 2654 5265 vade
2676 5206 2916 5277 primum
2943 5213 2994 5260 te
3024 5203 3385 5261 reconciliare
3408 5200 3562 5255 fratri
3587 5209 3703 5265 tuo,
3739 5209 3798 5256 ct

2211 5312 2345 5359 tunc
2371 5303 2601 5358 veniens
2630 5298 2764 5356 oller
2785 5312 2987 5352 munus
3022 5304 3197 5351 tuum.
3240 5312 3258 5347 ι
3288 5294 3353 5349 Et
3397 5308 3610 5359 rursus,
3636 5293 3797 5349 Petro

2208 5394 2446 5469 principi
2510 5392 2925 5464 apostolorum,
2976 5404 3102 5444 eum
3151 5394 3398 5457 rogasset
3440 5385 3733 5440 Dominum
3781 5404 3793 5438 :

2214 5507 2233 5543 σ
2258 5489 2506 5556 Quoties,
2525 5486 2571 5539 si
2595 5482 2903 5554 peccaverit
2922 5480 2976 5534 in
3013 5494 3100 5534 me
3134 5478 3301 5534 lrater
3322 5494 3500 5543 meus,
3529 5478 3801 5535 dimittam

2209 5582 2258 5637 ei
2273 5582 2304 5658 ’ζ
2318 5577 2573 5652 Septies?
2593 5595 2611 5627 ι
2634 5572 2939 5644 Respondit
2956 5570 3218 5626 Dominus
3245 5588 3257 5624 :
3286 5568 3429 5633 «Non
3445 5570 3569 5626 dico
3593 5569 3693 5625 tibi
3713 5585 3802 5627 se-

2210 5676 2374 5751 pties,
2401 5674 2496 5732 sed
2529 5668 2839 5743 septuagies
2870 5667 3092 5739 septies.
3120 5684 3138 5720 ι
3175 5666 3268 5722 Ille
3304 5677 3486 5729 autem
3535 5669 3703 5726 miser
3735 5684 3804 5723 ne

2210 5768 2380 5824 semel
2406 5764 2626 5837 quidem
2665 5760 2841 5817 voluit
2872 5759 3188 5816 condonare
3221 5757 3371 5815 fratri
3400 5776 3521 5828 suo,
3577 5770 3632 5816 et
3683 5774 3798 5814 ma-

2211 5859 2357 5915 xime
2377 5854 2586 5930 petenti
2610 5854 2826 5912 veniam
2853 5861 2909 5911 et
2938 5853 3169 5924 roganti.
3202 5851 3267 5908 Et
3289 5852 3554 5911 Dominus
3576 5851 3799 5924 quitle
