4156 6414
391 379 516 462 133'

1889 388 2158 451 PSELLI

3556 387 3656 454 184

384 518 572 568 noster
600 519 658 570 et
679 509 828 568 Deus
871 509 1038 583 iussit
1073 525 1142 567 ex
1187 507 1372 565 animo
1399 505 1722 565 condenare
1753 504 2051 568 unicui-~A
2075 506 2376 578 Christum,
2409 509 2843 582 cliaritat'emque
2891 515 2958 565 et'
2978 503 3362 564 humilitatem.
3388 476 3658 572 Quoniam

380 620 511 676 quo,
549 613 603 660 et
635 603 860 660 dimisso
893 617 1122 660 munere
1151 602 1306 674 quod
1334 600 1446 658 Deo
1482 598 1968 666 est'otferendum,

381 711 606 752 currere
637 696 709 752 ad
741 695 1280 764 reconciliationem;
1318 693 1412 750 ille
1438 708 1572 750 vero
1618 707 1691 750 ne
1736 691 1968 766 summis

381 789 604 860 quidem
636 788 804 844 labris
832 787 1166 844 condonavit
1194 787 1242 844 ei
1275 801 1442 859 quem
1477 785 1811 858 pmnitebat,
1863 801 1970 842 nec

381 883 438 937 in
467 883 710 937 animum
746 880 1066 937 induxit'ut
1111 879 1162 936 ei
1204 880 1419 951 roganti
1454 881 1801 936 remitteret:
1871 880 1966 936 sed

380 974 580 1028 clausit
614 972 828 1029 viscera
862 987 1020 1028 sua-a
1047 971 1216 1028 fratre
1245 987 1385 1038 suo;
1421 977 1711 1044 propterea
1738 973 1969 1029 recessit

279 1081 283 1086 '
380 1066 450 1121 ab
479 1081 547 1121 eo
573 1065 745 1138 gratia
771 1058 942 1121 divini
977 1075 1033 1122 et
1056 1063 1260 1121 viviﬁci
1287 1063 1527 1135 Spiritus
1547 1105 1562 1131 ,
1625 1072 1682 1120 et
1729 1064 1970 1135 perdidit

381 1174 657 1228 magnam,
682 1159 988 1228 pretiosam,
1015 1167 1071 1214 et
1093 1157 1386 1229 gloriosam
1412 1172 1675 1214 coronam
1698 1157 1966 1230 martyrii.

380 1241 776 1318 Quamobrem,
805 1266 839 1306 ο
859 1250 1064 1319 dilecti,
1088 1266 1189 1308 nos
1211 1245 1434 1322 quoque
1458 1250 1748 1323 diligenter
1770 1266 1969 1308 cavea--

380 1356 507 1398 mus
539 1342 608 1398 ab
636 1343 738 1397 hac
767 1342 1038 1399 diabolica
1067 1340 1410 1414 operatione,
1448 1344 1580 1410 odii,
1613 1344 1838 1415 inquam
1859 1387 1892 1413 ,.
1915 1353 1971 1402 et

381 1425 599 1505 injuriae
625 1443 862 1505 accepta:
895 1435 1278 1491 recordatione
1299 1453 1338 1504 ;-
1373 1444 1442 1492 ut
1473 1446 1792 1493 nostrorum
1829 1451 1968 1508 quo-

382 1528 492 1598 que
537 1536 887 1600 peccatorum
937 1529 1102 1585 detur
1143 1529 1306 1586 nobis
1355 1530 1612 1588 remissio
1660 1546 1692 1586 a
1739 1532 1970 1589 Domino

379 1617 513 1673 Jesu
553 1605 794 1685 Christo,
853 1605 1249 1676 convenienter
1296 1621 1346 1678 ei
1390 1623 1537 1694 quod
1583 1623 1822 1680 dicitur:
1874 1625 1972 1681 Di-

379 1700 538 1766 mitte
563 1711 723 1768 nobis
752 1711 936 1769 debita
960 1723 1171 1782 nostra,
1188 1715 1328 1770 sicut
1356 1723 1404 1770 et
1428 1732 1522 1771 nos
1543 1715 1859 1773 dimittimus
1874 1717 1968 1774 de-

381 1801 638 1856 bitoribus
665 1804 865 1858 nostris
887 1803 1108 1869 ;.ﬁ'delis
1135 1814 1220 1860 est
1247 1805 1397 1861 enim
1428 1805 1520 1878 qui
1552 1807 1826 1878 promisit.

386 1940 399 1952 .
453 1891 654 1949 Beatus
678 1901 864 1950 autem
889 1893 1255 1966 Nicephorus,
1303 1907 1592 1969 postquam
1621 1897 1758 1955 vidit
1793 1906 1971 1956 trans-

379 2000 631 2056 gressum
663 2000 784 2042 esse
813 1985 1142 2058 Sapricium,
1195 2004 1393 2060 magna
1434 2003 1555 2044 voce
1580 1989 1715 2046 dicit
1756 1990 1968 2046 lictori-

379 2076 486 2133 bus
513 2093 526 2132 :
559 2077 822 2149 Ego-sum
851 2077 1216 2146 Christianus,
1265 2089 1325 2136 et
1369 2081 1535 2137 credo
1566 2081 1620 2137 in
1647 2097 1850 2138 nomen
1871 2081 1971 2139 Do-

383 2168 525 2224 mini
570 2169 748 2226 nostri
788 2169 933 2226 Jesu'
961 2169 1188 2239 Christi,
1239 2171 1402 2243 quem
1449 2173 1554 2230 iste
1599 2173 1850 2255 negavit:
1885 2173 1969 2231 Me

380 2275 526 2334 ergo
559 2262 806 2334 jam-pro
845 2263 966 2335 ipso
1015 2263 1197 2321 ferite.
1235 2264 1500 2340 Lictores
1540 2281 1682 2323 vero
1701 2283 1812 2324 non
1840 2276 1970 2325 sunt

380 2353 501 2410 ausi
531 2369 656 2410 eum
685 2353 853 2411 ferire
876 2356 1084 2428 absque
1110 2357 1264 2427 jussu
1292 2357 1560 2428 praesidis.
1617 2356 1796 2414 Mirati
1841 2369 1970 2416 sunt

381 2455 568 2502 autem
607 2462 832 2516 omnes,
882 2449 1028 2520 quod
1057 2463 1116 2505 se
1150 2449 1223 2506 ita
1263 2450 1333 2506 ad
1377 2460 1610 2507 mortem
1660 2451 1965 2508 tradiderit.

383 2539 582 2595 libere
630 2540 778 2596 enim
831 2540 1087 2598 dicebat:
1145 2541 1280 2598 Sum
1326 2541 1701 2612 Christianus,
1758 2553 1814 2600 et
1862 2543 1970 2601 diis

382 2632 586 2691 vestris
617 2649 731 2689 non
783 2634 1052 2691 sacriﬁco.
1123 2635 1286 2694 Unus
1337 2648 1522 2693 autem
1569 2621 1970 2694 ex'lictorihus

381 2739 615 2794 currens
643 2726 981 2784 renuntiavit
1008 2728 1249 2799 praesidi,
1279 2729 1504 2786 dicens:
1538 2728 1820 2802 Sapricius
1846 2732 1970 2802 qui-

381 2815 508 2872 dem
535 2817 912 2886 pollicetur-se
941 2818 1049 2876 diis
1079 2820 1514 2878 sacriﬁcaturum
1543 2839 1560 2890 ;
1585 2831 1669 2878 est
1697 2837 1829 2878 vero
1857 2823 1969 2880 illic

379 2906 601 2978 quidam
629 2908 802 2977 alius,
861 2910 957 2982 qui
990 2911 1108 2968 vult
1133 2912 1270 2968 mori
1292 2922 1519 2984 propter
1541 2928 1670 2970 eum
1702 2913 1794 2985 qui
1827 2913 1969 2970 dici-

381 3008 471 3055 tur
489 2998 762 3068 Christus,
793 2996 1046 3060 clamans
1071 3013 1127 3060 et
1159 2990 1351 3060 dicens
1373 3004 1581 3062 libere:
1616 3003 1969 3063 Christianus

377 3105 524 3159 sum,
562 3102 629 3148 et‘
649 3092 755 3150 diis
787 3094 984 3152 vestris
1015 3111 1126 3153 non
1159 3096 1431 3166 sacriﬁco,
1473 3112 1577 3154 nec
1623 3097 1822 3155 obedio
1853 3099 1970 3155 edi-

379 3184 485 3240 ctis
515 3183 927 3256 imperatorum.

451 3269 747 3348 Postquam
787 3280 998 3337 audivit
1029 3296 1232 3352 praeses
1254 3321 1269 3348 ,
1320 3282 1375 3338 in
1406 3299 1532 3340 eum
1577 3280 1704 3342 tulit
1737 3292 1967 3342 senten-

381 3365 538 3433 tiam,
581 3368 814 3426 dicens:
859 3369 916 3426 Si
947 3388 1060 3428 non
1099 3372 1373 3430 sacriﬁcat
1413 3374 1518 3430 diis
1547 3374 1966 3445 immortalibus,

381 3469 548 3530 prout
562 3461 846 3532 jusserunt
866 3463 1246 3534 imperatores,
1261 3464 1429 3537 iubeo
1451 3482 1576 3522 eum
1599 3467 1736 3523 mori
1757 3467 1967 3540 gladio:

381 3549 687 3621 Sapricium
701 3569 822 3608 vero
837 3555 992 3609 sinite
1011 3556 1175 3611 abire.
1195 3555 1350 3611 Tunc
1370 3555 1704 3628 accipientes
1715 3566 1969 3614 sanctum

383 3640 796 3714 Nicephorum,
846 3662 974 3703 eum
1023 3647 1202 3718 capite
1251 3657 1614 3716 truncarunt,
1663 3657 1726 3705 ut
1766 3663 1969 3720 praeses

377 3737 638 3807 iusserat,
669 3743 1028 3798 nouo-mensis
1052 3741 1336 3798 Februarii
1357 3749 1398 3809 ;'
1423 3752 1480 3799 et
1506 3743 1587 3799 sic
1613 3759 1968 3800 consumma-
1995 3789 1998 3792 .

382 3839 472 3886 tus
500 3830 605 3888 fuit
649 3833 706 3887 in
733 3833 940 3890 Christo
980 3846 1204 3894 sanctus
1232 3846 1435 3909 martyr
1461 3836 1666 3892 Christi
1694 3836 1966 3909 Nicepho-

2071 602 2222 659 enim
2256 617 2565 676 propensus
2594 602 2700 660 fuit
2728 603 2796 660 ad
2823 601 3148 658 charitatem
3178 606 3237 656 et
3269 596 3656 663 humilitatem,

2072 694 2197 750 ideo
2227 694 2329 752 fuit
2357 688 2653 754 redimitus
2673 711 2876 753 corona
2901 692 3169 766 martyrii,
3199 701 3258 748 et
3280 689 3537 763 dignatus
3574 697 3660 744 est

2071 788 2265 845 referri
2291 789 2346 845 in
2369 805 2660 846 numerum
2693 799 3016 868 martyrum,
3033 786 3100 842 ad
3121 783 3337 840 laudem
3353 791 3410 838 et
3431 781 3657 854 gloriam

2071 881 2254 953 magni
2297 881 2395 938 Dei
2448 892 2504 938 et
2534 880 2844 938 Servatoris
2876 877 3052 934 nostri
3102 873 3510 932 Jesu'Christi:
3565 873 3656 928 cui

2071 972 2241 1044 gleria
2270 981 2328 1028 et
2354 973 2600 1044 potentia
2627 986 2779 1028 nunc
2831 978 2888 1027 et
2935 981 3192 1040 semper,
3242 974 3300 1021 et
3349 964 3408 1020 in
3459 962 3657 1022 saecula

2071 1062 2415 1120 smeulorum.
2447 1066 2645 1121 Amen.

2143 1156 2297 1216 Voila
2328 1160 2378 1216 la
2409 1158 2507 1216 Vie
2534 1159 2604 1216 de
2641 1159 2788 1216 saint
2818 1155 3126 1227 Nicéphore
3148 1163 3371 1225 martyr,
3413 1164 3548 1208 avec
3577 1149 3657 1205 les
3773 1155 3777 1158 ‘

2071 1251 2347 1309 additions
2375 1253 2443 1310 de
2475 1251 2866 1324 Métaphraste.
2902 1250 2981 1305 Le
3008 1249 3222 1305 lecteur
3261 1258 3467 1317 pourra
3502 1241 3658 1313 iuger

2071 1343 2118 1400 si
2145 1343 2280 1400 elies
2334 1353 2466 1400 sont
2503 1358 2658 1400 assez
2696 1339 3105 1399 considérables
3137 1351 3278 1410 pour
3315 1335 3525 1406 obliger
3566 1347 3658 1389 ces
3715 1349 3719 1352 ·

2071 1446 2294 1494 savants
2317 1437 2580 1509 critiques
2608 1435 2640 1493 ii
2663 1433 2929 1506 exagérer
2947 1433 2993 1489 si
3026 1432 3136 1489 fort
3163 1431 3246 1488 les
3279 1426 3658 1486 falsiﬁcations

2070 1531 2141 1588 de
2161 1546 2223 1594 ce
2247 1529 2558 1604 légendaire
2575 1545 2721 1602 grec.
2748 1529 2820 1587 lls
2834 1527 2991 1584 n’out
3006 1526 3165 1599 point
3201 1521 3396 1594 trouvé
3408 1521 3624 1578 d‘exem
3635 1547 3656 1558 -

2071 1627 2162 1698 p’le
2217 1626 2341 1698 plus
2404 1641 2605 1698 propre
2655 1625 2688 1681 a
2747 1625 2829 1681 les
2879 1622 3016 1678 faire
3099 1617 3282 1677 valoir
3359 1631 3468 1688 que
3511 1620 3657 1670 cette

2072 1716 2303 1773 histoire
2329 1717 2396 1774 de
2428 1718 2572 1774 saint
2599 1715 2949 1787 Nicephore;
3009 1712 3048 1769 il
3091 1710 3260 1768 serait
3291 1708 3472 1764 meme
3501 1713 3658 1760 asse:

2062 1793 2290 1865 .diﬁicile
2318 1808 2442 1865 d‘en
2473 1808 2742 1892 'produire
2768 1809 3008 1880 quelque
3039 1813 3199 1862 autre
3236 1817 3379 1874 pour
3420 1797 3659 1892 justiﬁer

2071 1902 2219 1959 leurs
2255 1901 2512 1974 plaintes.
2566 1891 2889 1972 Ccpendant
2936 1901 2972 1956 il
3017 1915 3089 1956 ne
3131 1897 3248 1953 faut
3275 1910 3382 1968 que
3406 1891 3660 1950 coniérer

2071 1993 2150 2049 les
2178 1992 2451 2048 additions
2477 2007 2584 2063 que
2611 1990 2978 2063 Métaphraste
3019 2004 3050 2044 a
3091 1987 3249 2062 fajtes
3280 1986 3310 2041 a
3348 1999 3442 2041 ces
3473 1985 3654 2044 Actes,
3759 1976 3769 1985 ’

2069 2078 2202 2142 avec
2229 2085 2279 2141 la
2315 2083 2525 2148 Vie,de
2571 2099 2635 2140 ce
2685 2083 2830 2139 saint
2870 2082 2995 2138 telle
3036 2095 3144 2153 que
3174 2079 3246 2134 Μ.
3277 2076 3472 2132 Baillet
3517 2089 3659 2130 nous

2069 2179 2138 2236 l'a
2161 2179 2400 2245 donnée,
2449 2193 2592 2250 pour
2634 2170 2980 2235 rcconnaitr'e
3027 2188 3136 2245 que
3175 2186 3242 2228 ce
3286 2170 3519 2240 critique
3558 2184 3583 2239 θ
3627 2181 3660 2222 a

2069 2272 2253 2346 ajouté
2285 2272 2383 2330 des
2423 2272 2832 2329 circonstances
2864 2269 2958 2341 qui
2989 2264 3060 2323 ne
3106 2281 3167 2322 se
3202 2271 3462 2321 trouvent
3503 2261 3658 2333 point

2069 2367 2206 2424 dans
2234 2366 2506 2439 l'originai
2534 2367 2632 2422 des
2663 2365 2844 2429 Actes,
2877 2361 3142 2434 quoiqu’il
3170 2351 3316 2414 {asse
3348 2353 3658 2429 profession

2070 2462 2138 2518 de
2158 2461 2211 2517 le
2237 2460 2423 2517 suivrc
2447 2477 2462 2524 ;
2490 2467 2544 2515 et
2567 2473 2675 2530 que
2695 2473 2784 2514 ses
2805 2455 3083 2512 additions
3104 2467 3177 2508 ne
3201 2459 3334 2508 sont
3350 2463 3447 2522 pas
3480 2446 3661 2502 moins

2069 2551 2479 2609 considérables
2507 2565 2615 2621 que
2645 2549 2812 2605 celles
2838 2547 2907 2604 de
2931 2545 3303 2617 Métaphraste
3327 2560 3341 2598 :
3375 2555 3506 2597 sans
3529 2555 3662 2610 par-'-

2070 2645 2152 2700 ler
2184 2642 2253 2699 de
2283 2640 2558 2713 plusieurs
2587 2639 2785 2696 ehoses
2813 2637 2945 2710 qu’il
2972 2653 3004 2692 a
3038 2635 3262 2701 omises,
3311 2641 3370 2690 et
3414 2632 3658 2688 d‘autres

2069 2736 2203 2808 qu’il
2236 2749 2268 2790 a
2299 2732 2452 2790 dtées
2480 2733 2548 2789 de
2586 2731 2707 2788 leur
2751 2745 2954 2802 propre
3002 2728 3134 2784 lieu.
3189 2725 3274 2782 0n
3311 2739 3384 2782 ne
3432 2720 3662 2794 pretend

2069 2842 2170 2900 pas
2198 2825 2410 2882 blamer
2447 2831 2594 2880 cette
2619 2821 2876 2878 conduite
2905 2821 2976 2877 de
3008 2818 3081 2874 hi.
3112 2817 3304 2873 Baillet
3338 2816 3476 2873 dans
3517 2820 3665 2870 cette

2070 2919 2321 2986 histoire,
2349 2916 2450 2972 'ni'
2479 2914 2619 2972 dans
2660 2915 2754 2970 les
2779 2923 2967 2968 autres
3011 2911 3096 2967 οὔ·
3130 2909 3167 2966 il
3209 2925 3241 2965 a
3273 2907 3376 2964 iait
3400 2908 3451 2962 la
3481 2905 3663 2964 meme

2070 3013 2239 3070 chose
2263 3054 2278 3078 ,
2332 3010 2568 3082 puisque
2593 3009 2728 3066 c’cst
2755 3007 2807 3062 Ia
2835 3005 3092 3063 conduite
3123 3003 3403 3060 ordinaire
3424 3000 3493 3057 de
3518 3013 3656 3055 ceu:

2069 3103 2164 3174 qui
2207 3101 2517 3158 travaillent
2569 3114 2670 3155 sur
2703 3113 2796 3154 ces
2824 3105 3003 3153 sortes
3030 3096 3098 3152 de
3136 3092 3412 3158 matiércs,
3454 3100 3510 3147 et
3552 3105 3662 3162 que

1994 3202 2042 3268 ο
2072 3189 2153 3246 les
2180 3187 2345 3245 Péres
2386 3187 2598 3244 memes
2638 3185 2776 3242 l’ont
2807 3182 3112 3256 pratiquée.
3169 3175 3304 3238 Mais
3335 3195 3406 3237 on
3427 3195 3498 3236 en
3532 3186 3665 3250 peut

2071 3281 2330 3340 conclure
2358 3295 2465 3353 que
2489 3289 2634 3338 cette
2673 3277 2870 3334 liberte
2897 3277 2967 3334 de
2992 3275 3360 3347 Métaphraste
3389 3272 3533 3328 n‘est
3564 3285 3662 3342 pas

2075 3375 2355 3434 suﬁisante
2387 3390 2529 3447 pour
2575 3374 2626 3430 le
2661 3373 2860 3428 rendre
2890 3369 3221 3442 méprisable
3252 3375 3309 3425 et
3338 3366 3560 3437 indigne
3593 3363 3664 3419 de

2071 3475 2225 3526 toute
2255 3467 2526 3534 créance,
2559 3476 2614 3522 et
2642 3481 2781 3536 pour
2814 3465 2864 3520 le
2891 3463 3028 3519 faire
3056 3475 3252 3534 passer
3278 3475 3418 3532 pour
3447 3473 3521 3512 un
3553 3459 3662 3512 im-

2071 3574 2302 3636 posteur
2345 3570 2402 3618 et
2443 3577 2518 3618 un
2581 3559 2891 3624 faussaire,
2953 3557 3025 3614 ne
3065 3573 3206 3628 pour
3253 3553 3513 3626 produire
3563 3551 3663 3606 des

2073 3665 2370 3722 monstres,
2386 3664 2442 3711 et
2456 3653 2615 3710 outré
2631 3669 2700 3709 au
2720 3651 2842 3708 dela
2856 3652 2924 3708 de
2945 3667 3006 3708 cc
3019 3666 3126 3722 que
3147 3651 3196 3705 la
3225 3647 3400 3704 Grece
3419 3647 3666 3718 .paienne

2068 3762 2100 3803 a
2149 3746 2386 3821 imagine
2414 3747 2482 3803 de
2517 3746 2690 3802 fables
2734 3761 2802 3801 cn
2838 3746 3029 3801 faveur
3054 3744 3123 3800 de
3161 3756 3251 3798 ses
3273 3741 3477 3805 dieux;
3513 3737 3663 3810 puis-

2066 3840 2233 3912 qu’on
2257 3850 2450 3896 trouve
2478 3854 2680 3896 encore
2707 3835 3055 3907 aujourd‘hui
3092 3835 3190 3892 des
3223 3833 3499 3890 écrivains
3531 3845 3664 3888 res-
3693 3843 3698 3847 ‘
3741 3824 3750 3832 ’

385 3939 478 3982 rus
501 3963 519 3993 ,
566 3933 630 3984 et'
669 3929 929 3986 ascendit
967 3929 1025 3986 in
1052 3930 1222 3989 culos
1263 3940 1558 3989 coronatus
1587 3946 1689 4004 per
1711 3930 1876 3988 ﬁdem
1908 3931 1967 3986 in
2066 3932 2346 4004 peetables
2373 3931 2465 3999 qui
2492 3937 2768 4004 prennent
2798 3930 2848 3986 la
2878 3929 3058 3985 meme
3083 3923 3296 3984 liberte.

407 4100 3612 4142 Μ

1001 4274 1308 4393 ΤΟΥ
1381 4181 2298 4398 Socerum
2369 4271 3017 4396 ΨΕΑΑΟΥ

1825 4472 2194 4530 ΕΓΚΩΜΙΟΝ

751 4605 926 4694 ΕΙΣ
999 4600 1228 4696 TON
1302 4607 2130 4699 ΜΕΤΑΦΡΑΣΤΗΝ
2185 4581 2608 4696 ΚΥΡΙοΝ
2682 4603 3262 4698 ΣΥΜΕΩΝΑ.

1179 4884 2239 5060 SAPIENTISSI-Ml
2335 4857 2829 5005 PS'ELLI

1836 5090 2202 5152 ENCOMIUM
2234 5180 2244 5190 .

699 5217 828 5308 IN
907 5218 1882 5313 METAPHRASTEM
1958 5225 2547 5317 DOMINUM
2625 5220 3343 5318 SYMEONEM.

1559 5400 1723 5465 (Apud
1745 5401 1983 5453 Allatium
2019 5401 2088 5454 De
2107 5399 2474 5470 Symeonibus.)

451 5611 588 5670 Cum
633 5626 688 5674 et
736 5619 847 5675 vita
893 5629 950 5676 et
990 5587 1208 5680 dicendi
1257 5623 1517 5683 facultate
1560 5643 1820 5700 magnum
1852 5593 1957 5701 Sy-

2139 5629 2246 5683 Τὸν
2295 5629 2472 5700 μέγαν
2532 5630 2590 5682 ὲν
2633 5627 2737 5700 βίῳ
2781 5626 2876 5682 καὶ
2927 5625 3072 5696 λόγῳ
3135 5622 3362 5694 Συμεὼν
3415 5621 3658 5675 ἐπαινεῖν

381 5719 632 5760 meonem
680 5709 903 5766 laudare
950 5717 1258 5784 statuerim,
1308 5720 1468 5791 cujus
1516 5735 1612 5789 per
1641 5721 1958 5777 universum

2069 5720 2454 5793 προελόμενος,
2482 5720 2543 5773 τὸ
2565 5720 2748 5790 πάσης
2770 5720 2869 5788 τῆς
2898 5715 3225 5787 οἰκουμένης
3254 5713 3507 5785 λαμπρὸν
3561 5711 3656 5765 καὶ

379 5793 572 5848 orbem
622 5805 779 5852 terra:
829 5810 913 5854 est
954 5817 1181 5869 nomen,
1236 5815 1291 5860 et
1334 5824 1421 5863 res
1448 5820 1613 5881 gestae
1645 5811 1954 5879 celebratae,

380 5885 564 5944 nescio
595 5888 923 5958 quibusnam
953 5895 1137 5953 verbis
1166 5906 1286 5954 utar
1326 5901 1382 5956 in
1419 5918 1485 5960 eo
1529 5905 1819 5972 laudando,
1872 5907 1958 5964 vel

2068 5813 2392 5883 περιϐόητον
2425 5811 2518 5866 καὶ
2541 5811 2709 5881 ὄνομα
2743 5810 2837 5864 καί
2879 5808 3184 5880 εὗτρχημα,
3240 5807 3341 5860 οὐκ
3377 5801 3493 5857 οἶδα
3543 5801 3654 5854 τίσι

2069 5906 2201 5960 ποτὲ
2231 5906 2408 5976 λόγοις
2445 5905 2570 5976 περὶ
2598 5902 2758 5958 αὐτοῦ
2795 5903 3094 5974 χρήσομαι,
3130 5901 3162 5973 ἢ
3205 5900 3257 5955 τι
3288 5897 3393 5954 τῶν
3437 5895 3654 5952 πάντων
