4156 6482
431 415 528 484 191

1934 415 2206 483 PSELLl
2257 391 2260 394 ’

427 531 590 586 sticaa-
613 526 1187 586 exercitationis.Nam
1207 529 1299 587 hic
1313 542 1534 602 quoque
1559 537 1651 587 est
1672 526 1856 586 carnis
1884 542 2023 585 eon-

2139 529 2242 600 βίος
2277 526 2863 601 κατέλαμπε.Δαπάνη
2895 525 3006 601 γὰρ
3029 525 3310 582 κάνταῦθα
3339 525 3581 599 σαρκῶν,
3611 529 3719 581 καὶ
3806 545 3826 556 ’-

427 619 689 691 sumptio;
722 635 829 676 nec
881 635 942 676 se
965 619 1178 676 deliciis
1216 619 1446 686 dedere,
1494 621 1550 676 in
1607 621 1696 685 iis,
1733 619 1788 673 in
1817 617 2021 689 quibus
2066 633 2073 639 '

3600 409 3710 476 ωε
3763 354 3768 356 ’

2127 621 2308 698 τρυφὴ
2337 621 2398 676 τὸ
2427 622 2501 702 μὴ
2525 622 2757 694 τρνφᾷν⁸
2789 623 2849 676 ἐν
2883 615 2966 686 οἷς
3024 621 3088 675 οὐ
3141 620 3260 674 δέον
3305 621 3521 693 τρυφᾷν
3543 637 3558 652 ο
3619 623 3722 675 καὶ

341 704 347 710 ’
426 726 540 766 non
571 713 805 782 Oportet,
839 720 894 766 et
918 727 949 766 a
1000 712 1210 767 mundo
1248 711 1524 782 separari;
1561 712 1629 767 ad
1681 711 1856 766 Deum
1894 725 2021 766 cum

2139 711 2189 766 ιδ
2253 711 2605 784 ἀπεῤῥῆχθαι
2644 713 2876 783 κόσμου,
2930 711 3027 766 καὶ
3081 711 3220 784 πρὸς
3255 711 3390 765 Θεὸν
3435 710 3577 765 κατά
3605 709 3720 764 τῶν

427 805 561 873 ipsis
591 805 808 875 evolare
853 805 1177 875 corporibus
1199 847 1215 871 ,
1261 801 1317 862 et
1355 805 1562 861 innatis
1597 805 1855 860 resistere
1889 803 2024 860 alie.-

430 897 726 961 etionibus,
788 905 844 952 et
886 898 953 951 iis
1015 914 1140 967 qua:
1200 914 1231 953 a
1285 898 1445 953 malis
1471 897 1758 968 spiritibus
1791 896 2024 951 allluunt

341 1053 347 1062 _
433 988 803 1043 extrinsecus.
860 987 959 1042 Est
1007 1003 1140 1060 ergo
1173 991 1461 1044 amborum
1495 990 1757 1060 prmclara
1787 987 1930 1054 vita;
1969 994 2024 1042 et

435 1082 562 1136 olim
589 1080 808 1151 quidem
863 1082 1062 1150 fuerat,
1093 1092 1149 1139 et
1176 1083 1283 1138 erit
1313 1099 1540 1151 rursus;
1575 1084 1670 1139 sed
1719 1099 1831 1137 non
1877 1081 2023 1137 clare

435 1175 654 1229 interim
689 1175 868 1230 fuerat
901 1177 1120 1246 cognita
1150 1191 1342 1232 eorum
1377 1178 1465 1232 hic
1493 1176 1866 1232 remuneratio
1887 1191 1902 1240 ;
1927 1173 2023 1229 sed

437 1265 620 1319 arcani
656 1265 877 1334 quidem
912 1266 1061 1329 libri,
1096 1281 1235 1336 quos
1269 1267 1452 1321 multis
1480 1256 1547 1320 in.
1581 1265 1765 1322 futura
1795 1265 1851 1319 in
1885 1265 2025 1319 inte-

437 1373 592 1428 grum
611 1359 961 1412 restitutione
985 1357 1167 1430 legent
1194 1359 1394 1430 angeli,
1412 1367 1666 1413 accurate
1683 1358 2036 1414 monimenta-

437 1449 727 1504 contineut
787 1466 980 1504 eorum
1044 1452 1287 1522 martyrii
1325 1461 1382 1506 et
1429 1452 1862 1507 exercitationis.
1919 1449 2025 1516 Qui

438 1547 620 1592 autem
652 1549 780 1593 autc
811 1542 959 1594 hunc
992 1540 1210 1594 beatum
1249 1539 1425 1593 virum
1459 1555 1547 1594 res
1587 1548 1770 1611 gestas
1807 1539 2026 1593 illorum

438 1631 798 1700 scripserunt,
831 1646 939 1684 non
979 1639 1110 1685 sunt
1148 1631 1384 1685 assecuti
1419 1630 1635 1685 illorum
1668 1633 2030 1703 magniﬁcen-

441 1714 569 1776 tiam
588 1741 600 1786 ;
619 1723 710 1776 sed
737 1722 938 1792 partim
967 1723 1192 1792 quidem
1221 1724 1290 1779 de
1313 1723 1394 1779 eis
1425 1734 1555 1779 sunt
1573 1725 1808 1791 mentiti,
1828 1728 2027 1796 partim

437 1821 621 1868 autem
656 1830 778 1869 cum
816 1830 924 1868 ιιοιι
960 1825 1182 1885 ροεερηῑ
1214 1817 1380 1872 rebus
1433 1831 1626 1872 eorum
1684 1819 2027 1888 responden-

2130 801 2403 872 σωμάτων
2435 801 2616 857 αὐτῶν
2653 802 2981 873 ἀναπτῆναι,
3014 801 3112 856 καὶ
3146 803 3338 872 στῆναι
3379 801 3518 871 πρός
3537 818 3597 854 τε
3644 801 3719 856 τὰ

2129 893 2348 965 ἔμφυτα
2396 893 2570 964 πάθη,
2614 894 2712 947 καὶ
2749 895 2887 962 πρὸς
2934 895 3005 950 τά
3049 894 3381 967 ἐπιρρέοντα
3419 895 3573 965 παρὰ
3607 894 3722 948 τῶν

2131 987 2387 1058 πονηρῶν
2438 987 2769 1056 πνευμάτων
2835 987 3056 1052 ἔξωθεν.
3111 987 3373 1060 Λαμπρο).
3426 989 3724 1060 τοιγαροῦν

2129 1077 2300 1148 ἄμφω
2323 1078 2373 1130 oi
2402 1077 2529 1149 βίοι,
2563 1079 2657 1132 καὶ
2700 1078 2872 1133 πάλαι
2917 1078 3018 1150 μὲν
3057 1079 3253 1152 ἤστην,
3306 1079 3474 1134 ἐστον·
3513 1081 3570 1136 δὲ
3619 1081 3722 1136 καὶ

2131 1169 2309 1234 αὖθις.
2347 1172 2490 1226 Ἀλλ’
2522 1174 2584 1228 οὐ
2617 1173 2851 1245 λαμπρά
2871 1175 3011 1239 τέως
3063 1173 3364 1247 ἐγνώριστο
3419 1177 3454 1246 ἠ
3509 1176 3719 1230 τούτων

2131 1263 2366 1319 ἐνταῦθα
2427 1265 2729 1328 ἀντίδοσις·
2795 1268 2909 1324 ἀλλ’
2945 1270 3001 1322 ai
3054 1269 3151 1339 μὲν
3185 1269 3490 1340 ἀπόρρητοι
3523 1269 3719 1339 βίϐλοι,

2131 1355 2196 1421 ἃς
2224 1355 2288 1429 δὴ
2309 1360 2421 1422 τοῖς
2445 1356 2660 1423 πολλοῖς
2705 1359 2762 1413 ἐν
2799 1362 2867 1432 τῇ
2898 1360 3346 1415 ἀποκαταστάσει
3397 1363 3448 1414 οἱ
3493 1361 3720 1430 ἄγγελοι

2133 1450 2563 1520 ἀναγνώσονται,
2592 1452 2796 1523 ἀκριϐῆ
2827 1452 2897 1508 τά
2924 1453 3028 1524 τῆς
3059 1453 3364 1527 μαρτυρίας
3395 1452 3576 1507 αὐτῶν
3620 1455 3722 1509 καὶ

2140 1543 2440 1614 ἀσκήσεως
2471 1543 2691 1614 ἔχουσιν
2713 1545 3109 1616 ὑπομνήματα.
3140 1546 3203 1598 Οί
3252 1544 3311 1598 δέ
3340 1544 3448 1616 πρὸ
3474 1545 3568 1598 τοῦ
3589 1544 3728 1599 θαυ-

2139 1635 2342 1706 μασίου
2372 1634 2526 1690 τοῦδε
2579 1637 2781 1708 ἀνδρὸς
2813 1637 3053 1692 ἐνταῦθα
3082 1637 3182 1703 τὰς
3214 1639 3441 1692 ἐκείνων
3492 1636 3726 1708 πράξεις

2135 1726 2607 1798 ἀναγραψάμενοι,
2631 1729 2902 1798 οὐμενοῦν
2937 1729 3041 1800 τῆς
3071 1729 3551 1803 μεγαλοπρεπείας
3578 1732 3726 1784 ἐκεί-

2137 1836 2244 1872 νων
2267 1819 2518 1889 ἐφίκοντο
2536 1835 2553 1853 ο
2587 1821 2728 1876 ἀλλά
2755 1821 2824 1875 τὰ
2853 1821 2953 1893 μέν
2986 1822 3167 1876 αὐτῶν
3196 1821 3625 1892 κατεψεύσαντο,
3653 1822 3727 1876 τὰ

441 1915 550 1962 tam
585 1907 783 1962 aﬂ'erre
813 1909 1148 1983 orationem,
1185 1909 1389 1964 bonum
1425 1910 1534 1966 illis
1559 1911 2029 1981 conscripserunt,

2139 1910 2192 1964 δὲ
2229 1911 2304 1983 μὴ
2337 1911 2660 1983 δυνηθέντες
2707 1913 3020 1985 κατάλληλα
3055 1914 3245 1981 θεῖναι,
3286 1905 3534 1986 ἄκομψον
3573 1915 3728 1968 ἐκεί-

439 1997 588 2067 quod
620 2013 722 2053 nec
772 2007 894 2053 erat
953 1999 1062 2054 ulla
1115 1999 1385 2072 elegantia
1416 2008 1692 2065 ornatum,
1728 2015 1830 2055 nec
1874 2001 2036 2057 laude

440 2091 914 2161 prosequendum,
961 2101 1024 2146 ut
1069 2091 1164 2162 qui
1204 2107 1308 2166 nec
1357 2091 1644 2164 pulchram
1699 2085 2038 2164 subjecerint

443 2183 794 2250 sententiam,
842 2187 944 2240 nec
990 2198 1112 2240 eam
1147 2184 1330 2240 verbis
1377 2185 1630 2242 ornarint
1676 2186 2045 2256 decentibus,

444 2289 623 2343 neque
645 2266 898 2330 accurate
936 2275 1334 2346 descripserint
1376 2276 1640 2332 savitiam
1687 2293 1750 2334 ac
1779 2279 2038 2335 atrocita-

448 2377 557 2422 tem
601 2383 792 2422 eorum
823 2410 839 2436 ,
897 2369 990 2439 qui
1043 2369 1365 2440 punierunt,
1417 2384 1597 2440 neque
1623 2380 1925 2444 martyrum
1978 2372 2036 2428 in

445 2459 644 2514 dandis
665 2461 944 2532 responsis
969 2461 1320 2532 prudentiam
1352 2480 1365 2516 :
1406 2462 1707 2532 quinetiam
1737 2465 2036 2520 monacho-

449 2567 570 2606 rum
617 2553 1001 2608 adulterarunt
1054 2548 1546 2614 exercitationem.
1606 2554 1928 2626 simpliciter
1981 2564 2040 2612 et

451 2645 603 2715 quasi
639 2634 865 2712 temere,
884 2654 942 2700 et
966 2654 1027 2700 ut
1052 2645 1272 2713 accidit,
1299 2645 1626 2713 referentes,
1655 2663 1776 2718 qua:
1795 2647 2039 2706 studiose

452 2737 523 2791 ab
558 2737 666 2792 illis
691 2736 832 2794 facta
859 2746 1008 2793 sunt.

523 2827 664 2884 llinc
691 2829 894 2884 factum
917 2839 1002 2886 est
1028 2838 1087 2887 ut
1108 2831 1360 2886 nonnulli
1389 2847 1459 2888 ne
1487 2831 1571 2888 vel
1600 2833 1781 2905 legere
1812 2833 2037 2904 quidem

449 2920 783 2976 sustinerent
819 2937 903 2989 ea,
932 2937 1054 2992 quae
1097 2933 1227 2977 sunt
1271 2924 1576 2978 litterarum
1620 2924 1874 2979 mandata
1921 2940 2038 2980 mo-

453 3013 748 3077 uumcntis,
796 3013 918 3067 aliis
944 3023 1127 3068 autem
1161 3029 1244 3078 ea,
1279 3030 1400 3084 quae
1426 3014 1770 3092 dicebantur,
1825 3015 2040 3085 praebe—
2081 3047 2090 3057 -

453 3115 575 3160 rent
599 3106 810 3161 ridendi
838 3107 1154 3171 materiam;
1174 3115 1228 3161 et
1251 3106 1666 3176 compositionis
1687 3107 2034 3176 inelegantia,

451 3207 509 3253 et
573 3197 860 3252 sententia:
911 3198 1144 3252 absurda
1212 3207 1266 3252 et
1329 3198 1477 3252 nulla
1533 3180 1926 3269 consequentia
1955 3201 2036 3254 ex

451 3288 600 3342 dicto
624 3289 748 3343 vilis
796 3298 855 3343 et
907 3288 1140 3369 abiecta,
1208 3297 1367 3343 erant
1425 3289 1532 3355 iis,
1584 3290 1675 3358 qui
1716 3289 2035 3358 audiebant,

453 3381 724 3446 insuavia,
760 3391 814 3436 et
837 3381 964 3436 odio
997 3381 1357 3448 habebantur,
1390 3383 1571 3453 potius
1594 3399 1755 3460 quam
1787 3383 2043 3439 admitte«

453 3473 656 3527 bantur
677 3512 691 3535 ,
720 3481 776 3527 ct
803 3459 1024 3542 propter
1052 3479 1169 3538 eos,
1217 3471 1309 3543 qui
1353 3459 1840 3543 conscripserant,
1882 3475 2042 3549 nobis

455 3567 693 3621 ludibrio
724 3567 1066 3622 habebantur
1107 3565 1446 3621 admirabilia
1485 3549 1720 3622 Christi-
1752 3583 2041 3623 servorum

455 3660 754 3715 certamina
809 3675 872 3715 ac
925 3669 1148 3730 tropaa.
1211 3660 1279 3715 Et
1333 3675 1525 3715 omnes
1576 3659 1798 3731 quidem
1855 3671 2043 3731 aperte

457 3755 659 3823 scripta
720 3753 1130 3809 insectabantur
1193 3753 1556 3809 maledictis:
1609 3769 1796 3809 eorum
1860 3763 2042 3809 autem

458 3851 577 3904 loco
628 3847 826 3904 atl'crre
872 3849 1118 3913 meliora,
1151 3832 1272 3903 aliis
1326 3848 1547 3918 quidem
1598 3857 1826 3918 pr0pter
1876 3847 2043 3903 animi

457 3942 786 4007 socordiam,
820 3942 941 3996 aliis
971 3951 1154 3996 autem
1185 3950 1266 3995 ut-
1288 3940 1432 4012 quod
1461 3950 1548 3995 cst
1581 3955 1720 4012 opus
1761 3939 2044 4010 perfectis-

457 4034 656 4089 simum
695 4042 752 4088 et
811 4033 1028 4088 maximi
1079 4033 1268 4098 studii,
1297 4042 1353 4087 et
1381 4033 1468 4087 cui
1513 4043 1772 4088 nec-tota
1821 4033 2042 4103 quidem

456 4125 558 4178 viri
595 4125 702 4179 vita
725 4124 1024 4190 sull‘ecerit,
1059 4139 1241 4194 neque
1270 4125 1415 4178 vires
1449 4125 1681 4179 aderant
1706 4125 2041 4192 volentibus,

460 4231 564 4270 nec
597 4217 682 4281 iis,
719 4217 811 4286 qui
838 4225 1112 4286 poterant,
1146 4216 1432 4281 voluntas;
1466 4218 1560 4271 sed
1594 4231 1704 4269 non
1749 4216 1912 4270 etiam
1949 4217 2046 4272 ad-

459 4311 725 4366 mirabilis
753 4311 990 4381 Symeou
1020 4311 1212 4365 eodem
1243 4311 1427 4375 modo,
1456 4324 1565 4379 quo
1589 4308 1644 4375 ii,
1665 4307 2043 4365 fuitaﬂ'cctus:

458 4404 554 4460 sed
580 4418 703 4458 cum
726 4403 808 4459 eis
840 4401 1144 4473 procedens
1174 4401 1241 4456 ad
1285 4401 1614 4471 scriptorum
1644 4416 1818 4471 usque
1858 4417 2045 4471 repre-

458 4497 808 4563 hensionem,
863 4495 1062 4564 deinde
1111 4494 1383 4566 processit
1413 4493 1674 4559 ulterius,
1715 4502 1773 4551 et
1799 4493 2047 4565 juvenile

2139 2019 2251 2066 νοις
2324 2002 2385 2056 τὺ
2431 2003 2659 2072 ἀγαθὸν,
2727 2005 2824 2058 καὶ
2877 2005 3201 2078 ἀφιλότιμον
3251 2007 3728 2078 συγγεγράφασιν,

2137 2091 2264 2147 οὔτε
2295 2093 2468 2166 καλὴν
2502 2093 2826 2166 ὑποθέμενοι
2858 2095 3087 2161 ἔννοιαν,
3121 2095 3247 2151 οὔτε
3277 2096 3384 2169 μὴν
3421 2097 3731 2168 εὐπρεπέσι
3786 2150 3809 2167 ,

2139 2187 2672 2262 κατακοσμήσαντες
2728 2191 2961 2258 λέξεσιν,
3011 2192 3127 2246 οὐδ’
3171 2191 3420 2264 ἀκριϐῶς
3478 2193 3732 2262 ὑπογρά-

2138 2281 2364 2354 ψαντες,
2389 2282 2514 2338 οὔτε
2553 2283 2655 2354 τὴν
2699 2283 2809 2338 τῶν
2853 2283 3201 2356 κολασάντων
3263 2283 3566 2356 βαρύτητα,
3600 2282 3731 2338 οὔτε

2138 2376 2239 2448 τὴν
2268 2376 2382 2430 τῶν
2415 2376 2712 2448 μαρτύρων
2744 2377 2881 2446 πρὸς
2908 2376 3003 2441 τὰς
3031 2377 3352 2448 ἀποκρίσεις
3390 2378 3728 2449 πυκνότητα.

2152 2469 2314 2524 Ἀλλὰ
2337 2471 2433 2524 καὶ
2463 2472 2574 2531 τοῖς
2607 2472 2876 2541 ἄσκηταίς
2906 2471 3006 2542 τὴν
3051 2471 3286 2543 ἄσκησιν
3332 2470 3729 2542 ἐκιϐδήλωσαν,

2145 2562 2362 2633 ἀφελῶς
2387 2562 2595 2626 αὐτοῖς,
2629 2562 2727 2616 καὶ
2757 2561 2949 2634 ὥσπερ
2972 2563 3036 2616 ἐκ
3053 2561 3147 2617 τοῦ
3198 2562 3606 2636 παρατυχόντος
3660 2561 3736 2616 τὰ

2141 2654 2557 2726 ἐσπουδασμένα
2589 2653 2903 2722 διεξιόντες.

2216 2831 2496 2887 Ἐνθεντοι
2559 2831 2608 2884 oi
2647 2829 2748 2901 μὲν
2779 2828 2901 2883 οὐδὲ
2930 2827 3096 2899 ψιλὴν
3135 2826 3478 2899 ἐκαρτέρουν
3499 2826 3599 2899 τὴν
3619 2826 3735 2879 τῶν

2142 2923 2749 2996 ὑπομνηματιτθέντων
2781 2923 3111 2993 ἀνάγνωσιν,
3137 2923 3251 2986 τοῖς
3275 2921 3334 2975 δὲ
3365 2921 3460 2976 καὶ
3491 2920 3734 2989 γέλωτος

2133 3018 2367 3090 ’ἀφορμὴ
2397 3017 2465 3071 τὰ
2485 3016 2756 3087 λεγόμενα
2785 3015 3116 3087 ἐγνωρίζετο
3141 3032 3154 3046 ο
3179 3014 3274 3068 καὶ
3301 3013 3365 3067 τὸ
3397 3016 3503 3082 τῆς
3529 3010 3736 3082 συνθή-

2089 3141 2095 3147 -
2141 3127 2246 3180 κης
2297 3109 2356 3164 δέ
2418 3107 2673 3176 ἀκαλλὲς,
2743 3107 2839 3162 καὶ
2897 3105 2959 3161 τὸ
3025 3104 3391 3161 ἀνακόλουθον
3453 3105 3554 3174 τῆς
3640 3104 3736 3157 ἐν-

2142 3201 2312 3267 νοίας,
2399 3200 2494 3254 καὶ
2564 3200 2627 3254 τὸ
2697 3201 2797 3270 τῆς
2890 3197 3090 3270 λέξεως
3159 3198 3398 3264 εὐτελὲς,
3485 3196 3736 3267 ἀγλευκῆ

2140 3295 2254 3358 τοῖς
2277 3293 2570 3366 ἀκούουσιν
2585 3288 2674 3364 ἦν,
2690 3292 2786 3348 καὶ
2804 3291 3185 3362 ἀπηχθάνοντο
3206 3291 3410 3361 μᾶλλον
3427 3291 3458 3362 ἢ
3485 3291 3741 3362 προσίεν-

2142 3405 2221 3452 το,
2238 3387 2334 3440 καλ⁵
2362 3387 2423 3441 τὸ
2454 3387 2547 3440 ἐπὶ
2567 3387 2678 3449 τοῖς
2696 3384 2986 3455 ἀναγραψα
2995 3384 3174 3454 μένοις
3187 3383 3582 3454 διεκωμῳδεῑτο
3599 3385 3741 3454 ἡμῖν

2143 3481 2216 3535 τά
2255 3480 2544 3550 θαυμάσια
2568 3480 2677 3534 τῶν
2706 3477 2802 3533 τοῦ
2831 3477 3073 3546 Χριστοῦ
3106 3477 3455 3548 θεραπόντων
3519 3477 3740 3544 ἀγωνί-

2141 3569 2332 3640 σματά
2345 3587 2404 3626 τε
2431 3568 2524 3622 καὶ
2544 3567 2803 3637 τρόπαια.
2839 3565 2948 3619 Καὶ
2977 3565 3290 3635 ξύμπαντες
3324 3564 3427 3636 μὲν
3479 3562 3740 3616 διελοιδο-

2151 3660 2348 3733 ροῦντο
2402 3660 2591 3730 σαφῶς
2614 3663 2728 3722 τοῖς
2782 3658 3238 3728 συγγράμμασιν,
3303 3656 3743 3724 ἀντεισενεγκεῑν

2147 3747 2212 3807 δὲ’
2281 3753 2489 3807 τούτων
2552 3753 2619 3805 τὰ
2667 3751 3007 3822 κρείττονα,
3101 3749 3150 3801 oi
3239 3748 3338 3815 μὲν
3425 3747 3493 3800 δι’
3571 3749 3738 3800 ὗκνον

2145 3846 2344 3918 ψυχῆς,
2421 3847 2469 3900 οἱ
2546 3845 2609 3898 δὲ
2667 3843 2745 3908 ώς
2805 3841 3138 3896 τελεώτατον
3223 3840 3571 3911 σπούδασμα,
3639 3840 3740 3893 καὶ

2144 3933 2190 4008 ᾧ
2249 3940 2385 4011 μηδὲ
2444 3937 2560 4009 βίος
2605 3928 2686 3992 ἄν’
2729 3936 2850 4000 ὅλος
2899 3935 3096 4005 ἀνδρὸς
3155 3932 3534 4001 ἐξαρκέσειεν,
3611 3931 3740 3984 οὔτε

2149 4030 2494 4102 βουλομένοις
2540 4026 2771 4098 δύναμίς
2813 4043 2898 4088 τις
2927 4023 3160 4096 προσῆν,
3217 4023 3342 4076 οὔτε
3410 4022 3739 4092 δυναμένοις

2149 4121 2425 4192 βούλησις.
2467 4118 2610 4172 Ἀλλ’
2643 4118 2764 4188 οὐχὶ
2787 4117 2881 4170 καὶ
2905 4119 2933 4170 ὁ
2981 4115 3285 4186 θαυμάσιος
3325 4113 3548 4186 Συμεὼν
3601 4132 3739 4167 ταυ-

2147 4213 2238 4266 τδν
2268 4211 2556 4266 ἐπεπόνθει
2582 4203 2793 4274 τούτοις
2817 4224 2832 4240 ο
2891 4207 3029 4262 ἀλλά
3066 4207 3230 4279 μέχρι
3273 4205 3368 4260 τοῦ
3408 4207 3734 4278 μέμψασθαι

2146 4307 2263 4369 τοῖς
2325 4305 2738 4377 γεγραμμένοις
2787 4299 3112 4373 συμπροῖὼν
3153 4301 3363 4364 αὐτοῖς,
3415 4300 3609 4355 ἔπειτα
3636 4318 3739 4354 πε-

2152 4399 2387 4472 ραιτέρω
2422 4397 2753 4468 προϐέϐηκε,
2776 4382 2871 4450 καὶ
2894 4397 3090 4466 θαρρεῖ
3111 4413 3166 4450 τι
3202 4397 3435 4475 πρᾶγμα
3463 4395 3738 4462 νεανικὸν,

2151 4489 2353 4560 μᾶλλον
2416 4489 2474 4542 δὲ
2525 4486 2727 4558 εὐτυχῆ
2777 4485 2998 4559 πρᾶξιν,
3059 4485 3128 4556 ἣν
3185 4485 3360 4549 οὐδεὶς
3387 4485 3496 4538 τῶν
3519 4485 3739 4538 πάντων

458 4589 774 4662 aggreditur
811 4586 1058 4654 ,facinus,
1112 4588 1195 4643 vel
1251 4586 1465 4640 felicem
1517 4587 1697 4656 potius
1747 4587 2040 4654 actionem,

2157 4579 2508 4651 εὑτετύχηκε,
2543 4579 2610 4632 δι’
2653 4573 2722 4650 ἦς
2771 4577 2980 4642 ἐκεῖνός
3021 4594 3083 4631 τε
3125 4577 3588 4649 περιφανέστερος
3627 4578 3739 4631 τῶν

456 4693 623 4749 quam
659 4678 844 4733 nullus
877 4672 1122 4733 omnium
1146 4677 1312 4748 gessit
1337 4675 1592 4742 feliciter,
1637 4693 1735 4747 per
1761 4693 1921 4748 quam
1954 4679 2045 4734 ille

457 4769 636 4826 evasit
665 4769 866 4826 clarior
900 4769 1190 4836 omnibus,
1222 4769 1314 4840 qui
1367 4777 1497 4823 sunt
1537 4769 1741 4840 ubique
1780 4770 2043 4838 eruditis;

457 4870 515 4918 et
537 4862 649 4918 Deo
686 4861 1033 4918 consecravit
1059 4877 1147 4928 ea,
1173 4876 1294 4931 qua:
1329 4867 1460 4915 sunt
1508 4861 1755 4915 omnium
1792 4861 2050 4930 pulclierv

457 4954 597 5011 rima
623 4971 638 5010 :
663 4965 1074 5026 martyrumque
1102 4953 1404 5010 certamina
1432 4965 1488 5008 et
1519 4967 1739 5020 cursus,
1771 4961 1827 5008 et
1854 4968 2048 5009 mona-

457 5045 688 5102 chorum
725 5044 1111 5115 abstinentiam
1155 5051 1320 5114 atque
1365 5041 1686 5114 patientiam
1723 5042 1940 5098 ornavit
1982 5058 2047 5100 ac

459 5139 778 5205 declaravit,
807 5146 864 5194 et
895 5138 1166 5203 eamdem,
1201 5124 1364 5207 quam
1395 5135 1471 5191 illi
1500 5136 1768 5192 adhibens
1797 5137 2045 5194 benevo-

456 5233 704 5298 lentiam,
745 5235 946 5303 gratias
975 5229 1216 5285 vicissim
1248 5229 1458 5300 accepit
1499 5229 1568 5285 ab
1600 5229 1879 5285 omnibus.

527 5325 669 5391 Quid
707 5325 854 5379 enim
884 5318 1008 5394 quis
1051 5337 1175 5377 cum
1207 5321 1295 5378 tali
1321 5319 1620 5376 contulerit
1660 5323 1868 5392 opera?
1892 5321 2042 5390 Quas
2087 5345 2090 5348 λ

456 5415 774 5470 Graecorum
800 5414 1180 5484 antiquitates,
1209 5422 1304 5466 aut
1326 5420 1487 5467 terrae
1515 5412 1771 5468 universa
1795 5412 2044 5470 dimensa

456 5507 670 5574 spatia?
699 5505 914 5572 Quanta
950 5505 1154 5570 Persis,
1202 5506 1420 5576 illisque
1450 5506 1825 5576 superioribus
1872 5505 2044 5578 Baby-

457 5597 622 5651 loniis
673 5598 932 5667 praeclare
989 5599 1188 5668 gesta?
1234 5602 1439 5671 quanta
1496 5607 1686 5667 postea
1733 5598 2044 5655 AleXandro

463 5682 816 5745 Macedonum
847 5693 1145 5748 fortissimo
1167 5703 1386 5764 peracta
1417 5691 1756 5748 certamina?
1796 5691 1933 5746 Nam
1958 5691 2044 5747 liis

458 5797 681 5852 quoque
726 5785 1012 5840 ambitioso
1040 5788 1187 5840 cultu
1235 5796 1540 5857 ornatuque
1594 5784 1884 5855 magnifico
1915 5799 2039 5838 cum

461 5873 754 5930 verborum
786 5876 970 5948 lepore
987 5878 1234 5948 produxit
1267 5879 1591 5950 scriptorum
1638 5877 1922 5938 industria.
1961 5877 2040 5932 Eo

2152 4671 2441 4743 ἅπανταχῆ
2478 4672 2786 4742 ἐλλογίμων
2817 4671 3057 4741 ἐγένετο,
3086 4671 3180 4724 καὶ
3223 4669 3303 4741 τῷ
3347 4687 3409 4723 τε
3467 4670 3588 4739 Θεῴ
3667 4671 3740 4724 τά

2151 4765 2417 4820 κάλλιστα
2461 4765 2571 4818 τῶν
2633 4765 2805 4818 ὄντων
2880 4759 3267 4832 ἀφωσιώσατο,
3312 4761 3408 4814 καὶ
3455 4748 3586 4824 τοὺς
3628 4761 3740 4814 τῶν

2152 4858 2448 4930 μαρτύρων
2477 4857 2696 4928 ἀγῶνας
2716 4856 2813 4910 καὶ
2850 4854 3106 4926 δρόμους,
3128 4855 3227 4918 τάς
3260 4871 3318 4907 τε
3342 4853 3452 4907 τῶν
3482 4854 3740 4924 ἀσκητῶν

2148 4951 2476 5023 ἐγκρατείας
2525 4949 2620 5005 καὶ
2675 4947 2973 5020 καρτερίας
3006 4941 3268 5002 ἐκάλλυνέ
3327 4964 3387 5000 τε
3437 4949 3554 5016 καὶ,
3601 4965 3738 5001 κατ-

2151 5045 2454 5117 εκόσμησε,
2481 5046 2575 5098 καὶ
2601 5043 2700 5114 τὴν
2739 5042 2909 5113 αὐτὴν
2960 5039 3189 5104 ἐκείνοις
3216 5039 3608 5113 προσενεγκὼν
3642 5039 3738 5094 εὕ-

2147 5137 2430 5206 νοιαν,τάς
2463 5136 2616 5208 παρά
2646 5135 2864 5189 πάντων
2886 5132 3178 5205 ἀντείληφε
3198 5133 3450 5205 χάριτας.

2218 5321 2330 5374 Και
2360 5334 2413 5372 τι
2441 5317 2551 5388 γάρ
2574 5317 2638 5370 ἄν
2669 5333 2749 5380 τις
2783 5315 2861 5388 τῷ
2891 5316 3122 5386 τοιούτῳ
3151 5275 3455 5387 παραϐάλοι
3493 5315 3736 5369 σπουδά-

2098 5422 2116 5436 ⁹
2149 5428 2356 5484 σματι;
2391 5411 2552 5463 ποίαν
2587 5404 2973 5481 ἀρχαιολογίαν
3031 5407 3374 5478 Ἑλληνικὴν,
3407 5407 3440 5479 ἢ
3484 5408 3736 5480 καταμέ-

2145 5521 2341 5578 τρησιν
2366 5503 2465 5574 τῆς
2483 5502 2779 5572 συμπάσης
2808 5501 2910 5572 γῆ;
2942 5519 2957 5568 ;
2989 5500 3084 5554 καὶ
3111 5500 3300 5554 ὁπόσα
3323 5500 3586 5570 Πέρσαις,
3616 5500 3720 5555 καὶ⁸

2149 5599 2255 5671 πρὸ
2289 5596 2516 5652 ἐκείνων
2551 5594 2918 5658 Βαϐυλωνίοις
2962 5591 3342 5663 κατώρθωται,
3372 5593 3471 5648 ὅσα
3493 5611 3552 5647 τε
3588 5595 3730 5664 μετά

2146 5687 2320 5742 ταῦτα
2407 5683 2746 5756 Ἀλεξάνδρῳ
2798 5682 2877 5755 τῷ
2931 5681 3270 5736 ’Μακεδόνων
3325 5682 3736 5754 ἀνδρικώτερον

2147 5779 2535 5852 διηγώνισταις
2573 5779 2727 5847 Ἔχει
2793 5779 2890 5846 μὲν
2935 5775 3025 5828 καὶ
3091 5775 3262 5830 ταῦτα
3319 5777 3576 5849 φιλότιμα
3641 5777 3738 5830 καὶ

2148 5873 2408 5931 κάλλιστα
2457 5873 2570 5937 τοῖς
2626 5870 2762 5941 μετᾶ
2824 5869 3175 5941 καλλιλογίας
3233 5871 3572 5926 ἑκτεθεικόπι
3633 5870 3733 5933 τὰς
