4156 6446
550 377 662 441 203

2029 376 2296 438 PSELLI

3700 375 3812 437 Εἶοι

618 487 911 559 Sapientia:
969 487 1170 543 dirinte
1221 496 1431 542 amator
1487 502 1518 541 a
1582 485 1788 542 teneris
1818 487 2116 559 unguiculis

2306 486 2503 555 Σοφίκς
2531 487 2677 551 θείας
2705 486 2961 558 εραστὴς,
2993 487 3216 542 ἁπαλῶν
3240 486 3294 553 ἐξ
3317 486 3523 557 ὀνύχων
3545 490 3811 558 γεγονὼς,

542 582 745 646 factus,
770 580 1122 649 diviniloque,
1141 594 1260 634 eam
1284 578 1624 649 amplexatus
1646 594 1725 643 es,
1747 587 1801 632 et
1826 579 2124 649 gratiarum

549 673 720 744 ipsius
751 687 967 737 corona,
1001 687 1033 725 0
1063 672 1239 737 beate,
1279 682 1575 727 exornatus
1592 687 1672 728 es.

618 764 753 820 Cum
803 764 1007 819 terreni
1063 773 1290 820 senatus
1319 764 1675 835 dignitatibus
1730 765 2126 821 condeceratus

544 855 769 920 fuisses,
822 855 986 910 veluti
1038 855 1121 911 vir
1153 856 1518 922 consiliarius,
1555 858 1680 912 vitae
1719 857 1982 914 ducendae
2030 874 2123 912 ra-

547 948 752 1002 tionem
781 947 834 1001 in
869 947 1011 1003 coelo
1041 948 1393 1018 acquisieras,
1425 957 1480 1003 et
1509 962 1812 1018 supernum
1870 958 2123 1004 senatum

547 1038 837 1095 decorasti.

619 1131 842 1188 Partum
899 1148 1064 1205 super
1098 1144 1347 1190 naturam
1393 1133 1912 1193 immaculatissimte
1941 1133 2120 1205 Virgi-

548 1231 635 1283 nis
664 1245 787 1283 cum
817 1231 1209 1301 comprehendi
1238 1246 1345 1285 non
1391 1246 1551 1301 posse
1573 1231 1735 1310 sciret
1780 1231 1999 1310 sapiens
2036 1230 2119 1287 lo-

548 1322 788 1406 gntheta,
836 1324 1065 1397 angelos
1112 1333 1165 1377 et
1195 1322 1447 1379 homines
1486 1306 1727 1388 instruit,
1758 1306 1819 1377 ut
1848 1321 1954 1379 ﬁde
2008 1321 2121 1377 sola

550 1417 925 1471 venerentur.“

864 1527 977 1584 Ode
1002 1528 1055 1582 4.
1084 1527 1339 1595 Χριστός
1369 1543 1490 1596 μου
1524 1525 1796 1596 ὃυναμις.

610 1641 867 1698 Omnium
888 1641 1175 1705 Dominus,
1207 1648 1264 1695 et
1291 1638 1536 1695 omnium
1556 1655 1719 1695 causa
1743 1641 2033 1704 bonorum,
2053 1655 2120 1696 ex

538 1734 797 1789 omnibus
831 1740 883 1788 te
912 1732 1242 1802 sapientem,
1275 1731 1455 1796 beate,
1487 1731 1648 1804 elegit
1668 1732 1841 1787 servis
1862 1731 1974 1786 suis
1999 1732 2119 1787 lau-

540 1826 784 1879 datorem
809 1823 1208 1879 admirabilem.

611 1916 809 1972 Mentis
833 1915 1086 1970 acumine
1115 1922 1170 1970 et
1199 1913 1453 1985 puritate,
1482 1924 1538 1968 et
1570 1914 1695 1967 vita:
1730 1912 1995 1977 claritate,
2029 1914 2115 1967 in-

541 2007 853 2064 tellectuale
883 2015 937 2062 te
968 2006 1156 2060 lumen
1190 2006 1493 2070 exornavit,
1521 2016 1573 2060 et
1600 2020 1913 2061 sermonum
1942 2021 2116 2061 venu-

539 2098 775 2154 statibus
801 2096 942 2157 Deus
972 2098 1371 2155 condecoravit.

619 2188 1020 2258 Scriptionibus
1061 2187 1264 2243 divinis
1308 2204 1529 2259 operam
1576 2188 1761 2252 dabas,
1812 2201 2023 2254 sancte,
2062 2198 2117 2244 et

541 2288 859 2336 sanctorum
891 2279 1040 2335 Vitas
1066 2280 1400 2352 investigans
1433 2291 1488 2336 et
1523 2294 1890 2352 perscrutans,
1922 2282 2117 2336 horum

545 2379 819 2426 tormenta
843 2377 897 2426 et
920 2371 1248 2437 certamina,
1282 2370 1581 2427 extollebas
1610 2372 1784 2428 doctis
1806 2372 1913 2427 tuis
1940 2382 2117 2429 mcta-

546 2461 859 2533 phrasibus.

612 2551 901 2607 Oratorum
931 2566 1026 2605 ora
1058 2549 1204 2605 tubis
1220 2552 1466 2607 suaviora
1498 2554 1636 2608 mela
1654 2555 1928 2621 canentia,
1959 2554 2120 2624 digne

541 2642 872 2707 collaudare,
888 2642 1250 2710 immaculata,
1275 2652 1325 2698 te
1348 2643 1437 2699 Dei
1463 2655 1703 2701 montem
1722 2647 2116 2715 inumbratum,

541 2743 842 2806 nequeunt.

775 2861 890 2919 Ode
924 2862 977 2918 5.
1019 2861 1105 2929 Τῷ
1143 2864 1278 2926 θείῳ
1299 2864 1499 2934 φέγγει
1526 2882 1666 2931 σου,
1690 2865 1904 2934 ἀγαθή.

611 2972 854 3029 Orientis
913 2970 1028 3038 Sol,
1076 2971 1332 3037 Christe,
1386 2972 1635 3042 justitiaz.
1700 2974 2008 3028 animarum
2062 2973 2119 3028 il-

537 3063 826 3119 luminatio
858 3063 1281 3118 collaudantium
1321 3073 1392 3127 te,
1452 3063 1529 3118 tui
1582 3062 1962 3133 Metaphrastze
1991 3080 2118 3135 pre—

2228 578 2569 649 θεορρήμων,
2602 579 2977 649 περιεπλάκης
3006 580 3199 650 αὐτὴν,
3259 580 3354 633 καὶ
3400 579 3509 632 τῶν
3566 582 3812 650 χαρίτων

2226 669 2394 736 αὐτῆς
2417 667 2495 739 τῷ
2527 670 2797 738 στεφάνῳ,
2834 669 3041 740 μάκαρ,
3073 670 3475 739 ἐστεφάνωται.

2310 760 2706 831 Ἐνδιαπρέψας
2756 763 2813 813 ἐν
2859 761 3055 833 ἀρχαῖς
3106 764 3227 826 ταῖς
3257 767 3355 833 τῆς
3379 762 3530 817 κάτω
3563 764 3808 836 συγκλή·

2223 871 2341 920 του,
2380 853 2456 919 ὡς
2484 854 2621 925 ἀνὴρ
2652 854 3015 925 βουληφόρος,
3068 856 3130 911 τὸ
3174 856 3475 926 πολίτευμα
3503 856 3565 911 τὸ
3595 858 3687 910 σὸν
3714 859 3816 911 ὲκ-

2224 948 2374 1017 τήσω
2402 948 2460 1000 ἐν
2494 947 2764 1015 οὐρανοῖς,
2803 951 2894 1003 καὶ
2927 949 3023 1020 τὴν
3066 950 3180 1005 ἀνω
3230 948 3536 1019 σύγκλητον
3570 950 3816 1021 ἐκόσμη-

2225 1056 2343 1103 σας.

2295 1131 2398 1183 Τὸν
2436 1132 2575 1204 ὑπὲρ
2604 1133 2766 1200 φύσιν
2793 1132 3015 1186 τοκετὸν
3044 1133 3144 1203 τῆς
3186 1133 3461 1202 πανάγνου
3503 1135 3812 1208 Παρθένου,

2224 1222 2252 1273 ὁ
2282 1222 2443 1290 σοφὸς
2485 1222 2776 1295 λογοθέτης
2808 1224 3203 1294 ἀκατάληπτον
3249 1227 3425 1292 εἰδὼς,
3456 1229 3707 1297 ἀγγέλοις
3745 1247 3814 1283 τι

2223 1313 2319 1365 καὶ
2347 1313 2557 1385 βροτοῖς
2591 1316 2919 1381 ἐκδιδάσκει,
2955 1316 3135 1370 πίστει
3176 1319 3315 1392 μόνῃ
3351 1319 3624 1375 σέϐεσθαι.

2536 1515 2659 1588 ᾮδὴ
2681 1516 2743 1574 δ’.
2778 1518 3035 1585 Χριστός
3056 1536 3178 1588 μου
3207 1517 3482 1589 δύναμις.

2306 1628 2365 1684 Ὀ
2399 1630 2619 1685 πάντων
2641 1629 2868 1704 Κύριος,
2894 1633 2988 1686 καὶ
3014 1632 3233 1687 πάντων
3265 1634 3437 1696 αἴτιος
3466 1633 3573 1687 τῶν
3597 1635 3817 1701 καλῶν,

2225 1721 2285 1789 ἐξ
2328 1722 2586 1777 ἁπάντων
2645 1739 2704 1775 σε
2751 1724 2840 1775 τὸν
2885 1724 3069 1793 σοφὸν,
3125 1726 3332 1795 μάκαρ,
3367 1724 3665 1790 ἐξελέξατο,
3693 1727 3815 1779 τῶν

2150 1834 2192 1889 Β
2224 1813 2574 1885 θεραπόντων
2618 1814 2729 1866 τῶν
2764 1813 2826 1878 ἐξ
2861 1813 3049 1878 αὑτοῦ,
3090 1815 3385 1885 ἐπαινέτην
3447 1814 3809 1883 ἀξιάγαστον.

2289 1904 2429 1967 Νοὸς
2479 1903 2699 1970 ὀξύτητι
2759 1906 2853 1958 καὶ
2905 1904 3260 1975 καθαρότητι,
3322 1906 3416 1959 καὶ
3456 1906 3812 1979 λαμπρότητι

2221 1993 2362 2064 βίου,
2395 1995 2455 2048 τὸ
2481 1996 2666 2066 νοερόν
2700 2012 2761 2048 σε
2790 1995 2905 2064 φῶς
2929 1994 3267 2066 καθωρὰῖσε,
3300 1996 3394 2049 καὶ
3429 2001 3547 2060 ταῖς
3577 1996 3683 2053 τῶν
3715 2000 3816 2051 λόο

2220 2105 2334 2157 γων
2363 2087 2647 2152 καλλοναῖς
2694 2090 2723 2142 ὀ
2746 2088 2877 2152 Θεός
2909 2106 2968 2141 σε
3000 2090 3352 2158 ἐχαρίτωσεν.

2290 2179 2534 2249 Γραφαῖς
2569 2178 2856 2251 ἑσχόλαξες
2902 2181 3021 2242 ταῖς
3076 2178 3272 2243 θείαις,
3308 2181 3442 2245 ὃσιε,
3489 2182 3583 2235 καὶ
3628 2181 3817 2251 ἁγίων

2218 2270 2345 2335 τοὺς
2373 2271 2531 2333 Βίους
2556 2270 2874 2340 ίχνηλατῶν,
2906 2270 3111 2325 τούτων
3138 2270 3208 2324 τὰ
3234 2271 3534 2343 παθήματα
3556 2277 3650 2329 καὶ
3672 2275 3815 2340 τοὺς

2219 2363 2439 2432 ἀγῶνας
2472 2363 2745 2432 ὲξύμνεις,
2778 2367 2897 2426 ταῖς
2918 2366 3107 2432 σοφαῖς
3140 2380 3233 2418 σου
3259 2369 3692 2437 μεταφρὰσεσιν.

2303 2551 2579 2622 Ῥητόρων
2611 2550 2876 2621 στόματα,
2909 2550 3230 2619 σαλπίγγων
3252 2552 3447 2623 ᾅδοντα
3464 2552 3817 2623 εύηχέστερσ.

2221 2642 2383 2714 μέλη,
2407 2644 2613 2710 ἀνευφη
2622 2643 2744 2710 μεῖν
2772 2639 3035 2706 ἐπαξίως,
3062 2640 3319 2712 ἄχραντε,
3353 2641 3671 2696 ἀδυνατοῦσι
3705 2643 3813 2695 τοῦ

2221 2735 2357 2789 Θεοῦ
2396 2752 2453 2788 σε
2482 2736 2605 2806 ὅρος
2636 2733 2698 2787 τὸ
2724 2734 3043 2790 κατάσκιον.

2428 2858 2550 2931 ᾩδὴ
2583 2856 2645 2912 ε’.
2688 2856 2773 2924 Τῷ
2800 2858 2937 2925 θείῳ
2961 2858 3165 2929 φέγγει
3193 2876 3333 2927 σου,
3360 2859 3555 2930 ἀγαθή

2311 2975 2600 3045 Ἀνατολῆς
2639 2974 2822 3043 Ἥλιε,
2855 2975 3084 3046 Χριστὶ,
3132 2975 3235 3046 τῆς
3275 2974 3644 3046 δικαιοσύνης,
3690 2977 3812 3032 τῶν

2220 3067 2410 3138 ψυχῶν
2441 3071 2468 3123 ὁ
2495 3068 2776 3138 φωτισμὸς
2805 3067 2913 3120 τῶν
2939 3066 3255 3139 ὑμνούντων
3285 3084 3366 3131 σε,
3390 3067 3484 3121 τοῦ
3505 3070 3816 3141 Μεταφρι-

533 3155 738 3223 cibus,
793 3154 1080 3227 caliginem
1133 3155 1329 3209 animae
1389 3154 1626 3210 dissolve
1684 3155 1850 3211 veluti
1902 3156 2116 3211 miseri-

2224 3160 2349 3214 στοῦ
2392 3178 2485 3215 σου
2527 3163 2648 3224 ταῖς
2697 3161 3098 3231 παρακλήσεσι,
3136 3159 3226 3215 τὸν
3276 3160 3438 3230 ζόφον
3475 3163 3573 3232 τῆς
3619 3160 3815 3232 ψυχῆς

532 3261 685 3302 COI‘S.

606 3338 820 3393 Animae
871 3338 1178 3408 proﬁcuos,
1225 3338 1499 3409 jucundos
1551 3347 1603 3393 et
1663 3339 1929 3395 salutares
1981 3339 2115 3394 iide-

534 3432 680 3488 iibus
706 3446 1009 3495 sermones,
1040 3432 1222 3487 divina
1258 3439 1439 3486 mente
1469 3430 1715 3501 praedite,
1752 3429 2115 3497 concinnasti,

534 3525 604 3579 ad
659 3523 1034 3578 fortitudinem
1090 3524 1527 3585 incitamentum,
1576 3531 1630 3576 et
1674 3521 1890 3576 virtutis
1944 3538 2116 3575 aemu-

535 3616 815 3679 lationem,
868 3630 1058 3670 eorum
1120 3615 1213 3684 qui
1262 3614 1432 3684 probe
1472 3614 1725 3670 vixerunt
1777 3624 2116 3669 commenta~

539 3707 641 3762 ria.

605 3889 916 3960 Templum,
968 3897 1023 3943 et
1060 3888 1308 3954 thronus,
1338 3895 1392 3942 et
1456 3900 1585 3940 arca
1615 3885 1861 3941 omnium
1893 3885 2035 3956 regis
2061 3894 2116 3940 et

536 3984 632 4038 Dei
687 3993 743 4038 tu
821 3998 902 4045 es,
954 3983 1324 4039 laudatissima
1390 3982 1640 4047 Domina,
1697 3982 1811 4036 sola
1861 3981 2111 4051 Deipara,

539 4074 708 4127 nostri
748 4072 1207 4142 prepitiatorium,
1259 4072 1356 4142 qui
1394 4072 1496 4126 sub
1532 4079 1677 4124 tuam
1705 4070 1952 4125 umbram
1980 4085 2115 4125 con—

534 4164 796 4235 fugimus.

799 4294 914 4348 Ode
936 4292 990 4348 6.
1032 4292 1144 4346 Τοῦ
1178 4292 1323 4357 ,βίου
1351 4290 1466 4358 τὴν
1495 4289 1835 4346 θάλασσαν.

607 4403 790 4458 Prima
839 4412 929 4457 tua
988 4403 1378 4458 commentatio
1426 4417 1490 4458 ex
1540 4402 1723 4457 divina
1773 4402 2113 4472 providentia

2226 3271 2329 3324 μου
2366 3252 2548 3319 λῦσον,
2581 3253 2656 3316 ὡς
2690 3252 3087 3323 εῦσπλαγχνος.

2293 3342 2646 3414 Ψυχωφελεϊς
2680 3344 2777 3397 κα)⁸
2803 3345 3174 3415 σωτηριώδεις
3198 3347 3309 3408 τοῖς
3342 3347 3553 3410 πιστοῖς
3584 3345 3809 3415 λόγους,

2220 3435 2470 3505 θεόφρον,
2507 3436 2877 3501 συντέθεικας,
2907 3435 3070 3505 ζῆλον
3097 3438 3232 3507 πρὸς
3266 3437 3521 3508 ἀνδρείαν
3543 3455 3557 3472 ·
3594 3440 3814 3512 ἀρετῆς

2224 3529 2476 3598 μὶμησιν,
2508 3530 2616 3583 τῶν
2638 3528 2696 3581 εῦ
2734 3528 3077 3599 βεόιωκότων
3107 3531 3173 3584 τὰ
3196 3531 3585 3601 ὑπομνήματα.

2295 3882 2464 3948 Ναὺς,
2502 3886 2593 3937 καὶ
2628 3885 2839 3955 θρόνος,
2872 3887 2966 3939 καὶ
2996 3886 3248 3949 κιϐωτὸς,
3279 3885 3375 3939 τοῦ
3406 3887 3813 3959 παμϐασιλέως

2217 3977 2313 4030 καὶ
2333 3975 2491 4042 Θεοῦ,
2518 3978 2581 4030 σὺ
2606 3974 2675 4044 εἷ,
2710 3976 3029 4048 πανύμνητε
3062 3976 3355 4041 Δέσποινα,
3386 3979 3522 4050 μόνη
3540 3978 3807 4046 Θεοτόκε,

2215 4069 2278 4122 τὸ
2325 4070 2637 4140 ἱλαστήριον
2686 4070 2865 4140 ἡμῶν,
2902 4069 3011 4123 τῶν
3056 4070 3516 4141 προσφευγόντων
3560 4070 3664 4124 ὑπὸ
3697 4072 3811 4142 τὴν

2217 4160 2428 4231 σκέπην
2462 4178 2576 4215 σου.

2484 4291 2605 4361 ᾮδὴ
2631 4289 2704 4355 ς’.
2742 4290 2849 4344 Τοῦ
2874 4292 3020 4356 βίου
3049 4289 3166 4360 τὴν
3202 4291 3546 4351 Ott/turmam

2286 4407 2363 4461 Τὸ
2408 4406 2629 4477 πρῶτόν
2676 4423 2769 4460 σου
2818 4406 3180 4476 σύγγραμμα,
3206 4407 3271 4460 ὲκ
3293 4408 3554 4478 προνοίας
3581 4407 3807 4478 θιεῖκῆς⁸

534 4507 590 4551 et
647 4496 920 4566 colloquio
963 4494 1107 4550 facta
1154 4504 1235 4550 est
1282 4495 1420 4550 sacri
1472 4498 1617 4551 senis
1667 4496 2111 4569 etanachoretze,

2224 4502 2316 4556 καὶ
2360 4499 2575 4569 ὁμιλίας
2603 4499 2793 4566 γέγονε
2826 4496 2921 4550 τοῦ
2962 4496 3112 4567 ἱεροῦ
3162 4496 3474 4569 πρεσϐύτου
3509 4498 3603 4556 καὶ
3631 4515 3810 4569 μονα-

535 4592 769 4665 Symeon
827 4587 1182 4656 admirabilis,
1236 4604 1399 4659 quem
1457 4590 1514 4644 in
1564 4589 1702 4653 Paro
1756 4591 1934 4659 insula
1982 4606 2114 4659 con-

535 4682 784 4754 spexisti.

608 4775 711 4829 Pro
748 4773 1012 4846 dignitate
1033 4771 1268 4827 laudasti
1307 4772 1517 4850 Lesbia:
1567 4773 1797 4829 illustria
1837 4782 1893 4828 et
1929 4774 2112 4829 divina

532 4867 851 4935 certamina,
882 4882 1014 4923 vere
1047 4865 1395 4931 Theoctistas,
1437 4881 1469 4923 a
1523 4869 1632 4933 Deo
1660 4866 1956 4935 fabricatae,
1991 4883 2111 4935 quae

529 4960 855 5033 angelicam,
893 4968 949 5017 et
994 4967 1209 5027 tantum
1260 4975 1372 5015 non
1435 4960 1817 5030 incorpoream
1879 4958 2111 5015 absolvit

531 5055 808 5125 sapienter
836 5053 961 5110 vitae
987 5055 1279 5110 rationem.

599 5144 952 5212 Abseondita,
1006 5145 1256 5211 Domine,
1291 5155 1347 5199 et
1397 5144 1608 5201 occulta
1662 5160 1820 5199 servo
1882 5154 1975 5198 tuo
2022 5160 2109 5199 re-

529 5236 720 5293 velasti
762 5244 869 5305 tute
891 5233 1196 5309 sapientiae,
1219 5234 1632 5289 miserationth
1654 5233 1905 5305 abyssum
1928 5243 2125 5297 esten:

529 5333 665 5384 tiens
723 5335 848 5405 tuas
899 5325 1322 5401 misericordias,
1370 5340 1425 5381 et
1472 5325 1780 5398 gloriﬁcaus
1824 5334 1875 5381 te
1905 5326 2127 5397 εισι-Μὴ

533 5428 741 5475 cantes.
1990 5477 2001 5485 .
2085 5476 2094 5483 .

600 5511 785 5579 Eripe-
817 5523 939 5576 me,
998 5508 1247 5575 Domine,
1308 5524 1375 5564 ex
1424 5507 1796 5579 profunditate
1844 5508 2111 5564 malorum

530 5600 785 5667 precibus
816 5609 924 5654 tuae
952 5596 1269 5665 Genitricis,
1302 5607 1357 5653 et
1378 5600 1572 5661 sancti,
1605 5596 1849 5664 Domine,
1881 5596 2110 5669 Symeo-

533 5691 640 5756 nis,
663 5692 753 5759 qui
784 5700 835 5747 te
873 5701 924 5747 et
964 5691 1075 5747 vita
1103 5701 1156 5747 et
1182 5707 1435 5750 sermone
1461 5691 1649 5759 coluit,
1681 5691 1910 5747 multum
1947 5692 2112 5748 mise-

536 5796 734 5841 τιεονε.

2220 4594 2368 4659 στοῦ,
2407 4588 2631 4663 Συμεὼν
2658 4589 2934 4659 θεσπέσιε,
2961 4589 3021 4643 ὃν
3051 4590 3108 4643 ὲν
3130 4589 3299 4660 Πάρῳ
3321 4590 3388 4660 τῇ
3418 4591 3570 4661 νήσῳ
3597 4589 3807 4643 τεθεώ-

2218 4702 2416 4757 ρηκας.
2650 4728 2657 4735 .

2300 4776 2489 4841 ’Λξίως
2536 4775 2849 4847 ἐεύμνησας
2881 4774 3009 4844 ίτῆς
3054 4771 3292 4836 Λεσϐίας
3325 4773 3393 4827 τὰ
3425 4771 3656 4844 λαμπρὰ
3701 4775 3807 4827 xat‘t

2216 4865 2334 4919 θεῖα
2368 4867 2748 4936 ἀγωνίσματα,
2794 4864 3123 4934 Θεοκτίστης
3157 4864 3254 4934 τῆς
3282 4864 3453 4927 ὅντως
3484 4863 3803 4933 ἁγγελικὺν,

2217 4958 2418 5030 μικροῦ
2450 4959 2546 5015 καὶ
2576 4958 2894 5029 ἀσώματον,
2923 4955 3222 5027 τελεσάσης
3257 4957 3551 5027 πανσόφους
3586 4955 3648 5010 τὸ
3694 4972 3802 5009 πο-

2212 5050 2463 5119 λίτευμα.

2283 5142 2365 5198 Τὰ
2394 5139 2588 5212 ἄδηλα,
2626 5139 2820 5207 Κύριε,
2848 5140 2939 5195 καὶ
2966 5139 3039 5193 (τὰ
3066 5138 3279 5211 κρύφια
3301 5138 3379 5209 τῷ
3409 5137 3483 5208 σῷ
3501 5136 3801 5207 θεράποντι

2212 5234 2507 5305 ἐδήλωσας,
2539 5232 2637 5301 τῆς
2669 5231 2769 5302 σῆς
2804 5232 2997 5301 σοφίας
3047 5231 3283 5286 ᾰὸυσσον
3322 5228 3649 5300 οἰκτιρμῶν,
3685 5227 3799 5280 δει-

2212 5327 2343 5388 κνὺς
2377 5324 2444 5377 τὰ
2475 5324 2600 5392 ὲλέη
2628 5340 2744 5395 σου,
2795 5326 2888 5377 καὶ
2918 5322 3161 5391 δοξάζων
3190 5322 3316 5386 τοὺς
3347 5320 3532 5375 πίστει
3559 5335 3618 5373 σε
3644 5318 3803 5383 δοξάι-

2212 5415 2427 5480 ζοντας.

2303 5508 2538 5563 Ἀνάστα
2575 5522 2660 5574 γε,
2703 5504 2900 5576 Κύριε,
2954 5506 3020 5558 ἐκ
3068 5502 3234 5573 βυθοῦ
3288 5519 3355 5573 με
3410 5500 3519 5556 τῶν
3584 5501 3794 5567 κακῶν,

2214 5586 2656 5668 πρεσϐείαιέτῆς
2673 5596 2941 5666 τεκούσης
2968 5612 3048 5661 σε,
3081 5595 3175 5647 καὶ
3199 5594 3293 5647 τοῦ
3316 5592 3489 5658 ὁσίου,
3522 5592 3793 5658 Δέσποτα,

2213 5689 2461 5760 Συμεὼν,
2488 5688 2579 5742 τοῦ
2616 5688 2672 5744 σὲ
2705 5688 3172 5761 θεραπεύσαντος,
3207 5685 3293 5741 διὰ
3336 5684 3453 5755 βίου
3485 5685 3577 5738 καὶ
3607 5684 3795 5752 λόγου,

2215 5780 2494 5836 πολυέλεε.
