4156 6440
400 364 508 428 207

1423 360 1685 421 PSELLI
1723 358 2299 421 METAPHRA'STJ'I
2333 361 2722 424 OFFICIUM.

3577 368 3686 431 2-38

403 484 586 537 anima
622 488 714 534 tua
767 490 920 533 sacra
974 473 1358 537 habitationes,
1405 473 1731 544 gaudentem
1782 473 1988 528 vultum

2105 488 2221 540 σου,
2255 473 2502 545 θεοφόρε,
2557 474 2916 547 σκηνώματα,
2982 480 3373 552 ἀγαλλόμενον.
3425 480 3550 556 Εἶχε
3625 489 3688 544 τὸ

398 574 649 647 gerebat,
695 571 888 626 videns
919 581 1136 625 sanctos
1172 581 1279 622 una
1334 580 1520 621 secum
1562 565 1992 637 congaudentes,

397 676 459 720 et
484 665 551 720 ad
575 676 871 735 supernam
903 661 1070 719 vitam
1107 656 1546 714 transmittentes

474 848 613 903 Ecce
647 845 761 916 jam
784 843 1094 898 associatus
1128 854 1188 895 es
1211 850 1529 895 sanctorum
1556 838 1862 906 ordinibus,
1896 855 1991 911 pa-

399 941 789 1004 triarcharum,
821 944 1147 1006 martyrum,
1173 931 1569 1004 apostolorum,
1585 930 1987 997 eonfessorum,

400 1036 819 1106 prophetarum,
870 1030 1182 1093 doctorum,
1218 1035 1273 1082 et
1295 1023 1727 1090 hierarcbarum,
1759 1024 1989 1095 quibus-

400 1143 525 1182 cum
577 1126 809 1181 choreas
866 1121 1099 1187 dueens,
1144 1118 1483 1183 beatissime,
1544 1116 1834 1173 recordare
1889 1132 1988 1172 no-

401 1218 502 1274 stri
557 1216 706 1288 apud
748 1213 1064 1278 Dominum,
1129 1211 1223 1281 qui
1285 1219 1408 1264 tuas
1457 1209 1650 1264 laudes
1699 1209 1986 1280 prosequi-

399 1327 544 1367 mur.

474 1404 609 1459 Sion
643 1410 832 1458 sancta
862 1399 1050 1471 gratiis
1077 1411 1108 1451 a
1138 1396 1249 1451 Deo
1280 1394 1659 1459 condecorata,
1696 1393 1835 1467 urbs
1860 1390 1978 1459 Dei,

392 1500 723 1569 etundique
774 1493 1173 1553 communitum
1230 1488 1515 1562 palatium,
1569 1489 1812 1562 reginam
1862 1503 1983 1544 om-

397 1593 550 1646 nium
575 1588 793 1643 urbium
825 1584 929 1640 tibi
961 1583 1291 1646 devinctam,
1325 1595 1390 1636 ac
1442 1580 1694 1635 devotam
1724 1578 1980 1647 defende,

397 1681 775 1753 Metaphrastze
797 1677 989 1740 sacris.
1016 1691 1050 1732 ο
1073 1674 1275 1746 puella,
1299 1671 1728 1746 precationibus.

2101 565 2415 637 πρόσωπον,
2448 565 2724 637 βλέπουσα
2758 570 2887 634 τοὺς
2929 572 3124 641 ἁγίους
3166 574 3306 647 αὐτῇ
3362 580 3686 656 συγχαίρον-

2096 677 2216 724 τας,
2262 661 2357 714 καὶ
2403 660 2543 732 πρὸς
2599 661 2977 734 ύπερκόσμιον
3018 664 3166 736 ζωὴν
3190 666 3395 738 ταύτην
3430 670 3721 743 προπίμ-⁵

2101 769 2322 816 ποντας.

2177 843 2310 899 Ἰδοὺ
2341 844 2623 917 συνήφθης
2646 844 2819 917 ἁγίων
2838 848 3109 920 τάγμασι,
3133 853 3513 926 πατριαρχῶν,
3542 872 3687 928 μαρ-

2092 933 2295 1006 τύρων,
2330 935 2670 1004 ἀποστόλων,
2705 936 2872 992 ὁσίων
2929 956 3012 1007 τε,
3067 942 3365 1014 προφητῶν
3402 945 3499 1000 καὶ
3537 946 3685 1001 διδα-

2093 1026 2309 1082 σκάλων
2338 1027 2435 1082 καὶ
2468 1029 2766 1102 ίεραρχῶν,
2797 1026 2993 1105 οἷσπερ
3016 1033 3112 1088 καὶ
3166 1036 3539 1106 συγχορεύων,
3575 1055 3683 1107 μα-

2090 1121 2424 1192 καριώτατε,
2458 1123 2715 1193 μέμνησο
2747 1122 2888 1195 πρὸς
2916 1123 3123 1195 Κύριον
3155 1126 3316 1197 ἡμῶν
3359 1127 3470 1182 τῶν
3515 1128 3681 1201 εύφη-

2091 1214 2340 1284 μούντων
2363 1230 2446 1269 σε.

2157 1393 2297 1447 Σιὼν
2359 1393 2492 1477 ἁγία
2543 1393 2928 1466 θεοχαρίτωτε,
3002 1396 3157 1461 πόλις
3216 1395 3355 1451 Θεοῦ
3402 1398 3498 1453 καὶ
3547 1414 3682 1452 κατ-

2086 1485 2457 1555 ωχυρωμένον
2480 1478 2776 1553 παλάτιον,’
2798 1485 2898 1559 τὴν
2934 1486 3125 1541 πασῶν
3158 1486 3552 1558 βασιλεύουσαν
3580 1489 3683 1542 πό-

2085 1576 2245 1640 λεων,
2284 1578 2343 1630 ὲν
2392 1577 2476 1631 σοὶ
2515 1576 2889 1649 ἀνακειμένην
2947 1578 3153 1650 ταύτην
3201 1579 3528 1651 περίζωσαι,
3582 1579 3679 1635 τοῦ

2082 1668 2489 1741 Μεταφραστοῢ
2503 1672 2624 1735 ταῖς
2642 1671 2836 1744 ἱεραῖς,
2854 1669 3031 1742 Κόρη,
3047 1671 3321 1743 δεήσεσιν.

394 1788 475 1844 Ad
498 1786 733 1851 Laudes,
768 1783 942 1838 echus
979 1789 1232 1876 quartus:
1292 1778 1391 1843 Ὠς
1416 1777 1699 1848 γενναῖον
1730 1777 1801 1833 ἐν
1827 1777 1981 1849 μάρ-

2157 1777 2254 1841 Είς
2306 1777 2432 1841 τοὺς
2468 1776 2683 1844 Λῖνους,
2743 1772 2873 1864 ἦχος
3049 1777 3144 1845 Ὠς
3206 1779 3488 1849 γενναῖον
3538 1780 3608 1837 ἐν

1100 1864 1266 1907 τυσι.

464 1951 545 2005 Ex
581 1948 750 2006 nobili
769 1946 958 2003 radice
979 1955 1161 2001 ortum
1187 1942 1418 2010 duxisti,
1446 1957 1571 1998 rosa
1585 1941 1733 1997 omni
1748 1957 1811 1996 ex
1832 1949 1985 2011 parte

394 2040 724 2107 rubicunda,
756 2039 947 2112 gratiis
964 2035 1206 2108 Spiritus
1236 2037 1425 2102 tincta,
1454 2041 1510 2091 et
1535 2033 1723 2090 tideles
1741 2034 1986 2105 jucunde
2015 2110 2024 2122 l

392 2136 605 2191 donans
628 2131 890 2188 odoribus
933 2138 1150 2185 tuarum
1179 2129 1559 2200 scriptionum,
1592 2128 1983 2199 apostolorum,

395 2228 725 2285 athletarum
778 2235 836 2281 et
893 2223 1271 2281 confessorum
1333 2221 1634 2277 certamina
1681 2221 1981 2292 explicans,

392 2322 723 2393 quibuscum
807 2331 914 2372 una
996 2316 1295 2372 collocatus
1340 2357 1355 2381 ,
1429 2314 1612 2369 divina
1690 2314 1982 2379 revelans,

396 2412 655 2486 Symeon,
695 2409 1015 2467 deliciarum
1047 2408 1100 2463 in
1130 2406 1395 2480 gramine,
1420 2408 1567 2477 quod
1609 2404 1666 2458 in
1702 2419 1825 2461 rore
1876 2413 1981 2472 est,

394 2508 672 2563 habitans.

472 2597 542 2656 Ut
578 2598 876 2670 Scripturae
903 2596 1085 2652 verbis
1102 2605 1243 2663 utar,
1276 2594 1446 2651 ell'usa
1476 2604 1580 2660 est,
1623 2593 1857 2667 Symeon
1877 2637 1892 2661 ,
1926 2593 1981 2649 in

391 2692 554 2748 labiis
584 2692 689 2747 tuis
712 2688 951 2759 Spiritus
978 2689 1157 2746 sancti
1175 2689 1350 2761 gratia
1378 2686 1797 2743 inaestimabilis.
1832 2686 1984 2753 Qua-

392 2791 617 2852 propter
649 2794 796 2845 eum,
825 2777 916 2848 qui
943 2777 1145 2833 frustra
1175 2791 1298 2833 sese
1325 2775 1588 2848 jactabat,
1612 2775 1984 2832 concertatio-

392 2887 524 2926 num
584 2868 958 2939 complexibus
1015 2865 1327 2939 redargnes,
1388 2864 1615 2933 atteris;
1670 2866 1847 2923 factus
1903 2872 1986 2921 est

391 2964 537 3019 enim
563 2963 728 3018 veluti
756 2961 955 3032 stipula
982 2968 1109 3015 ante
1136 2958 1315 3029 ignem
1342 2957 1396 3013 in
1421 2958 1663 3015 cinerem
1682 2957 1895 3022 abiens,
1928 2966 1985 3013 et

391 3069 447 3114 te
482 3072 737 3129 magnum
769 3052 950 3111 facere
975 3053 1130 3109 visus
1156 3061 1262 3119 est,
1283 3066 1409 3107 eum
1437 3051 1509 3107 ob
1531 3051 1762 3107 virtutes
1783 3048 1984 3105 mentis

390 3160 500 3208 tua:
530 3150 723 3206 timore
737 3148 1021 3219 perculsus
1053 3145 1497 3202 contremuisset.

465 3242 642 3298 Veluti
678 3254 871 3297 servus
901 3236 1154 3293 Numinis
1186 3236 1385 3301 factus,
1426 3233 1536 3292 tuis
1565 3232 1844 3304 operibus,
1862 3230 1973 3288 vel-

394 3333 473 3390 uti
536 3333 729 3390 eodem
772 3346 897 3386 cum
934 3330 1140 3385 sanctis
1185 3325 1548 3384 contubernio
1597 3334 1776 3387 utens,
1816 3322 1983 3378 veluti

400 3430 526 3485 vitae
547 3439 653 3484 tuae
684 3425 1008 3483 castimonia
1031 3423 1340 3479 libertatem
1359 3422 1611 3492 adeptus,
1647 3418 1985 3488 diviniloque

392 3524 652 3598 Symeon.
673 3534 884 3585 eorum,
905 3517 997 3588 qui
1018 3524 1069 3572 te
1085 3514 1395 3571 eollaudant
1414 3512 1721 3576 recordare,
1741 3510 1984 3565 animum

389 3625 544 3670 tuum
610 3612 666 3667 in
741 3608 1075 3682 probitatem
1151 3619 1485 3676 propensum
1546 3601 1868 3667 ostendens,
1925 3609 1985 3655 ut

390 3722 584 3763 omnes
629 3705 726 3760 Dei
792 3701 1133 3758 humanitate
1199 3706 1547 3770 peccatorum
1605 3694 1982 3752 remissionem

388 3813 812 3873 consequamur.

1008 3885 1217 3951 Gloria,
1244 3897 1351 3941 etc.

464 3981 587 4043 Vita
660 3980 846 4037 divina
921 3978 1168 4051 perfecta
1248 3975 1626 4047 speculatione
1708 3971 1983 4027 actionem
2068 3995 2071 3997 >

390 4074 694 4138 exornasti,
738 4071 974 4142 Symeon
1005 4067 1355 4135 beatissime;
1386 4080 1626 4136 namque
1653 4080 1779 4121 cum
1795 4064 1982 4120 divino

395 4180 584 4223 amore
606 4162 932 4235 sapientiam
969 4161 1296 4232 deperisses,
1329 4174 1396 4214 ex
1429 4174 1525 4214 ore
1562 4157 1786 4229 spiritus
1810 4156 1981 4228 gratia

392 4261 599 4315 ditatus
627 4272 709 4323 es,
756 4264 814 4312 et
849 4254 929 4310 uti
961 4253 1142 4309 favum
1176 4252 1352 4309 mellis
1380 4250 1727 4317 dulcedinem
1762 4259 1981 4305 tuorum

392 4364 709 4409 sermonqu
765 4347 924 4403 nobis
963 4345 1233 4402 instillans
1253 4349 1279 4413 ,'
1307 4343 1507 4399 divinis
1557 4342 1980 4415 cogitationibus

394 4440 693 4496 Ecelesiam
716 4439 812 4495 Dei
842 4438 1104 4493 oblectas.
1138 4435 1483 4506 Quapropter
1505 4434 1560 4490 in
1586 4433 1724 4490 coelo
1750 4447 1979 4489 conver-

393 4622 849 4678 memorationem
878 4619 1208 4691 peragimus,
1238 4616 1617 4672 indesinenter
1642 4614 1814 4671 Deum
1850 4627 1983 4684 pec-

384 4731 540 4772 ατε.

873 4801 1217 4857 Procimcnon
1249 4799 1507 4871 Apostoli.

465 4911 724 4967 Mirabilis
786 4910 933 4965 Deus
1005 4911 1061 4965 in
1114 4909 1323 4965 sanctis
1376 4908 1512 4964 suis.
1591 4906 1646 4961 ln
1702 4904 1980 4973 Ecclesiis,

392 5019 497 5065 ριο.

466 5101 551 5158 Ea:
574 5102 813 5172 Epistola
847 5101 1012 5155 Pauli
1042 5102 1112 5155 ad
1140 5100 1442 5155 Corinthios
1463 5099 1636 5153 lectio.

466 5275 709 5341 Fratres,
745 5275 1046 5346 unicuique
1072 5274 1234 5330 datur
1260 5275 1542 5341 revelatio,
1575 5262 1672 5330 etc.
1709 5290 1868 5345 usque
1889 5275 1981 5339 ad,

394 5367 713 5439 unicuique,
738 5375 799 5422 ut
832 5367 966 5423 vult.

418 5462 421 5463 ⁷
686 5469 1029 5541 Evangelium
1059 5475 1342 5525 secundum
1368 5469 1701 5527 Maulurum.

469 5566 615 5623 Dixit
655 5564 910 5623 Dominus
969 5570 1246 5638 discipulis
1297 5572 1408 5626 suis
1440 5587 1456 5625 :
1493 5570 1592 5626 Vos
1621 5574 1746 5628 estis
1806 5572 1985 5626 lumen

399 5659 602 5725 mundi,
627 5667 734 5716 etc.
762 5675 936 5730 usque
963 5661 1050 5730 ad,
1081 5660 1180 5717 Hic
1214 5679 1439 5734 magnus
1462 5664 1803 5719 vorabiturin
1827 5679 1985 5735 regno

399 5749 670 5805 calorum.

2739 1863 3019 1917 μάρτυσι.

2164 1938 2432 2010 Εὐγενοῦς
2458 1940 2870 2013 ἀνεδλὰστησας
2903 1941 3082 2012 ῥίζης,
3115 1942 3271 2014 ῥόδον
3301 1942 3675 2015 κατέρυθρον,

2090 2030 2436 2103 βεϐαμμένον
2474 2035 2663 2104 χάρισι
2712 2037 2836 2100 ταῖς
2886 2036 2981 2089 τοῦ
3035 2034 3373 2106 Πνεύματος,
3427 2037 3521 2091 καὶ
3549 2039 3677 2102 τοὺς

2089 2124 2317 2188 πιστοὺς
2360 2125 2657 2190 εὐωδίασας
2678 2126 2878 2198 ὀσμαῖς
2919 2127 3372 2198 συγγραμμάτων
3439 2145 3555 2195 σου,
3610 2132 3680 2184 ἀ-

2091 2217 2387 2284 ποστόλων,
2420 2217 2692 2291 ἀθλητῶν,
2747 2218 2842 2274 καὶ
2874 2218 3039 2273 ὁσίων
3070 2219 3141 2273 τὰ
3180 2220 3484 2293 σκάμματα
3545 2239 3676 2277 συν-

2086 2307 2413 2380 ταξάμενος,
2463 2303 2540 2364 ὧν
2591 2308 2685 2364 atati.
2751 2309 3033 2382 σύστοιχος
3090 2309 3281 2383 ὤφθης
3310 2351 3325 2378 ,
3377 2313 3676 2385 θεοφάντορ

2087 2400 2335 2473 Συμεὼν,
2385 2403 2600 2475 τρυφῆς
2654 2404 2713 2456 ἐν
2786 2402 2950 2476 χλόῃ,
2992 2405 3059 2475 τῇ
3117 2404 3175 2458 ὲν
3234 2404 3413 2479 δρόσῳ
3443 2408 3675 2479 σκηνού.

2089 2511 2272 2566 μενος.
3142 2551 3147 2557 .

2157 2587 2453 2660 Γραφικῶν
2490 2589 2724 2661 ὲξεχυση
2759 2607 2874 2658 σου,
2917 2590 3167 2662 Συμεὼν,
3196 2592 3254 2648 ὲν
3285 2594 3404 2657 τοῖς
3447 2593 3674 2665 χείλεσι,

2086 2680 2182 2734 τοῦ
2234 2681 2390 2750 ἁγίου
2415 2682 2734 2754 Πνεύματος
2759 2683 2921 2755 χάρις
2951 2685 3209 2757 ἁῤῥητος.
3246 2687 3339 2740 Διὸ
3369 2686 3462 2740 τὸν
3499 2688 3679 2758 μάτην

2087 2773 2464 2846 καυχώμενον,
2495 2773 2724 2840 πλοκαῖς
2744 2775 3033 2843 διαλέξεσιν
3055 2778 3351 2851 ὲξήλεγξας
3378 2782 3674 2841 ταπεινοῖς.

2097 2864 2187 2932 Ὧς
2230 2868 2457 2941 καλάμη
2485 2869 2597 2941 γὰρ
2629 2870 2844 2939 γέγονε,
2887 2872 3028 2926 κατὰ
3072 2872 3365 2944 πρόσωπον
3387 2872 3483 2927 τοῦ
3505 2872 3678 2944 πυρὸς

2084 2962 2457 3035 τεφρουμένη,
2504 2964 2601 3018 καὶ
2659 2963 2721 3017 σὲ
2757 2962 2962 3035 μᾶλλον
3007 2965 3350 3037 μεγαλύνων,
3392 2966 3676 3038 ἀνεδείχθη

2089 3056 2290 3130 βρύξας
2317 3056 2438 3121 νοός
2484 3073 2577 3111 σου
2625 3056 2725 3129 τὴν
2750 3057 3003 3130 δύναμιν.

2168 3243 2258 3309 Ὧς
2285 3244 2541 3317 θεράπων
2581 3246 2875 3317 γενόμενος
2908 3242 3003 3300 τοῦ
3038 3245 3200 3310 Θεοῦ,
3244 3250 3311 3303 ὲκ
3360 3247 3471 3301 τῶν
3497 3246 3678 3321 ἔργων

2089 3351 2207 3400 σου,
2238 3334 2314 3399 ὡς
2343 3336 2512 3405 ἁγίων
2544 3336 2836 3407 σύσκηνος,
2865 3336 2961 3401 οὓς
2993 3337 3313 3409 ἀνύμνησας
3346 3337 3423 3401 ὡς
3467 3340 3678 3410 παρρη-

2089 3427 2211 3480 σίαν
2241 3428 2605 3498 κτησάμενος,
2655 3428 2848 3500 ἁγνείᾳ
2899 3429 2994 3484 τοῦ
3023 3428 3142 3500 βίου
3201 3445 3317 3494 σου,
3352 3429 3679 3501 θεορρήμων

2088 3517 2334 3587 Συμεὼν,
2367 3520 2476 3573 τῶν
2519 3520 2835 3591 ὑμνούντων
2876 3538 2935 3575 σε
2978 3523 3248 3592 μέμνησο,
3284 3520 3347 3576 τὸ
3375 3520 3678 3592 φιλάγαθον

2086 3611 2185 3680 τῆς
2216 3610 2396 3682 ψυχῆς
2438 3629 2531 3665 σου
2570 3612 2858 3678 δεικνύων,
2915 3612 3002 3666 ῐνα
3040 3614 3241 3679 πάντες
3269 3611 3365 3667 τοῦ
3411 3613 3549 3669 Θεοῦ
3582 3631 3675 3683 φι-

2085 3702 2425 3776 λανθρωπία,
2458 3706 2817 3776 πταισμάτων
2846 3705 3042 3775 ἄφεσιν
3078 3703 3348 3777 εὕρωμεν.

2634 3885 2809 3951 Δόξα,
2841 3886 2950 3941 Καὶ
2978 3884 3117 3940 νῦν.

2158 3978 2281 4032 Βίον
2303 3978 2486 4032 ἔνθεον
2519 3977 2894 4048 κατορθώσας,
2927 3976 3132 4049 θεωρίᾳ
3167 3977 3269 4048 τὴν
3303 3977 3510 4047 πρᾶξιν
3540 3996 3675 4034 κατ-

2086 4070 2443 4140 εκόσμησας,
2519 4068 2746 4139 Συμεὼν
2827 4068 3283 4139 παμμακάριστε.
3368 4070 3480 4141 Τὴν
3566 4070 3676 4139 γὰρ

2088 4164 2279 4233 σοφίαν
2315 4162 2547 4235 φιλήσας
2585 4161 2749 4233 ἔρωτι
2784 4161 2935 4232 θείῳ,
2970 4163 3035 4216 ἐκ
3066 4162 3337 4233 στόματος
3366 4161 3463 4216 τοῦ
3501 4162 3678 4217 Πνεύ-

2088 4273 2258 4327 ματος
2308 4255 2411 4327 τὴν
2455 4254 2619 4325 χάριν
2661 4251 3140 4325 κατεπλούτησας,
3202 4240 3299 4309 καὶ
3349 4253 3427 4318 ὡς
3484 4254 3678 4325 κηρίον

2089 4347 2308 4418 μέλιτος
2345 4347 2439 4400 τὸν
2490 4347 2809 4418 γλυκασμὸν
2837 4365 2930 4402 σου
2979 4348 3089 4402 τῶν
3118 4348 3293 4418 λόγων
3347 4350 3677 4414 ἁποστάζων

2083 4441 2239 4510 ἡμῖν,
2302 4441 2617 4511 εὐφραίνεις
2671 4443 2906 4512 νοήμασι
2960 4442 3124 4506 θείοις
3184 4441 3283 4515 τὴν
3346 4443 3677 4515 Ἐκκλησίαν

282 4520 285 4521 ν
393 4542 522 4590 s‘ans
577 4542 740 4602 atque
789 4528 1125 4595 inhabitans,
1158 4542 1256 4598 pro
1287 4526 1467 4599 nobis,
1501 4524 1596 4596 qui
1642 4536 1789 4579 tuam
1821 4538 1975 4579 eom-

2088 4531 2346 4604 Χριστοῦ.
2412 4532 2503 4584 Διὸ
2560 4534 2619 4585 ὲν
2677 4533 2931 4604 οὐρανοῖς
2992 4534 3408 4605 ἑμφιλοχωρῶν,
3462 4534 3677 4599 αὐλιζό-

2088 4638 2270 4693 μενος,
2311 4622 2454 4692 ύπὲρ
2492 4624 2648 4692 ἡμῶν
2684 4622 2982 4688 ἀπαύστως
3036 4624 3307 4695 πρέσϐευε
3360 4624 3470 4679 τῶν
3523 4626 3678 4678 ἰκτε-

2085 4713 2320 4768 λούντων
2358 4714 2460 4785 τὴν
2498 4715 2722 4785 μνήμην
2758 4733 2878 4769 σου.

2389 4808 2798 4877 Προκείμενον
2831 4806 2939 4862 τοῦ
2975 4808 3363 4863 Ἀποστόλου.

2152 4916 2485 4988 Θαυμαστὸς
2534 4919 2563 4970 ὀ
2608 4917 2741 4980 Θεὸς
2806 4918 2864 4970 ὲν
2920 4920 3035 4980 τοῖς
3090 4916 3269 4983 ἁγίοις
3321 4914 3513 4971 αὐτοῦ.
3585 4915 3677 4970 Ἐν

2085 5004 2460 5076 Ἐκκλησίαις,

2154 5103 2315 5170 Πρὸς
2391 5104 2746 5172 Κορινθίους
2813 5102 3188 5170 Ἐπιστολῆς
3246 5104 3493 5159 Παύλου
3536 5104 3604 5159 τὸ

2715 5173 3083 5244 ἀνάγνωσμα
3107 5211 3122 5228 .

2157 5271 2460 5342 Ἀδελφοί.
2524 5270 2788 5337 Ἐκάστῳ
2820 5271 3052 5326 δίδοται
3077 5272 3113 5339 ὴ
3158 5273 3523 5340 φανέρωσις,
3581 5272 3679 5327 καὶ

2086 5365 2155 5420 τὰ
2186 5364 2338 5436 ἑξῆς,
2374 5365 2477 5428 ἕως
2507 5363 2625 5432 τοῦ,
2676 5363 2949 5430 Ἐκάστῳ
2983 5363 3177 5430 καθὼς
3206 5363 3526 5428 βούλεται.
3709 5354 3714 5405 ἶ

2343 5464 2413 5520 Τό
2439 5465 2814 5534 Εἰναγογέλιον
2856 5466 2926 5517 ἐκ
2964 5463 3069 5518 τοῦ
3100 5466 3428 5521 Ματθαίου.

2155 5566 2339 5625 Εἶπεν
2364 5573 2399 5625 ὁ
2428 5572 2643 5638 Κύριος
2687 5571 2812 5637 τοῖς
2855 5570 3075 5626 ἑαυτοῦ
3126 5569 3447 5640 μαθηταῖςο
3494 5570 3677 5640 Ὑμεῖς

2087 5663 2227 5716 ἐστε
2272 5663 2338 5718 τὸ
2380 5663 2506 5732 φῶς
2532 5664 2638 5718 τοῦ
2672 5665 2927 5735 κόσμου,
2975 5665 3070 5719 καὶ
3116 5663 3185 5725 τὰ
3236 5663 3383 5733 ἑξῆς,
3422 5665 3526 5729 ἕως
3560 5664 3678 5727 τοῦ,

2092 5749 2283 5820 οὗτος
2327 5754 2519 5825 μέγας
2561 5755 2935 5826 κληθήσεται
2994 5756 3064 5809 ἐν
3122 5754 3194 5826 τῇ
3224 5755 3517 5824 ,ϐασιλείᾳ
3564 5754 3677 5811 τῶν

2085 5841 2386 5914 οὐρανῶν.
