4156 6408
671 327 783 393 223
820 370 830 381 ι

1537 338 1917 403 SYMEONIS
1953 340 2533 403 ΜΕΤΑῙἮΗΑΞΤΑΞ
2560 340 3088 406 PRECATIONES

3850 347 3974 421 εει

672 440 808 509 Quis
845 421 1023 518 eriget
1051 462 1139 504 me
1185 448 1241 503 in
1275 450 1473 506 talibus
1501 453 1661 508 malis
1689 456 2070 519 constitutum,
2100 466 2155 512 et
2208 456 2236 511 i1

2369 469 2495 507 που.
2521 453 2618 517 Τίς
2648 454 2947 528 ἀναστήσει
2982 476 3050 529 με
3084 460 3178 515 τὸν
3206 461 3266 517 ἑν
3295 464 3572 532 τοσούτοις
3606 472 3830 537 κακοῖς,
3858 476 3971 530 καὶ

671 542 822 589 tanta
877 548 1098 606 peccata
1161 538 1413 609 lapsum?
1472 541 1530 597 In
1587 552 1675 607 te,
1722 546 1974 613 Domine,
2006 550 2259 617 speravi,

666 624 813 681 Deus
842 643 998 683 meus
1027 630 1106 695 ;si
1129 641 1214 687 est
1234 634 1366 689 mihi
1397 650 1524 706 spes
1553 637 1766 703 salutis,
1811 639 1856 695 si
1906 641 2077 697 vincit
2100 641 2258 697 beni-

662 716 843 787 gnitas
872 728 962 773 tua
1012 723 1420 781 multitudinem
1481 726 1828 795 iniquitatum
1858 746 2128 794 mearum,
2180 733 2258 789 sis

665 807 798 862 mihi
853 808 1124 879 Salvator,
1170 825 1227 871 et
1270 819 1574 875 secundum
1615 822 1999 879 miserationes
2045 836 2166 881 tuas
2199 835 2256 880 et

662 898 1071 959 misericordias
1100 912 1244 971 tuas,
1289 908 1462 977 solve,
1508 912 1746 980 dimitte,
1796 924 1852 969 et
1893 918 2071 972 relaxa
2118 919 2250 973 mihi

657 1000 862 1059 quanta
898 993 995 1049 tibi
1034 1000 1292 1066 peccavi;
1327 1003 1454 1072 quia
1498 1005 1685 1061 multis
1724 1009 1884 1064 malis
1922 1009 2144 1080 impleta
2167 1019 2253 1066 est

655 1082 838 1138 anima
868 1100 1014 1152 mea,
1042 1098 1098 1145 et
1132 1107 1241 1146 non
1269 1105 1355 1150 est
1383 1094 1440 1151 in
1472 1112 1562 1152 me
1583 1099 1777 1156 salutis
1800 1117 1949 1171 spes.
1986 1102 2251 1162 Miserere

654 1175 801 1239 mei,
864 1177 1044 1250 Deus,
1107 1186 1412 1242 secundum
1501 1206 1753 1264 magnam
1816 1195 2248 1253 misericordiam

658 1271 831 1333 tuam,
880 1278 936 1324 et
962 1287 1033 1327 ne
1061 1276 1335 1334 retribuas
1368 1280 1501 1335 mibi
1534 1284 1836 1339 secundum
1875 1300 2039 1357 opera
2086 1304 2243 1357 mea;

653 1357 752 1411 sed
780 1373 1064 1429 converte,
1088 1370 1330 1441 suscipe,
1362 1372 1533 1428 libera
1568 1377 1806 1431 animam
1828 1393 2006 1435 meam
2029 1396 2061 1435 a
2089 1383 2246 1438 malis

651 1444 707 1501 in
733 1450 935 1519 quibus
958 1464 1084 1510 nata
1108 1467 1195 1514 est
1217 1468 1274 1515 et
1321 1461 1391 1517 ab
1414 1464 1727 1522 exitialibus
1766 1468 2238 1539 inclinationibus,

649 1540 798 1595 salva
831 1559 919 1598 me
950 1556 1177 1617 propter
1215 1550 1648 1611 misericordiam
1683 1568 1854 1625 tuam,
1899 1570 1961 1616 ut
2010 1564 2102 1619 ubi
2141 1565 2240 1619 ab-

650 1630 878 1687 undavit
914 1634 1199 1706 delictum,
1232 1645 1647 1714 superabundet
1677 1655 1848 1722 gratia
1878 1664 2002 1720 tua;
2028 1666 2082 1713 ct
2122 1657 2240 1712 lau-

2368 545 2643 608 τοσοὲτοις
2703 551 3073 619 περιπεσόντα
3122 554 3627 628 πλημμελήμασιν;
3669 562 3793 619 Ἐπὶ
3845 568 3967 636 σοὶ,

2365 635 2562 702 Κύριε,
2590 638 2816 708 ἤλπισα,
2863 643 2892 695 ό
2919 642 3053 706 Θεός
3096 663 3236 716 μου·
3269 650 3317 701 εί
3364 649 3482 704 ἐστι
3528 670 3621 723 μοι
3673 635 3968 729 σωτηρίας

2361 727 2541 794 ἐλπὶς,
2600 731 2651 783 εί
2701 734 2829 805 νικᾷ
2860 736 2893 805 ἡ
2927 735 3310 809 φιλανθρωπία
3339 759 3434 798 σου
3480 746 3553 800 τὰ
3603 749 3787 822 πλήθη
3831 727 3965 807 τῶν

2359 824 2600 893 ἀνομιῶν
2633 843 2759 897 μου,
2796 830 2958 897 γενοῦ
3004 850 3094 903 μοι
3123 833 3337 909 Σωτὴρ,
3389 842 3483 895 καὶ
3532 844 3676 897 κατά
3708 848 3837 911 τοὺς
3865 849 3959 903 οἰ-

2359 915 2628 984 κτιρμούς
2670 935 2766 972 σου
2806 922 2902 974 καὶ
2932 923 3002 976 τὰ
3030 924 3159 995 ἐλέη
3188 943 3309 994 σου,
3350 930 3499 1001 άνις,
3536 934 3694 1005 ἄφες,
3727 938 3960 1007 συγχὼ-

2364 1006 2536 1076 ρησόν
2570 1024 2664 1077 μοι
2693 1011 2871 1066 πάντα
2918 1013 3020 1067 ὅσα
3054 1032 3138 1070 σοι
3165 1018 3415 1091 ἥμαρτον
3434 1040 3450 1055 ο
3480 1025 3563 1078 ὅτι
3595 1006 3813 1083 πολλῶν
3835 1006 3961 1086 κα·
3983 1018 3996 1033 ’

2357 1098 2468 1151 κῶν
2492 1101 2525 1171 ἡ
2556 1100 2700 1175 ψυχή
2732 1120 2837 1174 μου
2865 1105 3135 1180 ἐπλήσθη,
3169 1112 3265 1164 καὶ
3291 1114 3393 1168 οὐκ
3415 1115 3565 1171 εστιν
3592 1119 3652 1172 ἐν
3674 1122 3802 1187 ἐμοὶ
3835 1140 3957 1177 σω-

2353 1190 2557 1258 τηρίας
2600 1191 2777 1261 ἰλπὶς,
2829 1195 3056 1268 ἐλέησόν
3085 1216 3174 1269 με,
3226 1201 3258 1254 ό
3299 1203 3456 1272 Θεὸς,
3488 1210 3635 1263 κατὰ
3681 1213 3745 1266 τὸ
3795 1215 3957 1285 μέγα

2349 1278 2505 1344 ἔλεός
2537 1299 2632 1337 σου
2652 1326 2669 1351 ,
2695 1286 2792 1339 καὶ
2825 1287 2902 1360 μὴ
2931 1290 3189 1363 ἀποδῴης
3246 1312 3340 1365 μοι
3366 1299 3508 1353 κατά
3532 1302 3599 1356 τὰ
3624 1302 3761 1375 ἔργα
3795 1278 3913 1378 μου
3934 1328 3951 1341 ο

2348 1371 2464 1426 ἀλλ’
2513 1375 2869 1449 ἑπίστρεψον,
2919 1382 3237 1452 ἀντιλασοῦ,
3285 1389 3450 1459 ῥῦσαι
3477 1391 3578 1463 τὴν
3601 1371 3950 1469 ψυχήν-μου

2345 1462 2453 1516 ἀπὸ
2482 1464 2595 1518 τῶν
2622 1470 2988 1539 συμφυέντων
3014 1474 3152 1547 αὐτῇ
3187 1479 3395 1547 κακῶν,
3454 1485 3549 1537 καὶ
3577 1485 3770 1540 δεινῶν
3800 1505 3950 1561 προ-

2343 1553 2564 1625 λήψεων
2585 1574 2599 1588 ·
2625 1559 2801 1616 σῶσόν
2848 1580 2916 1633 με
2962 1566 3152 1622 ἕνεκεν
3183 1570 3281 1624 τοῦ
3312 1573 3499 1639 ἐλέους
3530 1592 3647 1641 σου,
3681 1579 3768 1633 ἵνα
3794 1583 3946 1636 ὅπηυ

2343 1647 2376 1718 ὴ
2431 1648 2683 1720 ἁμαρτία
2728 1654 3079 1726 ίπλεόνασεν,
3135 1662 3621 1740 ὑπερπερισσεὺσῃ
3677 1672 3711 1742 ἡ
3768 1674 3948 1747 χάρις

643 1719 805 1787 dabo,
831 1732 884 1779 et
923 1726 1239 1797 gloriﬁcabo
1267 1740 1319 1789 te
1339 1750 1559 1808 semper
1587 1719 1845 1800 omnibus
1874 1744 2074 1803 diebus
2112 1749 2236 1806 vita:

2350 1751 2438 1793 σου
2457 1756 2470 1771 ’
2500 1719 2597 1796 καὶ
2622 1746 2849 1811 αῑνέσω,
2877 1750 2973 1804 καὶ
3003 1719 3216 1817 δοξάσω
3247 1719 3321 1809 ’σε
3357 1719 3449 1812 ista
3493 1719 3718 1830 παντὸς,
3749 1719 3947 1832 πάξαις

616 1826 800 1867 mem.
826 1811 906 1869 Tu
933 1831 994 1871 es
1045 1821 1192 1875 enim
1236 1822 1383 1882 Deus
1422 1828 1834 1902 pmnitentium,
1895 1844 1952 1893 et
1986 1836 2236 1897 Salvator

2350 1832 2438 1896 τὰς
2468 1835 2682 1907 ἡμέρας
2705 1838 2807 1908 τῆς
2831 1809 2981 1912 ζωῆς
3015 1809 3137 1913 μᾶυ.
3168 1848 3242 1901 Σὺ
3264 1809 3451 1922 γὰρ.
3468 1853 3602 1919 Θεὸς
3623 1809 3731 1909 τῶν
3755 1809 3936 1927 pcta:

641 1907 1012 1976 peccantium,
1037 1919 1093 1967 et
1115 1912 1211 1969 tibi
1240 1916 1470 1987 gloriam
1498 1923 1837 1984 conferimus
1859 1944 1984 1985 cum
2024 1941 2234 1993 aeterno

640 2005 738 2053 tuo
789 1998 972 2069 Patre,
1027 2014 1085 2062 et
1128 2011 1496 2080 sanctissimo,
1552 2017 1701 2074 bono
1750 2030 1809 2078 et
1864 2025 2085 2083 viviﬂco
2139 2038 2233 2085 tuo

638 2090 858 2163 spiritu,
916 2112 1065 2156 nunc
1127 2111 1184 2158 et
1230 2119 1471 2178 semper,
1521 2120 1579 2166 et
1629 2112 1685 2167 in
1743 2117 1943 2173 saecula
2004 2121 2232 2178 sarculo-

641 2201 783 2241 rum.
817 2191 1014 2247 Amen.

1183 2364 1371 2424 Versus
1419 2370 1676 2440 ejusdem.

631 2464 739 2532 Qui
770 2469 868 2561 das
895 2474 1028 2531 mihi
1065 2492 1286 2536 carnem
1312 2490 1464 2540 tuam
1496 2502 1679 2545 eseam
1708 2492 1909 2561 libens,

631 2557 737 2625 Qui
764 2560 906 2632 ignis
928 2580 989 2621 es
1021 2566 1275 2642 indignos
1305 2589 1663 2648 consumens,

630 2648 711 2706 Ne
733 2669 823 2708 me
849 2658 1161 2731 comburas,
1186 2662 1418 2724 Creator
1446 2687 1619 2730 meus.

630 2739 818 2801 Potius
862 2748 1006 2805 intra
1052 2752 1107 2807 in
1136 2759 1510 2816 membrorum
1542 2779 1789 2823 meorum
1842 2774 2214 2848 compagiues,

626 2831 685 2889 In
710 2851 903 2894 omnes
931 2850 1104 2908 artus,
1145 2845 1201 2902 in
1225 2864 1387 2907 renes
1414 2861 1469 2909 et
1490 2868 1586 2910 cor
1615 2872 1818 2916 meum.

625 2924 737 2983 Ure
760 2938 941 2985 autem
970 2933 1157 3004 spinas
1179 2941 1423 2998 omnium
1460 2959 1708 3004 meorum
1734 2950 2061 3015 delictorum
2088 2977 2107 3029 ;

622 3019 878 3078 Animam
912 3029 1172 3097 emunda,
1207 3044 1447 3091 mentem
1479 3042 1784 3108 sanctiﬁca,

622 3108 798 3168 Frena
823 3115 1075 3183 obﬁrma,
1110 3136 1343 3195 ossaque
1368 3127 1570 3198 simul;

621 3201 899 3263 Sensuum
922 3209 1171 3269 illumina
1201 3217 1598 3290 quintuplicem
1640 3224 1955 3287 facultatem
1979 3275 1994 3300 ,

622 3292 823 3351 Totum
857 3315 945 3355 me
969 3309 1066 3357 tuo
1102 3305 1296 3364 timore
1322 3313 1677 3384 constringe;

620 3383 852 3457 Semper
877 3390 1060 3461 vigila.
1082 3410 1258 3463 serva,
1285 3410 1340 3456 et
1364 3383 1582 3461 custodi
1612 3424 1723 3477 me,

619 3475 705 3531 Ab
730 3479 877 3534 omni
909 3497 1077 3554 opere
1102 3495 1159 3543 et
1178 3492 1347 3547 verbo
1366 3495 1603 3553 animam
1634 3475 1923 3572 pet-dente.

618 3564 877 3638 l’uriﬁca,
910 3579 1148 3636 emunda
1182 3585 1434 3659 etdirige
1462 3606 1572 3656 me,

616 3659 858 3730 Exorna,
884 3666 1099 3727 instrue
1133 3683 1190 3730 et
1218 3675 1464 3735 illumina
1491 3697 1598 3740 me.

615 3750 862 3814 Ostende
881 3776 970 3817 me
1002 3762 1375 3827 habitaculum
1403 3772 1644 3846 Spiritus
1672 3782 1863 3849 solius,

618 3848 684 3904 Et
713 3866 997 3924 nunquam
1026 3857 1292 3919 habitatio
1327 3871 1558 3937 peccati,

616 3940 688 3996 Ut
715 3943 911 4003 domus
933 3956 1023 4003 tua
1049 3952 1153 4007 sim
1174 3961 1578 4021 communionis
1606 3966 1775 4024 dono.

614 4031 689 4087 Ut
727 4035 870 4106 ignis
892 4054 981 4095 me
1001 4042 1195 4114 fugiat,
1215 4051 1398 4107 omnis
1432 4055 1574 4110 male
1597 4073 1786 4129 agens,
1808 4067 1991 4123 omnis
2008 4068 2195 4138 libido,

613 4124 1012 4190 lntereessores
1030 4136 1202 4193 offero
1225 4141 1319 4198 tibi
1345 4159 1539 4207 omnes
1563 4162 1807 4223 sanctos,

611 4217 1063 4293 Iucorporcorum
1078 4232 1322 4303 ordines,

609 4308 1015 4375 Praeeursorem
1040 4328 1221 4391 tuum,
1241 4328 1516 4399 sapientes
1547 4338 1846 4411 apostolos,

609 4404 679 4458 Et
703 4421 830 4463 eum
856 4409 944 4468 liis
975 4421 1123 4471 tuam
1158 4434 1349 4489 puram
1390 4435 1447 4480 et
1497 4404 1899 4492 immaculatem
1930 4437 2189 4509 Matrem;

607 4496 852 4561 Quorum
882 4511 1181 4577 orationes,
1205 4514 1541 4586 misericors,
1574 4526 1815 4598 suscipe,
1851 4528 2071 4590 Christe
2092 4537 2188 4606 mi,

609 4583 669 4606 υ,
914 4592 928 4606 .
1008 4594 1021 4606 .

606 4583 675 4639 Et
708 4586 876 4645 (ilium
914 4592 1053 4652 lucis
1085 4607 1235 4655 tuum
1267 4619 1485 4664 servum
1515 4583 1689 4670 ellice.

608 4674 688 4733 Tu
713 4681 863 4737 enim
905 4699 968 4741 es
999 4688 1151 4746 solus
1176 4696 1535 4756 sanctiﬁcatio
1567 4716 1774 4774 nostra,

602 4766 649 4821 0
672 4768 837 4841 bone,
885 4776 1300 4855 animarumque
1322 4799 1634 4849 nostrarum
1661 4797 1955 4871 splendor;

602 4861 668 4915 l-It
700 4862 815 4926 tibi,
842 4874 901 4923 ut
921 4869 1099 4935 decet,
1119 4880 1377 4946 tanquam
1411 4879 1521 4937 Deo
1548 4900 1613 4940 ac
1639 4861 1870 4947 Domino

598 4951 837 5012 Gloriam
864 4974 1058 5019 omnes
1082 4968 1329 5026 auotidie
1354 4971 1657 5034 oderimus.

2338 1925 2628 1993 νοούντων,
2662 1932 2758 1985 καὶ
2801 1932 2995 2007 Σωτὴρ
3033 1937 3145 1993 τῶν
3193 1941 3649 2017 ἁμαρτανόντων,
3682 1925 3777 2005 καλ.
3827 1954 3940 2008 σοῦ

2337 2018 2438 2090 τὴν
2467 2018 2626 2086 δόξαν
2655 2023 3061 2098 ἀναπέμπομεν
3104 2031 3204 2086 σὺν
3233 2034 3312 2106 τῷ
3344 2035 3569 2109 ἀνάρχῳ
3595 2056 3689 2093 σου
3725 2043 3936 2116 Πατρὶ,

2335 2111 2428 2164 καὶ
2450 2112 2537 2184 τῷ.
2557 2116 2832 2189 παναγίῳ,
2859 2120 2953 2173 καὶ
2979 2122 3193 2194 ἀγαθῷ,
3216 2126 3310 2179 καὶ
3341 2126 3594 2201 ζωοποιῷ
3624 2149 3718 2186 σοιι
3748 2111 3939 2189 uvis;

2335 2218 2487 2272 ματι,
2529 2203 2626 2258 νῦν
2673 2209 2769 2262 καὶ
2794 2210 2900 2276 ἀεὶ,
2958 2212 3055 2266 καὶ
3097 2216 3181 2280 εἰς
3212 2218 3340 2283 τοὺς
3388 2221 3597 2289 αἰῶνας
3625 2225 3737 2281 τῶν
3783 2229 3935 2284 αἰώ-

2334 2311 2461 2350 νων.
2516 2296 2712 2370 Ἀμήν.

2822 2396 3026 2466 Στίχοι
3058 2398 3168 2455 τοῦ
3195 2402 3402 2459 αὐτοῦ.

2340 2499 2398 2553 σο
2431 2500 2555 2566 δοὺς
2578 2506 2786 2578 τροφήν
2816 2525 2907 2579 μοι
2931 2510 3112 2582 σάρκα
3148 2512 3248 2585 σὴν
3272 2513 3562 2587 ἐκουάιωςο

2340 2590 2398 2646 Ὀ
2431 2592 2544 2665 πῦρ
2574 2596 2856 2668 ὑπάρχων,
2886 2601 2981 2655 καὶ
3006 2604 3222 2675 φλέγων
3248 2607 3522 2675 ἀναξίους,

2324 2684 2416 2757 Μὴ
2437 2682 2502 2759 δὴ
2532 2690 2881 2766 καταφλέξῃς
2916 2711 3007 2765 με,
3041 2697 3138 2769 μὴ,
3173 2698 3523 2774 πλαστουργέ
3556 2722 3658 2776 μου
3683 2720 3699 2737 ⁸

2321 2776 2541 2832 Μᾶλλον
2569 2779 2749 2836 δίελθε
2779 2786 2916 2859 πρὸς
2952 2786 3131 2857 μελῶν
3169 2807 3269 2862 μου
3298 2794 3603 2860 συνθέσεις.

2320 2868 2417 2933 Είς
2441 2870 2651 2939 πάντας
2681 2875 2916 2947 ἀρμοὺς,
2948 2880 3029 2934 είς
3055 2883 3308 2955 νεφροὺς,
3339 2886 3420 2950 εἰς
3449 2886 3699 2958 καρδίαν.

2318 2960 2516 3029 Φλέξον
2546 2965 2593 3018 δ’
2623 2966 2869 3033 ἀκάνθας
2893 2970 3004 3024 τῶν
3032 2972 3173 3029 ὅλων
3208 2992 3311 3046 μου
3344 2980 3736 3051 πταισμάτωνο

2318 3051 2513 3125 Ψυχὴν
2545 3056 2809 3131 κάθαρον,
2837 3061 3069 3132 ἁγίασον
3099 3067 3197 3132 τὰς
3226 3068 3454 3141 φρένας,

2239 3146 2284 3207 C
2320 3144 2430 3210 Τὰς
2455 3148 2611 3218 ἡνίας
2643 3152 2897 3224 στήριξον
2925 3155 3137 3224 ὀστέοις
3171 3160 3287 3233 άμα
3311 3179 3328 3195 ο

2314 3237 2633 3311 Δίσθήσεων
2663 3244 2902 3314 φώτιτον
2931 3248 3112 3322 ἀπλῆν
3141 3254 3384 3310 πεντάδα
3408 3272 3425 3287 ·

2317 3330 2480 3384 Ὄλον
2507 3349 2575 3403 με
2600 3333 2683 3406 τῷ
2714 3335 2794 3406 σῷ
2825 3340 3253 3414 συγκαθήλωσον
3279 3346 3430 3420 φόϐῳ
3453 3364 3467 3379 ·

2328 3421 2442 3475 ’Λεὶ
2470 3425 2664 3494 σκέπε,
2699 3428 2928 3501 φρούρει
2958 3449 3016 3486 τε
3049 3433 3146 3488 καὶ
3171 3437 3407 3507 φύλαττέ
3435 3457 3525 3511 με,

2327 3515 2420 3570 Ἐκ
2453 3519 2655 3584 παντὸς
2684 3520 2850 3594 ἔργου
2881 3527 2976 3581 καὶ
3007 3527 3167 3600 λόγου
3197 3530 3544 3609 ψυχοφθόρου

2313 3608 2562 3679 Ἀγνιζε,
2593 3612 2691 3667 καὶ
2719 3615 2952 3690 κάθαρε,
2989 3622 3087 3676 καὶ
3118 3622 3351 3694 ῥύθμιζέ
3390 3608 3482 3699 μέ,

2309 3697 2584 3770 Κάλλυνε,
2615 3705 2884 3773 συνέτιζε,
2915 3710 3012 3763 καὶ
3042 3710 3245 3782 φώτιζέ
3273 3733 3340 3785 με
3365 3697 3404 3749 θ’
3490 3706 3495 3713 ’

2308 3791 2496 3859 Δεῖξόν
2527 3811 2595 3866 με
2625 3796 2717 3852 σὺν
2746 3800 3011 3873 σκήνωμα
3040 3807 3353 3877 πνεύματος
3385 3809 3573 3881 μόνον,

2306 3883 2420 3938 Καὶ
2449 3888 2647 3958 μηκέτι
2677 3892 2944 3966 σκήνωμα
2968 3896 3071 3967 τῆς
3096 3898 3393 3973 ἁμαρτίας,

2307 3976 2409 4032 Ἷν’
2433 3978 2510 4045 ὡς
2542 3983 2635 4040 σὺν
2661 3980 2814 4041 οἷκον
2841 3988 3036 4063 εἰσόδῳ
3062 3999 3354 4062 κοινωνίας
3374 4014 3388 4028 ·

2315 4072 2405 4137 Ὠς
2428 4075 2544 4147 πῦρ
2579 4093 2647 4148 με
2674 4077 2876 4153 φεύγῃ,
2906 4084 3017 4146 πᾶς
3048 4085 3380 4158 κακοῦργος,
3406 4093 3518 4148 πᾶν
3543 4095 3742 4163 πάθος,

2301 4166 2572 4239 Πρὲσὸεις
2592 4170 2743 4242 φέρω
2769 4189 2853 4226 σοι
2886 4176 3095 4241 πάντας
3124 4181 3517 4254 ήγιασμένους,

2301 4258 2413 4322 Τάς
2447 4260 2775 4334 ταξιαρχίας
2802 4282 2862 4319 τε
2887 4266 2999 4323 τῶν
3030 4270 3364 4341 ἀσωμάτων,

2299 4350 2404 4405 Τὸν
2427 4353 2735 4426 πρόδρομόν
2767 4373 2886 4424 σου,
2915 4360 3045 4425 τοὺς
3074 4365 3273 4433 σοφοὺς
3300 4368 3654 4440 ἀποστόλους,

2300 4441 2445 4512 Πρὸς
2471 4445 2645 4499 τοῖσδε
2679 4447 2778 4521 σὴν
2814 4450 3085 4522 ἄχραντον
3114 4457 3289 4529 ἁγνὴν
3314 4461 3546 4535 Μητέρα
3566 4480 3582 4496 ⁸

2226 4513 2271 4573 θ
2300 4527 2404 4587 Ὧν
2431 4536 2528 4600 τὰς
2554 4513 3127 4619 λιτὰς,ἐῦσπλαγχνε,
3158 4513 3330 4619 όέέαι,
3348 4513 3571 4627 VX:
3607 4576 3755 4633 μουυ

2297 4626 2409 4680 Καὶ
2434 4629 2610 4696 φωτὸς
2646 4634 2813 4689 παῖδα
2835 4636 2926 4690 τὸν
2961 4639 3055 4694 σὺν
3083 4640 3319 4712 ἔργασαι
3346 4626 3555 4718 λάτριν.

2295 4719 2369 4773 Σὺ
2397 4720 2506 4794 γὰρ
2536 4722 2803 4796 ὑπάρχεις
2834 4730 3107 4802 ἁγιασμὸς
3130 4735 3223 4790 καὶ
3257 4738 3420 4808 μόνος

2306 4809 2373 4864 Ἣ
2379 4813 2517 4881 μῶν,
2547 4816 2742 4884 ἀγαθὲ,
2775 4821 2883 4899 τῶν
2906 4824 3096 4895 ψυχῶν
3124 4828 3218 4883 καὶ
3250 4829 3575 4907 λαμπρότης
3594 4853 3611 4869 ο

2293 4905 2407 4958 Καὶ
2442 4906 2530 4959 σοὶ
2560 4893 2880 4979 πρεπόντως
2915 4893 3139 4991 ὠς--Θεῷ
3171 4922 3264 4975 καὶ
3294 4893 3542 5000 desitos};

2288 4995 2461 5061 Δόξαν
2497 4996 2741 5067 ἅπαντες
2771 5003 3068 5079 πέμπομεν
3098 5012 3218 5067 καθ’
3243 5015 3483 5090 ἡμέραν.
