4156 6410
412 322 518 386 239

1546 317 1925 379 SYMEONIS
1959 318 2548 381 ΜΕΤΑΡΗΒΑΒΤᾹΞ

3564 317 3672 382 240

480 430 570 486 55.
613 427 850 502 Singulis
879 429 1040 484 annis
1070 429 1155 484 bis
1187 427 1427 500 episc0pi
1461 429 1820 493 conveniant,
1869 444 1983 498 pro-

2164 430 2256 483 λε’.
2327 429 2417 491 Δὶς
2485 427 2602 482 κατ’
2671 424 2787 490 ἔτος
2858 428 2907 481 οἱ
2973 427 3262 482 ἐπίσκοποι
3339 430 3672 488 συνιέτωσαν

409 537 531 599 pter
559 526 808 596 dogmata
853 533 908 577 et
951 524 1188 591 negotia.
1240 521 1482 576 Primum
1527 520 1748 590 quidem
1798 529 1989 589 quarta

409 621 761 676 Pentecostes
802 616 1164 681 liebdomada,
1214 615 1457 671 secundo
1502 628 1634 672 vero
1666 613 1990 669 duodecima

407 707 680 763 Octobris.

479 800 570 854 56.
614 797 919 868 Episcopus
951 812 1039 852 res
1069 795 1332 851 Ecclesiae
1359 809 1484 850 cum
1516 802 1788 866 potestate
1816 793 1990 848 admi-

405 891 620 945 nistret.

373 1021 380 1026 -
475 983 566 1038 57.
608 983 758 1037 Nihil
788 982 1089 1052 quidquam
1115 976 1551 1047 consanguineo,
1583 976 1688 1030 nisi
1730 984 1987 1044 tanquam

404 1074 630 1144 pauperi
665 1073 922 1141 largiens.

472 1166 562 1221 38.
595 1166 819 1234 Absque
854 1165 1116 1234 episcopo
1152 1163 1288 1217 nihil
1318 1162 1450 1217 facit
1480 1160 1764 1231 presbyter
1792 1165 1849 1213 et
1871 1156 1988 1212 dia-

402 1273 594 1314 conus.
629 1256 845 1311 Etenim
878 1255 984 1327 ipsi
1012 1255 1248 1326 populus
1271 1253 1515 1309 creditus
1544 1261 1646 1307 est.

471 1435 562 1491 39.
608 1434 717 1490 Res
756 1433 824 1488 ad
857 1430 1158 1487 Ecclesiam
1201 1439 1256 1485 et
1295 1428 1613 1498 episcopum
1648 1427 1986 1497 pertinentes

401 1527 704 1582 manifestae
733 1533 972 1587 exstent,
1024 1529 1085 1574 ut
1130 1530 1186 1575 et
1223 1520 1514 1589 episcopus
1543 1528 1792 1584 testetur,
1823 1531 1986 1590 atque

401 1617 641 1674 Ecclesia
673 1616 881 1670 nullum
909 1614 1173 1668 damnum
1197 1610 1454 1680 accipiat.

2093 521 2181 573 δια
2231 522 2300 574 τὰ
2343 521 2608 589 δόγματα,
2644 520 2740 573 καὶ
2768 519 2836 573 τὰ
2883 519 3186 589 πράγματα
3213 539 3225 552 ·
3287 521 3502 591 πρῶτον
3549 525 3670 593 μὲν,

2095 617 2162 685 τῇ
2222 615 2457 684 τετάρτῃ
2515 614 2613 682 τῆς
2685 614 3066 684 [Ιεντηκοστῆς
3112 613 3408 684 ἑϐδομάδισ
3459 617 3524 686 τῇ
3591 616 3672 681 δὲ,

2093 706 2516 776 ὑπερϐερεταίῃ,
2547 705 2822 776 δωδεκάτῃ
2845 705 2904 758 τὸ
2934 705 3208 775 δεύτερον.

2162 797 2271 859 λς’.
2303 794 2584 848 Διοικείτω
2641 795 2780 864 μετὰ
2837 794 3035 864 κυρίας
3088 793 3156 846 τὰ
3199 793 3301 864 τῆς
3344 793 3676 866 Ἐκκλησίας

2089 890 2117 941 ὁ
2146 888 2442 950 ἐπίσκοπος
2470 888 2793 958 πράγματα.

2160 980 2258 1044 λζ’.
2315 981 2463 1049 Μήτι
2522 979 2730 1034 τούτων
2780 982 3054 1047 συγγενεῖ,
3090 980 3121 1051 ἢ
3156 981 3231 1044 ὡς
3271 983 3465 1050 πένητι
3517 999 3676 1052 χαρι-

2091 1070 2340 1141 ζόμενος.

2161 1160 2264 1233 λη’.
2329 1165 2498 1233 Ἀτερ
2547 1162 2848 1216 ἐπισκόπου
2908 1164 3054 1215 ποιεῖ
3113 1162 3485 1233 πρεσϐύτερος
3524 1163 3678 1216 οὐδὲν

2090 1255 2185 1308 καὶ
2239 1255 2525 1320 διάκονος⁶
2588 1256 2683 1309 καὶ
2757 1258 2866 1326 γὰρ
2946 1251 3100 1318 οὗτος
3174 1256 3534 1310 πεπίστευται
3585 1257 3678 1310 τὸν

2088 1348 2236 1402 λαόν.

2159 1437 2257 1492 λθ’.
2302 1439 2382 1490 Τὰ
2422 1439 2519 1508 τῆς
2584 1438 2934 1510 Ἐκκλησίας,
2991 1439 3087 1491 καὶ
3144 1438 3211 1491 τὰ
3245 1438 3340 1490 τοῦ
3372 1438 3677 1492 ἐπισκόπου

2089 1529 2406 1600 προκείσθω
2473 1530 2779 1600 πράγματα
2836 1529 3049 1600 φανερὰ
3084 1544 3097 1558 '
3161 1528 3247 1581 ἵνα
3305 1531 3400 1581 καὶ
3465 1531 3494 1581 ὁ
3551 1530 3679 1582 ἐπί-

2091 1637 2294 1682 σκοπος
2355 1619 2698 1690 διατίθηται,
2755 1617 2848 1672 καὶ
2901 1617 3040 1688 μένῃ
3095 1617 3127 1688 ή
3189 1614 3486 1686 Ἐκκλησία
3543 1618 3679 1687 ἀζή-

2094 1729 2238 1782 μιος.

462 1803 551 1858 ’ίθο
597 1800 900 1872 Ενὶεοορυε
918 1805 1246 1868 Ροιθειθιθω
1274 1794 1476 1850 habeat
1496 1809 1661 1864 super
1693 1808 1780 1849 res
1806 1793 1983 1848 ecc‘e‘
2013 1765 2062 1825 B
2094 1765 2106 1782 ι
2163 1765 2238 1874 μί.
2297 1804 2691 1870 Ἐξουσιαζέτω
2747 1802 2854 1856 τῶν
2911 1800 3386 1872 ἐκκλησιαστικῶν
3459 1801 3488 1853 ὁ
3553 1799 3676 1852 ἐπί-

399 1899 662 1963 siasticas,
705 1912 829 1952 cum
887 1910 1008 1950 eam
1063 1908 1232 1963 super
1289 1891 1502 1946 animas
1532 1890 1779 1944 habeat:
1817 1899 1981 1960 atque

398 1991 577 2047 omnia
605 1991 759 2060 juxta
791 1988 1031 2043 divinam
1065 1985 1403 2040 voluntatem
1430 1982 1798 2037 administret.

467 2085 558 2138 41.
603 2081 874 2137 Sacerdos
930 2079 1137 2132 aleator
1187 2084 1352 2145 atque
1425 2074 1710 2141 ebriosus,
1766 2075 1813 2129 si
1869 2088 1980 2128 non

399 2176 627 2240 desinat,
665 2174 991 2242 deponatur.

459 2271 552 2325 42.
599 2266 844 2322 Clericus
885 2271 941 2317 et
976 2260 1148 2316 laicus
1181 2261 1383 2317 similia
1420 2259 1630 2316 faciens
1659 2272 1980 2315 excommu-

397 2361 632 2416 nicatur.

467 2453 557 2508 4‘5.
601 2448 868 2506 Sacerdos
899 2446 1076 2502 mutui
1122 2461 1319 2504 usuras
1345 2446 1596 2518 exigens,
1628 2445 1734 2501 nisi
1763 2443 1981 2500 desinat

396 2544 740 2602 Jeturbetur.

465 2639 555 2694 44.
598 2635 703 2703 Qui
751 2651 878 2691 cum
931 2633 1211 2690 haereticis
1256 2639 1378 2688 orat
1416 2630 1924 2686 excommunicatur
1963 2647 1976 2683 :

395 2731 486 2802 qui
513 2745 645 2785 vero
676 2729 779 2782 hos
815 2725 1049 2782 clericos
1063 2724 1365 2790 existimat,
1394 2723 1564 2794 gradu
1595 2730 1871 2778 movetur.

459 2823 550 2880 l5.
602 2821 873 2878 Sacerdos
919 2819 1193 2889 baptisma
1258 2827 1314 2873 et
1359 2815 1692 2872 sacriﬁcium
1758 2815 1981 2872 haereti-

394 2932 579 2972 corum
621 2914 919 2985 recipiens,
951 2910 1261 2966 sacerdotio
1297 2909 1554 2981 indignus
1591 2917 1692 2964 est.

459 3009 550 3066 46.
593 3009 698 3075 Qui
731 3021 860 3062 vere
897 3004 1234 3074 baptizatum
1268 3003 1452 3057 denuo
1479 3002 1741 3072 baptizat,
1766 3015 1830 3056 ac
1853 3016 1982 3057 eum

2093 1913 2293 1961 σκοπος
2359 1900 2725 1970 πραγμάτων,
2786 1900 2882 1952 καὶ
2957 1899 3065 1952 τῶν
3121 1897 3308 1967 ψυχῶν
3379 1896 3523 1967 γάρ·
3581 1897 3677 1950 καὶ

2088 1991 2359 2045 διοικείτω
2391 1991 2570 2045 πάντα
2599 1991 2743 2045 κατὰ
2771 1992 2868 2062 τὴν
2895 1990 3045 2044 θείαν
3071 1991 3388 2062 ἀρέσκειαν.

2163 2080 2274 2151 μα’.
2329 2081 2388 2134 Ὀ
2441 2081 2710 2152 κυϐιστὴς
2763 2082 2858 2136 καὶ
2925 2081 3188 2152 πάροινος
3253 2078 3458 2149 ἱερεὺς,
3517 2079 3566 2131 εί
3613 2079 3674 2131 ού

2090 2173 2274 2240 παύει,
2309 2173 2636 2245 καθῄρηται.

2163 2267 2271 2337 μϐ’.
2325 2267 2626 2338 Κληρικὸς,
2682 2266 2777 2321 καὶ
2832 2267 3039 2334 λαῖκδς,
3104 2269 3174 2322 τὰ
3207 2270 3368 2340 ὅμοια
3420 2269 3677 2340 πράττων

2088 2360 2436 2428 ἀφορίζεται.

2163 2451 2272 2523 μγ’.
2312 2454 2515 2517 Τόκους
2546 2454 2796 2507 ἁπαιτῶν
2825 2453 3040 2508 δανείου
3085 2455 3282 2526 ἱερεὺς,
3309 2455 3359 2510 εί
3391 2455 3454 2508 οὐ
3489 2451 3674 2516 παύει,

2089 2545 2422 2616 καθῄρηται.

2163 2636 2272 2707 μδ’.
2344 2639 2403 2692 '0
2460 2639 2858 2710 συνευχόμενος
2925 2641 3224 2711 αἱρετικοῖς
3301 2639 3622 2710 ἀφορίζεται
3658 2654 3675 2670 ·

2089 2730 2518 2800 καθαιρεῖταιδέ
2556 2733 2583 2784 ὁ
2619 2732 2916 2801 κληρικοὺς
2941 2731 3166 2796 τούτους
3203 2733 3528 2803 ἡγούμενος.

2162 2827 2265 2892 με’.
2317 2821 2614 2891 Βάπτισμα
2664 2827 2758 2876 καὶ
2791 2821 2981 2876 θυσίαν
3037 2823 3334 2894 αἱρετικῶν
3386 2822 3680 2894 δεξάμενος

2090 2913 2272 2979 ἱερεὺς
2311 2913 2551 2984 ἀνίερος.

2164 3001 2282 3073 μς·’.
2331 3004 2391 3056 Ὀ
2436 3004 2826 3069 ἁναϐαπτίζων
2879 3004 2972 3058 τὸν
3009 3005 3180 3069 ὅντως
3217 3005 3676 3077 βεϐαπτισμένον⁹

392 3100 482 3169 qui
517 3097 800 3169 impietate
832 3092 1072 3164 pollutus
1104 3099 1191 3146 est
1223 3105 1335 3146 non
1366 3091 1692 3161 rebaptizat,
1722 3091 1980 3146 sacerdos

2091 3101 2296 3171 καὶμὴ
2349 3101 2739 3166 ἀναϐαπτίζων
2792 3102 2886 3157 τὸν
2939 3102 3356 3175 μεμολυσμένον
3395 3104 3677 3170 ἀσεϐόθεν,

392 3207 498 3247 non
536 3199 620 3244 est
650 3187 954 3242 habendus.

460 3283 554 3336 47.
596 3278 886 3333 Sarcularis
918 3276 1200 3347 propriam
1231 3288 1459 3329 uxorem
1489 3272 1740 3343 eiiciens,
1783 3272 1977 3326 aliam-

391 3391 496 3447 que
523 3381 618 3428 aut
663 3370 951 3426 dimissam
987 3369 1198 3423 ducens
1219 3407 1234 3432 ,
1275 3366 1842 3422 excommunicandus
1873 3374 1975 3421 est.

460 3465 552 3519 48.
588 3462 692 3528 Qui
733 3477 844 3516 non
877 3461 1118 3530 baptizat
1168 3462 1222 3514 in
1259 3457 1502 3521 Patrem,
1552 3467 1608 3512 et
1648 3457 1880 3522 Filium,
1919 3464 1975 3511 et

391 3555 658 3627 Spiritum
721 3561 1002 3616 sanctum,
1044 3550 1142 3606 sed
1201 3549 1602 3620 transgreditur
1655 3547 1789 3602 illud
1837 3563 1980 3618 pra:-

391 3658 628 3720 ceptum,
663 3644 969 3701 sacerdotio
1002 3643 1153 3715 fungi
1188 3658 1297 3697 non
1330 3642 1512 3697 debet.
1664 3701 1666 3703 ς

458 3742 547 3797 49.
589 3739 692 3806 Qui
725 3754 832 3794 non
885 3737 1060 3792 tribus
1087 3735 1268 3790 initiat
1299 3733 1669 3790 mersionibus
1695 3752 1708 3789 :
1738 3736 1834 3789 sed
1863 3750 1980 3790 “una

391 3850 445 3888 m
483 3832 698 3888 Domini
729 3839 984 3894 mortem,
1021 3828 1168 3898 quod
1196 3827 1466 3883 Dominus
1492 3843 1600 3884 non
1633 3827 1856 3893 dixerit,
1885 3844 1973 3883 sa-

391 3925 639 3982 cerdotio
669 3926 977 3980 movendus
1000 3931 1105 3978 est.

463 4026 552 4080 50.
583 4022 775 4079 Omnis
822 4022 1058 4077 clericus
1104 4037 1134 4075 a
1183 4019 1392 4090 nuptiis
1432 4028 1487 4074 et
1535 4034 1702 4074 carne
1753 4027 1807 4073 et
1853 4017 1983 4072 vino

391 4120 740 4180 abhorrens,
799 4115 842 4169 si
890 4131 1004 4169 non
1069 4114 1414 4178 emendetur,
1471 4113 1829 4182 expellendus
1876 4120 1979 4166 est.

465 4223 555 4276 5|.
589 4219 694 4285 Qui
746 4216 1142 4288 paenitentibus
1189 4231 1299 4269 non
1354 4213 1612 4285 ignoscit,
1657 4213 1774 4284 ipse
1823 4214 1980 4269 venia

393 4313 671 4385 indignior
702 4325 808 4369 est.
835 4324 846 4378 ς

464 4417 553 4472 52.
599 4417 867 4474 Sacerdos
915 4433 945 4472 a
997 4417 1129 4474 vino
1161 4426 1218 4472 et
1257 4412 1515 4470 carnibus
1540 4411 1846 4477 abstinens,
1878 4410 1983 4464 nisi

392 4509 802 4566 exercitationis
834 4526 1020 4577 causa,
1063 4509 1384 4580 deponitur.

465 4616 556 4672 53.
583 4615 830 4671 Clericus
851 4616 986 4671 citra
1013 4615 1227 4670 itineris
1245 4612 1634 4668 necessitatem
1659 4613 1714 4666 in
1739 4627 1988 4682 caupona

393 4707 755 4773 manducans,
808 4704 1178 4777 segregandus
1211 4714 1318 4769 est.

465 4806 555 4860 54.
597 4804 843 4860 Clericus
865 4805 1067 4874 injuria
1095 4803 1339 4860 alliciens
1361 4805 1682 4876 episcopum
1705 4804 1986 4875 dejicitur.

461 4904 550 4959 55.
595 4903 886 4975 Presbyter
913 4918 1044 4958 vero
1071 4912 1128 4958 et
1155 4903 1422 4958 diaconus
1453 4901 1985 4957 excommunicatur.

465 5008 556 5064 56.
599 5007 864 5063 Similiter
913 5015 1097 5062 autem
1143 5006 1236 5076 qui
1289 5005 1542 5072 surdum,
1597 5004 1880 5071 claudum,
1933 5014 1989 5059 et

394 5117 601 5159 caecum
637 5101 850 5157 cavillis
876 5101 1199 5156 insectatur.

465 5208 556 5262 57.
603 5205 908 5277 EpiscOpus
960 5205 1220 5276 pietatem
1270 5220 1377 5258 non
1424 5204 1628 5259 docens
1668 5219 1988 5258 excommu-

396 5299 615 5354 nicatur
649 5315 661 5351 :
697 5298 992 5367 deponitur
1021 5313 1153 5351 vero
1189 5296 1235 5351 si
1270 5303 1588 5366 perseveret
1617 5311 1727 5348 non
1765 5295 1986 5348 docere.

471 5398 562 5453 58.
599 5399 660 5452 ln
699 5398 962 5453 clericum
993 5396 1178 5466 inopia
1213 5395 1575 5461 laborantem,
1623 5396 1667 5449 si
1710 5410 1767 5449 se
1816 5395 1988 5449 bene-

402 5489 566 5543 ficum
631 5506 741 5543 non
792 5498 1017 5559 prmstet
1077 5490 1362 5553 sacerdos,
1433 5486 1988 5542 excommunicatur:

404 5581 699 5651 deponitur
733 5596 866 5638 vero
918 5583 964 5636 si
1007 5581 1400 5636 immisericors
1433 5589 1740 5650 permanet.

477 5679 565 5732 59.
592 5678 700 5744 Qui
733 5679 884 5750 impii
907 5679 1032 5736 libri
1063 5681 1399 5738 mentionem
1431 5679 1561 5736 facit
1607 5679 1663 5735 in
1698 5677 1986 5745 concione,

407 5769 722 5842 deponitur.

2087 3196 2203 3250 ἀνίε
2212 3213 2325 3266 ρος.

2161 3288 2267 3360 μζ.
2301 3289 2412 3359 Τὴν
2463 3289 2670 3342 οἰκείαν
2720 3287 3000 3343 ἐκϐάλλων
3027 3290 3054 3341 ὁ
3086 3290 3371 3358 κοσμικδς,
3406 3290 3499 3344 καὶ
3526 3291 3678 3357 ἄγων

2089 3379 2306 3450 ἑτέραν,
2335 3380 2826 3452 ἣάπολελυμένην,
2868 3380 3213 3452 ἀφοριστέος.

2164 3481 2276 3544 μη’.
2323 3475 2380 3526 Ὀ
2413 3475 2486 3545 μὴ
2526 3472 2803 3542 βαπτίζων
2841 3474 2922 3535 είς
2979 3472 3219 3542 Πατέρα,
3261 3472 3355 3525 καὶ
3404 3473 3554 3540 Υίὸν,
3586 3477 3680 3530 καὶ

2089 3569 2245 3637 ἆγιον
2271 3567 2518 3638 Πνεῦμα,
2554 3565 2692 3620 ἀλλὰ
2720 3565 3124 3636 παρεκϐαίνων,
3158 3566 3394 3635 ἀνίερος.

2165 3742 2272 3814 μθ’.
2313 3742 2372 3795 Ὀ
2412 3743 2487 3814 μὴ
2550 3742 2701 3811 τρισὶ
2743 3742 2896 3811 μυῶν
2954 3742 3338 3807 καταδύσεσιν,
3393 3741 3527 3796 ἀλλὰ
3582 3744 3683 3814 μιᾷ

2090 3835 2173 3900 εἰς
2221 3836 2312 3889 τὸν
2337 3835 2430 3888 τοῦ
2485 3836 2691 3906 Κυρίου
2725 3834 2974 3900 θάνατον,
3013 3835 3042 3887 ὅ
3088 3835 3164 3906 μὴ
3217 3835 3245 3889 ὃ
3271 3835 3474 3906 Κύριος
3507 3832 3684 3904 εἶπεν,

2091 3925 2207 3980 ἀνίε
2218 3942 2328 3994 ρος.

2164 4027 2226 4082 ν’.
2265 4027 2545 4097 Κληρικδς
2575 4026 2721 4089 ἄπας
2781 4029 2981 4097 γάμον,
3029 4026 3124 4079 καὶ
3174 4027 3337 4098 κρέα,
3395 4026 3493 4080 καὶ
3540 4022 3683 4083 οἶνον

2096 4119 2544 4189 βδελυσσόμενος,
2571 4119 2619 4170 εί
2651 4117 2726 4188 μὴ
2755 4118 3043 4188 διορθοῖτο,
3072 4119 3436 4190 ἐκκήρυκτος.

2167 4217 2269 4274 να’.
2315 4220 2372 4271 Ὁ
2402 4221 2514 4282 τοῖς
2570 4216 2894 4290 μετανοοῦσι
2944 4217 3021 4293 μὴ
3073 4215 3483 4288 συγγινώσκων,
3515 4217 3685 4286 ἀσυγ-

2094 4311 2366 4381 γνωστότε
2376 4328 2489 4380 ρος.
2715 4315 2720 4318 ’

2166 4412 2265 4467 νϐ’.
2329 4412 2421 4482 Μὴ
2463 4411 2901 4482 μεταλαμϐάνων
2935 4411 3113 4482 ἱερεὺς
3153 4412 3296 4465 οἴνου
3345 4410 3441 4465 καὶ
3484 4410 3684 4483 κρεῶν,

2022 4497 2064 4550 1)
2095 4507 2142 4559 εἰ
2179 4506 2252 4576 μὴ
2289 4504 2356 4557 δι’
2386 4506 2645 4574 ἄσκησιν,
2673 4505 3007 4576 καθῄρηται.

2164 4615 2262 4678 νγ¹.
2315 4609 2374 4660 Ὀ
2409 4607 2531 4677 δίχα
2569 4607 2670 4676 τῆς
2703 4608 2846 4662 κατὰ
2901 4608 3087 4678 τρίϐον
3129 4608 3378 4679 ἀνάγκης
3424 4607 3684 4678 κληρικδς

2093 4703 2172 4764 εἰς
2211 4701 2512 4771 καπηλεῖον
2545 4700 2762 4764 ἐσθίων,
2802 4703 3150 4771 ἁφοριστέος.

2163 4803 2256 4856 νδ¹.
2300 4802 2570 4873 ’Υϐρίζων
2611 4803 2913 4856 ἐπίσκοπον
2946 4803 3208 4873 κληρικὸς
3240 4805 3608 4871 καθαιρεῖται.

2164 4901 2261 4956 νε’.
2291 4905 2675 4975 Πρεσϐύτερος
2705 4905 2761 4958 δὲ
2793 4905 2887 4958 καὶ
2918 4904 3168 4970 διάκονος
3201 4906 3544 4976 ἀφορίζεται.
3615 4909 3622 4916 “

2163 5003 2271 5071 νς’.
2329 5006 2388 5057 '0
2421 5005 2478 5058 δὲ
2539 5006 2747 5072 κωφὸν,
2807 5007 2904 5058 καὶ
2936 5006 3132 5076 χωλὸν,
3185 5009 3281 5060 καὶ
3322 5007 3524 5076 τυφλὸν
3573 5006 3688 5060 δια-

2091 5096 2370 5168 χλευάζων
2403 5095 2603 5166 ὁμοίως
2615 5133 2628 5149 .

2163 5202 2260 5267 νζ.
2305 5202 2417 5272 Τὴν
2450 5201 2736 5254 εὐσέϐειαν
2800 5201 2858 5253 οὐ
2894 5201 3161 5255 διδάσκων
3217 5202 3518 5267 ἐπίσκοπος
3580 5203 3689 5270 ἀφ-

2102 5292 2369 5366 ορίζεται,
2399 5292 2747 5364 καθαιρεῖται
2779 5294 2834 5346 δέ
2869 5295 3046 5365 μένων
3086 5295 3390 5360 ἀδίδακτος.

2164 5403 2266 5466 νη’.
2351 5397 2575 5449 Ἐπιδεᾶ
2643 5397 2908 5467 κληρικὸν
2986 5399 3168 5469 ἱερεὺς
3224 5399 3325 5452 οὐκ
3383 5397 3690 5470 εὐεργετῶν

2094 5490 2442 5562 ἀφορίζεται,
2478 5491 2828 5562 καθαιρεῖται
2859 5493 2916 5546 δὲ
2952 5493 3130 5563 μένων
3154 5493 3400 5557 ἀνέλεος.

2164 5682 2262 5740 νϐ’.
2313 5684 2576 5751 Ἀσεϐοὖς
2614 5685 2796 5742 Βίϐλον
2828 5685 3211 5758 ἐκκλησιάζων
3242 5686 3613 5760 καθαιρεῖται.
