4156 6422
435 393 542 454 2ὶό

1576 391 1876 453 SYMEON
1885 392 1958 452 IS
1999 390 2586 452 METAPHRAST£

3565 387 3676 449 2H

440 503 764 576 neopbytus.
827 503 884 560 Si
936 506 1060 574 quis
1107 511 1230 574 post
1281 503 1684 558 ordinationem
1725 504 2019 574 deliquisse

2124 502 2244 556 νίαν
2277 504 2606 572 ἁμαρτήσας
2629 500 2978 573 ἀποδειχθείη
3001 502 3035 572 ἢ
3067 499 3351 572 πρότερον,
3381 500 3410 572 ἢ
3449 499 3697 572 ὕστερον,
3778 468 3798 497 ’⁸

443 602 757 660 compertus
807 591 974 647 fuerit
1023 592 1174 662 prius
1222 600 1317 645 aut
1359 601 1570 661 postea.
1625 590 1716 646 hic
1748 592 1894 647 clero
1923 607 2018 646 ex-

441 685 694 755 pellatur.

513 776 567 830 5.
605 775 1085 850 subintroductam
1125 791 1194 830 ne
1224 774 1346 844 quis
1376 775 1571 829 habeat
1597 816 1613 840 ,
1663 783 1861 844 praeter
1903 789 2020 828 ma-

389 889 394 893 ο
444 877 584 922 trem
631 875 725 921 aut
755 882 1019 931 sororem,
1069 881 1272 937 easque
1319 881 1601 936 personas,
1649 881 1770 935 quae
1801 881 2020 920 omnem

443 957 810 1027 suspicionem
843 958 1133 1028 eil‘ugiunt.

513 1050 568 1103 ι.
615 1049 915 1118 Episcopus
959 1050 1028 1104 ab
1075 1051 1328 1105 omnibus
1371 1053 1794 1122 provincialibus
1819 1051 2022 1106 consti-

445 1140 652 1194 tuitur:
678 1140 760 1194 sin
782 1157 930 1206 vero,
955 1142 1143 1196 saltem
1170 1158 1200 1196 a
1233 1141 1426 1207 tribus,
1447 1144 1667 1214 reliquis
1693 1160 1790 1214 per
1813 1144 2020 1198 litteras

445 1233 961 1288 consentientibus:
1021 1234 1350 1305 praecipuam
1409 1244 1593 1291 tamen
1635 1237 2018 1292 auctoritatem

446 1325 900 1394 metropolitanus
933 1327 1149 1380 habeat.

519 1414 572 1468 5.
614 1416 718 1480 Qui
749 1417 816 1472 ab
847 1417 964 1470 aliis
992 1418 1443 1472 cxcommunicati
1492 1427 1639 1480 sunt,
1693 1417 1761 1473 ab
1804 1417 1926 1472 aliis
1953 1433 2022 1473 ne

447 1506 839 1576 suscipiantur,
885 1518 1246 1577 praaterquam
1283 1511 1326 1563 si
1389 1518 1615 1578 propter
1656 1510 2022 1578 pusillanimi-

445 1609 636 1661 tatem,
671 1609 764 1653 aut
789 1601 1215 1666 contentionem,
1239 1609 1331 1656 aut
1357 1602 1486 1672 quid
1510 1601 1776 1672 ejusmodi
1805 1616 2023 1657 excom-

445 1689 744 1742 municatio
775 1689 918 1743 facta
951 1689 1134 1744 fuerit.

518 1780 569 1834 6.
608 1781 1006 1836 Alexandrinus
1031 1782 1319 1852 episcopus
1357 1797 1521 1851 super
1552 1781 1844 1854 Egyptum
1872 1826 1887 1849 ,
1931 1782 2020 1837 Li-

2121 589 2277 660 οὒτος
2308 592 2610 647 πεπαύσθω
2631 591 2722 647 τοῦ
2754 593 2984 665 κλήρου.

2190 773 2260 840 γ’.
2309 774 2668 827 Ἐπείσακτον
2719 773 2882 844 μήτις
2939 773 3148 843 ἐχέτω.
3215 773 3419 844 μητρὸς
3469 773 3612 844 δίκαν
3665 773 3703 844 ἢ

2121 865 2379 933 ἀδελφῆς.
2411 865 2506 918 καὶ
2537 865 2644 919 τῶν
2674 865 2982 936 προσώπων
3012 863 3047 918 ἃ
3067 867 3248 918 πᾶσαν
3285 866 3521 935 ὑποψίαν
3561 866 3706 919 ἀπο·

2120 955 2417 1025 διδράσκει.

2192 1044 2254 1099 δ’.
2281 1047 2612 1110 Ἐπίσκοπος
2645 1045 2749 1099 ὑπὸ
2782 1045 3004 1099 πάντων
3038 1045 3148 1098 τῶν
3174 1045 3537 1115 ἐπαρχιωτῶν
3570 1047 3704 1100 καθα

2126 1135 2360 1188 ίσταται.
2388 1137 2450 1188 ΕΞ
2480 1137 2536 1188 δὲ
2570 1135 2664 1206 μὴ,
2722 1137 2860 1198 τέως
2905 1134 3095 1207 τριῶν,
3134 1135 3244 1188 τῶν
3274 1135 3584 1190 ὑπολοίπων
3616 1137 3706 1191 διὰ

2125 1233 2472 1302 γραμμάτων
2515 1231 2819 1301 γινομένων
2852 1231 3196 1302 συμψήφωνθ
3247 1230 3308 1284 τὸ
3341 1230 3529 1302 μέντοι
3559 1233 3704 1304 κρά-

2121 1338 2215 1384 τος
2237 1324 2264 1374 ὁ
2291 1322 2692 1392 μητροπολίτης
2719 1322 2913 1392 ἐχέτω.

2195 1419 2255 1465 ε’.
2286 1413 2348 1464 Οἱ
2399 1411 2468 1464 δι’
2518 1414 2720 1482 ἐτέρων
2774 1411 3182 1482 ἀφοριζόμενοι,
3234 1411 3327 1481 ὑφ’
3368 1411 3572 1483 ἐτέρων
3622 1413 3704 1482 μὴ

2128 1503 2638 1575 προσδεχέσθωσαν,
2696 1503 2838 1574 πλὴν
2886 1506 2935 1557 εί
2981 1505 3056 1574 μὴ
3097 1503 3188 1557 διὰ
3244 1503 3704 1575 μικροψυχίαν,ἢ

2126 1597 2482 1665 φιλονεικίαν,
2518 1597 2626 1667 ᾕτι
2661 1595 2901 1649 τοιοῦτον
2929 1597 2957 1649 ό
2975 1597 3282 1668 ἀφορισμδς
3313 1597 3559 1666 γέγονεν.

2200 1777 2271 1844 ς’.
2309 1778 2608 1846 Αἰγύπτου,
2662 1778 2757 1831 καὶ
2800 1777 3029 1846 Λιϐύης,
3077 1778 3173 1831 καὶ
3215 1776 3628 1839 Πενταπόλεως.
3672 1778 3704 1830 ὁ

446 1867 626 1939 byam,
663 1880 719 1924 et
746 1845 1082 1940 Pentapolim
1111 1845 1437 1940 potestatem
1467 1845 1708 1927 habeat;
1739 1881 1792 1928 et
1825 1845 2019 1928 Itoma-

2137 1845 2520 1938 Ἀλεξανδρεὺς
2570 1867 2738 1937 ἐχέτω
2782 1867 2882 1938 τὴν
2932 1845 3216 1931 ἐξουσίαν’
3260 1867 3358 1919 καὶ
3407 1868 3436 1920 ό
3481 1864 3706 1935 Ῥώμης

447 1975 555 2014 nus
590 1977 756 2030 super
787 1977 881 2016 eos
905 1962 996 2031 qui
1029 1962 1213 2018 Romae
1247 1963 1448 2018 subditi
1479 1973 1625 2019 sunt.
1666 1964 1794 2020 ltem
1831 1966 2023 2022 Antio-

447 2050 679 2114 chenus,
710 2051 911 2121 aliique
940 2067 1106 2122 super
1143 2055 1244 2109 sibi
1273 2055 1568 2124 subiectos.

520 2143 574 2196 7.
616 2142 673 2197 Si
705 2144 827 2213 quis
857 2145 1146 2214 episcopus
1173 2145 1309 2200 citra
1343 2147 1500 2216 primi
1521 2148 1848 2202 sententiam
1869 2164 2022 2204 crea-

447 2244 538 2287 tus
574 2232 770 2296 fuerit,
818 2249 888 2289 ne
943 2235 1015 2289 sit
1061 2237 1370 2306 episcopus.
1429 2235 1720 2293 Multorum
1767 2239 2023 2310 suﬂ‘ragio

446 2325 750 2380 secundum
782 2341 1046 2379 canonem
1079 2327 1186 2380 lato
1216 2327 1258 2380 si
1291 2336 1400 2383 tres
1422 2327 1588 2397 aliqui
1620 2329 2020 2395 contradicunt,

446 2431 638 2472 eorum
675 2416 948 2471 sententia
981 2417 1129 2471 irrita
1157 2417 1246 2471 sit.

517 2507 573 2562 8.
615 2508 918 2578 Episcopus
943 2508 1101 2564 Elite
1133 2508 1451 2577 honoretur,
1492 2517 1706 2565 servata
1733 2509 2022 2581 metropoli

445 2599 709 2670 dignitate
742 2615 860 2655 sua.

515 2690 569 2746 9.
609 2691 861 2747 Haeretici
888 2691 1129 2758 Catltari,
1164 2693 1216 2748 id
1243 2704 1328 2748 est
1373 2694 1494 2764 puri
1537 2693 1667 2749 dicti
1699 2694 2023 2750 accedentes

442 2783 679 2853 primum
724 2785 1081 2854 proﬁteantur
1122 2801 1180 2840 se
1213 2786 1469 2842 Ecclesiae
1513 2786 1888 2843 {unctionibus
1929 2804 2020 2844 as-

446 2888 728 2936 sensuros,
778 2889 841 2930 ac
869 2889 991 2928 cum
1022 2875 1251 2945 ltigamis
1275 2876 1791 2947 communicaturos,
1825 2877 2022 2947 lapsis-

445 2981 554 3036 que
585 2967 800 3021 veniam
836 2967 1233 3036 impertituros.
1294 2967 1372 3022 Ac
1422 2968 1466 3022 si
1518 2968 1610 3037 qui
1665 2968 1902 3023 ordinati
1932 2983 2018 3022 re-

444 3055 746 3125 periantur,
797 3056 908 3110 sint
955 3057 1012 3110 in
1053 3057 1247 3111 eodem
1293 3057 1506 3123 ordine,
1549 3056 1783 3126 exempli
1828 3056 2019 3126 gratia,

2125 1961 2234 2012 τῶν
2269 1961 2376 2012 ὑπὸ
2415 1958 2638 2029 Ῥώμην
2658 1997 2674 2024 ,
2712 1960 2808 2012 καὶ
2839 1961 2890 2012 οἱ
2918 1959 2976 2011 ἐν
3015 1957 3318 2028 Ἀντιοχείᾳ
3338 1995 3354 2024 ,
3391 1958 3484 2010 καὶ
3512 1958 3560 2009 οι
3591 1955 3706 2008 λοι-

2125 2053 2220 2105 πο).
2245 2051 2353 2106 τῶν
2387 2051 2626 2104 οίκείων.

2196 2143 2262 2208 ζ’.
2303 2143 2374 2198 Εἰ
2417 2161 2500 2208 τις
2531 2144 2587 2198 δὲ
2621 2141 2918 2206 ἐπίσκοπος
2946 2146 3046 2214 τῆς
3079 2142 3174 2196 τοῦ
3203 2141 3421 2214 πρώτου
3453 2141 3576 2214 δίχα
3607 2145 3705 2210 γέ-

2123 2253 2281 2306 νηται
2304 2235 2552 2306 γνώμης,
2584 2235 2658 2306 μὴ
2693 2236 2833 2289 ἔστω
2880 2235 3212 2298 ἐπίσκοποςο
3257 2235 3349 2286 ἐπὶ
3383 2235 3440 2286 δὲ
3463 2233 3560 2301 τὴν
3596 2233 3706 2286 τῶν

2124 2327 2335 2382 πολλῶν
2370 2329 2550 2397 ψῆφον
2581 2327 2878 2398 γινομένην
2909 2327 3052 2380 κατὰ
3097 2327 3319 2392 κανόνα,
3367 2326 3416 2378 εἰ
3443 2329 3590 2397 τρεῖς
3623 2343 3706 2378 τι·

2123 2436 2212 2482 νες
2240 2418 2598 2486 ἀντιλέγοιεν,
2626 2413 2736 2471 εἷεν
2768 2418 3044 2473 ἀΰέϐαιοι.

2197 2516 2266 2581 η’.
2312 2510 2374 2565 ’0
2405 2510 2702 2574 ἐπίσκοπος
2734 2509 2922 2574 Λίλίας
2954 2508 3238 2581 τιμάσθω,
3294 2509 3604 2580 σωζομένου
3633 2510 3702 2582 τῇ

2126 2601 2458 2672 μητροπόλει
2492 2601 2586 2655 τοῦ
2613 2603 2786 2673 αὐτῆς
2815 2601 3146 2672 ἀξιώματος.

2197 2693 2261 2747 θ’.
2296 2693 2358 2746 Oi
2391 2694 2622 2764 καθαροὶ
2651 2694 3104 2766 προσερχόμενοι,
3153 2694 3369 2765 πρῶτον
3414 2693 3702 2763 ὁμολογεῖ-

2122 2801 2328 2850 τωσαν,
2385 2785 2468 2838 ὅτι
2523 2787 2882 2856 συνθήσονται
2938 2789 3051 2848 τοῖς
3099 2785 3558 2856 τῆςἘκκλησίας
3615 2785 3705 2838 θε-

2127 2877 2316 2946 σμοῖς⁹
2363 2878 2459 2930 καὶ
2491 2878 2884 2949 κοινωνήσουσι
2933 2878 3209 2948 διγάμοις,
3273 2877 3368 2931 καὶ
3415 2878 3704 2948 συγχωρή-

2128 2988 2282 3025 σουσι
2315 2971 2428 3032 τοῖς
2473 2971 2786 3024 πεπτωκόσι
2811 2985 2825 3000 ⁸
2881 2972 2976 3024 καὶ
3010 2970 3184 3034 οὕτως
3235 2973 3284 3024 οἱ
3315 2970 3704 3040 εὑρισκόμενοι

2127 3062 2628 3132 κεχειροτονημένοι
2665 3064 2722 3115 ἐν
2754 3060 2833 3131 τῷ
2872 3061 3021 3132 αὐτῷ
3055 3061 3316 3131 τάγματι.
3363 3053 3508 3124 Οἷον,
3545 3061 3572 3113 ὁ
3606 3058 3705 3128 μὲν

443 3147 534 3218 qui
566 3162 688 3202 vcre
714 3155 800 3202 est
826 3149 1134 3218 episcopus,
1157 3151 1228 3203 sit
1256 3149 1575 3217 episcopus:
1602 3149 1695 3217 qui
1728 3165 1856 3203 vero
1879 3147 2019 3218 apud

2127 3153 2333 3223 κυρίως
2364 3153 2683 3218 ἐπίσκοπος,
2716 3153 2803 3222 εἴη
2831 3154 3127 3216 ἐπίσκοπος
3151 3169 3163 3181 ·
3217 3155 3244 3206 ό
3300 3153 3358 3206 δὲ
3415 3153 3564 3222 παρά
3594 3151 3703 3214 τοϊς

445 3237 710 3293 (latitaros
743 3249 825 3294 est
853 3241 1168 3310 episcopus,
1200 3241 1270 3295 sit
1291 3242 1736 3310 chorcpiscopus,
1769 3241 1854 3295 vel
1893 3257 2020 3310 prc-

445 3333 648 3402 sbyteri
679 3340 774 3386 aut
817 3333 1056 3402 episcopi
1101 3333 1310 3387 honore
1351 3332 1604 3401 gaudeat.
1650 3331 1842 3402 Neque
1874 3332 2020 3388 enim

445 3423 553 3476 duo
581 3431 745 3476 erunt
775 3422 827 3474 in
857 3438 963 3476 una
992 3423 1126 3476 urbe
1156 3423 1418 3492 episcopi,

513 3514 600 3569 10.
644 3512 745 3580 Qui
778 3515 898 3569 sine
931 3514 1336 3570 examinatione
1369 3514 1716 3580 ordinantur,
1767 3516 1813 3571 si
1860 3515 2019 3571 dein-

442 3618 571 3674 ceps
597 3603 780 3658 delicti
810 3613 1127 3675 arguantur,
1169 3619 1200 3658 e
1225 3604 1393 3675 gradu
1419 3605 1802 3661 deturbeutur.

513 3697 600 3751 ll.
644 3695 968 3767 Quicunque
995 3712 1062 3752 ex
1099 3697 1266 3766 lapsis
1299 3697 1530 3752 ordinati
1561 3708 1710 3761 sunt,
1735 3715 1832 3768 per
1863 3698 2020 3770 igno-

441 3790 671 3845 rantiam
721 3799 817 3844 aut
873 3790 1364 3846 dissimulationem
1391 3805 1581 3847 eorum
1622 3791 1713 3862 qui
1746 3805 1841 3846 eos
1869 3791 2021 3847 ordi-

440 3892 659 3948 narunt,
687 3885 1052 3954 deponantur.

512 3972 600 4025 12.
641 3972 742 4037 Qui
799 3971 916 4027 sine
953 3974 1283 4029 necessitate
1345 3974 1666 4045 transgressi
1709 3981 1873 4036 sunt,
1915 3973 2018 4028 etsi

442 4059 599 4114 venia
638 4061 748 4114 sint
790 4060 1014 4130 indigni,
1065 4062 1278 4116 veniam
1308 4073 1492 4118 tamen
1533 4063 1772 4134 aliquam
1822 4078 2018 4118 conse-

439 4152 551 4206 cuti
582 4152 868 4206 duodecim
898 4169 1074 4208 annos
1099 4169 1218 4209 sese
1249 4156 1599 4211 submittant.

511 4244 600 4298 1⁵5.
643 4242 744 4309 Qui
773 4243 880 4298 vim
917 4246 1060 4315 passi
1089 4263 1152 4302 ac
1178 4249 1444 4304 restitisse
1476 4249 1575 4303 visi
1603 4257 1730 4304 sunt
1759 4268 1772 4304 :
1820 4248 2019 4304 deinde

442 4333 704 4402 impiutati
733 4346 1135 4391 consenserunt
1159 4353 1222 4391 ac
1246 4339 1609 4407 resipuerunt,
1638 4339 1825 4410 decem
1846 4355 2018 4395 annos

441 4424 1006 4478 excommunicantur.
1057 4427 1526 4482 Considerandum
1565 4438 1647 4486 est
1675 4431 1730 4484 in
1761 4433 2016 4487 omnibus

2126 3243 2388 3314 καθαροῖς
2423 3243 2803 3312 ἐπίσκοπος,ἢ
2839 3244 3257 3312 χωρεπίσκοπος
3285 3242 3461 3305 ἔσται,
3505 3241 3537 3307 ἢ
3571 3257 3700 3309 πρε-

2126 3333 2392 3405 σϐυτέρου
2435 3334 2623 3404 τιμὴν,
2668 3333 2702 3402 ἢ
2751 3333 3052 3384 ἐπισκόπου
3111 3329 3419 3400 κεκτήσθω.
3482 3329 3558 3382 Οὐ
3589 3327 3701 3399 γὰρ

2123 3423 2339 3477 ἔσονται
2373 3423 2466 3476 δύο
2490 3427 2570 3486 είς
2601 3423 2728 3492 μίαν
2753 3421 2908 3474 πόλιν
2937 3421 3248 3476 ἐπίσκοποι.

2197 3513 2248 3570 ι’.
2278 3517 2342 3569 Oi.
2368 3516 2739 3581 ἀνεξετάστως
2771 3509 3269 3585 χειροτονοὺμενοι,
3307 3514 3355 3566 εί
3388 3513 3515 3583 ἑξῆς
3549 3513 3674 3582 ἐλέγ

2123 3623 2301 3678 χοιντο
2325 3607 2404 3659 ὅτι
2427 3607 2694 3676 ἥμαρτον,
2727 3604 2870 3658 οὕτω
2901 3603 3328 3658 πεπαύσθωσαν.

2196 3704 2284 3752 ια’.
2317 3697 2379 3750 ΟΞ
2407 3695 2972 3766 παραπεπτωκότεςῆ
3015 3696 3230 3766 ἀγνοίᾳ,
3281 3695 3312 3766 ἢ
3351 3697 3550 3762 γνώσει
3592 3693 3700 3748 τῶν

2123 3790 2647 3860 χειροτονησάντων,
2676 3788 3067 3860 προαχθέντες,
3099 3788 3600 3859 καθαιρείσθωσαν.

2197 3968 2283 4039 ιβ’.
2316 3971 2471 4022 Ὅσοι
2501 3969 2674 4039 χωρὶς
2710 3968 2956 4039 ἀνάγκης
2986 3967 3330 4039 παρέϐησαν,
3361 3970 3411 4021 εί
3445 3969 3540 4021 καὶ
3568 3984 3671 4036 συγ

2121 4061 2350 4130 γνώμης
2369 4056 2510 4131 ἦσαν
2541 4057 2770 4124 ἀνάξιοι,
2808 4059 3142 4132 συγγνώμης
3193 4060 3338 4123 τινὸς
3365 4058 3698 4132 ἀξιούμενοι,

2120 4149 2329 4203 δώδεκα
2355 4150 2450 4219 ἔτη
2488 4149 2971 4202 ὑποπιπτέτωσαν.

2193 4241 2374 4310 ιγ’.οί
2428 4239 2743 4311 βιαζόμενοι
2783 4242 2877 4294 καὶ
2919 4239 3170 4306 δόξαντες
3201 4241 3542 4311 ἀντιστῆναι,
3579 4236 3698 4296 εἶτα

2120 4332 2488 4403 καταθέμενοι
2534 4335 2598 4402 τῇ
2653 4331 2899 4402 ἀσεϐείᾳ,
2957 4335 3053 4384 καὶ
3099 4333 3697 4404 ἀναστρατευσάμενοι,

2119 4426 2404 4479 δεκαετίαν
2438 4424 2908 4494 ἀφοριζέσθωσαν.
2946 4425 3259 4493 Σκοπητέον
3291 4423 3346 4476 δὲ
3388 4425 3475 4494 ἐφ’
3527 4425 3698 4479 ἅπασι

440 4513 776 4582 ρωηίιεηιίτθ
803 4531 993 4586 genus.
1025 4517 1106 4574 Ac
1138 4521 1182 4573 si
1211 4519 1256 4572 is
1281 4520 1371 4589 qui
1397 4534 1612 4590 pmnam
1637 4521 1884 4590 suscipit,
1916 4522 2019 4578 fer-

2123 4517 2184 4568 τὸ
2207 4511 2348 4579 εἶδος
2373 4517 2471 4584 τῆς
2504 4516 2795 4585 μετανοίας
2817 4531 2829 4545 ’
2882 4516 2975 4568 καὶ
3027 4515 3374 4586 θερμοτέρως
3410 4517 3510 4587 μέν
3535 4534 3690 4584 μετα·

442 4602 743 4657 ventiorem
767 4619 825 4658 se
854 4605 906 4658 in
939 4606 1257 4674 pmnitendo
1279 4607 1551 4673 ostendat,
1569 4607 1863 4662 humanius
1889 4625 2013 4663 cum

441 4707 508 4748 eo
537 4701 660 4766 agat
685 4693 1007 4765 episcopus:
1051 4696 1094 4750 si
1121 4712 1248 4750 vero
1279 4696 1635 4766 frigidiorem,
1667 4698 1929 4754 severius.

511 4877 598 4931 Η.
616 4877 718 4944 Qui
745 4879 854 4934 vita
879 4880 1180 4944 excedunt,
1211 4880 1639 4935 communicent.
1666 4879 1720 4936 Si
1747 4897 1872 4937 vero
1894 4884 2016 4953 quis

438 4969 683 5040 ipsorum
717 4972 1088 5036 convalescat,
1122 4970 1195 5027 sit
1221 4986 1345 5026 cum
1375 4972 1443 5026 iis
1467 4981 1674 5027 tantum
1699 4975 1790 5042 qui
1813 4976 2016 5029 oratio-

435 5061 524 5115 nis
554 5072 680 5115 sunt
704 5061 1018 5130 participes.

510 5152 600 5206 l5.
637 5152 692 5207 Si
721 5153 844 5222 quis
874 5151 1304 5208 catechumenos
1335 5153 1516 5224 lapsus
1545 5155 1710 5210 fuerit
1730 5195 1743 5214 .
1791 5155 1879 5209 ltic
1904 5163 2015 5210 tres

437 5259 612 5298 annos
636 5243 840 5307 audiat,
906 5242 1070 5314 idque
1098 5245 1550 5301 solum:'deinde
1593 5261 1718 5301 cum
1755 5246 2015 5301 catechu-

438 5349 613 5389 lnCDIS
655 5347 795 5388 (πει.

511 5426 598 5480 16.
638 5427 714 5482 Ex
764 5427 897 5482 urbe
932 5427 986 5481 in
1032 5428 1224 5485 urbem
1259 5443 1438 5498 neque
1482 5429 1796 5498 episcopus,
1833 5443 2013 5496 neque

325 5517 344 5532 “
441 5518 739 5586 presbyter,
773 5533 950 5585 neque
982 5521 1241 5575 diaconus
1273 5521 1488 5592 migret.
1543 5520 1823 5591 Siquidem
1892 5535 2014 5572 rur-

443 5621 538 5661 sus
570 5609 932 5664 restituentur
969 5613 1214 5668 ecclesiis
1245 5613 1298 5669 iu
1326 5614 1524 5684 quibus
1554 5612 1790 5669 ordinati
1824 5621 1974 5666 sunt.

514 5786 598 5841 17.
641 5786 916 5861 Quotquot
962 5795 1264 5865 presbyteri
1306 5807 1360 5854 et
1412 5797 1623 5856 diaconi
1675 5797 1740 5852 ab
1786 5795 2012 5853 ecclesia

2125 4607 2461 4677 μελουμένου
2489 4607 2586 4659 τοῦ
2616 4607 2914 4674 δεξαμένου
2960 4608 3022 4659 τὸ
3061 4608 3358 4677 ἐπιτίμιον,
3395 4607 3697 4678 φιλοινθρω⁴

2121 4697 2356 4766 πότερον
2406 4699 2434 4750 ὁ
2483 4697 2788 4761 ἐπίσκοπος
2830 4697 3185 4750 διατιθέσθω·
3217 4697 3587 4770 ψυχροτέρως,
3617 4699 3695 4764 δὲ,

2119 4789 2459 4860 δραστικώτε
2469 4807 2577 4858 ρον.

2190 4882 2273 4936 ιδ’.
2307 4885 2369 4936 Oi
2412 4883 2788 4949 ἐξοδευόμενοι
2835 4882 3298 4936 κοινωνείτωσαν’
3333 4882 3381 4933 εί
3409 4881 3464 4934 δέ
3491 4898 3571 4945 τις
3601 4881 3694 4933 αὖα

2119 4975 2228 5028 τῶν
2263 4976 2498 5042 ὑγιάνοι,
2531 4975 2673 5028 ἔστω
2706 4975 2846 5045 μετά
2893 4975 3000 5028 τών
3031 4975 3131 5044 τῆς
3181 4973 3349 5046 εὐχῆς
3380 4973 3694 5027 κοινωνούνσ

2119 5084 2250 5131 των,
2277 5069 2371 5120 καὶ
2398 5068 2580 5137 μόνον.

2196 5159 2278 5212 ιε’.
2323 5159 2390 5211 Εἴ
2435 5176 2520 5222 τις
2573 5158 2952 5228 παραπέσοιτο
3003 5157 3444 5229 κατηχούμενος,
3500 5160 3697 5212 οὑτωσὶ

2117 5250 2296 5318 τρισὶν
2327 5247 2503 5301 ἔτεσιν
2531 5249 2850 5318 ἀκροάσθω,
2883 5251 2978 5302 καὶ
3005 5251 3166 5320 μόνον
3189 5267 3202 5280 ·
3260 5246 3378 5302 εἶτα
3421 5251 3560 5320 μετά
3589 5250 3697 5303 τῶν

2122 5357 2362 5409 κατηχου
2373 5340 2548 5407 μένων
2583 5340 2845 5409 εὐχέσθω.

2193 5427 2291 5493 ις’.
2325 5429 2422 5482 Ἐκ
2451 5429 2659 5492 πόλεως
2689 5431 2769 5494 είς
2804 5429 2958 5482 πόλιν
3007 5431 3146 5501 μήτε
3197 5429 3516 5492 ἐπίσκοπος,
3555 5430 3696 5500 μήτε

2121 5519 2528 5589 πρεσϐύτερος,
2591 5523 2726 5591 μήτε
2787 5522 3034 5584 διάκονος
3090 5521 3500 5590 μεταϐαινέτω·
3571 5523 3696 5574 ἐπεὶ

2120 5610 2285 5664 πάλιν
2312 5611 2737 5682 ἀποδοθήσυνται
2771 5615 2890 5676 ταῖς
2958 5611 3276 5682 ἐκκλησίαις
3316 5613 3380 5665 ἐν
3401 5607 3488 5676 αἶς
3514 5628 3695 5683 κεχειο

2121 5703 2457 5772 ροτὸνηνται.

2195 5793 2282 5858 ιζ’.
2314 5794 2470 5850 Ὅσοι
2507 5795 2868 5866 πρεσϐύτεροι
2916 5795 3009 5848 καὶ
3069 5795 3308 5851 διάκονοι
3352 5796 3449 5866 τῆς
3483 5794 3682 5868 ἐκκλη-
