4156 6420
436 328 540 392 2ίῖ

433 546 628 607 eeptus
661 545 767 602 est,
801 537 856 591 id
883 538 1015 592 nihil
1046 539 1093 593 ei
1121 538 1318 608 prosit.

502 630 556 685 5.
600 629 796 684 Laicus
843 630 934 700 qui
963 631 1173 701 synodo
1206 629 1434 694 resistit,
1471 627 2018 684 excommunicatur:

432 721 667 776 clericus
697 737 826 775 vero
857 721 1080 790 insuper
1107 721 1410 776 abdicetur.

502 812 554 866 6.
593 811 897 882 Episcopus
946 811 1106 864 aliam
1135 826 1165 864 a
1215 811 1436 864 Nicrena
1496 809 1657 864 ﬁdem
1710 807 2020 879 proferens,

433 901 649 956 alienus
702 902 773 956 ab
817 900 1067 956 Ecclesia
1114 900 1394 955 habetur:
1450 899 1622 954 laicus
1670 913 1802 956 vero
1848 896 2026 968 expel-

375 1059 381 1065 ο
433 994 580 1050 litur.

503 1084 554 1139 7.
600 1083 902 1141 Serventur
940 1101 1040 1142 sua
1085 1086 1285 1157 cuique
1311 1083 1751 1156 provinciaejura
1781 1097 1916 1153 pura
1943 1091 2018 1136 at-

431 1191 540 1245 que
588 1175 888 1233 inviolata:
950 1177 1045 1247 qui
1091 1186 1275 1232 autem
1306 1175 1636 1234 contrariam
1667 1174 1754 1228 his
1790 1172 2022 1228 formam

433 1267 668 1333 inducit,
709 1269 878 1323 futilis
907 1278 1011 1324 est.

409 1346 423 1371 ⁴
502 1359 557 1414 8.
604 1361 928 1416 Eustathius
978 1377 1104 1417 cum
1146 1361 1408 1416 resistere
1438 1367 1757 1415 constanter
1798 1355 2025 1412 deberet

435 1451 565 1523 (hoc
595 1453 743 1506 enim
773 1453 952 1508 omnis
981 1453 1143 1507 debet
1166 1451 1502 1522 episcopus),
1533 1461 1680 1520 terga
1707 1449 1865 1504 facile
1888 1449 2024 1504 dans

433 1544 779 1600 detrectavit.
811 1543 1132 1599 Theodorus
1156 1543 1210 1597 in
1235 1543 1354 1614 ejus
1374 1543 1558 1598 locum
1593 1543 1889 1598 ordinatus.
1909 1550 2019 1596 est.

431 1634 527 1688 ille
556 1650 681 1688 vero
711 1634 1015 1706 lacrymans
1041 1642 1204 1704 atque
1239 1648 1474 1688 exorans
1508 1633 1776 1688 honorem
1800 1631 2021 1702 repetit.

429 1725 532 1792 Qui
563 1727 709 1781 illius
737 1727 859 1781 loco
879 1726 1049 1781 alium
1069 1726 1347 1781 ordinavit
1377 1726 1569 1781 insons
1594 1735 1697 1789 est,
1728 1741 1851 1780 cum
1881 1724 2023 1779 illius

1564 334 1946 395 SYMEONIS
1990 335 2568 399 METAPHBAS’LE

507 447 561 498 4.
607 444 710 510 Qui
739 445 805 498 ah
832 445 1092 518 episcopo
1121 447 1595 508 condemnatus,.a
1629 443 1882 501 Nestorio
1909 461 2016 502 sus~

2203 445 2265 500 δ’.
2311 448 2369 500 Ὀ
2401 446 2757 518 κατακριθεὶς
2789 447 2848 515 ἐξ
2873 448 3201 516 ἐπισκόπου,
3254 449 3348 504 καὶ
3379 450 3485 505 ὑπὸ
3508 453 3727 509 Νεστο-
3810 449 3821 455 ’

3603 345 3714 409 248

2137 535 2251 605 ρίου
2288 535 2520 608 δεχθεὶς,
2553 537 2924 609 ἀνωφέλητος.

2203 634 2266 682 ε’.
2296 629 2694 700 Ἀκοινώνητος
2729 629 2758 682 6
2789 628 2978 693 λαῖκδς
3005 629 3034 683 6
3063 629 3464 703 ἀντοφθαὶμῶν
3501 636 3568 706 τῇ
3593 652 3724 689 συν-

2129 720 2234 792 όδῳ
2253 737 2266 750 ·
2291 723 2317 774 6
2347 721 2403 774 δὲ
2432 720 2717 792 κληρικὸς,
2754 721 2834 775 ἔτι
2865 723 2959 776 καὶ
2989 722 3406 795 ἀποκήρυκτος.

2204 812 2279 875 ς’.
2320 812 2379 868 Ὁ
2433 813 2615 866 πίστιν
2660 813 2858 885 ἑτέραν
2912 813 3014 883 τῆς
3061 815 3118 866 ἐν
3167 815 3377 886 Νικαίςι
3421 816 3724 888 προσάγων

2130 903 2450 971 ἐπίσκοπος,
2492 903 2892 976 ἠλλοτρίωταιο
2934 907 3120 972 λαῖκδς
3153 907 3210 961 δὲ
3256 907 3720 979 ἐξωστράκισται.

2200 1087 2266 1150 ζ’.
2293 1087 2581 1158 Τηρείσθω
2608 1088 2676 1144 τὰ
2705 1088 2911 1161 ἑκάστῃ
2945 1091 3188 1163 ἐπαρχίᾳ
3211 1093 3487 1164 προσόντα
3507 1094 3718 1161 δίκαια,

2129 1178 2348 1249 καθαρὰ
2408 1180 2504 1232 καὶ
2560 1180 2818 1236 ἀδίαστα.
2880 1183 2938 1237 '0
2985 1181 3043 1236 δὲ
3103 1181 3274 1237 τύπον
3341 1185 3722 1256 ἀντικείμενον

2127 1270 2339 1334 τούτοις
2372 1273 2630 1340 εἰσάγων,
2657 1274 2935 1346 ἀνόνητος.

2199 1368 2270 1430 η’.
2304 1363 2582 1432 Ἀντέχειν
2609 1364 2844 1434 ὀφείλων
2875 1367 3179 1433 Εὖστάθιος
3209 1369 3530 1442 καρτερῶςο
3557 1371 3723 1428 τοῦτο

2129 1452 2238 1524 γὰρ
2262 1452 2410 1517 ἄπας
2429 1470 2444 1485 ·
2499 1453 2645 1509 νῶτα
2673 1457 2798 1522 δοὺς
2829 1459 3046 1527 ἀφελῶς
3080 1463 3463 1533 παρῃτήσατο.
3503 1464 3718 1518 Θεόδω-

2131 1563 2222 1616 ρος
2252 1548 2374 1600 ἀντὶ
2424 1547 2622 1602 τούτου
2655 1553 3138 1624 κεχειροτόνηται’
3191 1556 3220 1608 6
3277 1555 3332 1609 δέ
3384 1555 3589 1610 κλαίων
3623 1558 3725 1611 καὶ

2125 1636 2394 1690 δυσωπῶν
2436 1637 2533 1708 τὴν
2564 1642 2731 1710 τιμὴν
2764 1644 2944 1694 αἰτεῖο
3003 1645 3031 1696 6
3069 1645 3182 1697 ἀντ’
3227 1646 3439 1698 ἐκείνου
3469 1663 3721 1716 χειροτο-

2127 1727 2300 1794 νήσας
2329 1727 2642 1792 ἀνεύθυνος,
2677 1729 2818 1799 ἔχων
2841 1729 3045 1802 δηλαδὴ
3073 1732 3171 1802 τὴν
3203 1732 3415 1786 ἐκείνου
3439 1734 3723 1804 παραίτη-

428 1819 830 1874 recusationem
850 1835 948 1889 pro
971 1819 1203 1874 crimine
1228 1819 1448 1873 habeat.
1474 1818 1593 1873 Hoc
1615 1826 1796 1872 autem
1818 1819 2016 1887 justum

2135 1835 2221 1872 σιν
2244 1820 2361 1872 ἀντ’
2393 1821 2741 1892 ἐγκλήματος
2765 1839 2778 1853 ο
2803 1823 2830 1875 ό
2859 1823 2915 1876 δὲ
2945 1799 3293 1879 δεδικαίωται
3329 1825 3492 1895 μόνον
3523 1799 3718 1891 τοῦτο,

427 1929 551 1969 esse
583 1913 760 1968 visum
790 1923 874 1968 est
897 1953 911 1977 ,
964 1913 1320 1984 episcopatus
1351 1929 1550 1968 nomen
1596 1913 1746 1967 illum
1793 1913 2018 1979 habere,

428 2006 717 2078 ipsamque
749 2006 1220 2073 communionem,
1277 2007 1535 2077 quodque
1570 2007 1674 2060 hoc
1727 2005 2018 2077 benignius

430 2099 611 2155 visum
652 2100 745 2155 sit.

430 2210 670 2280 Epitome
709 2230 970 2267 canonum
1013 2225 1318 2267 sanctorum
1349 2212 1511 2266 Pal-re
1537 2211 1871 2267 Chalcedone
1895 2227 2018 2265 con-

1017 2295 1378 2354 gregatorum.

495 2373 551 2428 2.
590 2372 691 2440 Qui
737 2374 870 2430 emit
897 2384 954 2430 et
998 2377 1091 2446 qui
1139 2375 1328 2430 vendit
1376 2375 1816 2436 ordinationem.
1871 2373 2016 2428 circa

429 2468 624 2537 gradus
664 2468 1022 2537 periclitatur.
1076 2467 1187 2524 Lex
1217 2477 1399 2524 autem
1431 2469 1593 2524 etiam
1625 2484 1800 2538 usque
1829 2467 1894 2522 ad
1921 2481 2018 2537 pa-

428 2561 821 2616 ramonarium.
1364 2606 1366 2608 -

490 2652 546 2705 5.
581 2649 684 2717 Qui
729 2651 1014 2707 domorum
1063 2652 1404 2708 saecularium
1455 2668 1641 2708 curam
1687 2651 2015 2722 suscipiunt,

426 2745 784 2816 corripiendi,
811 2746 914 2802 nisi
953 2746 1092 2802 forte
1121 2747 1189 2804 ad
1223 2747 1452 2803 minoris
1483 2747 2013 2803 administrationem

427 2839 852 2896 tnexcusabilem
885 2841 968 2896 lex
1001 2841 1319 2905 vocaverit,
1373 2851 1468 2898 aut
1505 2843 1804 2914 episcopus
1826 2841 1898 2898 ad
1924 2857 2017 2912 pu-

425 2929 677 2998 pillorum
711 2940 767 2986 et
798 2931 1088 2987 viduarum
1121 2947 1310 2986 curam
1347 2933 1677 2989 incitaverit.

488 3021 545 3076 4.
585 3020 790 3078 Domus
819 3023 1054 3079 orationi
1089 3023 1290 3091 dicata,
1333 3035 1427 3080 aut
1456 3025 1850 3080 monasterium
1879 3023 2014 3078 citra

2128 1910 2188 1963 τὺ
2239 1913 2340 1982 τῆς
2397 1913 2707 1985 ἐπισκοπῆς
2736 1914 2880 1985 ἔχειν
2913 1915 3108 1986 ὄνομα,
3151 1917 3248 1971 καὶ
3292 1917 3391 1989 τὴν
3422 1917 3717 1973 κοινωνίαν

2127 2002 2300 2074 αὐτήν
2319 2019 2333 2033 ⁸
2363 2003 2460 2057 καὶ
2490 2005 2570 2058 ὅτι
2605 2008 2975 2079 χρηστότερον
3005 2009 3272 2064 δέδοκται.

2125 2210 2406 2280 Ἐπιτομὴ
2445 2215 2723 2268 κανόνων
2757 2214 2875 2268 τῶν
2914 2215 2984 2269 ἐν
3013 2215 3364 2284 Καλχηδόνι
3396 2217 3582 2272 ἁγίων
3612 2220 3718 2274 καί

2580 2287 2895 2354 μακαρίων
2930 2287 3230 2353 Πατέρων.

2197 2372 2264 2444 β’.
2309 2373 2368 2427 '0
2395 2375 2762 2446 ἐξωνούμενος
2792 2379 2886 2431 καὶ
2920 2380 2948 2432 6
2986 2379 3319 2449 πιπράσκων
3351 2381 3714 2451 χειροτονίαν,

2125 2467 2256 2536 περὶ
2286 2468 2410 2530 τοὺς
2440 2467 2686 2540 βαθμοὺς
2735 2472 3106 2525 ἐπικινδύνοι·
3143 2474 3172 2526 6
3199 2472 3255 2526 δὲ
3286 2473 3448 2538 νόμος
3483 2474 3588 2540 ἕως
3623 2477 3721 2531 καὶ

2123 2573 2202 2609 πα
2210 2574 2274 2627 ρα
2282 2559 2538 2629 μοναρίου
2553 2599 2568 2613 .

2193 2654 2263 2716 γ’.
2296 2649 2362 2702 Ui
2391 2650 2679 2720 κοσμικῶν
2730 2652 2901 2709 οἴκων
2947 2655 3269 2726 ἐπιμέλειαν
3300 2657 3716 2730 ἀναδεχόμενοι,

2124 2744 2498 2814 ἐπιτιμητέοι·
2527 2744 2668 2815 πλὴν
2694 2746 2743 2798 εί
2777 2746 2853 2818 μὴ
2874 2747 3099 2802 καλέσει
3133 2748 3297 2820 νόμος
3330 2750 3410 2815 είς
3439 2750 3719 2822 ἀφήλικος

2120 2833 2392 2905 διοίκησιν
2421 2836 2802 2908 ἀπαραίτητος
2820 2854 2834 2869 ·
2861 2838 2894 2908 ἢ
2929 2841 2957 2891 6
2983 2839 3282 2902 ἐπίσκοπος
3311 2840 3566 2910 ὀρφανῶν
3619 2842 3718 2895 καὶ.

2120 2925 2308 2995 χηρῶν
2339 2926 2658 2994 ἐπιμέλειαν
2686 2927 3054 2998 ἐπιτρέψειεν.

2193 3015 2256 3069 δ’.
2297 3016 2615 3088 Εὐκτήριος
2637 3013 2807 3084 οίκος,
2839 3018 2872 3089 ἢ
2903 3019 3296 3090 μοναστήριον,
3327 3020 3558 3092 γνώμης
3591 3019 3718 3092 δίχα

424 3114 666 3186 cpiscOpi
709 3117 1041 3172 sententiam
1085 3134 1196 3173 non
1243 3127 1375 3174 sunt
1417 3117 1774 3174 exstruenda.
1825 3117 2016 3171 Omnis

2124 3105 2219 3161 τοῦ
2263 3108 2568 3162 ἐπισκόπου
2609 3109 2893 3163 ἀσύστατα
2917 3126 2930 3140 ·
2967 3110 3116 3174 ἄπας
3154 3111 3212 3164 δέ
3249 3109 3522 3182 μοναστὴς
3583 3109 3716 3163 ὕπο-

424 3213 608 3259 autem
637 3206 943 3262 monachus
971 3207 1234 3278 episcopo
1264 3207 1606 3276 subjiciatur,
1650 3223 1829 3277 neque
1860 3223 1890 3260 a
1923 3224 2018 3261 sua

424 3302 710 3356 mansione
751 3303 1027 3368 discedat,
1086 3305 1193 3360 nisi
1239 3304 1307 3359 ab
1353 3319 1419 3359 eo
1471 3304 1757 3359 invitetur.
1814 3303 2016 3358 Servus

425 3393 632 3464 absque
666 3395 879 3450 domini
913 3412 1189 3454 consensu
1225 3398 1584 3454 monasticam
1614 3399 1778 3452 vitam
1807 3413 1876 3452 ne
1903 3413 2019 3451 am-

425 3485 721 3556 plectatur.

497 3577 550 3630 5.
585 3576 686 3644 Qui
709 3595 738 3634 e
768 3580 989 3636 civitate
1019 3581 1074 3636 in
1093 3581 1370 3639 civitatem
1390 3581 2016 3646 transeunt,canonibus

424 3670 493 3726 de
525 3671 626 3725 hac
656 3687 714 3726 re
747 3674 974 3730 sancitis
1004 3676 1389 3747 subjiciuntur.

495 3763 548 3818 6.
594 3763 653 3818 In
705 3767 983 3838 martyriis
1024 3777 1120 3823 aut
1168 3757 1444 3834 oratoriis,
1500 3769 1592 3824 scd
1627 3784 1734 3823 non
1769 3769 2016 3822 absolute

422 3852 724 3910 ordinabis.
754 3854 849 3910 Sin
883 3872 1012 3913 vero
1036 3859 1129 3928 qui
1151 3859 1437 3915 ordinatus
1457 3869 1565 3926 est,
1587 3857 1754 3930 gradu
1785 3859 2010 3914 excidit.

498 4038 549 4093 7.
591 4037 692 4105 Qui
728 4039 872 4095 inter
904 4040 1134 4096 clericos
1170 4050 1265 4096 aut
1301 4041 1601 4096 monachos
1644 4041 1870 4096 allectus
1904 4051 2008 4107 est,

422 4131 470 4185 si
501 4129 750 4185 militiam
790 4139 884 4185 aut
917 4130 1238 4202 dignitatem
1265 4139 1583 4202 arroganter
1618 4130 1858 4200 aﬁ'ectet,
1896 4149 2014 4190 ma-

421 4221 675 4277 lcdictus.

493 4313 547 4368 8.
589 4313 838 4368 Clericus
870 4313 925 4368 in
961 4314 1339 4371 mendicorum
1379 4317 1563 4382 domo,
1595 4329 1688 4374 aut
1724 4320 1781 4375 in
1821 4334 2012 4374 mona-

422 4405 592 4460 sterio
637 4405 840 4477 degens
894 4407 1134 4478 episcopi
1191 4409 1342 4465 urbis
1395 4411 1648 4480 potestati
1708 4410 2007 4482 subiaceat.

421 4496 526 4563 Qui
561 4513 690 4551 vero
720 4498 788 4551 ab
815 4513 882 4552 eo
911 4495 1106 4564 resilit,
1137 4515 1353 4570 poenam
1387 4503 1599 4558 subeat.

493 4591 546 4645 9.
583 4589 778 4646 Clerici
812 4592 1106 4664 litigantes,
1139 4595 1183 4649 si
1228 4595 1420 4652 relicto
1456 4596 1714 4666 episcopo
1750 4594 1817 4650 ad
1845 4609 2017 4650 εαιοιιτ

423 4682 557 4737 laria
589 4682 795 4752 judicia
834 4699 893 4738 se
934 4683 1240 4750 conferant,
1273 4686 1537 4740 canonice
1573 4686 1874 4755 puniantur
1907 4701 1919 4737 :
1953 4698 2016 4738 ac

423 4775 654 4830 clericus
694 4791 818 4830 cum
863 4776 1120 4847 episcopo
1145 4778 1484 4832 contendens
1517 4779 1782 4848 synodum
1822 4791 2016 4845 exspe-

422 4878 574 4924 ctet:
613 4871 1072 4941 metropolitanus
1117 4855 1250 4928 vero
1282 4872 1572 4944 episcopus
1601 4871 1670 4926 ad
1698 4870 2012 4926 Constanti-

422 4962 799 5032 nopolitanum
832 4973 1112 5034 provocet.

499 5053 588 5108 10.
629 5053 866 5109 Duarum
913 5056 1132 5110 urbium
1160 5055 1410 5112 ecclesiis
1449 5056 1682 5112 clericus
1720 5072 1831 5112 non
1863 5055 2015 5111 addis

420 5149 566 5205 citur
599 5167 616 5208 :
648 5149 693 5204 si
737 5164 866 5204 vero
896 5147 1148 5204 addictus
1193 5149 1378 5216 fuerit,
1409 5149 1475 5204 ad
1509 5151 1740 5220 primam
1771 5160 2015 5206 reverte-

421 5251 532 5296 tur.
581 5241 636 5296 Si
685 5242 807 5310 quis
859 5250 1040 5295 autem
1089 5241 1199 5310 jam
1248 5243 1542 5298 translatus
1589 5243 1771 5309 fuerit,
1816 5243 2014 5313 prioris

419 5335 666 5392 ecclesiae
715 5349 898 5388 rerum
934 5333 1085 5387 nullo
1115 5333 1278 5388 modo
1313 5333 1586 5404 particeps
1621 5334 1710 5389 sit.

492 5424 580 5476 ll.
617 5424 894 5491 Pauperes
923 5422 1171 5492 epistolis
1201 5423 1479 5486 instructi,
1509 5433 1562 5477 at
1590 5439 1699 5477 non
1733 5439 2012 5478 commcn-

419 5515 627 5570 datitiis
668 5515 864 5571 litteris
903 5516 1006 5570 iter
1050 5515 1254 5572 faciant
1298 5533 1313 5570 :
1367 5516 1826 5572 commendatitiae
1864 5515 2010 5571 enim

421 5608 826 5664 existimatione
857 5610 1098 5680 praeditis
1125 5610 1344 5665 dantur.

496 5700 582 5754 12.
629 5699 686 5755 ln
717 5703 853 5758 duas
884 5701 1193 5772 provincias
1223 5718 1330 5756 una
1359 5702 1637 5772 provincia
1671 5719 1776 5757 non
1807 5703 2009 5758 scindi-

425 5801 532 5861 tur,
587 5795 676 5866 qui
730 5811 856 5850 vero
913 5794 1134 5850 scidcrit
1181 5795 1493 5865 episcopatu
1552 5795 1826 5868 dcjicilur.
1876 5797 2008 5862 Qua:

2125 3199 2376 3268 τετάχθω
2418 3199 2497 3272 τῷ
2547 3201 2856 3271 ὲπισκόπῳ,
2900 3202 3124 3272 καὶτῆς
3168 3202 3358 3272 μονῆς,
3391 3202 3441 3255 εί
3475 3201 3548 3272 μὴ
3580 3202 3715 3271 παρ’

2125 3293 2290 3346 αὐτοῦ
2325 3293 2711 3364 προτρέποιτο,
2753 3293 2830 3364 μὴ
2861 3294 3181 3364 ἀφίσταται.
3219 3293 3416 3358 Δοῦλος
3443 3293 3524 3361 δὲ,
3556 3294 3605 3346 εί
3635 3293 3712 3364 μὴ

2124 3382 2323 3454 γνώμῃ
2350 3381 2445 3436 τοῦ
2477 3384 2772 3451 δεσπότου,
2798 3384 2874 3455 μὴ
2910 3385 3215 3455 μοναζέτω.

2194 3569 2255 3626 ε’.
2305 3572 2369 3625 Oi
2423 3570 2847 3642 μεταϐαίνοντες
2893 3573 2958 3626 ἐκ
3005 3573 3214 3638 πόλεως
3258 3574 3334 3637 εἰς
3367 3573 3547 3637 πόλιν,
3583 3570 3712 3635 τοὺς

2123 3664 2253 3734 περ)⁸
2280 3665 2472 3717 τούτου
2503 3664 2739 3727 κανόνας
2773 3664 3257 3720 ὑποϐλεπέτωσαν.

2194 3761 2270 3819 ς’.
2304 3754 2433 3808 Ἐπὶ
2467 3758 2792 3828 μαρτυρίοις
2835 3758 2869 3826 ἦ
2905 3757 3243 3828 εύκτηρίοις,
3270 3757 3372 3811 οὐκ
3422 3755 3712 3817 ἁπολύτως

2120 3850 2566 3921 χειροτονήσειςο
2618 3853 2667 3903 εί
2716 3851 2774 3903 δὲ
2821 3851 2932 3922 μὴ,
3003 3850 3418 3922 ἀχειροτόνητος
3468 3852 3497 3902 6
3546 3847 3711 3917 δῆθεν

2120 3960 2179 4013 χε
2192 3943 2433 4014 ιροτονού
2444 3959 2624 4013 μενος.

2197 4033 2263 4098 ζ’.
2307 4035 2368 4088 '0
2400 4032 2762 4104 κληρωθεὶςῆ
2793 4047 3054 4104 μονασας,
3088 4034 3122 4105 ἦ
3156 4034 3269 4107 [γρ.
3303 4033 3375 4106 εί]
3402 4034 3495 4086 ἐπὶ
3538 4049 3708 4103 στρα-

2115 4128 2288 4194 τείαν,
2323 4127 2356 4198 ἢ
2389 4125 2572 4195 ἀξίαν,
2610 4127 3035 4191 ἁπαυθαδιάσει,
3067 4129 3363 4198 ἐπάρατος.

2188 4313 2258 4384 η’.
2299 4315 2361 4366 '0
2385 4315 2442 4368 ἐν
2470 4313 2725 4384 πτωχείῳ
2763 4314 2796 4386 ἢ
2830 4314 3067 4384 σεμνείῳ
3098 4313 3428 4385 κληρωθεὶς,
3461 4313 3710 4383 βλεπέτω

2115 4407 2216 4479 τὴν
2239 4406 2489 4471 ἐξουσίαν
2511 4405 2606 4460 τοῦ
2641 4406 2945 4460 ἐπισκόπου
2976 4407 3078 4476 τῆς
3123 4407 3354 4470 πόλεως.
3391 4405 3448 4460 ’0
3485 4405 3542 4459 δὲ
3583 4403 3708 4458 τού-

2118 4516 2212 4554 του
2241 4499 2582 4573 ἀφηνιάζων,
2617 4499 2938 4568 γινωσκέτω
2968 4499 3028 4553 τὺ
3057 4499 3358 4570 ἐπιτίμιον.

2191 4593 2259 4646 θ’.
2321 4591 2597 4662 Κληρικοὶ
2648 4589 3021 4662 δικαζόμενοι,
3057 4593 3107 4644 εί
3149 4591 3416 4661 ἀφέμενοι
3445 4589 3536 4645 τὸν
3583 4591 3706 4644 ἐπί-

2119 4701 2345 4749 σκοπον,
2387 4687 2679 4754 κοσμικοῖς
2707 4685 3013 4757 κριτηρίοις
3043 4685 3352 4754 ὁρμήσωσι,
3403 4683 3708 4748 κανονικῶς

2117 4779 2533 4833 εὒθυνέσθωσαν
2555 4792 2570 4807 ⁸
2608 4779 2706 4832 καὶ
2741 4777 3001 4850 κληρικδς
3055 4777 3338 4848 ἐπισκόπῳ
3373 4777 3705 4849 διαφερόμε-

2116 4889 2205 4934 νος
2239 4872 2447 4941 μενέτω
2472 4871 2570 4941 τὴν
2599 4869 2846 4923 σύνοδον*
2879 4871 2976 4923 καὶ
3031 4869 3438 4941 μητροπολίτης
3469 4869 3703 4923 ἐπίσκο-

2119 4981 2219 5029 πος
2253 4964 2344 5017 τὸν
2379 4962 3015 5026 Κωνσταντινουπόλεως
3045 4962 3408 5032 ἐξαιτήσοιτο.

2190 5061 2241 5113 ι’.
2295 5054 2398 5107 Δύο
2447 5054 2656 5106 πόλεων
2703 5055 2852 5114 ναοῖς
2896 5052 3158 5124 κληρικδς
3191 5055 3253 5106 οὐ
3303 5053 3701 5122 καταλέγεται·

2115 5150 2165 5201 εί
2191 5148 2247 5200 δὲ
2283 5145 2672 5217 καταλεχθείη,
2703 5144 2784 5216 τῷ
2825 5146 3080 5217 προτέρῳ
3108 5147 3607 5218 ἐπιστραφήσεται.
3639 5146 3704 5200 Ei

2113 5241 2172 5294 δὲ
2225 5239 2488 5310 μετετέθη
2539 5255 2623 5300 τις
2646 5239 2769 5308 ἤδη,
2801 5240 2876 5310 μὴ
2905 5238 3332 5294 ἐπικοινωνείτω
3373 5240 3517 5294 κατά
3577 5257 3702 5294 τινα

2114 5337 2316 5405 τρόπον
2337 5336 2448 5396 τοῖς
2478 5333 2578 5403 τῆς
2604 5333 2877 5404 προτέρας
2908 5335 3229 5404 πράγμασιν
3257 5333 3573 5404 ἐκκλησίας.

2191 5432 2281 5479 ια’.
2317 5427 2380 5477 Οἱ
2412 5425 2646 5493 πένητες
2691 5426 3030 5494 ἐπιστολαῖς,
3063 5427 3202 5480 ἀλλά
3235 5428 3309 5498 μὴ
3341 5429 3700 5488 συστατικαῖς

2113 5516 2474 5570 ὁδευέτωσαν·
2518 5517 2574 5568 αἱ
2619 5515 2728 5586 γὰρ
2777 5517 3104 5572 συστατικαὶ
3149 5519 3215 5588 τῇ
3249 5516 3517 5589 ὑπολήψει
3558 5533 3700 5587 παρ-

2115 5608 2354 5678 ἐχονται.

2189 5701 2274 5771 ιβ’,
2307 5701 2402 5764 El;
2438 5701 2708 5774 ἐπαρχίας
2731 5701 2824 5757 δύο
2850 5703 2883 5772 ἡ
2911 5701 3150 5773 ἐπαρχία
3180 5701 3278 5772 μία
3316 5701 3374 5756 οὐ
3404 5701 3694 5772 τέμνεται’

2113 5795 2140 5848 6
2165 5795 2219 5850 δὲ
2246 5795 2447 5868 τεμὼν,
2476 5795 2863 5861 ὰνεπίσκοπος.
2888 5795 2953 5849 Ai
2984 5794 3039 5848 δὲ
3067 5793 3358 5866 γράμμασι
3396 5792 3697 5864 βασιλικοις
