4156 6410
333 377 454 440 219

1600 376 1941 438 ΕΡΙΤΟΜΕ
1977 377 2374 452 CANONUM.

3538 392 3648 456 250

345 487 691 558 τιμηοεὶσαι
723 483 935 548 πόλεις,
963 484 1060 552 τῆς
1109 484 1274 555 τιμῆς
1305 484 1734 540 ἀπολαυέτωσαν
1783 488 1961 556 μόνονΙ

2077 504 2259 549 autem
2295 495 2646 566 imperatoris
2690 498 2960 570 rescripto
2996 499 3183 556 scissae
3227 509 3354 555 sunt
3394 500 3666 571 civitates,

340 582 437 633 καὶ
474 582 503 631 ὁ
538 577 784 630 αὐτόθεν
827 576 1133 640 ἐπίσκοπος
1156 592 1172 609 ο
1199 579 1266 646 τῇ
1289 577 1347 630 δὲ
1371 576 1590 647 ἀληθῶς
1623 579 1960 650 μητροπόλει

342 674 410 726 τὸ
429 673 633 725 οἰκεῖα
662 669 1032 734 σωζέσθωσαν
1065 669 1276 726 δίκαια.

413 858 512 928 ιγ’.
542 857 837 930 Κληρικὸς
884 856 1012 928 δίχα
1059 856 1407 912 συστατικῶν
1451 856 1825 929 ἀκοινώνητος
1877 857 1958 922 είς

342 952 508 1004 πόλιν
539 951 772 1020 ἑτέραν.

421 1042 509 1100 .δ’.
555 1041 934 1112 Ἐτερόδοξος,
963 1041 1060 1093 καὶ
1087 1039 1322 1112 ψάλτης,
1363 1041 1457 1094 καὶ
1490 1040 1871 1112 ἀναγνώστης,
1912 1042 1961 1095 εί

347 1139 539 1208 γήμας
587 1136 893 1199 ἐτέκνωσε,
932 1134 1204 1207 προσάγει
1247 1137 1313 1204 τῇ
1369 1133 1628 1204 κοινωνίᾳ
1671 1132 1742 1187 τὰ
1772 1133 1964 1201 τέκνα,

354 1230 516 1301 εἴπερ
547 1231 734 1282 ἐκεῖσε
758 1226 1133 1297 βεϐἀπτισται
1152 1242 1166 1256 ’
1194 1227 1243 1279 εί
1262 1225 1306 1280 δ’
1333 1225 1414 1279 ἐτι
1447 1226 1600 1297 μένει
1626 1225 1962 1292 ἀϐάπτιστα,

357 1326 550 1380 abiisti
577 1323 909 1396 βαπτίζεται
938 1323 1056 1386 τοῖς
1084 1323 1406 1393 αίρετικοῖς.

445 1508 534 1563 ιε’.
563 1508 890 1562 Διακόνισσα
943 1507 994 1558 εί
1027 1505 1105 1576 μὴ
1135 1505 1552 1578 τεσσαράκοντα
1590 1503 1686 1574 ἔτη
1721 1503 1784 1558 οὐ
1812 1505 1963 1573 γίνε-

384 1620 508 1657 ται·
540 1607 610 1674 τῇ
636 1604 690 1656 ὃὶ
714 1602 797 1655 διὰ
833 1601 1025 1672 γάμου
1070 1599 1174 1672 τὴν
1204 1599 1555 1672 λειτουργίαν
1601 1598 1962 1674 ὲξυϐρισάσῃ,

393 1697 552 1751 ἁνᾶθε
561 1713 654 1766 μα.

458 1787 549 1852 ις’.
581 1787 912 1854 Μονάζοντες
967 1787 1002 1858 ἢ
1050 1786 1388 1858 μονάζουσαι
1437 1786 1515 1858 μὴ
1568 1787 1959 1858 γαμείτωσανο

377 1879 502 1933 ἔπει
529 1880 768 1933 εστωσαν
792 1879 1178 1951 ὰκοινῶνητοι.

443 1971 529 2038 ιζ’.
559 1971 860 2044 Ἐγχώριος
885 1973 982 2027 καὶ
1009 1973 1250 2044 όιγροικὴ
1302 1973 1590 2045 παροικία,
1629 1974 1680 2026 εἰ
1707 1989 1961 2044 τριακον-

371 2063 591 2127 ταετίας
616 2063 948 2136 ἐσχέθησαν,
980 2064 1404 2135 κατεχέσθωσαν
1425 2081 1440 2096 ο
1471 2067 1521 2120 εί
1546 2065 1602 2118 δὲ
1631 2065 1837 2135 ταύτης
1869 2065 1960 2117 ὲν-

366 2155 453 2218 τὸς
484 2153 550 2226 [Ῑ.
585 2157 886 2226 γεγένηταί
944 2173 1032 2218 τις
1080 2157 1211 2226 περὶ
1258 2155 1442 2210 αὐτῶν
1497 2154 1956 2227 ἀμφισϐήτησις],

369 2241 475 2299 εἷεν
505 2246 796 2299 ὑπόδικον
827 2247 876 2298 εί
906 2245 964 2298 δὲ
987 2243 1083 2298 καὶ
1117 2245 1430 2298 κανόνισται
1451 2241 1562 2316 [τσ.
1591 2239 1960 2308 κεκαίνισται]

366 2335 658 2406 βασιλικῆς
691 2333 1042 2396 ὲκκαλέσεως
1083 2333 1262 2396 πόλις,
1307 2333 1343 2402 ή
1398 2330 1554 2396 τάξις
1586 2329 1684 2384 καὶ
1729 2333 1757 2384 ὁ
1791 2330 1960 2392 τύπος

359 2427 736 2482 ἀκολουθείτω
767 2428 880 2489 τοῖς
914 2426 1217 2488 πολιτικοῖς
1263 2423 1570 2496 δημοσίοις,
1622 2424 1721 2478 καὶ
1758 2421 1959 2493 ἐκκλη-

357 2519 665 2580 σιαπικοῖς
701 2512 978 2588 [-στικῆς]
1013 2513 1327 2581 παροικίας.

430 2617 526 2681 ιη’.
553 2609 835 2679 Κληρικοὶ
861 2608 960 2662 καὶ
992 2607 1320 2678 μονάζοντες
1361 2606 1409 2658 εί
1443 2603 1750 2675 φωραθεῖεν
1790 2603 1824 2674 ἢ
1852 2619 1958 2672 φα-

348 2701 704 2774 τριάζοντες,
762 2699 796 2771 ἢ
856 2699 1254 2770 συνομνύμενοι
1303 2696 1428 2751 κατ’
1480 2696 1819 2763 ἐπισκόπων,
1850 2695 1958 2748 τῶν

351 2789 596 2862 βαθμῶν
627 2789 808 2843 αὐτῶν
843 2789 1076 2843 ἔκτωτοι
1108 2786 1217 2860 [τσ.
1254 2785 1574 2859 Exacuunt].

428 2881 524 2936 ιθν.
556 2881 620 2934 '0
647 2885 748 2953 τὴν
775 2881 989 2936 οἰκείαν
1015 2879 1291 2943 ἀπολέσας
1317 2878 1576 2950 πατρίδα,
1602 2878 1650 2931 εί
1671 2877 1762 2930 ἐπ’
1787 2875 1960 2946 ἄλλην

361 2974 709 3043 Ἐκκλησίαν
733 2973 1017 3044 ἰλήλυθεν,
1048 2972 1464 3042 ἅνεπιτίμητος.

431 3073 503 3120 κ’.
529 3064 872 3130 Ἐπίσκοπος
923 3065 981 3119 δὲ
1029 3063 1181 3130 ξένον
1230 3064 1495 3136 κληρικδν
1547 3063 1956 3136 εἰσδεξάμενος,

363 3159 506 3232 μετὰ
532 3159 631 3212 τοῦ
662 3157 950 3229 δεχθέντος
972 3156 1086 3222 ἕξει
1110 3157 1171 3210 τὺ
1198 3157 1586 3228 ἀκοινώνητον.

437 3253 544 3307 κα¹.
574 3251 978 3321 Ἀδοκίμαστος
1023 3250 1307 3323 κληρικὸς,
1351 3251 1386 3321 ἢ
1428 3249 1616 3313 λαῖκὸς
1658 3249 1960 3303 ἐπισκόπου

364 3344 724 3415 κατηγορῶν,
761 3342 1141 3406 ἀνεπίδεκτος.

432 3437 538 3508 κβ’.
579 3435 641 3489 Ὀ
687 3434 748 3500 ἐξ
798 3432 1112 3503 ἀνθρώπων
1161 3432 1256 3487 τοῦ
1309 3433 1612 3487 ἐπισκόπου
1661 3432 1965 3503 γεγενημέ-

363 3547 480 3596 νου,
510 3527 586 3582 τὰ
615 3529 833 3581 ἐκείνου
856 3526 1142 3596 ἁρπάζων,
1177 3523 1272 3578 τοῦ
1306 3523 1517 3594 βαθμοῦ
1549 3525 1961 3596 ἁμαρτήσεται.

429 3620 540 3689 κγ’.
580 3622 645 3674 Oi
685 3618 996 3673 ἐπισκόπου
1027 3617 1149 3689 δίχα
1177 3619 1245 3688 τῇ
1293 3617 1709 3670 Κωνσταντίνου
1739 3616 1954 3687 διατρί-

368 3713 556 3776 ϐοντες
601 3711 779 3777 πόλει,
834 3711 935 3763 καὶ
979 3708 1228 3780 ταραχὰς
1281 3708 1658 3779 ἀνεγείροντες
1691 3705 1799 3782 [τον.
1832 3708 1962 3762 ἀνα-

373 3802 697 3876 γείροντες].
729 3804 832 3873 τῆς
866 3802 1075 3866 πόλεως
1102 3800 1539 3856 ὲλαυνέσθωσαν.

452 3893 554 3947 κε.
583 3895 964 3964 ὶιοναστήριον
1003 3894 1304 3947 ἐπισκόπου
1344 3892 1539 3964 γνώμῃ
1592 3892 1768 3962 παγὲν
1803 3931 1818 3957 ,
1863 3907 1930 3961 με
1961 3931 1963 3934 ι

388 3985 529 4038 νέτω
563 3987 992 4057 ἀμεταποίητον·
1021 3987 1117 4039 καὶ
1149 3985 1232 4039 ὅτι
1272 3985 1433 4038 τοῦτο
1485 3984 1593 4058 [ῖσ.
1623 3985 1650 4038 ὃ
1682 4001 1734 4038 τι
1763 3980 1961 4054 τούτῳ]

382 4080 632 4152 ἀνήκοιτο
655 4079 1042 4151 ἁνεκποῖητον.
1085 4078 1143 4132 ’0
1196 4078 1243 4131 δ’
1297 4078 1475 4143 ἄλλως
1519 4078 1838 4150 ἐπιχειρῶν,
1862 4079 1966 4133 οὐκ

377 4171 691 4236 ἀνεύθυνος.

442 4270 548 4319 κε’.
604 4263 756 4320 Eiram
794 4263 983 4334 μηνῶν
1012 4263 1180 4335 τριῶν
1235 4263 1293 4318 αἱ
1340 4262 1452 4316 τῶν
1503 4265 1819 4317 ἐπισκόπων
1877 4278 1967 4314 τε-

373 4357 596 4410 λοῦνται
641 4355 1006 4426 χειροτονίαν
1041 4356 1359 4428 παρατείνει
1416 4354 1472 4408 δὲ
1519 4355 1612 4409 τὸν
1647 4355 1838 4425 χρόνον
1897 4354 1964 4408 ἀ-

368 4452 553 4521 νᾶγκη
577 4467 660 4513 τις
707 4447 1105 4519 ἀπαραίτητος.
1156 4448 1219 4501 Et
1259 4446 1318 4500 δὲ
1348 4447 1446 4518 μὴ,
1478 4448 1506 4500 ὁ
1534 4445 1860 4517 χειροτονῶν
1902 4444 1965 4498 τὸ

2071 583 2281 641 honore
2328 586 2582 644 fruantur
2628 599 2861 657 tantum,
2903 600 2960 646 et
3011 592 3106 662 qui
3160 593 3362 648 ibidem
3417 605 3669 651 versatur

2071 676 2411 748 episc0pns:
2463 680 2514 735 ei
2563 696 2696 736 vero
2739 682 2835 752 qui
2883 697 3012 739 vere
3061 684 3516 756 metropolitanus
3559 697 3664 754 est,

2070 773 2293 836 propria
2327 779 2726 826 conserventur
2758 773 2904 842 jura.

2149 860 2238 916 15.
2281 860 2531 918 Clericus
2575 865 2784 934 absque
2843 864 3304 920 commendatitiis
3357 865 3552 922 litteris
3607 866 3666 922 in

2069 953 2211 1009 alius
2250 954 2402 1010 urbis
2439 956 2886 1011 communionem
2920 971 3031 1011 non
3067 957 3351 1026 recipitur.

2145 1045 2233 1100 M.
2274 1045 2479 1102 Cantor
2505 1057 2560 1102 et
2587 1047 2758 1103 lector
2784 1063 2816 1102 a
2846 1057 2996 1104 recta
3025 1049 3132 1104 ﬁde
3162 1050 3394 1116 alienus,
3433 1051 3477 1106 si
3504 1051 3666 1106 ducta

2073 1154 2243 1194 uxore
2269 1140 2472 1197 liberos
2493 1142 2796 1208 sustulerit,
2826 1157 2923 1198 eos
2951 1143 3017 1198 ad
3037 1143 3480 1198 communionem
3495 1145 3668 1200 addu-

2070 1231 2165 1297 cit,
2198 1231 2468 1302 siquidem
2499 1233 2701 1288 ibidem
2728 1233 2988 1304 baptizati
3016 1233 3245 1290 fuerint.
3273 1234 3330 1290 Si
3361 1251 3493 1291 vero
3524 1251 3670 1291 non-

2072 1323 2203 1377 dum
2235 1324 2347 1379 sint
2388 1324 2674 1395 baptizati,
2707 1340 2818 1380 non
2853 1325 3090 1398 amplius
3137 1327 3484 1398 baptizantur
3519 1329 3666 1398 apud

2072 1412 2380 1470 haereticos.

2147 1504 2236 1559 15.
2281 1504 2596 1562 Diaconissa
2629 1506 2736 1562 nisi
2775 1509 3135 1580 quadraginta
3175 1525 3348 1564 annos
3394 1520 3523 1566 nata
3559 1526 3666 1565 non

2071 1595 2359 1651 ordinatur
2388 1615 2403 1654 :
2434 1597 2482 1652 ei
2518 1608 2701 1653 autem
2744 1615 2868 1668 quae
2907 1600 3046 1655 inito
3092 1601 3466 1668 matrimonio,
3511 1618 3670 1660 sacro

2071 1688 2290 1744 muneri
2319 1689 2558 1745 dedecus
2592 1691 2858 1754 attulerit,
2890 1692 3206 1747 anathema.

2145 1780 2234 1834 16.
2275 1779 2526 1836 Monachi
2559 1791 2656 1838 aut
2686 1782 2954 1838 moniales
2984 1783 3400 1840 matrimonium
3431 1800 3501 1840 ne
3533 1800 3668 1840 con-

2069 1873 2292 1928 trahant
2323 1892 2334 1926 :
2370 1873 2640 1944 siquidem
2677 1875 2782 1930 hoc
2811 1873 3064 1941 fecerint,
3094 1877 3663 1932 excommunicentur.

2143 1965 2228 2020 17.
2282 1964 2578 2020 Rusticana
2625 1965 2885 2034 parua-cia,
2935 1981 3036 2022 seu
3090 1966 3213 2038 pagi
3261 1967 3434 2034 curia,
3473 1969 3518 2023 si
3570 1970 3668 2024 tri-

2067 2059 2216 2129 ginta
2267 2074 2444 2114 annos
2493 2073 2761 2128 possessa:
2815 2057 3044 2124 fuerint,
3104 2059 3491 2128 possideantur
3545 2079 3559 2115 :
3619 2063 3666 2117 si

2067 2157 2250 2204 autem
2284 2149 2424 2202 intra
2457 2148 2589 2202 illud
2628 2157 2845 2219 tempus
2883 2147 3053 2202 fuerit
3093 2149 3274 2219 aliqua
3304 2149 3373 2204 de
3414 2151 3502 2206 his
3533 2166 3668 2206 con-

2069 2241 2354 2307 troversia,
2389 2241 2496 2295 sint
2527 2240 2740 2310 judicio
2783 2240 3004 2296 obnoxii
3054 2255 3243 2296 earum
3293 2257 3664 2311 possessores.

2067 2334 2126 2388 Si
2185 2347 2317 2388 vero
2377 2332 2726 2402 imperatoris
2771 2333 2928 2403 jussu
2979 2331 3112 2388 urbs
3169 2341 3428 2389 renovata
3479 2334 3665 2402 fuerit,

2065 2424 2202 2480 ordo
2229 2439 2294 2478 ac
2332 2422 2505 2479 forma
2537 2424 2786 2479 ecclesiae
2814 2423 3123 2493 paruacialis
3152 2423 3341 2480 civiles
3382 2441 3445 2481 ac
3486 2427 3669 2498 publi-

2067 2534 2158 2574 cas
2188 2506 2562 2572 ordinationes
2591 2526 2874 2588 sequatur.

2141 2610 2229 2664 18.
2270 2609 2466 2664 Clerici
2499 2625 2562 2664 ac
2601 2609 2857 2666 monachi
2893 2609 2947 2665 .si
2985 2613 3251 2684 comperti
3295 2611 3502 2667 fuerint
3536 2627 3670 2668 con-

2065 2700 2341 2755 venticula
2394 2699 2599 2756 habere
2638 2715 2703 2756 ac
2738 2702 3028 2772 conjurare
3077 2713 3270 2759 contra
3319 2704 3665 2775 episcopum,

2067 2794 2326 2865 gradibus
2360 2793 2474 2848 suis
2505 2777 2785 2849 excidant.

2141 2887 2229 2942 19.
2270 2885 2374 2952 Qui
2407 2885 2610 2940 amissa
2644 2885 2822 2956 patria
2865 2885 2935 2942 ad
2968 2885 3130 2941 aliam
3160 2885 3464 2942 Ecclesiam
3499 2900 3667 2942 vene-

2068 2980 2160 3044 rit,
2191 2977 2717 3050 irreprehensibilis.

2136 3071 2227 3126 20.
2263 3070 2564 3141 Episcopus
2583 3069 2676 3140 qui
2699 3077 3022 3125 extraneum
3049 3067 3309 3125 clericum
3341 3068 3663 3139 susceperit,

1989 3192 2036 3255 ρ
2068 3178 2194 3220 cum
2222 3171 2478 3233 suscepto
2504 3161 3094 3218 excommunicabitur.

2137 3252 2227 3306 21.
2269 3250 2516 3308 Clericus
2563 3259 2658 3306 aut
2706 3251 2880 3306 laicus
2933 3266 3044 3306 non
3093 3251 3355 3322 probatus
3397 3265 3665 3305 accusans

2065 3344 2405 3415 episcopum,
2435 3343 2791 3415 rejiciendus.
3545 3403 3552 3409 .

2133 3435 2226 3492 22.
2270 3434 2373 3503 Qui
2409 3436 2670 3507 episcopo
2709 3437 2819 3492 vita
2868 3438 3080 3503 functo,
3129 3435 3275 3491 illius
3321 3435 3465 3490 bona
3498 3433 3664 3505 rapit,

2064 3528 2234 3601 gradu
2263 3529 2568 3598 dejicietur.

2134 3619 2229 3674 23.
2270 3619 2374 3686 Qui
2424 3619 2636 3688 injussu
2684 3621 2929 3692 episcOpi
2980 3618 3458 3689 ConstantinOpoli
3517 3631 3668 3674 com-

2067 3720 2355 3766 morantur
2391 3726 2454 3766 ac
2486 3711 2672 3766 turbas
2699 3711 2960 3776 excitant,
3001 3711 3135 3767 urbe
3167 3710 3532 3780 expellantur.

2137 3896 2224 3950 24.
2263 3893 2653 3950 Monasterium
2703 3892 2772 3948 de
2820 3891 3094 3947 sententia
3147 3889 3386 3960 episc0pi
3441 3896 3662 3943 exstru-

2066 3996 2234 4055 ctum,
2279 3993 2499 4042 maneat
2544 3984 2906 4050 immutabile,
2953 3992 3009 4039 et
3056 3981 3320 4054 quidquid
3367 3980 3434 4035 ad
3487 3979 3663 4050 ipsum

2065 4080 2306 4144 pertinet
2347 4093 2415 4132 ne
2458 4077 2750 4132 alienetur.
2796 4074 2900 4142 Qui
2925 4089 3056 4130 vero
3095 4087 3256 4128 secus
3301 4070 3517 4137 fecerit,
3553 4085 3663 4123 non

2066 4173 2173 4228 erit
2206 4171 2485 4226 innoxius.

2133 4264 2226 4318 25.
2269 4263 2415 4317 lntra
2447 4269 2558 4318 tres
2600 4273 2821 4315 menses
2857 4256 3239 4328 episcoporum
3287 4251 3668 4309 ordinationes

2067 4354 2462 4428 perﬁciantur;
2518 4363 2737 4422 tempus
2765 4365 2895 4406 vero
2925 4356 3182 4420 prorogat
3222 4345 3521 4402 necessitas
3557 4345 3668 4399 ali-

2066 4465 2173 4520 qua
2205 4445 2554 4503 inevitabilis.
2593 4443 2653 4499 Si
2693 4458 2854 4498 secus
2893 4441 3008 4507 ﬁat,
3043 4440 3307 4496 ordinans
3335 4452 3512 4508 poenae
3558 4435 3666 4490 erit

371 4542 661 4611 ἐπιτίμιον
719 4540 962 4594 εἴσεται*
1013 4540 1047 4610 ἡ
1099 4538 1286 4610 μέντοι
1337 4537 1601 4612 πρόσοδος
1636 4537 1845 4609 μενέτω
1879 4535 1960 4609 τῷ

2068 4543 2353 4606 obnoxius,
2389 4538 2599 4595 reditus
2635 4546 2817 4592 tamen
2871 4548 3040 4605 penes
3091 4532 3522 4602 dispensatorem
3548 4544 3667 4582 ma-

369 4635 673 4703 οἰκονόμῳ.

439 4726 557 4794 κζ’.
589 4724 895 4797 Οίκονόμος
941 4724 1046 4780 ἀνὰ
1092 4725 1276 4789 πάσας
1313 4724 1411 4789 τὰς
1439 4723 1771 4796 Ἐκκλησίας
1827 4723 1967 4779 ἔστω

2065 4640 2628 4790 ῃεέἓῗοῡίερθηεθιοτ
2677 4718 2732 4772 in
2791 4713 3048 4770 omnibus
3091 4710 3353 4767 Ecclesiis
3401 4709 3469 4764 de
3517 4709 3666 4764 clero

370 4793 608 4872 dubi-:06
636 4793 842 4888 κλήρου
861 4833 876 4848 ο
906 4819 936 4870 ὁ
973 4817 1032 4869 δὲ
1078 4816 1238 4870 τοῦτο
1281 4793 1642 4887 καταφρονῶν
1667 4816 1961 4880 ἐπίσκοπος

2071 4809 2438 4865 constituatur
2479 4826 2492 4861 :
2543 4805 2636 4876 qui
2682 4817 2812 4858 vero
2854 4800 2959 4854 hoc
2997 4797 3301 4854 contemnit
3349 4793 3662 4866 episcopus,

367 4909 475 4961 οὐκ
504 4906 865 4976 ἀνέγκλητος.

447 4997 558 5062 κζ’.
589 4997 868 5068 Κληρικὸς
889 4995 1155 5066 ἁρπάζων
1175 4996 1438 5064 γυναῖκα,
1473 4992 1963 5064 ἀνεκκλησίαστος·

364 5093 400 5145 ὀ
430 5092 491 5146 δὲ
535 5089 727 5153 λσῑκὺς
758 5088 900 5143 εστω
922 5088 1196 5159 ἀνάθεμα,
1249 5086 1392 5140 κατὰ
1430 5085 1592 5139 τοῦτο
1646 5085 1744 5140 καὶ
1773 5086 1803 5138 ὁ
1835 5100 1966 5138 συν-

369 5183 554 5254 αιρῶν
588 5181 703 5255 [ῑσ.
737 5181 1054 5254 συναινῶν].

445 5281 559 5345 κη’.
597 5277 660 5327 '0
711 5276 809 5343 τῆς
855 5273 984 5335 νέας
1029 5272 1332 5335 ἐπίσκοπος
1371 5269 1590 5341 Ῥώμης
1615 5268 1696 5338 τῷ
1725 5268 1826 5338 τῆς
1855 5285 1964 5322 πα-

366 5369 667 5436 λαιοτέροις
707 5365 993 5436 ὁμότιμος,
1061 5364 1151 5417 διὰ
1181 5364 1282 5433 τὴν
1311 5362 1425 5416 τῶν
1459 5363 1758 5433 σκήπτρων
1795 5361 1965 5432 μετά-

372 5475 594 5513 στασιν.

297 5606 301 5614 ,
347 5559 375 5608 1
447 5551 553 5606 κθν.
602 5552 668 5604 Δί
701 5549 815 5624 [τσ.
841 5547 933 5622 Oi]
971 5548 1200 5613 Πόντου,
1231 5549 1326 5601 καὶ
1350 5545 1564 5610 Ἀσίας,
1597 5544 1692 5600 καὶ
1721 5545 1963 5617 Θρᾴκης,

375 5644 473 5696 καὶ
531 5643 581 5696 οι
629 5642 900 5714 βάρϐαροι
955 5638 1036 5711 τῷ
1067 5640 1166 5709 τῆς
1208 5637 1626 5694 Κωνσταντίνου
1653 5636 1965 5708 κεχειροτό-

377 5751 594 5806 νηνται.

451 5827 516 5884 λ’.
556 5827 615 5884 ’0
646 5826 1037 5892 καταϐιϐάζων
1085 5825 1385 5880 ὲπξσκοπον
1443 5823 1521 5888 είς
1570 5820 1961 5894 πρεσϐύτερον,

2069 4899 2303 4955 crimine
2326 4913 2435 4951 non
2467 4901 2635 4952 caret.

2138 4992 2228 5046 27.
2271 4988 2514 5045 Clericus
2535 4983 2824 5039 mulierem
2856 4979 3097 5050 rapiens,
3118 4975 3361 5032 Ecclesia
3386 4973 3660 5044 ejiciatur,

2067 5082 2239 5137 laicus
2267 5094 2399 5134 vero
2426 5077 2497 5132 sit
2519 5074 2834 5137 anathema,
2864 5079 2925 5126 et
2946 5067 3036 5140 qui
3071 5068 3156 5123 his
3179 5064 3456 5123 consentit
3483 5062 3660 5120 eidem

2068 5187 2244 5243 pinnae
2272 5169 2616 5239 subjiciatur.

2137 5264 2229 5318 28.
2269 5263 2438 5318 Nova;
2489 5259 2678 5314 Roma:
2724 5257 3017 5328 episcopus
3069 5251 3262 5308 eodem
3301 5263 3426 5303 cum
3456 5244 3663 5332 veteris

2070 5355 2257 5411 Romae
2317 5353 2576 5423 episcopo
2639 5350 2852 5405 honore
2896 5346 3112 5401 fruatur
3156 5348 3384 5414 propter
3441 5335 3661 5408 Imperii

2071 5447 2508 5503 translationem.

2139 5540 2229 5595 29.
2273 5538 2458 5602 Ponti,
2485 5535 2651 5602 Asize,
2684 5531 3041 5601 Thraciaque
3079 5525 3322 5599 episcopi
3349 5538 3414 5579 ac
3444 5520 3658 5578 barbari

2070 5650 2100 5690 a
2127 5628 2736 5701 Constantinopolitano
2762 5624 3110 5680 ordinentur.

2146 5821 2235 5877 50.
2287 5818 2388 5886 Qui
2436 5815 2752 5888 episcopum
2804 5810 2870 5868 ad
2925 5806 3228 5882 presbyteri
3291 5801 3516 5877 gradum
3565 5799 3664 5856 dc-
