4156 6408
527 385 636 450 251

1630 379 2012 442 SYMEONIS
2051 377 2634 439 METAPHRAST/E

3690 368 3800 432 252

531 496 720 560 mittit,
747 492 1044 564 sacrilegus
1073 506 1087 544 :
1120 492 1237 562 ipse
1262 491 1409 547 enim
1443 492 1618 562 culpae
1647 490 1916 545 obnoxius
1946 496 2002 544 et
2035 503 2124 542 sa-

2242 486 2507 557 ἱερόσυλος
2533 502 2544 517 ·
2571 486 2600 539 ὁ
2637 483 2747 555 γὰρ
2769 479 3041 544 ὑπαίτιος,
3072 477 3166 532 καὶ
3191 475 3426 547 ἀνίερος.
3467 476 3526 531 '0
3555 476 3612 531 δέ
3641 495 3806 534 κατα·

531 585 776 644 cerdotio
804 583 1078 655 indignus.
1111 583 1213 649 Qui
1247 598 1378 638 vero
1410 583 1600 638 insons
1638 581 1886 651 deiectus
1915 589 2019 645 est,
2051 579 2122 634 sit

512 725 514 728 .
531 677 844 748 episcopus.

605 770 691 824 51.
735 769 850 822 Mos
877 778 960 822 est
983 749 1406 838 AZgyptiis,‘nisi
1437 767 1883 836 archiepiscopus
1918 766 2122 836 permi—

534 859 668 914 serit
703 874 810 912 non
837 859 1096 920 scribere,
1123 873 1233 928 quo
1262 858 1320 911 lit
1349 868 1406 912 ut
1430 858 1658 912 minime
1694 859 1949 927 culpandi
1985 857 2118 920 sint,

535 969 659 1007 cum
714 954 885 1008 sancti
934 951 1135 1009 Leonis
1195 954 1438 1022 epistolae
1499 967 1611 1008 non
1671 953 2117 1023 subscripserint,

533 1046 713 1100 donec
745 1045 1196 1115 archiepiscopus
1221 1056 1438 1101 creatus
1465 1047 1645 1102 fuerit.

605 1134 818 1190 Scholia
877 1139 947 1191 ad
990 1153 1040 1191 Ix
1086 1137 1350 1192 (lunonem
1405 1140 1738 1193 acumcnicw
1770 1149 1975 1208 quarta:
2031 1156 2122 1209 sy-

539 1227 683 1280 nodi.
731 1256 804 1267 ——
863 1228 1169 1283 Exarchum
1227 1229 1480 1284 diaeresis
1539 1239 1695 1284 vocat
1750 1229 2117 1298 patriarcham

538 1316 968 1388 uniuscujusque
1016 1319 1286 1381 diwcesis,
1320 1320 1422 1373 sub
1451 1335 1560 1388 quo
1601 1331 1898 1373 censentur
1945 1335 2123 1372 annu-

541 1419 930 1478 meranturque
961 1411 1366 1478 provinciarum
1396 1411 1539 1464 illius
1571 1411 1948 1479 metropolitaz.
1980 1409 2121 1464 Dicit

540 1501 703 1570 igitur
733 1516 930 1564 canon,
961 1501 1181 1570 quando
1210 1501 1500 1570 episc0pus
1529 1511 1623 1556 aut
1661 1503 1895 1556 clericus
1921 1502 2121 1571 cujus-

539 1606 756 1659 cunque
785 1591 1038 1646 ditecesis
1065 1594 1492 1648 controversiam
1541 1593 1708 1648 habet
1745 1609 1868 1648 cum
1901 1596 2122 1663 proprio

538 1684 958 1752 metropolitano
989 1725 1002 1746 ,
1066 1684 1150 1739 vel
1206 1684 1370 1754 hujus
1439 1685 1691 1740 dioecesis
1759 1686 2120 1752 patriarrham

538 1775 719 1839 adeat,
751 1774 836 1829 vel
876 1775 922 1830 si
962 1776 1122 1840 nolit,
1157 1777 1466 1832 libertatem
1499 1779 1665 1832 habet
1701 1778 1767 1831 ad
1806 1777 2124 1832 Constanti-

540 1868 918 1936 nopolitanum
976 1869 1234 1923 thronum
1287 1870 1632 1924 recurrendi.
1691 1869 1848 1935 Quod
1908 1869 2126 1939 quidem

540 1959 886 2030 privilegium
945 1961 1081 2015 nulli
1136 1962 1369 2016 aliorum
1419 1961 1854 2031 patriarcharum
1907 1977 2132 2015 conces-

542 2065 664 2103 sum
699 2059 804 2113 est,
839 2051 927 2104 vel
953 2065 984 2105 a
1015 2052 1220 2106 sanctis
1251 2052 1555 2106 canonibus
1584 2067 1720 2121 quos
1755 2059 2130 2120 exposuerunt

543 2141 899 2196 meumenicae
929 2151 1164 2212 quatuor
1187 2144 1403 2215 synodi,
1425 2145 1509 2198 vel
1541 2160 1571 2198 a
1602 2144 1868 2215 religiosis
1897 2145 2125 2215 legibus.

545 2306 789 2378 Epitome
819 2326 1080 2366 canonum
1112 2311 1378 2367 beatorum
1415 2311 1640 2366 Patrum
1670 2313 1890 2381 Ancyra
1914 2328 2130 2384 congre-

1208 2393 1475 2454 gatorum.

619 2527 674 2580 2.
719 2525 1025 2598 Presbyteri
1077 2536 1132 2583 et
1181 2529 1392 2584 diaconi
1422 2530 1512 2599 qui
1545 2531 1697 2600 prius
1732 2530 2131 2596 sacriﬁcarunt,

548 2618 749 2673 deinde
783 2635 909 2673 vere
941 2621 1308 2689 resipuerunl,
1345 2623 1512 2677 solius
1543 2625 1816 2680 cathedrae
1856 2633 1912 2678 et
1961 2624 2135 2678 hono-

549 2710 624 2764 ris
673 2711 964 2780 partit-ipes
1018 2712 1146 2778 sint,
1200 2713 1338 2767 nihil
1387 2723 1703 2770 sanctorum
1751 2716 2134 2788 mysteriorum

548 2810 892 2870 peragentes.

620 2892 674 2946 5.
716 2892 818 2958 Qui
851 2903 1115 2949 tormenta
1144 2910 1210 2950 ac
1245 2897 1354 2951 vim
1384 2913 1510 2953 vere
1541 2899 1686 2968 passi
1729 2907 1877 2966 sunt,
1913 2907 1968 2953 et
2011 2915 2136 2954 cum

551 2985 838 3054 tyrannide
870 2986 1019 3041 cibos
1049 2987 1206 3043 idolis
1239 2989 1446 3044 oblatos
1476 3000 1853 3060 sumpserunt,
1886 3007 2138 3046 commu-

550 3074 718 3128 nione
745 3089 812 3128 ne
841 3076 1232 3144 prohibeantur
1263 3096 1275 3132 :
1312 3078 1434 3134 laici
1464 3096 1614 3146 vero,
1650 3081 1695 3134 si
1734 3081 1839 3136 hoc
1871 3081 2004 3150 ipsis
2043 3097 2137 3136 ac—

2232 578 2515 643 6ι6ασθεὶς
2547 579 2844 640 ἐπίσκοπος
2869 573 3130 636 ἀναίτιος.

2299 759 2402 814 λα’.
2435 760 2683 813 Εἵθισται
2716 761 2830 822 τοῖς
2862 755 3204 824 Αἰγυπτίοις,
3258 757 3306 808 εἰ
3358 755 3434 826 μὴ
3485 756 3514 808 ὁ
3560 757 3816 828 ἀρχιεπί-

2231 871 2434 918 σκοπος
2479 853 2774 924 ἐπιτρέπῃ,
2828 850 2904 921 μὴ
2947 849 3219 918 γράφειν’
3254 847 3504 901 ἐντεῦθεν
3529 849 3813 921 ἄμεμπτοι

2232 945 2307 1017 μὴ
2337 949 2737 1018 ἐπιγράφοντες
2757 952 2824 1019 τῇ
2850 945 3110 1017 ἐπιστολῇ
3134 942 3226 998 τοῦ
3259 943 3409 996 ὁσίου
3433 943 3687 1010 Λέοντος,
3706 944 3814 1007 ἕως

2227 1036 2667 1106 ἀρχιεπίσκοπος
2689 1039 2942 1108 γένηται.

2299 1129 2526 1198 Σχόλια
2563 1131 2651 1195 είς
2686 1128 2732 1182 θ’
2774 1131 3107 1198 κεφάλαιον
3145 1131 3256 1200 τῆς
3290 1131 3340 1186 δ’
3390 1127 3819 1198 οίκουμενικῆς

2227 1220 2520 1275 συνόδου.
2547 1251 2618 1263 ——-
2638 1222 2907 1292 Ἐεαρχον
2937 1221 3260 1293 διοικήσεως
3292 1225 3467 1290 καλεῖ,
3500 1224 3590 1276 τὸν
3617 1239 3820 1291 πατρι-

2229 1312 2405 1382 άρχην
2446 1313 2686 1383 ἑκάστης
2724 1313 3068 1383 διοικήσεως,
3111 1315 3201 1384 ὑφ’
3246 1315 3305 1368 ὃν
3348 1318 3396 1369 οἱ
3439 1315 3549 1367 τῶν
3596 1313 3819 1382 ἐκείνης

2229 1403 2512 1471 ἐπαρχιῶν
2545 1404 2760 1457 τελοῦσι
2799 1406 3219 1477 μητροπολίται.
3252 1409 3422 1476 Φησὶν
3450 1402 3543 1460 οὖν
3574 1406 3601 1457 ὁ
3633 1403 3821 1458 κανὼν

2230 1494 2424 1564 ὅτιπερ
2453 1496 2480 1547 ὁ
2513 1495 2880 1565 ἀμφισϐητῶν
2936 1497 3074 1566 πρὸς
3113 1497 3203 1550 τὸν
3247 1497 3378 1552 ἴδιον
3412 1496 3824 1568 μητροπολίτην

2230 1586 2552 1650 ἐπίσκοπος,
2587 1587 2619 1658 ἦ
2653 1587 2915 1658 κληρικδς
2936 1590 3264 1660 οἱασδήποτε
3297 1591 3644 1660 διοικήσεως,
3669 1589 3704 1658 ἦ
3726 1588 3826 1643 τὸν

2232 1680 2405 1749 αὐτῆς
2450 1681 2923 1750 καταλαμϐανέτω
2974 1683 3346 1754 πατριάρχην,
3397 1683 3430 1752 ἢ
3477 1683 3527 1736 εί
3577 1683 3650 1752 μὴ
3698 1681 3828 1752 βού-

2231 1771 2399 1833 λοιτο,
2450 1772 2635 1826 ἄδειαν
2682 1773 2797 1842 ἔχει
2843 1774 2982 1844 πρὸς
3032 1775 3124 1826 τὸν
3165 1774 3580 1828 Κωνσταντίνου
3612 1773 3828 1837 πόλεως

2234 1865 2560 1935 ἀνατρέχειν
2588 1865 2776 1937 θρόνον
2796 1883 2810 1897 ο
2842 1867 2980 1937 ὅπερ
3026 1867 3325 1937 προνόμιον
3368 1867 3548 1920 οὐδενὶ
3573 1865 3681 1919 τῶν
3723 1866 3829 1920 ἀλ-

2233 1955 2340 2009 λων
2373 1957 2736 2027 πατριαρχῶν
2770 1957 2951 2024 ἐδόθη,
2979 1955 3089 2010 οὔτ’
3124 1959 3187 2011 ἐκ
3217 1957 3326 2010 τῶν
3355 1955 3528 2025 ἁγίων
3557 1957 3826 2020 κανόνων,

2231 2048 2325 2112 οὒς
2349 2050 2598 2114 ἐξέθεντο
2627 2051 2682 2103 αἱ
2708 2052 3091 2120 οίκουμενικαὶ
3119 2051 3390 2122 Ιτέσσαρες
3422 2047 3662 2104 σύνοδοι·
3697 2047 3831 2103 οὒτε

2234 2143 2302 2194 ἐκ
2328 2142 2435 2194 τῶν
2458 2142 2698 2196 εὐσεϐῶν
2730 2143 2931 2214 νόμων.

2248 2302 2533 2374 Ἐπιτομὴ
2591 2304 2872 2358 κανόνων
2916 2304 3036 2375 τῶν
3086 2306 3157 2358 ἐν
3215 2305 3466 2375 Ἀγκύρῃ
3515 2305 3834 2374 μακαρίων

2871 2371 3152 2444 Πατέρων

2304 2525 2369 2596 β’.
2405 2525 2800 2596 Πρεσϐύτεροι,
2849 2526 2946 2580 καὶ
2984 2526 3223 2580 διάκονοι
3257 2529 3318 2579 τὺ
3349 2528 3481 2597 πρὶν
3515 2526 3828 2581 ἐπιθυσαν-

2236 2634 2346 2680 τες,
2379 2615 2498 2671 εἶτα
2535 2618 2601 2670 δι’
2643 2619 2901 2689 ἀληθείας
2947 2619 3463 2685 ἀναπαλαίσαντες,
3510 2621 3678 2690 μόνης
3729 2623 3836 2691 τῆς

2237 2709 2508 2779 καθέδρας
2556 2709 2652 2763 καὶ
2683 2710 2784 2780 τῆς
2833 2709 3003 2780 τιμῆς
3053 2711 3456 2782 μετεχέτωσαν,
3515 2711 3682 2784 μηδὲν
3717 2712 3837 2767 τῶν

2238 2802 2409 2870 ἁγίων
2442 2801 2841 2865 ἐπιτελοῦντες.

2307 2893 2378 2962 γ’.
2408 2895 2472 2947 Οί
2501 2894 2920 2965 βασανισθέντες
2957 2896 3052 2950 καὶ
3106 2895 3426 2966 βιασθέντες
3460 2896 3699 2966 ἀληθῶς,
3733 2898 3840 2951 καὶ

2245 2988 2386 3059 μετά
2437 2989 2756 3059 τυραννίδος
2806 2988 3073 3060 βρώματα
3119 2990 3379 3055 λαϐόντες
3434 2992 3679 3057 είδὼλου,
3728 2993 3840 3060 τῆς

2242 3082 2529 3146 κοινωνίας
2575 3083 2650 3153 μὴ
2695 3082 3117 3139 κωλυέσθωσαν.
3178 3085 3288 3137 Καὶ
3336 3084 3517 3136 λαῖκοὶ
3567 3084 3621 3137 δέ
3669 3083 3843 3137 τοῦτο

551 3164 765 3227 cidcrit,
800 3181 864 3221 ac
905 3168 947 3223 si
1002 3169 1139 3222 nihil
1179 3153 1559 3240 deliquissent,
1612 3173 1654 3226 si
1702 3173 1870 3227 velint
1916 3175 2133 3230 ordines

2249 3174 2540 3240 παθόντες,
2578 3175 2652 3238 ὡς
2700 3175 2853 3228 οὐδὲν
2889 3175 3300 3247 ἡμαρτηκότες.
3341 3179 3388 3230 εἰ
3419 3176 3696 3247 βούλοιντο
3729 3195 3845 3247 χει-

551 3259 831 3328 consequi,
862 3273 1288 3332 consequantur,
1324 3264 1488 3320 modo
1528 3265 1582 3318 in
1622 3265 1740 3320 aliis
1771 3265 2134 3334 irreprehen~

549 3347 737 3404 sibiles
766 3351 894 3406 sint.

621 3440 677 3495 4.
741 3440 1021 3513 Quotquot
1080 3445 1297 3500 abducti
1363 3461 1486 3502 cum
1555 3447 1720 3501 animi
1779 3449 2140 3506 delectatione

550 3535 918 3590 ascenderunt
950 3546 1006 3592 et
1038 3539 1415 3605 comederunt,
1463 3555 1558 3594 sex
1605 3555 1777 3596 annos
1804 3543 2142 3611 pmnitentiae

551 3641 669 3681 sese
709 3629 1050 3684 submittant.

624 3723 677 3777 5.
720 3720 823 3787 Qui
859 3737 982 3776 cum
1023 3721 1234 3790 lugubri
1267 3730 1418 3777 veste
1462 3724 1827 3780 ascenderunt
1867 3734 1921 3780 et
1955 3742 2140 3784 come-

555 3815 777 3878 derunl,
824 3831 946 3869 cum
994 3815 1245 3886 lacrymis
1295 3817 1530 3870 triennio
1575 3817 1828 3872 submissi
1872 3819 2144 3889 pteniten—

555 3904 688 3959 tiam
718 3905 974 3975 agant:si
1009 3922 1136 3960 vero
1167 3923 1272 3960 non
1304 3907 1684 3976 comederunt,
1722 3908 1964 3964 biennio.
1997 3909 2142 3964 Prte-

554 3997 755 4050 cedcns
790 3999 896 4052 vita
932 4007 987 4052 et
1016 4012 1379 4069 consequens,
1415 4001 1690 4070 lapsorum
1737 4001 1963 4066 scilicet,
1995 4002 2140 4061 bona

554 4097 653 4141 aut
693 4088 854 4153 mala,
890 4090 1210 4162 episcopum
1251 4093 1632 4148 humaniorem
1677 4103 1769 4149 aut
1809 4096 2174 4151 scveriorcm'

557 4179 754 4234 reddit.

671 4319 685 4334 .
717 4278 815 4334 Vir
840 4283 929 4352 qui
958 4282 1119 4338 minis
1147 4292 1354 4340 tantum
1386 4287 1611 4342 cesserit
1643 4297 1699 4343 et
1727 4289 2142 4359 sacriﬁcaverit,

555 4369 755 4426 deinde
796 4373 1136 4443 ptenituerit,
1169 4378 1547 4449 quinquennio
1577 4381 1918 4451 poenitentiae
1963 4383 2141 4454 subji-

553 4467 750 4519 ciatur.

631 4563 682 4618 7.
729 4565 784 4618 Si
817 4567 941 4637 quis
971 4570 1226 4638 proprios
1253 4572 1404 4628 cibos
1447 4572 1654 4628 habens
1681 4576 1964 4646 gentilium
2009 4591 2142 4632 con-

558 4659 717 4713 viviis
746 4661 1058 4718 interfuerit
1087 4663 1140 4719 in
1175 4681 1365 4722 eorum
1411 4667 1585 4734 festis,
1620 4669 1841 4725 biennio
1871 4670 2148 4740 poeniten-

561 4751 648 4805 tia:
679 4752 978 4822 subjaccat.

631 4853 684 4908 8.
727 4853 832 4921 Qui
883 4857 1126 4913 secundo
1173 4867 1231 4913 et
1273 4859 1437 4915 tertio
1483 4861 1896 4931 sacriﬁcaverit,
1944 4865 2042 4921 sed
2092 4866 2146 4922 vi

557 4953 808 5020 adactus,
839 4957 1130 5026 septennio
1156 4957 1494 5027 poenitentia:
1520 4958 1865 5028 subjiciatur.

629 5059 684 5114 9.
721 5058 825 5125 Qui
873 5074 979 5115 non
1023 5061 1198 5115 solum
1247 5062 1553 5117 voluntarie
1597 5062 2006 5129 sacriﬁcaverit,
2049 5078 2144 5118 ve-

561 5166 682 5204 rum
723 5151 886 5204 etiam
929 5152 1096 5205 alium
1139 5154 1398 5224 coegerit,
1433 5155 1621 5210 decem
1655 5171 1829 5211 annos
1872 5155 2145 5226 poeniten-

559 5240 650 5294 tiae
679 5240 1048 5296 submittatur.

635 5342 724 5396 10.
764 5342 868 5406 Qui
911 5344 1176 5400 diaconus
1224 5345 1560 5401 ordinandus
1596 5355 1700 5412 est,
1742 5348 1783 5402 si
1816 5356 2151 5417 protestatus

564 5433 735 5489 fuerit
765 5434 1024 5506 episcopo
1067 5453 1127 5492 se
1171 5454 1278 5492 non
1318 5454 1480 5509 posse
1510 5439 1752 5494 caelibem
1778 5454 2150 5509 perseverare,

562 5538 734 5577 uxore
768 5523 930 5578 ducta
980 5526 1051 5580 sit
1103 5527 1386 5582 diaconus.
1439 5526 1494 5582 Si
1544 5544 1674 5584 vero
1721 5544 1845 5583 cum
1893 5531 2150 5594 tacuerit,

563 5624 752 5685 postea
779 5631 1004 5671 uxorem
1038 5620 1276 5690 duxerit,
1306 5621 1578 5692 ejiciatur.

636 5719 726 5772 Η.
767 5720 824 5773 Si
899 5719 1224 5789 desponsata
1273 5723 1449 5794 puclla
1499 5724 1567 5779 ab
1616 5723 1720 5779 alio
1772 5732 1923 5793 rapta
1965 5722 2149 5791 fuerit,

568 5815 734 5884 priori
762 5815 1092 5876 restituitur,

2248 3267 2498 3336 ροτονίας
2537 3269 2743 3337 τυχεῖν,
2771 3269 3219 3337 τυγχανέτωσαν,
3250 3269 3425 3332 ἄλλως
3472 3268 3846 3341 ἀνεπίληπτοι

2248 3359 2422 3423 ὅντες.

2316 3448 2379 3504 δ’.
2417 3451 2574 3504 Ὅσοι
2619 3450 2961 3521 ἀπαγόμενοι
3015 3454 3133 3522 μετ’
3166 3453 3407 3523 ἀθυμίας
3453 3453 3710 3525 ἀνῆλθον,
3739 3472 3846 3510 και

2248 3541 2475 3612 ἔφαγον,
2510 3542 2604 3595 ἐπὶ⁵
2634 3542 2885 3608 ἑξαετίαν
2913 3544 3395 3600 ὑποπιπτέτωσαν.

2323 3725 2385 3781 ε’.
2436 3727 2500 3780 Οί
2536 3725 2675 3797 μετά
2718 3727 2986 3798 πενθικῆς
3041 3728 3234 3797 στολῆς
3283 3729 3691 3800 ἀνεληλυθότες,
3741 3733 3850 3785 καὶ

2253 3817 2542 3885 φαγόντες,
2598 3818 2736 3886 μετὰ
2767 3817 3022 3886 δακρύων
3053 3819 3298 3888 τριετίαν
3329 3821 3802 3875 ὑποπιπτέτωσαν
3826 3839 3847 3856 ο

2252 3908 2302 3960 εί
2333 3907 2386 3958 δέ
2416 3905 2490 3976 μὴ
2526 3906 2749 3974 ἔφαγον,
2809 3906 3033 3961 διετίαν.
3080 3907 3138 3961 '0
3165 3910 3272 3980 γὰρ
3305 3911 3563 3979 προάγων
3597 3910 3710 3980 βίος
3743 3916 3848 3966 καὶ

2251 4000 2279 4052 δ
2311 3999 2599 4069 ἑπόμενος,
2637 3998 2930 4062 σπουδαῖος
2966 3997 3060 4064 ὢν,
3089 4001 3121 4074 ἢ
3149 4000 3210 4052 οὑ
3239 4000 3545 4066 σπουδαῖος,
3592 4003 3682 4054 τὸν
3708 4005 3846 4056 ἐπί-

2255 4108 2457 4145 σκοπον
2499 4089 3008 4162 φιλανθρωπότερον
3051 4091 3083 4161 ἦ
3140 4091 3688 4163 ἀφιλανθρωπότερον
3728 4093 3843 4147 δεί-

2255 4201 2468 4237 κνυσιν.

2325 4283 2404 4349 ς’.
2458 4284 2625 4358 Ἀνήρ
2671 4285 2871 4357 ἀπειλῇ
2929 4287 3089 4356 μόνον
3131 4286 3281 4351 εἴξας
3328 4287 3422 4342 καὶ
3467 4287 3657 4357 θύσας,
3715 4285 3847 4344 εἷτα

2256 4377 2622 4450 μετανοήσας,
2658 4379 2981 4434 πενταετίαν
3009 4379 3385 4434 ὑποπιπτέτω.

2321 4572 2385 4636 ζ’.
2419 4572 2545 4627 Ἐάν
2575 4589 2659 4636 τις
2717 4574 2825 4627 ίδια
2873 4573 3142 4645 βρώματα
3175 4572 3317 4644 ἔχων
3349 4572 3696 4643 συνειστιάθη
3721 4575 3848 4638 τοῖς
3911 4613 3915 4616 .

2251 4666 2462 4722 ἔθνεσιν
2492 4669 2552 4722 ἐν
2576 4669 2702 4732 ταῖς.
2729 4668 2949 4740 ἑορταῖς
2979 4666 3179 4733 αὐτῶν,
3208 4666 3414 4720 διετίαν
3449 4666 3844 4722 ὑποπιπτέτω.

2313 4863 2460 4934 η’.Ὀ
2489 4861 2762 4932 δεύτερον,
2783 4862 2875 4913 καὶ
2905 4861 3088 4931 τρίτον
3117 4859 3314 4926 θύσας,
3344 4858 3480 4913 ἀλλά
3511 4858 3653 4930 μετά
3687 4855 3847 4928 βίας,

2247 4954 2539 5010 ἑπταετίαν
2565 4953 2947 5008 ὑποπιπτέτω.

2319 5054 2384 5112 θ’.
2423 5055 2482 5110 '0
2517 5055 2592 5125 μὴ
2639 5053 2798 5124 μόνον
2847 5051 3172 5116 ἐθελουσίως
3219 5051 3486 5115 τεθυκὼς,
3541 5050 3681 5105 ἀλλὰ
3737 5051 3844 5107 καὶ

2247 5149 2436 5218 ἕτερον
2469 5148 2810 5216 ἀναγκάσας,
2841 5145 3131 5200 δεκαετίαν
3158 5145 3538 5199 ὑποπιπτέτω.

2324 5348 2376 5397 ι’.
2414 5343 2474 5395 '0
2530 5339 2742 5411 μέλλων
2806 5339 3056 5403 διάκονος
3105 5337 3560 5409 χειροτονεῖσθαι,
3608 5337 3656 5390 εί
3701 5354 3844 5407 προ-

2249 5433 2594 5507 εμαρτύρετο
2646 5431 2724 5503 τῷ
2775 5432 3060 5499 ἐπισκόπῳ
3114 5428 3188 5501 μὴ
3239 5429 3502 5484 δύνασθαι
3545 5429 3823 5499 καρτερεῖν

2249 5531 2487 5600 ἄγαμος,
2535 5526 2791 5596 γαμήσας
2825 5523 2966 5577 ἔστω
2995 5523 3281 5586 διάκονος·
3339 5523 3389 5574 εί
3440 5519 3495 5573 δὲ
3551 5519 3842 5589 σιωπήσας

2251 5622 2459 5693 ἔγημεν
2490 5617 2741 5688 ὕστερον,
2767 5614 3184 5671 ἀποϐαλλέσθω.

2328 5721 2416 5777 ια’.
2449 5723 2512 5774 Et
2543 5717 2887 5790 ἐμνηστεύθη
2925 5717 3085 5787 κόρη,
3111 5716 3345 5787 ἡρπάγη
3380 5716 3434 5770 δὲ
3479 5716 3611 5786 παρ’
3651 5711 3838 5776 ἄλλου,

2252 5818 2326 5885 τῷ
2363 5815 2524 5883 προτέ
2535 5831 2613 5884 ρῳ
2641 5809 3096 5866 ἀποκαθίσταται.
