4156 6418
240 422 253 431 -
356 388 471 458 253

330 5338 344 5425 ἱ

266 5540 349 5589 ις.

1622 382 1966 445 EPITOME
2003 348 2400 446 CANONUM'.

3547 384 3654 449 25i

431 504 524 576 ιβ’.
567 502 635 557 '0
681 501 799 574 πρδ
853 497 953 555 τοῦ
1006 494 1391 568 βαπτίσματος
1434 493 1626 558 θύσας,
1672 491 1965 554 ἀνεύθυνος

2146 494 2230 549 12.
2268 491 2372 560 Qui
2403 501 2531 548 ante
2558 491 2826 564 baptisma
2852 490 3197 560 sacriﬁcavit,
3229 500 3354 565 post
3380 492 3651 564 baptisma

358 598 502 656 ιατω
535 593 683 666 μετά
707 591 774 646 τὺ
810 589 1121 661 βάπτισμα.

426 696 526 759 ιγ’.
558 683 1015 756 Χωρεπίσκοπος
1058 679 1122 733 οὑ
1150 678 1451 752 χειροτονεῖ
1482 675 1612 731 ἀνευ
1664 675 1967 745 ἐπιτροπῇ,

356 780 701 835 ἐπισκόπου.

432 871 524 925 ιδ’.
589 867 897 939 ἰερατικὺς
964 861 1150 935 κρεῶν
1205 859 1565 932 ἀπεχόμενος,
1623 855 1968 923 γευσάμενος

358 964 561 1036 μόνον,
594 962 776 1025 οὑτως
802 956 1102 1028 ἀπεχέσθω
1122 970 1138 987 ο
1157 954 1208 1007 εἰ
1235 952 1292 1006 δέ
1327 950 1461 1022 μηδέ
1493 947 1601 1002 τῶν
1627 945 1692 1019 If.
1725 945 1779 1001 ά.
1806 942 1968 1017 μετὰ]

358 1057 607 1125 κρέατος
637 1053 863 1123 γεύοιτο
888 1050 1164 1121 λαχάνων,
1196 1041 1518 1099 πεπαὺσθω.

438 1229 528 1279 ιε’.
555 1222 691 1276 Ἐάν
734 1236 792 1273 τι
838 1217 940 1285 τῆς
971 1212 1299 1285 Ἐκκλησίας
1331 1207 1694 1281 πρεσϐύτεροι
1737 1201 1970 1274 διαρπά-

370 1328 554 1373 σειαν,
590 1310 737 1363 ἐστω
792 1305 1056 1371 ἀϐέϐαια,
1113 1304 1211 1359 καὶ
1266 1299 1477 1374 μενέτω
1517 1298 1584 1368 τῇ
1638 1292 1819 1365 κρίσει
1870 1289 1965 1345 τοῦ

373 1402 705 1456 ἐπισκόπου.

454 1488 557 1555 ις’.
597 1490 658 1542 ’0
714 1485 1160 1555 ἀλογευσάμενος
1203 1480 1310 1552 πρὸ
1350 1480 1460 1535 τῶν
1508 1480 1681 1534 εἴκοσι
1732 1478 1964 1559 χρόνων,

393 1581 779 1637 πεντεκαίδεκα
829 1579 1014 1632 ἐτεσιν
1067 1572 1456 1629 ὑποπιπτέτω·
1510 1573 1558 1625 εί
1603 1571 1659 1624 δὲ
1705 1571 1802 1623 καὶ
1865 1570 1967 1640 τὴν

402 1673 619 1744 ἠλικίαν
640 1671 827 1741 ταύτην
858 1668 1133 1738 ὑπερϐὰς,
1166 1667 1259 1719 καὶ
1299 1665 1535 1734 γυναῖκα
1558 1664 1698 1735 ἔχων
1730 1662 1965 1734 οπεριπέο

395 1780 601 1825 mre,
650 1763 800 1816 πέντε
838 1760 936 1815 καὶ
980 1759 1156 1813 εἴκοσι
1200 1756 1375 1810 ἐτεσιν
1424 1755 1804 1810 ὑποπιπτέτω
1838 1756 1865 1807 ὁ
1907 1752 1964 1806 δέ

394 1857 485 1910 καὶ
511 1857 742 1925 γυναῖκα
791 1853 957 1925 ἔχων,
990 1852 1085 1906 καὶ
1119 1850 1258 1920 ὑπὲρ
1308 1850 1378 1903 τὰ
1426 1849 1769 1920 πεντήκοντα
1790 1844 1962 1900 τελῶν

383 1950 503 2021 ιτη,
526 1949 661 2019 ἄχρι
687 1946 788 2017 τῆς
817 1945 998 2011 ἐξόδου
1022 1941 1400 1997 ὑποπιπτέτω.

449 2125 535 2193 ιζ’.
581 2126 644 2181 '0
685 2125 889 2196 λεπρὸς
926 2122 1390 2192 ἀλογευσόιμενος,
1432 2119 1466 2191 ἦ
1518 2118 1613 2173 καὶ
1640 2116 1966 2188 λεπρωθεὶς,

374 2223 486 2285 τοῖς
515 2217 950 2291 χειμαζομένοις
982 2215 1321 2286 συνεύχοιτο.

445 2404 536 2470 ιη’.
579 2397 642 2451 Ὀ
693 2394 997 2459 ἐπίσκοπος
1038 2393 1335 2461 καταστὰς,
1383 2396 1433 2449 εί
1463 2393 1524 2446 οὑ
1557 2391 1774 2463 δέχεται
1805 2390 1963 2462 παρὰ

370 2492 472 2559 τὴν
502 2487 812 2559 παροικίαν
840 2489 921 2549 εἰς
955 2487 1021 2558 ἢν
1055 2486 1282 2558 ἐκλήθη,
1326 2483 1445 2539 ἀλλ’
1488 2483 1701 2555 ἑτέροις
1731 2483 1965 2537 ἐπισκό-

370 2598 501 2645 ποις
533 2581 775 2652 ἐνοχλεῖ,
828 2579 1204 2653 ἀφοριζέσθω·
1260 2580 1310 2632 εί
1341 2579 1398 2632 δὲ
1429 2580 1542 2642 τοῖς
1573 2576 1971 2649 πρεσϐυτέροις

366 2673 544 2727 ἐθέλοι
579 2671 1099 2744 [συναριθμεῖσθαι,
1136 2668 1522 2741 συναριθμοῖτο
1547 2666 1568 2741 [
1589 2668 1677 2722 ἵσ.
1734 2684 1961 2752 συναρι-

367 2764 666 2839 hminem].
695 2766 761 2818 Εί
783 2764 839 2818 δὲ
873 2764 968 2818 καὶ
991 2765 1105 2826 τοῖς
1136 2765 1255 2816 ἐκεῖ
1288 2764 1610 2826 ἐπισκόποις
1638 2761 1962 2817 διαστασιά-

372 2859 483 2923 ζει,
512 2856 852 2911 ἀπωθείσθω
880 2857 974 2909 καὶ
1004 2854 1105 2925 τῆς
1131 2853 1224 2909 τοῦ
1253 2854 1632 2926 πρεσϐυτέρου
1666 2852 1858 2924 τιμῆς.

440 2948 535 3005 ιδ’.
569 2950 638 3004 ’0
672 2948 1153 3018 ἐπαγγειλάμενος
1211 2947 1540 3019 παρθενίαν,
1584 2946 1681 2999 καὶ
1733 2945 1965 3010 ἀθετῶν,

367 3042 705 3113 τετραετίαν
730 3039 1081 3112 ἀφοριζέσθω
1101 3056 1116 3072 ο
1144 3041 1201 3095 αί
1230 3041 1288 3096 δὲ
1314 3038 1576 3112 παρθένοι
1607 3037 1684 3105 ὡς
1717 3037 1967 3108 ἀδελφοῖς

369 3152 482 3192 τισι
515 3134 595 3206 μὴ
633 3134 1005 3207 προσίτωσαν.

438 3226 510 3281 κ’.
562 3227 634 3281 Ἦ
662 3226 915 3299 μοιχαλὶς
961 3226 1056 3280 καλ⁸
1079 3228 1108 3280 ό
1135 3225 1323 3298 μοιχὸς
1367 3222 1668 3279 ἑπταετίαν
1707 3219 1966 3293 ἀφοριζέ-

373 3320 618 3375 σθωσαν.

439 3418 549 3464 κα’.
605 3413 675 3464 At
716 3411 919 3482 πόρναι
960 3409 1341 3482 λαμϐάνουσαι
1393 3407 1633 3479 φθόρια,
1674 3404 1966 3460 δεκαετίαν

369 3503 862 3558 ὕποπιπτὲτωσαν.

432 3592 544 3664 κβ’.
582 3595 646 3648 '0
676 3596 1024 3668 αὐθαιρέτως
1053 3593 1384 3666 ἀνδροφόνος
1418 3633 1434 3660 ,
1471 3593 1533 3645 ὲν
1578 3589 1658 3662 τῷ
1692 3589 1840 3643 τέλει
1868 3587 1964 3642 τοῦ

371 3687 495 3759 βίου
529 3690 872 3757 τυγχανέτω.

454 3784 563 3851 κγ’.
631 3783 693 3839 '0
748 3781 1007 3845 ἀκούσιος
1050 3782 1341 3854 φονευτὴς,
1378 3778 1705 3834 πενταετίαν
1747 3778 1953 3831 ὑποπμ

386 3876 592 3932 ante).

464 3969 559 4024 κδ’.
597 3971 650 4024 '0
668 3968 1251 4040 καταμαντευόμενος,
1278 3967 1373 4023 καὶ
1401 3967 1430 4020 ό
1455 3966 1691 4034 είσάγων
1713 3964 1835 4019 τινά
1848 3963 1965 4025 τοῖς

381 4062 552 4126 datst;
574 4064 664 4115 ἐπὶ
688 4062 973 4131 ἀνευρέσει
993 4052 1369 4133 φαρμακείας,
1413 4059 1447 4131 ἤ
1484 4046 1791 4131 καθάρσει,
1831 4071 1965 4109 πεν-⁸

377 4152 603 4207 ταετίαν
629 4153 1014 4207 ὑποπιπτέτω.

446 4243 548 4298 κε’.
585 4244 775 4316 Κόρην
820 4261 908 4308 τις
960 4242 1466 4314 μνηστευσάμενος,
1496 4237 1858 4314 προσεφθάρη
1890 4238 1960 4309 τῇ

368 4339 582 4410 ἀδελφῇ
638 4340 835 4409 αὐτῆς,
870 4333 994 4393 εἶτα
1028 4335 1127 4408 τὴν
1154 4336 1399 4407 μνηστὴν
1430 4334 1646 4397 ἐλαϐεν,
1684 4334 1719 4404 ἡ
1768 4330 1962 4402 πρώτη

369 4428 702 4503 ἀπήγξατο·
740 4429 835 4484 καὶ
891 4431 943 4484 οί
990 4427 1292 4491 συνειδότες
1336 4426 1623 4481 δεκαετίαν
1659 4421 1968 4480 ὑποπιπτέ-

366 4540 582 4579 τωσαν.
1568 4577 1574 4583 .

650 4608 768 4678 Τῆς
805 4608 874 4663 ἐν
904 4606 1348 4677 Νεοκαισαρείᾳ
1390 4603 1684 4660 συνόδου.

444 4708 517 4766 α’.
540 4708 734 4780 Γήμας
765 4704 1162 4779 πρεσϐύτερος,
1188 4704 1586 4776 μετατιθέσθω.
1625 4703 1967 4772 Ἑξωθείσθω

370 4804 432 4858 δὶ
464 4802 798 4875 πορνεύσας,
824 4801 919 4854 καὶ
950 4797 1270 4870 μοιχεύσας.

451 4990 521 5061 β’.
568 4989 636 5045 Ἦ
660 4988 911 5057 ἀδελφοῖς
932 4985 1235 5058 γημαμένη
1255 4984 1483 5052 δισσοῖς,
1509 4983 1597 5039 διὰ
1623 4983 1743 5052 βίου
1765 4983 1968 5046 παντὸς

372 5079 724 5150 ἐξωθείσθω·
759 5079 811 5132 εί
838 5077 895 5130 δὲ
926 5076 1069 5130 κατὰ
1095 5074 1185 5128 τὸν
1217 5074 1448 5129 θάνατον
1482 5075 1703 5144 ἀρνοῖτο
1746 5072 1839 5126 τὸν
1866 5073 1967 5141 γά·-

375 5190 504 5245 μον,
540 5171 654 5237 ἔξει
683 5170 1010 5242 μετάνοιαν·
1047 5170 1098 5221 εἰ
1130 5167 1187 5221 δὲ
1213 5166 1556 5238 τελευτήσει,
1591 5164 1678 5236 ,τῷ
1714 5165 1966 5237 μείναντι

373 5266 665 5319 κάκιστον.

446 5354 518 5424 Υ.
556 5354 676 5408 Τῶν
718 5353 1059 5422 πολυγάμων
1089 5352 1117 5405 ό
1167 5351 1362 5423 χρόνος
1414 5349 1616 5420 σαφὴς,
1662 5349 1725 5402 τδ
1777 5347 1834 5401 δὲ
1864 5345 1963 5418 τῆς

376 5448 672 5520 μετανοίας
710 5448 1010 5503 σπουδαῖον
1042 5444 1206 5498 αὑτὸν
1235 5441 1625 5515 ὑποτέμνεται.

441 5633 503 5689 δ’.
527 5635 592 5688 Δί
622 5632 730 5707 πρὸ
768 5631 882 5686 τῶν
907 5628 1190 5702 πορνικῶν
1228 5627 1406 5702 ἔργων
1444 5627 1738 5700 ἐπιθυμῖαι
1775 5628 1825 5681 ει
1860 5627 1961 5698 ἐμ-

372 5725 701 5796 ποδίζονται,
734 5726 838 5783 οὑκ
864 5722 992 5781 ἀθεῖ
1025 5720 1432 5795 ἐμποδίζονται,

2070 586 2261 641 insons
2296 584 2586 640 habeatur.

2150 679 2230 733 15.
2270 676 2709 748 Cborepiscopus
2738 692 2850 733 non
2887 678 3101 734 ordinat
3135 675 3256 732 sine
3283 676 3504 732 licentia
3537 675 3655 747 epi—

2067 785 2238 834 εοομι.

2143 861 2228 915 14.
2270 859 2535 916 Sacerdos
2576 875 2607 914 a
2646 859 2903 915 carnibus
2949 859 3250 926 abstinens,
3296 859 3388 914 ubi
3436 864 3650 912 tantum

2069 954 2389 1026 gustaverit,
2421 952 2501 1007 sic
2529 950 2802 1006 abstineat
2832 970 2845 1005 :
2878 950 2925 1006 si
2952 966 3083 1007 vero
3127 966 3303 1020 neque
3344 951 3491 1005 olera
3531 963 3653 1019 quae

2070 1058 2197 1098 cum
2237 1042 2494 1099 carnibus
2524 1050 2653 1098 sunt
2682 1051 2885 1115 gustet,
2921 1058 2953 1098 a
2993 1042 3270 1111 fungendo
3296 1056 3526 1097 munere
3553 1039 3653 1096 de-

2069 1135 2247 1191 sistat.

2143 1229 2232 1284 15.
2274 1227 2331 1282 Si
2369 1228 2503 1298 quid
2555 1227 2623 1282 ad
2672 1228 2974 1283 Ecclesiam
3024 1229 3307 1299 pertinens
3352 1224 3650 1295 presbyteri

2067 1316 2441 1381 distraxerint,
2487 1316 2543 1371 id
2590 1316 2887 1372 invalidum
2937 1316 3029 1386 sit,
3081 1332 3143 1372 ac
3188 1331 3359 1387 penes
3410 1312 3652 1384 episcopi

2061 1409 2329 1481 judicium
2360 1417 2600 1463 maneat.

2142 1500 2228 1555 16.
2269 1499 2373 1567 Qui
2431 1507 2620 1553 contra
2668 1499 2935 1555 rationem
2982 1514 3186 1555 venere
3236 1500 3442 1555 abusus
3486 1495 3650 1551 fuerit

2065 1600 2194 1648 ante
2250 1590 2442 1662 viginti
2486 1606 2679 1656 annos,
2729 1590 3040 1661 quindecim
3102 1591 3262 1646 annis
3312 1589 3649 1662 poenitentiae

2064 1683 2391 1752 subjiciatur
2417 1702 2430 1736 :
2464 1681 2508 1738 si
2538 1697 2670 1737 vero
2700 1682 2844 1738 hanc
2870 1690 3084 1737 aetatem
3112 1689 3485 1752 transgressus
3514 1694 3651 1734 uxo-

2066 1790 2293 1845 remque
2334 1775 2542 1828 habens
2578 1773 2632 1827 in
2674 1774 2779 1826 hoc
2821 1780 3111 1842 peccatum
3150 1771 3424 1834 inciderit,
3451 1768 3648 1841 viginti

2067 1868 2309 1939 quinque
2341 1864 2498 1920 annis
2538 1864 2917 1935 paenitentiam
2962 1872 3087 1935 agat
3129 1879 3144 1917 :
3192 1877 3419 1917 uxorem
3464 1869 3647 1916 autem

2067 1961 2296 2025 habens,
2328 1974 2392 2014 ac
2438 1974 2605 2028 supra
2638 1957 3029 2029 quinquaginta
3064 1970 3236 2012 annos
3266 1963 3445 2022 natus,
3477 1969 3648 2024 usque

2067 2049 2136 2107 ad
2164 2049 2369 2104 exitum
2406 2048 2554 2102 vitae.

2142 2139 2228 2193 l7.
2270 2137 2545 2208 Leprosus
2586 2137 2679 2208 qui
2712 2145 2903 2193 contra
2938 2134 3207 2190 rationem
3242 2141 3508 2198 versatus,
3555 2139 3650 2187 aut

2068 2229 2233 2284 etiam
2272 2228 2425 2299 lepra
2459 2227 2695 2284 infectus
2724 2226 2908 2292 fuerit,
2939 2240 3066 2282 cum
3102 2225 3170 2280 iis
3209 2225 3301 2295 qui
3340 2239 3372 2279 a
3401 2222 3651 2279 daemone

2068 2320 2399 2377 infestantur
2430 2328 2571 2378 oret.

2140 2412 2228 2467 18.
2291 2412 2595 2482 Episcopus
2647 2411 2998 2476 constitutus,
3060 2409 3106 2466 si
3163 2408 3233 2464 ab
3279 2406 3525 2464 Ecclesia
3580 2405 3648 2461 ad

2068 2520 2230 2574 quam
2257 2512 2485 2561 vocatus
2517 2512 2601 2561 est
2642 2520 2749 2560 non
2792 2504 3109 2574 recipiatur,
3157 2502 3252 2558 sed
3283 2501 3404 2556 aliis
3433 2500 3648 2571 episco-

2066 2599 2153 2670 pis
2202 2599 2480 2673 negotium
2529 2598 2782 2665 facessat,
2812 2597 3336 2664 excommunicatur.
3371 2594 3428 2651 Si
3464 2601 3646 2650 autem

2068 2691 2400 2762 presbyteris
2429 2688 2776 2745 annumerari
2805 2689 2953 2751 velit,
2983 2697 3395 2744 annumeretur.
3428 2685 3482 2741 Si
3515 2702 3651 2741 vero

2069 2783 2138 2838 ab
2166 2783 2435 2853 episcopis
2463 2782 2555 2853 qui
2590 2781 2659 2836 ibi
2690 2782 2897 2852 degunt
2929 2780 3211 2846 dissideat,
3234 2781 3399 2836 etiam
3426 2779 3653 2850 presby-

2070 2883 2278 2930 teratus
2303 2874 2512 2928 honore
2540 2873 2864 2943 expellatur.

2144 2968 2229 3023 19.
2271 2967 2373 3033 Qui
2404 2966 2769 3037 virginitatem
2800 2965 3082 3037 professus
3112 2974 3217 3031 est,
3249 2979 3314 3022 ac
3345 2972 3532 3018 votum
3572 2962 3650 3016 ir—

2070 3061 2234 3116 ritum
2264 3060 2412 3125 facit,
2444 3059 2809 3130 quadriennio
2852 3058 3374 3115 excommunicetur.
3401 3055 3652 3128 Virgines

1993 3179 2036 3238 C
2069 3170 2200 3209 vero
2233 3169 2302 3208 ne
2331 3154 2397 3209 ad
2424 3152 2632 3223 aliquos
2662 3160 2918 3221 tanquam
2946 3152 3141 3207 fratres
3167 3150 3449 3206 accedant.

2143 3248 2233 3303 20.
2277 3247 2536 3302 Adultera
2561 3255 2616 3300 et
2641 3245 2855 3302 adulter
2901 3257 3109 3317 septem
3140 3261 3315 3301 annos
3335 3259 3651 3300 excommu-

2069 3343 2345 3396 nicentur.

2140 3436 2230 3489 21.
2272 3434 2584 3491 Meretrices
2631 3433 3026 3490 medicamenta
3093 3428 3385 3485 enecandis
3450 3425 3652 3481 fetibus

2069 3526 2422 3587 adhibentes.
2454 3526 2643 3582 decem
2687 3538 2862 3580 annos
2898 3521 3234 3593 poenitentiae
3272 3518 3651 3588 subiiciantur.

2140 3618 2230 3672 22.
2270 3616 2624 3672 Voluntarius
2669 3615 2943 3671 homicida
2999 3615 3056 3668 in
3098 3612 3205 3667 fine
3238 3612 3364 3668 vitae
3407 3624 3653 3666 commu-

2070 3706 2291 3763 nionem
2317 3714 2702 3775 consequatur.

2140 3797 2229 3850 25.
2271 3795 2673 3851 Involuntarius
2741 3791 3008 3849 homicida
3050 3788 3425 3861 quinquennio
3471 3787 3651 3863 pmni-

2071 3890 2257 3944 tentias
2287 3888 2631 3956 subjiciatur.

2137 3982 2228 4036 24.
2268 3978 2373 4048 Qui
2397 3979 2670 4034 vaticiniis
2698 3978 2887 4043 utitur,
2908 3986 3071 4046 atque
3093 3973 3390 4030 introducit
3412 3973 3647 4043 aliquem

2068 4073 2123 4128 in
2156 4073 2347 4128 domos
2397 4070 2718 4143 exquirendi
2745 4068 2994 4127 veneﬁcii
3034 4076 3128 4122 aut
3156 4065 3496 4122 lustrationis
3527 4081 3651 4137 gra-

2069 4165 2165 4231 tia,
2195 4163 2575 4235 quinquennio
2612 4160 2949 4233 poenitentia:
2974 4158 3273 4228 subiaceat.

2137 4258 2227 4313 25.
2271 4253 2499 4324 Quidam
2534 4255 2713 4326 puella
2741 4252 3088 4324 desponsata,
3114 4249 3289 4307 sorori
3315 4247 3436 4318 ejus
3459 4248 3651 4304 vitium

2069 4349 2285 4414 attulit,
2319 4348 2517 4405 acinde
2562 4362 2821 4419 sponsam
2856 4345 3100 4416 accepit,
3136 4343 3311 4415 prima
3359 4343 3653 4414 suspendio

2067 4442 2235 4498 vitam
2268 4441 2411 4497 ﬁniit
2447 4456 2460 4494 :
2495 4440 2530 4495 ii
2557 4441 2721 4496 etiam
2761 4439 2852 4510 qui
2890 4438 3019 4494 facti
3043 4436 3247 4494 conscii
3277 4445 3426 4501 sunt,
3450 4435 3653 4491 decen-

1996 4529 2041 4586 D
2069 4535 2164 4592 nio
2186 4534 2523 4607 poenitentiae
2551 4533 2937 4603 subiiciantur.

2518 4625 2725 4696 Synod!
2753 4623 3213 4680 Neocwsariensis.

2144 4719 2197 4773 1.
2238 4719 2531 4789 Presbyter
2570 4718 2662 4788 qui
2694 4732 2918 4771 uxorem
2957 4716 3193 4780 duxerit,
3220 4713 3525 4785 deponatur
3560 4729 3574 4766 :
3605 4709 3648 4764 si

2072 4827 2202 4866 vero
2241 4818 2513 4867 scortatus
2562 4809 2846 4863 fueritaut
2878 4807 3202 4876 :mmcbatus
3237 4805 3422 4871 fuerit,
3463 4803 3650 4873 expel-

2072 4903 2120 4958 la
2131 4912 2237 4959 tur.

2140 4996 2195 5049 2.
2238 4993 2434 5049 Mulier
2461 5008 2582 5062 quae
2609 4992 2826 5048 duobus
2858 4990 3117 5046 fratribus
3143 4989 3415 5060 nupserit,
3448 5005 3545 5061 per
3569 5000 3651 5047 to-

2071 5093 2179 5139 tam
2198 5083 2364 5138 vitam
2386 5083 2688 5164 expellatur
2715 5100 2729 5137 :
2760 5082 2805 5138 si
2824 5097 2955 5138 vero
2975 5081 3136 5136 morti
3164 5080 3405 5151 proxima
3433 5080 3651 5149 nuptias

2069 5176 2342 5248 repudiet,
2365 5175 2742 5247 paenitentiam
2766 5181 3133 5246 consequetur
3164 5191 3177 5228 :
3211 5172 3258 5229 si
3277 5187 3407 5228 vero
3428 5171 3648 5239 obierit,

2069 5269 2349 5340 superstiti
2379 5269 2495 5325 viro
2530 5268 2851 5339 pessimum.

2141 5365 2194 5418 5.
2239 5365 2443 5421 Eorum
2465 5363 2556 5435 qui
2585 5362 2749 5417 multa
2777 5361 3119 5418 matrimonia
3149 5360 3484 5417 contrahunt
3508 5367 3648 5413 tem-

2069 5471 2175 5528 pus
2212 5465 2423 5510 certum
2470 5463 2555 5510 est
2587 5471 2600 5509 :
2636 5454 2974 5526 poenitentiae
3022 5468 3154 5510 vero
3211 5452 3449 5508 studium
3514 5451 3648 5507 illud

2069 5548 2338 5622 praecidit.

2140 5640 2193 5695 4.
2225 5638 2696 5710 Concupiscentia:
2734 5635 3110 5694 fornicationis
3137 5652 3300 5710 opera
3330 5633 3646 5707 praeceden-

2070 5738 2152 5784 tes
2181 5729 2225 5783 si
2258 5728 2648 5798 impediantur,
2695 5744 2809 5786 non
2842 5728 2961 5785 sine
2997 5728 3183 5786 divino
3228 5725 3431 5785 auxilio
3471 5723 3644 5795 impe-

2069 5819 2314 5874 diuntur.
