4156 6408
528 404 636 469 255

1657 403 2034 464 SYMEONIS
2072 402 2650 469 METAPHRAST/E

3686 399 3805 462 256

604 515 658 568 5.
702 513 806 578 Qui
833 512 962 568 dum
995 511 1118 568 fidei
1148 513 1425 584 mysteriis
1448 511 1753 568 instituitur
1773 523 1984 583 peccat,
2011 529 2107 568 au-

2284 522 2346 570 s'.
2397 517 2460 570 '0
2506 519 2564 570 ἐν
2591 516 2669 587 τῷ
2710 513 3073 586 κατηχεῖσθαι
3108 510 3465 583 ἁμαρτάνων,
3506 509 3802 578 ἀκροάσθω

530 606 646 661 diat
674 621 782 661 non
820 623 1054 676 peccans
1086 622 1100 658 :
1139 606 1184 661 si
1217 615 1399 660 autem
1436 606 1616 660 adhuc
1648 616 1981 676 perseveret,
2020 622 2115 678 pe-

529 701 681 755 nitus
709 701 978 769 ejiciatur.

601 794 655 848 6.
723 795 1017 865 Praegnans
1084 793 1526 863 quandocunqne
1585 791 1703 846 vult
1753 791 2116 862 baptizatur:

530 887 969 954 uniuscujusque
996 885 1145 939 enim
1182 884 1436 938 voluntas
1459 882 1756 952 judicatur.

599 981 652 1033 7.
695 978 984 1048 Presbyter
1019 992 1129 1030 non
1173 976 1338 1030 debet
1378 975 1648 1028 interesse
1688 971 1944 1027 convivio
1990 971 2112 1041 ejus

529 1070 622 1140 qui
651 1070 921 1124 secundas
951 1067 1179 1139 nuptias_
1195 1067 1456 1131 celebrat;
1480 1063 1750 1133 quomodo
1767 1062 1910 1117 enim
1935 1062 2112 1131 ipsum

529 1162 691 1217 venia
718 1161 941 1229 dignum
972 1156 1279 1227 jutlicabit?

603 1255 655 1310 8.
703 1254 899 1308 Laicus
943 1253 1102 1320 cujus
1134 1265 1271 1303 uxor
1315 1247 1640 1302 adulterium
1679 1245 1972 1309 commisit,
2005 1257 2114 1297 non

531 1348 825 1402 ascribitur
860 1347 914 1399 in
951 1345 1154 1400 clerum
1186 1361 1199 1396 :
1233 1351 1289 1396 et
1329 1341 1420 1410 qui
1463 1342 1516 1393 in
1563 1340 1710 1394 clero
1760 1347 2030 1400 versatur,
2071 1336 2116 1391 si

531 1446 656 1510 post
680 1437 1004 1491 adulterium
1038 1434 1247 1488 detinet
1277 1432 1472 1523 ipsam,
1500 1429 1811 1500 expellitur.

603 1534 657 1588 9.
701 1532 756 1585 Si
800 1530 1082 1584 confessus
1118 1521 1604 1594 fuerit’prcsbyter
1651 1539 1710 1576 se
1741 1535 2021 1592 peccasse,
2051 1521 2119 1575 ab

532 1625 806 1680 oblatione
839 1629 1049 1675 tantum
1088 1618 1364 1672 abstineat
1390 1633 1403 1668 :
1432 1615 1682 1685 quredam
1713 1614 1862 1667 enim
1893 1621 2116 1682 peccata

529 1714 904 1769 ordinationes
928 1711 1234 1764 remittunt.
1257 1707 1313 1760 Si
1337 1723 1467 1761 vero
1502 1722 1610 1759 non
1639 1705 1987 1767 conﬁteatur,
2017 1720 2119 1758 ne-

532 1821 640 1876 que
671 1804 1054 1864 convincatur,
1089 1802 1207 1869 ipse
1237 1797 1321 1852 sui
1346 1805 1670 1867 potestatem
1701 1796 1885 1849 habet.

607 1897 696 1950 iU.
739 1895 1011 1948 Diaconus
1057 1893 1222 1945 etiam
1275 1889 1468 1945 eodem
1515 1886 1745 1942 crimine
1801 1885 2120 1947 obstrictus,
2153 1875 2200 1933 B

532 1989 784 2044 minister
815 1993 1052 2042 maneat.

607 2081 692 2135 ll.
732 2079 813 2134 Ne
883 2079 975 2132 ﬁat
1029 2075 1314 2145 presbyter
1367 2072 1469 2126 nisi
1541 2071 1875 2125 tricesimum
1922 2083 2126 2123 annum

535 2188 721 2245 agens,
746 2170 958 2226 etiamsi
995 2169 1191 2238 dignus
1215 2167 1305 2230 sit,
1337 2164 1648 2234 exemplum
1678 2163 1888 2217 habens
1921 2162 2125 2217 Serva-

539 2264 673 2318 toris
703 2263 994 2331 baptisma.

609 2353 699 2408 12.
733 2351 962 2421 Propter
985 2349 1234 2404 morbum
1261 2345 1572 2416 baptizatus
1595 2358 1665 2397 ne
1687 2342 1775 2396 ﬁat
1805 2339 2088 2412 presbyter
2111 2357 2124 2394 :

538 2438 642 2492 nisi
674 2437 744 2492 ob
774 2446 1049 2490 certamen
1090 2435 1236 2505 quod
1265 2440 1452 2504 postea
1475 2430 1727 2497 subierit,
1756 2441 1918 2501 atque
1948 2427 2126 2484 homi-

537 2544 668 2582 num
702 2529 1007 2582 raritatem.

610 2618 699 2672 l5.
739 2616 1028 2685 Presbyter
1066 2614 1178 2669 ruri
1219 2613 1422 2684 degens
1467 2612 1523 2666 in
1570 2611 1721 2666 urbis
1761 2611 1967 2680 templo
2008 2624 2121 2665 non

537 2709 755 2772 oﬂ‘erat,
784 2709 886 2762 nisi
915 2707 1371 2777 absitepiscopus
1395 2714 1651 2774 totusque
1684 2705 2123 2774 presbyterorum

537 2811 714 2856 cretus
739 2819 754 2854 :
781 2799 824 2854 si
856 2809 1036 2854 autem
1069 2799 1274 2863 absint,
1310 2807 1363 2852 ct
1389 2806 1635 2863 vocetur,
1661 2793 1820 2851 oﬂ‘ert
1844 2810 1858 2846 :
1885 2803 1940 2849 et
1964 2794 2128 2848 clior-

538 2891 783 2962 episcopi
821 2901 881 2946 ut
903 2889 1268 2947 comministri
1297 2889 1558 2944 oll'crunt.

616 3078 701 3132 Η.
745 3075 964 3146 Septem
999 3075 1213 3130 diaconi
1251 3075 1554 3130 secundum
1585 3075 1718 3130 Acta
1751 3074 2123 3145 apostolorum

2220 608 2295 678 μὴ
2339 609 2700 680 ἁμαρτάνων·
2735 610 2783 662 εί
2830 607 2877 662 δ’
2921 608 3000 660 ἔτι
3035 606 3306 676 ἐπιμένει,
3345 602 3530 655 τέλεον
3558 602 3800 654 ἀπωθεῖ-

2226 700 2356 756 σθω.

2289 791 2364 858 ς’.
2407 793 2472 846 Ἡ
2501 791 2851 864 κυοφοροῦσα
2873 793 2964 845 ὅτε
3001 790 3148 843 θέλει
3185 787 3512 860 βαπτίζεται
3533 803 3544 816 ”
3568 786 3802 840 ἑκάστου

2217 885 2326 956 γὰρ
2357 888 2389 956 ἠ
2424 887 2745 958 προαίρεσις
2771 885 3042 954 κρίνεται.

2287 976 2352 1041 ζ’.
2377 979 2490 1048 Οὑχ
2515 980 2764 1032 ὲστιᾶται
2791 976 3108 1048 πρεσϐύτης
3137 973 3231 1027 ἐπὶ
3261 973 3478 1043 διγάμῳ
3499 987 3512 1002 ·
3549 969 3668 1034 πῶς
3693 969 3805 1041 γὰρ

2220 1068 2385 1124 αὑτὸν
2422 1068 2646 1134 ἀξιώσει
2671 1067 3007 1138 συγγνώμης
3028 1083 3043 1134 ς

2292 1243 2362 1316 η’.
2395 1245 2596 1308 Λαῖκὸς
2627 1237 2688 1297 οὗ
2734 1245 2769 1314 ἡ
2813 1244 2950 1314 γυνὴ
2981 1243 3359 1314 μεμοίχευται,
3379 1242 3439 1296 οὑ
3467 1241 3804 1312 κληροῠταιο

2229 1335 2326 1388 καὶ
2349 1337 2378 1388 ὁ
2409 1336 2468 1386 ἐν
2510 1335 2726 1404 κλήρῳ,
2757 1336 2806 1388 εί
2846 1335 2984 1405 μετά
3013 1333 3113 1404 τὴν
3162 1334 3414 1404 μοιγείαν
3447 1333 3674 1403 κατέχει
3705 1333 3808 1385 αύ-

2223 1427 2345 1496 τὴν,
2376 1425 2720 1479 ἐκδιώκεται.

2297 1517 2362 1569 θ’.
2391 1516 2520 1571 Ἐὰν
2558 1517 2875 1588 ὁμολογήσῃ
2920 1516 3297 1587 πρεσϐύτερος
3323 1517 3406 1569 ὅτι
3451 1517 3805 1586 προήμαρτε,

2226 1607 2302 1678 μὴ
2332 1609 2691 1680 προσφερέτω
2720 1610 2814 1661 καὶ
2854 1608 3052 1678 μόνον’
3090 1609 3213 1662 τινὰ
3249 1608 3360 1678 γὰρ
3395 1608 3504 1660 τῶν
3556 1609 3813 1678 ἁμαρτη-

2227 1700 2412 1770 μάτων
2447 1701 2503 1752 αί
2532 1700 2861 1769 χειροτονίαι
2900 1701 3147 1765 ἀφιᾶσιν.
3192 1699 3254 1751 El
3279 1699 3335 1752 δὲ
3371 1698 3444 1769 μὴ
3491 1697 3809 1769 ὁμολογοίη,

2228 1791 2353 1862 μήτ’
2383 1791 2679 1860 ἐλέγχοιτο,
2707 1791 2867 1855 αὑτὸς
2897 1792 3067 1860 ἐχέτω
3096 1795 3195 1859 τὴν
3226 1790 3476 1853 ἐξουσίαν

2307 1881 2359 1936 ι’.
2395 1883 2506 1935 Καὶ
2539 1883 2786 1947 διάκονος
2831 1882 2910 1955 τῷ
2963 1883 3114 1953 αὑτῷ
3163 1882 3474 1952 συσχεθεὶς,
3529 1880 3814 1952 ὑπηρέτης

2238 1973 2475 2042 μενέτω.

2306 2060 2394 2116 ια’.
2429 2064 2492 2116 Et
2534 2063 2607 2133 μὴ
2639 2063 3069 2134 τριακονταέτης
3131 2065 3206 2134 μὴ
3239 2064 3472 2130 γινέσθω
3506 2062 3816 2132 πρεσϐύτε-

2231 2170 2344 2222 ρος,
2369 2155 2474 2206 κᾶν
2564 2153 2868 2220 ἀξιόλογος,
2896 2153 3036 2224 ἔχων
3061 2155 3370 2226 ὑπόδειγμα
3419 2155 3480 2208 τὸ
3504 2154 3595 2207 τοῦ
3627 2156 3816 2226 Σωτῆρ-

2234 2260 2326 2313 ρος
2351 2245 2628 2314 φώτισμα.

2306 2335 2395 2405 ιβ’.
2440 2337 2496 2388 Ὀ
2525 2336 2613 2389 διὰ
2635 2336 2790 2389 νόσον
2818 2334 3161 2405 βαπτισθεὶς,
3195 2335 3270 2408 μὴ
3300 2335 3534 2404 γινέσθω
3573 2336 3820 2407 πρεσϐύ-

2225 2442 2405 2496 τερος,
2432 2427 2480 2480 εί
2504 2426 2578 2498 μὴ
2601 2427 2688 2480 διὰ
2712 2427 2802 2480 τὸν
2826 2427 2953 2498 eaq;
2987 2429 3197 2497 ἀγῶνα,
3225 2429 3320 2482 καὶ
3349 2428 3560 2500 σπάνην
3581 2427 3646 2501 [Ῑ.
3673 2446 3820 2483 σπα-

2227 2516 2370 2592 νίαν]
2405 2519 2588 2590 ἀνθρώ
2597 2538 2731 2574 πων.

2301 2608 2392 2680 ιγ’.
2433 2611 2767 2682 Ἐπιχώριος
2810 2611 3182 2682 πρεσϐύτερος
3216 2615 3297 2677 είς
3357 2613 3485 2668 ναὸν
3513 2613 3720 2678 πόλεως
3751 2615 3819 2668 οὑ

2225 2703 2520 2773 προσάγει,
2558 2706 2606 2757 εἰ
2647 2704 2722 2775 μὴ
2755 2705 2987 2758 ἄπεστιν
3029 2707 3057 2759 ό
3087 2705 3410 2772 ἐπίσκοπος,
3446 2708 3540 2760 καὶ
3573 2708 3634 2760 τὸ
3681 2723 3822 2777 πρε-

2229 2795 2510 2867 σϐυτέριον
2545 2796 2702 2850 ὅλονο
2737 2797 2832 2850 ἐὰν
2855 2797 2912 2850 δὲ
2941 2797 3150 2862 ἀπῶσι,
3188 2799 3286 2850 καὶ
3336 2799 3576 2862 καλοῖτο,
3633 2815 3814 2866 προσ-

2226 2888 2352 2956 άγει
2373 2903 2389 2921 °
2422 2888 2518 2942 καὶ
2551 2890 2600 2942 οῑ
2625 2888 3040 2961 χωρεπίσκοποι
3083 2889 3160 2953 ὡς
3193 2888 3598 2962 συλλειτονργοὶ
3645 2907 3826 2961 προσ-

2229 2979 2478 3050 φέρουσι.

2302 3073 2385 3127 ιδ’.
2427 3073 2549 3127 Τῶν
2606 3073 2986 3145 ἐϐδομήκοντα
3038 3073 3129 3127 τὸν
3157 3075 3330 3129 τύπον
3359 3074 3424 3147 [Γ.
3454 3073 3642 3146 τόπον]
3676 3075 3826 3128 ἑπτὰ

539 3173 709 3229 etiam
750 3172 806 3226 in
836 3186 1028 3239 magna
1061 3171 1217 3235 urbe,
1251 3170 1594 3241 septuaginta
1634 3171 1810 3224 locum
1851 3179 2120 3224 tenentes.

2235 3164 2470 3220 διάκονοι
2501 3166 2645 3219 κατὰ
2701 3166 2802 3230 τὰς
2849 3165 3086 3237 Πράεεις
3117 3167 3212 3221 καὶ
3257 3168 3340 3230 είς
3390 3167 3632 3238 μεγάλην
3663 3166 3832 3231 πόλιν

543 3364 785 3435 Epitome
823 3380 1083 3418 canonum
1131 3375 1436 3418 sanctorum
1467 3364 1691 3418 Patrum
1733 3363 1968 3420 Sat-dicae
2000 3381 2124 3419 con-

1149 3444 1509 3506 gregatorum.

615 3531 666 3588 1.
687 3529 991 3603 Episcopus
1011 3548 1077 3588 ex
1101 3533 1308 3602 majore
1330 3531 1550 3586 civitate
1572 3531 1628 3586 in
1655 3532 1920 3588 minorem
1953 3543 2128 3591 trans-

544 3623 626 3680 ire
660 3641 768 3679 non
804 3625 1155 3695 comperitur.

611 3717 666 3771 2.
697 3715 799 3784 Qui
824 3717 989 3787 igitur
1009 3733 1075 3772 ex
1098 3717 1292 3772 humili
1315 3718 1445 3773 sede
1470 3719 1526 3773 in
1551 3719 1926 3775 sublimiorem
1951 3727 2130 3774 trans-

543 3808 661 3872 iiit,
694 3818 952 3879 tanquam
993 3825 1253 3880 arrogans
1316 3819 1373 3865 et
1417 3826 1616 3867 avarus
1651 3821 1984 3882 compertus,
2034 3827 2133 3883 per

545 3910 716 3958 totam
753 3901 920 3956 vitam
951 3903 1485 3958 excommunicatur.

614 3993 666 4046 ‘5.
689 3993 992 4062 Episcopus
1023 3994 1076 4048 in
1108 3994 1335 4049 alterius
1365 3996 1606 4065 episcopi
1635 3997 1826 4053 urbem
1850 4013 1920 4053 ne
1947 4007 2130 4053 trans-

544 4091 634 4136 eat
662 4097 775 4136 non
808 4083 1071 4138 invitatus
1098 4101 1110 4137 :
1141 4099 1204 4139 ac
1260 4085 1609 4150 provincialis
1640 4086 1686 4141 si
1715 4087 1949 4157 aliquam
1979 4089 2130 4143 litem

545 4172 766 4239 habeat,
797 4175 1003 4230 alienos
1033 4175 1322 4246 episcopos
1348 4192 1420 4231 ne
1456 4187 1668 4241 evocet,
1704 4188 2070 4250 praaterquam
2102 4196 2134 4237 a

545 4263 796 4320 Romano
826 4266 1107 4335 pontiﬁce,
1142 4267 1186 4321 si
1207 4268 1466 4338 expedire
1487 4269 1832 4338 judicaverit.

617 4355 672 4410 4.
709 4353 980 4426 Episcopo
1007 4358 1274 4428 deposito,
1321 4360 1368 4415 si
1403 4359 1633 4416 atlir'met
1658 4378 1717 4418 se
1751 4364 2131 4421 defensionem

545 4447 865 4511 allaturum,
914 4463 1024 4502 non
1073 4451 1431 4506 constituitur
1477 4453 1635 4518 alius,
1688 4455 1793 4510 nisi
1841 4457 2134 4526 episcopus

2233 3258 2481 3312 ἔστωσαν
2510 3259 2829 3330 ὑπέχοντες.

2232 3373 2520 3445 Ἐπιτομὴ
2555 3377 2830 3430 κανόνων
2857 3375 3056 3500 τῶνέέν
3084 3376 3347 3446 Σαρδικῇ
3365 3378 3674 3446 μακαρίων
3699 3378 3832 3430 Πα-

2923 3465 2956 3500 τ
2989 3464 3127 3500 οων.

2923 3464 3127 3515 τερων.

2308 3545 2376 3592 α’.
2447 3538 2892 3611 Ἀνεξερεύνητος
2943 3540 3278 3606 ἐπίσκοπος,
3316 3539 3381 3593 ἐκ
3435 3539 3679 3609 μείζονος
3727 3539 3836 3592 ἐπὶ

2234 3631 2436 3700 ἥττονα
2473 3629 2649 3684 πόλιν.

2309 3723 2375 3793 β’.
2417 3724 2477 3775 ’0
2499 3723 2681 3776 τοίνυν
2703 3723 2768 3776 ἐκ
2793 3723 3057 3792 ταπεινῆς
3084 3723 3170 3792 ἐφ’
3203 3723 3546 3794 ὑψηλοτέραν
3577 3741 3830 3794 μεταπη-

2236 3812 2366 3880 δῶν,
2399 3813 2474 3877 ώς
2505 3812 2724 3876 ἀλαζὼν
2751 3813 2846 3865 καὶ
2868 3813 3201 3884 πλεονέκτης
3235 3813 3700 3884 ὑποδλεπόμενος,
3733 3814 3832 3867 διὰ

2239 3901 2356 3972 βίου
2383 3902 2582 3965 παντὸς
2612 3900 3004 3972 ἀκοινώνητος.

2311 3995 2382 4064 γ’.
2431 3995 2768 4048 Ἑπισκόπου
2824 3997 2904 4058 είς
2946 3995 3123 4061 πόλιν,
3149 3995 3388 4066 ἄκλητος
3427 3996 3502 4065 μὴ
3533 3995 3835 4050 διαϐαίνων

2238 4087 2352 4158 [ἵσ.
2380 4085 2731 4157 διαϐαινέτω]
2763 4087 3098 4150 ἐπίσκοποςο
3149 4091 3243 4141 καὶ
3287 4091 3315 4142 ὁ
3363 4087 3736 4159 ἐπαρχιώτης,
3776 4093 3834 4144 εξ

2237 4178 2296 4231 δὲ
2325 4178 2622 4242 δικάζοιτο,
2650 4179 2970 4248 ἀλλοτρίους
2999 4181 3338 4244 ἐπισκόπους
3387 4181 3488 4233 οὐκ
3525 4180 3837 4234 ἐκκαλέσε-

2235 4266 2406 4338 ται,ῆ
2443 4267 2571 4336 περὶ
2604 4267 2698 4319 τοῦ
2744 4265 2985 4336 Ῥώμης,
3020 4269 3070 4319 εί
3101 4268 3392 4338 ἐπικρίνοι.

2309 4358 2373 4412 δ’.
2403 4358 2741 4411 Ἐπισκόπου
2782 4358 3228 4427 καῦαιρεθέντος,
3281 4361 3373 4413 καὶ
3404 4359 3841 4429 διαϐεϐαιουμὲο

2236 4467 2331 4505 νου
2389 4451 2576 4520 φέρειν
2609 4449 2931 4518 ἀπολογίαν,
2985 4451 3034 4503 εί
3078 4451 3158 4522 μὴ
3187 4453 3215 4505 ὁ
3257 4451 3477 4522 Ῥώμης
3535 4453 3728 4521 ὀρίζοι,
3765 4455 3834 4507 οὐ

544 4535 732 4592 Romae
774 4537 1082 4606 deﬁnierit;
1117 4541 1372 4610 dispiciet
1414 4543 1558 4597 enim
1601 4544 2003 4615 depositionem
2043 4556 2131 4602 aut

2245 4541 2593 4612 καθιδρύεται
2623 4542 2832 4612 ἕτερος.
2859 4543 3230 4612 Διασκοπήσει
3286 4543 3396 4614 γὰρ
3436 4544 3536 4614 τὴν
3564 4544 3838 4615 καθαίρε-

544 4641 645 4696 per
675 4629 921 4694 nuntios,
955 4641 1049 4685 aut
1071 4647 1168 4700 per
1193 4632 1422 4688 litteras.

613 4715 687 4802 5._
711 4715 768 4771 Si
799 4717 950 4774 laicis
976 4722 1292 4790 petentibus
1335 4724 1676 4796 episcopum,
1712 4728 1953 4799 episcopi
1995 4745 2137 4800 pra:-

543 4815 729 4862 sentes
750 4809 878 4874 sint,
915 4826 1059 4867 unus
1087 4828 1219 4868 vero
1244 4810 1465 4884 quidam
1508 4818 1679 4882 absit,
1704 4829 1933 4874 vocetur
1971 4822 2137 4875 etiam

543 4897 656 4954 ille.
679 4900 734 4954 Si
767 4918 896 4956 vero
919 4913 1154 4960 vocatus
1182 4922 1364 4978 neque
1389 4910 1650 4978 scribere,
1670 4927 1848 4982 neque
1875 4914 2137 4969 accedere

545 4993 800 5061 voluerit,
831 4995 876 5052 is
905 5000 995 5067 qui
1024 4999 1229 5068 petitur
1260 5003 1566 5057 ordinetur.

615 5177 669 5232 6.
710 5177 845 5234 Cum
887 5182 1342 5253 metropolitanus
1367 5187 1745 5254 constituitur,
1781 5190 1946 5246 vicini
1972 5192 2134 5248 etiam

543 5269 784 5340 episcopi
821 5275 1139 5328 accersendi
1165 5286 1312 5330 sunt.
1340 5277 1398 5331 In
1431 5292 1595 5346 parva
1631 5280 1767 5335 urbe
1789 5291 1840 5335 et
1865 5299 2023 5354 pago,
2049 5285 2138 5339 cui

545 5377 690 5416 unus
717 5363 914 5417 sullicit
947 5366 1251 5437 presbyter,
1283 5369 1576 5440 episcopus
1607 5387 1716 5426 non
1749 5376 2136 5432 constituitur:

544 5453 588 5506 si
616 5469 740 5508 vero
768 5456 965 5524 pepulo
995 5458 1441 5528 frequentissima
1472 5463 1543 5517 sit
1574 5465 1725 5532 urbs,
1761 5481 1870 5520 non
1910 5467 2131 5538 indigna

550 5551 636 5598 est
659 5545 938 5616 episcopo.

620 5635 674 5687 8.
719 5635 774 5690 Si
804 5637 1041 5708 pupillus
1064 5648 1118 5694 et
1146 5641 1330 5708 vidua,
1362 5652 1417 5698 et
1446 5645 1538 5714 qui
1571 5652 1752 5701 tutore
1781 5658 1929 5702 caret
1953 5648 2004 5703 vi
2038 5665 2139 5720 op-

553 5723 842 5791 primatur,
877 5728 946 5784 iis
973 5735 1255 5802 suppetias
1296 5733 1436 5791 feret
1485 5737 1793 5809 cpiscopus.
1849 5738 2140 5797 Verumta-

558 5831 682 5872 men
716 5836 782 5878 ne
809 5823 1074 5893 ejusmodi
1113 5839 1375 5898 pnctextu
1407 5831 1458 5886 in
1494 5833 1614 5887 aula
1640 5832 1986 5902 imperatoris
2020 5851 2140 5891 vcr-

2243 4653 2330 4688 σιν
2363 4634 2395 4706 ἢ
2431 4635 2757 4699 ἀποστόλοις
2789 4635 2820 4704 ἣ
2849 4635 3202 4705 γράμμασιν.

2313 4734 2376 4781 ε’.
2426 4728 2489 4780 Et
2532 4727 2641 4781 τῶν
2695 4727 2900 4780 λαῖκῶν
2949 4727 3354 4796 ἐπιζητούντων
3403 4728 3722 4792 ἐπίσκοπον,
3779 4733 3839 4784 οἱ

2242 4821 2533 4873 ἐπίσκοποι
2554 4819 3040 4887 παρουσιάσουσιν,
3069 4815 3147 4882 εἷς
3171 4819 3226 4871 δέ
3250 4836 3334 4882 τις
3363 4817 3621 4885 ἐλλείποι,
3656 4838 3840 4890 προσ-

2245 4911 2520 4965 καλείσθω
2588 4911 2876 4973 κάκείνος⁶
2952 4913 3000 4963 εί
3049 4911 3107 4963 δέ
3170 4913 3652 4982 προσκαλούμενος
3703 4914 3841 4968 οὔτε

2243 5002 2499 5073 γράφειν,
2533 5002 2645 5056 οὔτ’
2669 5002 2928 5074 ἐνδημεῖν
2956 5003 3220 5073 βούλοιτο,
3255 5007 3283 5058 ὁ
3333 5004 3668 5077 ζητούμενος
3716 5023 3836 5077 χει-

2248 5094 2592 5166 ροτονείσθω.

2320 5185 2395 5252 ς’.
2424 5188 2842 5258 Μητροπολίτου
2871 5187 3296 5257 καθισταμένου,
3320 5191 3418 5242 καὶ
3443 5191 3494 5242 οἱ
3523 5191 3841 5260 πλησιόχωο

2247 5296 2328 5351 ροι
2360 5279 2744 5349 μετάπεμπτοι
2761 5279 3113 5334 ἔσονται.Καὶ
3138 5282 3216 5343 είς
3232 5283 3259 5334 ὁ
3279 5281 3470 5350 λήγειν
3490 5282 3598 5355 [ἷσ.
3616 5282 3840 5356 ὀλίγην]

2243 5373 2400 5424 πόλιν
2457 5371 2552 5424 καὶ
2587 5371 2808 5442 κώμην,
2957 5373 3052 5425 καὶ
3109 5367 3190 5436 εἷς
3250 5374 3537 5444 αὐτάρκης
3588 5373 3842 5445 πρεσϐύ-

2243 5481 2426 5535 τερος,
2493 5464 2790 5526 ἐπίσκοποί,
2825 5464 2884 5516 οὑ
2921 5463 3269 5517 καθίσταται.
3303 5465 3364 5517 Et
3400 5465 3454 5518 δὲ
3487 5465 3833 5536 πολυανθρωο

2246 5557 2456 5626 ποτάτη
2481 5556 2692 5626 γένοιτο
2730 5556 2906 5621 πόλις,
2948 5556 3050 5610 οὑκ
3082 5557 3325 5620 ἀνάξιον.
3546 5625 3549 5627 _

2319 5649 2384 5715 ζ’.
2433 5651 2726 5719 Ὀρφανοῦ,
2756 5653 2850 5704 καὶ
2880 5651 3079 5722 χήρας,
3109 5650 3204 5702 καὶ
3242 5649 3611 5722 ἀπεριστάτου
3641 5646 3839 5719 βιαζο-

2251 5743 2450 5813 μένων,
2483 5744 2563 5805 εἰς
2596 5741 2872 5814 βοήθειαν,
2904 5741 3312 5810 κατατολμήσει
3343 5740 3642 5799 ἐπίσκοπος
3662 5735 3838 5791 ’ἀλλὰ

2251 5834 2325 5905 μὴ
2360 5837 2424 5905 τῇ
2460 5833 2684 5905 τοιαύτῃ
2719 5833 2991 5904 προφάσει
3013 5832 3265 5906 διατρίύη
3292 5835 3369 5900 εἰς
3407 5831 3466 5885 τὸ
3515 5828 3831 5901 στρατόπε-
