4156 6414
333 316 457 383 257
1617 321 1953 387 EPITOME
1995 326 2384 396 CANONUM.
3544 351 3652 417 253

326 433 422 484 δον
442 443 460 456 ⁸
526 429 672 484 ἀλλὰ
706 427 923 500 μαλλον
979 428 1230 494 διάκονος
1268 430 1561 488 στέλλοιτο.
1591 435 1716 498 Τοῖς
1743 438 1824 500 είς
1849 437 1927 508 τὴ·

2052 450 2227 506 setur,
2263 445 2396 513 quin
2422 446 2605 515 potius
2629 447 2896 508 diaconus
2927 453 3194 510 mittatur.
3214 455 3284 511 lis
3309 473 3439 514 vero
3462 463 3555 530 qui
3583 466 3650 518 ad

333 520 640 592 ἐκκλησίαν
669 520 1092 590 προσφεύγουσι
1125 520 1291 574 παντὶ
1317 520 1493 575 σθένει
1521 523 1836 593 βοηθητέον.

2059 534 2347 590 ecclesiam
2373 539 2700 611 confugiunt
2736 544 2868 599 totis
2897 546 3112 601 viribus
3137 551 3597 608 succurrendum.

399 619 472 684 η’.
519 613 793 682 Ἀδελφοῦ
831 613 971 683 πρὸς
1005 612 1236 682 ἀδελφὸν
1299 613 1752 680 ἀποστέλλοντος,
1785 619 1814 670 ὁ
1847 637 1921 691 μη

2133 627 2188 681 8.
2227 627 2282 682 Si
2329 629 2500 685 frater
2548 634 2616 688 ad
2656 635 2880 690 fratrem
2935 639 3151 702 mittat.
3196 643 3651 711 metropolitanus

333 705 672 775 τροπολίτης
701 704 803 757 τὸν
830 704 1136 758 ἀπόστολον
1163 705 1398 775 ίσχυέτω
1417 723 1432 737 ·
1465 707 1559 761 καὶ
1583 708 1787 778 γράφει
1807 713 1927 780 «poi

2057 719 2315 773 nuntium
2344 722 2540 777 litteris
2563 725 2677 779 suis
2699 729 2929 792 muniat,
2950 730 3262 801 scribatque
3287 734 3353 788 ad
3374 749 3491 802 eos,
3510 753 3649 806 quos

329 799 454 860 τοὺς
487 799 551 850 ἐν
587 791 676 859 οἷς
702 799 738 866 ὴ
772 796 1002 861 ἀξίωσις
1033 798 1363 865 ἐπισκόπου,
1388 799 1482 852 τοῦ
1524 801 1828 854 ἀποστόλου
1852 805 1927 858 ἀνι

2055 811 2346 882 episcopus
2379 825 2536 887 rogat
2575 827 2634 873 ut
2664 821 2919 876 nuntium
2943 825 3270 895 suscipiant.

321 886 804 956 τιλαμδὰνεσθαι.

401 977 472 1031 θ’.
529 979 831 1049 Ἀγοραῖος
864 979 1248 1048 σχολαστικὸς,
1285 982 1318 1050 ἢ
1346 982 1622 1048 πλούσιος,
1649 985 1698 1036 εί
1727 985 1800 1055 μὴ
1822 987 1947 1050 τοὺς

329 1067 522 1138 ἱεροὺς
556 1068 755 1139 διέλθῃ
777 1068 1049 1138 βαθμοὺς,
1073 1071 1372 1134 ἐπίσκοπος
1401 1073 1463 1126 οὐ
1500 1073 1827 1128 καθίσταται
1845 1091 1858 1104 ⁸
1883 1076 1946 1128 τὸ

2126 989 2179 1043 9.
2219 990 2478 1049 Forensis
2522 995 2884 1054 scholasticus
2917 1008 3013 1054 aut
3050 1002 3223 1068 dives,
3279 1004 3386 1059 nisi
3418 1021 3517 1076 per
3553 1024 3646 1064 sa-

2052 1095 2175 1136 cros
2203 1084 2425 1141 ordines
2445 1091 2743 1155 transierit,
2783 1107 2895 1146 non
2928 1104 3146 1149 creatur
3179 1095 3489 1167 episcopus.
3509 1100 3647 1156 Gra-

333 1158 394 1210 δὲ
419 1157 536 1210 τῶν
563 1157 802 1228 βαθμῶν
832 1157 1112 1228 διάστημα
1142 1159 1202 1212 ού
1256 1159 1376 1212 λίαν
1427 1161 1709 1228 ὀλιγοστόν
1730 1179 1745 1193 ⁶
1777 1163 1844 1215 δι’
1881 1156 1943 1216 οὗ

338 1249 400 1299 τὸ
431 1249 665 1318 δόκιμον
715 1248 819 1318 τῆς
859 1249 1102 1312 πίστεως
1150 1265 1165 1279 ·
1195 1251 1288 1304 καὶ
1319 1249 1725 1321 καλοκάγαθίας
1776 1254 1942 1308 αὑτοῦ

343 1338 729 1410 δοκιμάζοιτο.
776 1340 835 1393 '0
879 1341 992 1412 γὰρ
1026 1343 1252 1413 ἑτερως,
1289 1343 1569 1413 νεόφυτος.

429 1531 486 1577 ι’.
517 1524 580 1578 '0
630 1523 1113 1597 προσκαλούμενος
1164 1524 1464 1579 ἐπίσκοπον
1521 1527 1580 1595 ἐξ
1612 1530 1936 1598 ἐπισκόπου,

367 1615 464 1669 τοῦ
481 1616 948 1686 προσκαλουμὲνου
973 1617 1184 1671 ἰδιώτου
1203 1619 1588 1688 τυγχάνοντος,
1611 1622 1686 1691 μὴ
1712 1623 1940 1692 συνεχέ-

374 1724 570 1778 στερον
623 1708 988 1779 δημηγοροίηο
1025 1709 1219 1780 μῶμος
1271 1711 1383 1782 γὰρ
1415 1711 1511 1764 τοῦ
1560 1713 1796 1779 ἰδιώτου,
1841 1716 1938 1769 καὶ

2051 1172 2220 1227 duum
2267 1186 2451 1231 autem
2483 1178 2840 1237 interstitium
2882 1199 2951 1238 ne
2993 1187 3160 1240 nimis
3200 1187 3367 1243 breve
3409 1192 3498 1254 sit,
3534 1208 3644 1262 quo

2052 1264 2230 1334 major
2262 1267 2387 1322 fidei
2413 1285 2738 1342 morumque
2773 1277 3061 1344 probitatis
3096 1279 3216 1348 ejus
3254 1282 3504 1351 probatio
3542 1285 3645 1340 ba-

2049 1355 2169 1410 beri
2202 1359 2397 1426 possit.
2431 1359 2534 1426 Qui
2558 1363 2706 1417 enim
2733 1366 2894 1421 aliter
2927 1371 3302 1438 constituitur,
3331 1377 3643 1448 neophytus

2049 1457 2156 1503 est.

2118 1541 2207 1598 10.
2248 1541 2549 1615 EpiscOpus
2590 1547 2659 1602 ab
2705 1549 2964 1620 episcopo
3010 1555 3344 1622 accersitus,
3380 1559 3424 1612 si
3457 1561 3504 1615 is
3545 1561 3638 1632 qui

2046 1638 2279 1690 accersit
2309 1637 2596 1694 imperi-tus
2620 1639 2711 1705 sit,
2731 1657 2802 1695 ne
2820 1643 2984 1698 nimis
3009 1646 3226 1701 assidue
3245 1652 3634 1709 concionetur:

2043 1725 2149 1780 hoc
2177 1727 2323 1782 enim
2357 1728 2612 1798 imperito
2641 1733 2745 1787 erit
2800 1733 3094 1799 dedecori,
3124 1737 3322 1807 illeque
3350 1741 3634 1813 episcopa-

365 1801 632 1872 μνηστεία
655 1803 748 1869 τῆς
776 1800 1090 1870 ἐπισκοπῆς
1134 1803 1349 1871 ἐκείνῳ,
1379 1806 1476 1856 καὶ
1509 1804 1800 1876 ἀμφότερα
1832 1809 1927 1862 οὐκ

2041 1828 2153 1872 tum
2195 1821 2404 1876 ambire
2434 1822 2729 1887 videbitur,
2765 1840 2830 1879 ac
2873 1835 3103 1897 utraque
3143 1800 3622 1899 reprehendenda.

359 1893 654 1962 ἀμώμητα.
692 1892 966 1963 ’Δνάγκης
995 1893 1121 1963 δίχα
1161 1893 1410 1964 βαρείας,
1445 1895 1704 1967 δυσχερὲς
1727 1899 1786 1951 τὸ
1815 1901 1938 1953 ἐπι-

356 1981 607 2036 πλεῖστον
633 1983 725 2035 τὸν
757 1984 1062 2038 ἐπίσκοπον
1097 1983 1199 2053 τῆς
1221 1984 1432 2049 οίκείας
1466 1988 1768 2058 ἐκκλησίας
1793 1990 1936 2048 ἀπο-

356 2073 748 2142 λιμπάνεσθαι.

421 2165 510 2220 ια’.
549 2169 888 2232 Ἐπίσκοπος
919 2171 1146 2240 κτήσεις
1205 2173 1546 2244 κεκτημένος
1584 2173 1934 2244 ὑπερορίους,

350 2260 398 2311 εί
417 2259 602 2330 μέλλει
632 2261 864 2325 ταύταις
918 2263 1075 2327 ίὲναι,
1104 2266 1400 2334 χρονιζέτω
1425 2268 1500 2337 μὴ
1534 2265 1696 2319 πλέον
1722 2268 1938 2338 Κυρια-

349 2350 460 2403 κῶν
492 2352 663 2422 τριῶν
692 2353 1085 2425 διαστήματος.
1123 2355 1282 2410 Οὕτω
1314 2358 1422 2430 γὰρ
1453 2359 1486 2430 ἡ
1520 2360 1698 2412 οἰκεία
1743 2360 1934 2415 τοῦτον

345 2444 547 2515 ποίμνη
582 2445 1055 2519 καταπλουτήσει,
1113 2449 1210 2502 καὶ
1255 2449 1420 2514 αὐτὸς
1475 2449 1680 2521 ἄτυφος
1738 2452 1931 2522 διαμέ-

334 2552 504 2590 mm.

409 2625 504 2698 ιβ’.
547 2627 611 2683 Ὁ
639 2629 732 2683 τὸν
759 2629 1129 2702 ἀκοινώνητον
1153 2631 1378 2688 ἄλλοθεν
1405 2630 1692 2699 κοινωνίᾶς
1740 2635 1929 2701 ἀξιῶν,

338 2721 492 2792 μετὰ
516 2721 730 2788 γνῶσιν
757 2724 858 2775 οὐκ
891 2724 1206 2788 ἀνεύθυνος.

405 2816 503 2885 ιγ’.
555 2818 618 2871 ’0
655 2819 788 2888 παρ’
819 2818 1078 2888 όξυχόλου
1107 2819 1440 2890 κατάκριτος
1463 2820 1787 2892 ἐπικουρίας
1810 2821 1926 2874 δεό-

337 2929 527 2978 μενος,
581 2914 688 2966 οὐκ
742 2914 1102 2979 ἁνὰκουστος.
1156 2915 1321 2987 Ἀχρι
1369 2916 1429 2968 δὲ
1459 2915 1561 2984 τῆς
1602 2919 1926 2988 ἐπικουρίας

336 3004 538 3077 inlabi;
563 3005 962 3076 ἀκοινώνητος.

407 3093 489 3149 ιδ’.
527 3096 638 3148 Τὺν
668 3095 958 3166 ἀλλότριον
1000 3097 1306 3170 ὑπηρέτην,
1346 3099 1630 3170 ἀλλότριος
1663 3101 1788 3171 δίχα
1826 3101 1927 3170 τῆς

339 3188 548 3243 ἐκείνου
564 3187 798 3260 γνώμης
821 3189 1106 3260 ἕμόαθμον
1120 3190 1407 3257 καθιστὰς,
1425 3191 1776 3263 καθίστησιν,
1804 3193 1922 3247 ἀλλ’

341 3282 619 3337 ἁσὲσαιον.
999 3316 1004 3322 -

408 3383 492 3432 ιε’.
515 3379 584 3432 Οἱ
601 3377 696 3430 ἐπὶ
719 3376 820 3447 τῆς
837 3377 948 3431 τῶν
965 3379 1283 3433 ἐπισκόπων
1309 3379 1642 3450 βραδύτητος
1671 3379 1811 3451 ὅροι,
1828 3379 1924 3432 καὶ

337 3470 429 3522 ἐπὶ
457 3468 862 3542 πρεσϐυτέρων
895 3469 991 3522 καὶ
1012 3471 1278 3524 διακόνων
1314 3474 1500 3542 ἔχουσι
1523 3473 1781 3541 δύναμιν.

413 3561 504 3627 ις’.
557 3562 792 3626 nam»;
837 3564 1137 3627 ἐπίσκοπος
1177 3565 1560 3636 ἐλαυνόμενος,
1616 3567 1666 3617 εἰ
1707 3565 1802 3618 ἐπὶ
1823 3564 1924 3636 τὴν

336 3653 627 3726 ἀλλοτρίαν
675 3655 878 3724 διάγοι,
908 3656 1149 3724 δεκτέος,
1179 3658 1284 3721 ἕως
1319 3659 1417 3729 τὴν
1449 3658 1606 3729 ὕϐριν
1637 3659 1925 3714 ἐπανασώ-

339 3761 503 3800 actm.

415 3836 506 3899 ιζ’.
537 3837 796 3904 ’Ᾱδεκτος
840 3840 870 3892 ό
895 3839 1176 3910 κληρικὺς,
1212 3843 1240 3894 ό
1271 3841 1347 3914 μὴ
1385 3843 1558 3897 τελῶν
1590 3845 1670 3907 είς
1700 3844 1801 3914 τὴν
1830 3845 1924 3898 ἐκ-

358 3925 590 3996 κλησίαν
628 3931 680 3979 ἐν
787 3930 1158 4002 κεκλήρωται.
1214 3935 1549 4005 Εὑτυχιανὸς
1603 3937 1792 4006 μέντοι
1827 3939 1923 3991 καὶ¹

354 4019 623 4082 Μουσαῖος
655 4025 957 4077 ἐπισκόπου
999 4026 1192 4098 κλῆσιν
1223 4029 1324 4082 οὐκ
1352 4029 1754 4100 ἐκδικήσουσιν.
1790 4032 1922 4086 Κοι-

351 4112 579 4175 νωνικὰς
615 4113 724 4185 [ἴον.
758 4105 1074 4190 κοινωνίας]
1105 4119 1287 4189 μέντοι
1319 4122 1463 4175 κατὰ
1502 4124 1632 4185 τοὺς
1663 4125 1910 4190 λαῖκςὲις,

341 4209 436 4263 ἐὰν
470 4207 754 4275 ἐθέλωσιν,
782 4210 1181 4275 ἐπιτεύξονται.

406 4300 501 4372 ιη’.
547 4301 608 4354 '0
635 4303 706 4355 τὰ
737 4303 920 4368 καλῶς
943 4306 1038 4357 καὶ
1061 4305 1370 4378 θεαρέστως
1401 4305 1739 4377 ἐνηνεγμένα
1762 4307 1920 4379 τύφῳ

339 4395 758 4467 παρασαλεῦσαι
818 4397 1188 4468 πειρώμενος,
1225 4399 1326 4453 οὐκ
1358 4400 1659 4463 ἐπίσκοπος
1681 4416 1694 4428 ·
1729 4402 1924 4455 τεθεα-

2041 1909 2173 1965 Sine
2205 1913 2353 1982 gravi
2397 1912 2727 1969 necessitate
2763 1916 3074 1972 diutissime
3108 1920 3429 1992 episcopum
3461 1941 3492 1978 a
3533 1941 3631 1982 sua

2041 2000 2235 2056 abesse
2272 2003 2528 2070 ecclesia,
2558 2004 2841 2076 indignum
2874 2016 2982 2062 est.

2114 2183 2200 2239 11.
2239 2184 2546 2256 Episcopus
2601 2188 2693 2257 qui
2745 2191 3122 2258 possessiones
3174 2204 3325 2251 extra
3376 2197 3631 2256 dimcesis

2040 2288 2156 2328 sua:
2192 2275 2395 2329 limites
2422 2275 2608 2342 habet,
2641 2277 2686 2331 si
2719 2292 2814 2332 eas
2847 2279 2918 2332 sit
2955 2281 3255 2348 invisurus,
3292 2302 3361 2341 ne
3392 2291 3630 2359 amplius

2037 2381 2200 2435 quam
2235 2375 2346 2420 tres
2371 2367 2683 2422 Dominicas
2707 2379 2972 2425 moretur.
3002 2372 3096 2428 Sic
3123 2377 3272 2430 enim
3303 2379 3474 2447 ipsius
3497 2396 3628 2452 grex

2038 2473 2104 2514 eo
2134 2458 2368 2525 fruetur,
2401 2459 2626 2531 ipseque
2654 2461 2828 2518 fastus
2862 2464 3176 2534 suspicione
3207 2469 3432 2524 carebit.

2089 2643 2196 2698 12.
2239 2642 2341 2710 Qui
2389 2646 2918 2703 excommunicatum‘
2963 2649 3033 2704 ab
3074 2651 3184 2706 alio
3237 2657 3626 2715 communione

2036 2733 2312 2805 dignatur,
2343 2751 2402 2790 re
2425 2739 2644 2807 cognita
2681 2753 2792 2792 non
2822 2749 2906 2794 est
2935 2740 3142 2796 insons.

2109 2827 2196 2880 i3.
2233 2827 2314 2880 Ab
2345 2827 2607 2883 iracundo
2635 2830 3031 2886 condemnatus
3055 2833 3100 2890 si
3131 2835 3338 2891 auxilio
3364 2838 3623 2910 indigeat,

2033 2916 2339 2972 audiendus
2369 2930 2472 2974 est.
2503 2919 2802 2992 Quousque
2829 2938 2958 2979 vero
2986 2925 3247 2980 auxilium
3293 2927 3624 2999 impetrave-

2031 3007 2120 3073 rit,
2155 3011 2664 3066 excommunicatus
2696 3023 2939 3069 maneat.

2101 3099 2188 3153 M.
2229 3100 2482 3155 Alienum
2518 3103 2830 3158 ministrum
2879 3107 2926 3161 si
2983 3107 3106 3178 quis
3145 3109 3283 3163 citra
3319 3109 3466 3166 illius
3500 3111 3622 3181 epi-

2030 3190 2181 3260 scopi
2204 3205 2532 3256 consensum
2558 3193 2614 3246 in
2643 3195 2826 3264 aliquo
2869 3197 3038 3267 gradu
3070 3201 3388 3268 constituat,
3413 3203 3625 3258 consti-

2032 3281 2136 3334 tuit
2162 3282 2408 3350 quidem,
2435 3284 2530 3338 sed
2563 3286 2836 3342 ordinatio
2867 3289 3107 3344 invalida
3135 3299 3236 3344 est.

2108 3372 2192 3426 15.
2234 3373 2311 3427 Ea
2351 3391 2472 3444 quae
2506 3376 2574 3432 de
2613 3378 2841 3449 longiori
2877 3381 3260 3451 episcoporum
3303 3398 3456 3438 mora
3489 3383 3625 3440 deli-

2030 3463 2142 3517 nita
2171 3473 2318 3529 sunt,
2351 3467 2405 3519 in
2436 3469 2765 3539 presbyteris
2794 3479 2848 3525 et
2868 3472 3114 3528 diaconis
3148 3473 3260 3527 vim
3299 3475 3530 3530 habent.

2102 3555 2190 3608 16.
2234 3556 2538 3627 Episcopus
2577 3561 2780 3629 injuste
2813 3563 3094 3632 expulsus,
3123 3563 3169 3618 si
3211 3565 3266 3618 in
3301 3566 3482 3621 aliena
3526 3582 3622 3623 ec-

2028 3648 2192 3702 clesia
2219 3649 2397 3719 degat,
2431 3653 2821 3720 suscipiendus
2843 3662 2947 3719 est,
2978 3656 3154 3712 donec
3193 3658 3507 3726 propulsata
3531 3660 3619 3713 in-

2025 3737 2170 3808 juria
2201 3741 2431 3810 pristino
2461 3745 2624 3798 statui
2655 3747 2943 3801 restitutus
2969 3748 3059 3802 sit.

2100 3831 2186 3884 17.
2218 3830 2462 3887 Clericus
2493 3849 2603 3887 non
2635 3835 2840 3904 degens
2874 3837 2930 3889 in
2966 3837 3196 3891 ecclesia
3228 3839 3282 3892 in
3315 3856 3422 3910 qua
3469 3845 3620 3900 ordi-

2024 3931 2186 3976 natus
2215 3932 2317 3988 est,
2348 3939 2454 3978 non
2495 3934 2580 3978 est
2621 3927 2986 3995 recipiendus.
3019 3928 3392 3999 Eutychianus
3429 3943 3614 3992 tamen

2025 4028 2080 4074 et
2110 4020 2342 4076 Musaeus
2367 4021 2610 4091 episcopi
2643 4022 3062 4092 appellationem
3094 4039 3205 4078 non
3231 4028 3337 4082 sibi
3376 4030 3621 4087 vindica-

2028 4116 2168 4170 bunt
2200 4133 2214 4169 :
2248 4117 2691 4172 communionem
2724 4134 2854 4173 vero
2881 4133 3006 4173 cum
3052 4117 3227 4186 laicis,
3271 4123 3318 4176 si
3349 4128 3623 4184 voluerint

2026 4216 2454 4276 consequentur.
3646 4280 3655 4287 .

2102 4299 2189 4354 18.
2231 4299 2489 4370 Quisquis
2504 4315 2568 4355 ea
2598 4317 2719 4372 quas
2745 4311 2898 4359 recte
2926 4314 2983 4359 et
2999 4320 3064 4361 ex
3095 4308 3283 4366 divino
3302 4310 3622 4380 praescripto

2029 4393 2174 4450 edita
2188 4401 2338 4458 sunt,
2368 4409 2465 4462 per
2491 4395 2858 4464 arrogantiam
2895 4398 3221 4458 labefactare
3238 4412 3486 4467 conatur,
3511 4418 3622 4458 non

337 4490 498 4558 μένος
526 4489 585 4542 δέ
618 4489 920 4552 ἐπίσκοπος
949 4489 1250 4544 ἐπίσκοπον
1274 4492 1578 4563 ἐρχόμενον
1607 4495 1665 4547 ἐν
1694 4509 1922 4564 στρατο-

2035 4493 2113 4539 est
2153 4485 2468 4554 episcOpus.
2525 4485 2833 4556 Episcopus
2869 4488 2913 4541 si
2959 4490 3158 4548 viderit
3197 4493 3519 4564 episcopum
3552 4497 3621 4550 ad

336 4579 502 4650 πέδῳ,
538 4578 799 4650 ἐμποδὼν
855 4581 929 4650 μὴ
960 4581 1218 4648 γινέσθω,
1273 4583 1323 4635 εί
1361 4585 1515 4655 γνοίη
1565 4584 1710 4639 κατά
1741 4583 1920 4637 τιτῶν

333 4673 759 4744 προειρημένων
776 4671 1072 4742 ἐρχόμενον
1092 4689 1106 4705 ⁸
1129 4675 1180 4728 εί
1198 4674 1244 4728 δ’
1273 4674 1472 4743 ἄλλως,
1491 4677 1917 4747 προαννελλέτω

327 4765 394 4819 τὸ
432 4764 828 4835 ἀκοινώνητον.

341 4951 628 5022 Ἐπιτομὴ
652 4952 926 5006 κανόνων
951 4950 1165 5076 τῶνέέν
1195 4951 1438 5023 Γάγτρᾳ
1458 4953 1766 5023 μακαρίων
1798 4958 1919 5009 Πα-

1023 5039 1056 5075 τ
1089 5040 1233 5076 οων.

1023 5039 1233 5091 τερων.

399 5123 470 5170 α’.
505 5115 600 5184 Τῷ
643 5113 931 5169 ἀθετοῦντι
960 5117 1051 5169 τὸν
1083 5118 1316 5188 νόμιμον
1348 5119 1552 5189 γάμον,
1591 5119 1792 5191 καὶτῷ
1821 5136 1922 5173 κα·

327 5208 649 5278 τακρίνοντι
679 5208 770 5260 τὸν
806 5208 1242 5279 κρεοφαγοῦντα,
1277 5211 1404 5280 δίχα
1444 5211 1673 5265 πνικτοῦ
1711 5212 1806 5264 καὶ
1834 5213 1916 5264 εε-

326 5299 656 5364 mnsam,
687 5299 852 5353 ἅνάθε
861 5317 959 5371 μα.

401 5389 470 5462 β’.
499 5391 596 5462 Τῷ
631 5392 876 5447 πείθοντι
926 5393 1117 5447 δοῦλον
1146 5395 1452 5466 ἀναχωρεῖν
1480 5395 1573 5450 τοῦ⁹
1621 5397 1910 5464 δεσπότου,

329 5483 653 5547 θεοσεϐείας
701 5487 1002 5554 προφάσει,
1062 5487 1159 5541 καὶ
1189 5487 1266 5559 τῷ
1318 5489 1720 5561 διακρινομένῳ
1754 5509 1918 5560 μετα-

326 5573 636 5647 λαμϐάνειν
669 5575 778 5630 ἀπὸ
808 5577 1208 5650 πρεσϐυτέρων
1261 5580 1612 5650 ὑπογυναίων
1640 5583 1914 5654 ἀνάθεμα.

397 5773 469 5840 γ’.
504 5768 568 5823 ὐ
590 5767 684 5826 τὸν
717 5769 865 5828 θεῖον
896 5766 1050 5826 οἷκον
1091 5771 1573 5845 εὐκαταφρόνητον
1606 5775 1912 5848 ὀνομάζων,

2033 4575 2212 4628 aulam
2235 4574 2500 4645 principis
2529 4585 2774 4642 euntem,
2811 4593 2880 4632 ne
2903 4579 2975 4633 sit
2997 4580 3047 4633 ei
3090 4581 3500 4652 impedimento,
3545 4585 3622 4638 si-
3715 4580 3718 4583 ’

2030 4667 2250 4737 quidem
2279 4671 2596 4738 cognoverit
2620 4685 2746 4723 eum
2775 4671 2846 4724 ob
2870 4671 3072 4742 aliquid
3101 4689 3294 4728 eorum
3325 4691 3446 4746 quae
3476 4693 3611 4747 prae-

2031 4759 2176 4814 dicta
2213 4770 2363 4825 sunt,
2391 4761 2685 4830 proﬁcisci.
2710 4760 2768 4816 Si
2786 4777 2964 4828 secus,
2998 4766 3619 4824 excommunicationem

2030 4851 2082 4907 ei
2110 4852 2419 4908 denuntiet.

2031 4965 2272 5039 Epitome
2297 4983 2557 5022 canonum
2582 4979 2887 5023 sanctorum
2904 4969 3131 5024 Patrum
3158 4970 3214 5024 in
3244 4969 3457 5043 Gangra
3493 4989 3618 5030 con-

2650 5051 3009 5111 gregalorum.

2101 5129 2156 5185 1.
2207 5131 2541 5202 Improbanti
2565 5133 2864 5203 legitimum
2910 5135 3316 5190 matrimonium
3341 5175 3355 5199 ,
3381 5137 3452 5190 'et
3484 5151 3616 5191 con-

2029 5223 2308 5279 demnanti
2341 5239 2538 5278 carnes
2604 5225 3052 5295 manducantem,
3111 5229 3317 5298 absque
3350 5226 3615 5285 suli‘ocato

2027 5323 2082 5370 et
2111 5315 2432 5386 idolothyto,
2463 5317 2770 5371 anathema.

2097 5406 2153 5460 2.
2190 5407 2249 5461 Ei
2291 5408 2382 5476 qui
2415 5422 2576 5464 servo
2615 5410 2911 5480 persuadet
2941 5418 3060 5466 uta
3098 5412 3320 5468 domino
3359 5413 3612 5482 recedat,

2027 5501 2246 5573 pietatis
2276 5511 2542 5573 praetextu
2563 5545 2576 5570 ,
2606 5514 2769 5576 atque
2803 5508 2853 5562 ei
2886 5507 2978 5577 qui
3015 5507 3228 5562 dubitat
3269 5506 3615 5563 communio-

2026 5609 2154 5649 nem
2178 5609 2210 5648 a
2232 5595 2566 5666 presbyteris
2590 5597 2940 5654 matrimonio
2961 5597 3171 5670 junctis
3195 5598 3465 5669 accipere,
3487 5612 3614 5653 ana-

2029 5687 2234 5742 thema.

2098 5776 2154 5832 3.
2189 5775 2297 5842 Qui
2337 5775 2432 5834 Dei
2462 5777 2687 5837 domum
2721 5779 3188 5852 contemptibilem
3223 5791 3346 5836 esse
3379 5775 3530 5844 dicit,
3558 5785 3614 5832 et
