4156 6406
555 309 660 372 259

1648 293 1946 357 SYMEON
1956 294 2052 360 IS,
2067 293 2650 355 METAPHRASTE

3707 290 3825 354 260

555 422 646 494 qui
671 419 924 492 privatim
946 416 1342 474 ecclesiasticos
1368 421 1670 472 conventus
1691 413 1873 478 habet,
1907 427 1972 466 ac
2005 425 2138 481 prte-

2246 410 2389 465 καὶὸ
2423 409 2804 482 ἐκκλησιάζων
2838 407 2964 477 ἰδίᾳ,
2993 406 3090 460 καὶ
3147 405 3299 476 παρά
3327 404 3554 478 γνώμην
3598 405 3829 460 ἐπισκό-

561 523 644 568 ter
667 511 908 581 episcopi
938 517 1031 564 aut
1058 508 1358 580 presbyteri
1385 504 1708 563 sententiam
1736 504 1992 558 Ecclesia
2019 518 2140 557 mu-

557 605 648 658 nia
679 603 817 666 obit,
845 602 915 657 sit
941 601 1251 655 anathema.

628 694 680 748 4.
712 692 968 760 Quisquis
1003 692 1095 745 dat
1129 700 1224 746 aut
1263 688 1459 758 accipit
1505 686 1782 740 fructuum
1825 683 2136 739 oblationes

559 795 707 841 extra
735 785 1044 847 ecclesiam,
1081 799 1146 837 ac
1179 791 1375 851 praeter
1405 779 1734 834 sententiam
1775 776 2018 846 episc0pi
2043 785 2139 830 aut

559 876 882 946 presbyteri,
915 875 1226 928 anathema.

632 967 684 1021 5.
723 966 824 1032 Qui
861 981 974 1020 non
1008 963 1312 1019 honestatis
1350 977 1514 1016 causa
1553 959 1918 1031 virginitatem
1959 956 2086 1012 colit
2123 994 2138 1020 ,

561 1060 656 1114 sed
681 1074 747 1112 eo
779 1057 925 1127 quod
954 1056 1171 1124 nuptias
1208 1053 1574 1113 abominetur,
1603 1060 1696 1104 aut
1736 1050 1898 1104 etiam
1944 1047 1998 1100 in
2044 1060 2139 1100 eos

560 1151 655 1220 qui
683 1148 1030 1203 matrimonio
1065 1146 1240 1217 juncti
1279 1153 1408 1200 sunt
1446 1159 1568 1198 sese
1609 1141 1851 1206 extollat,
1885 1140 1957 1194 sit
2001 1153 2137 1192 ana-

567 1242 772 1296 thema.

634 1332 684 1387 6.
725 1332 826 1398 Qui
869 1330 1076 1398 Spernit
1119 1345 1212 1384 eos
1241 1328 1332 1398 qui
1362 1328 1427 1382 ad
1460 1342 1656 1398 agapas
1692 1333 1908 1388 vocant,
1956 1332 2010 1377 et
2046 1322 2139 1393 qui

560 1433 786 1478 vocatus
815 1438 939 1478 cum
981 1421 1064 1475 his
1109 1436 1218 1474 non
1259 1420 1626 1472 communicat
1659 1435 1672 1469 :
1703 1417 1830 1470 item
1868 1415 1958 1484 qui
1991 1430 2140 1468 con-

561 1515 789 1584 temptui
835 1515 997 1567 habet
1025 1527 1118 1566 eos
1143 1511 1231 1580 qui
1263 1510 1412 1564 hiros
1443 1518 1657 1580 gestant
1679 1526 1691 1561 :
1712 1524 1774 1562 ac
1797 1521 2138 1576 quaecunque

560 1606 815 1658 mulieres
842 1605 1081 1657 virorum
1113 1602 1412 1655 abutuntur
1448 1601 1812 1662 vestimentis,
1840 1614 2072 1667 qumque
2107 1615 2138 1654 a

558 1696 690 1751 viris
726 1700 1047 1764 separantur
1089 1707 1154 1746 eo
1192 1692 1336 1760 quod
1375 1691 1783 1745 matrimonium
1821 1689 2134 1744 fastidiant:

2245 521 2348 556 που
2382 504 2415 575 ῆ
2451 504 2826 575 πρεσϐυτέρου
2866 499 2935 554 τὰ
2982 499 3083 569 τῆς
3121 498 3452 566 Ἐκκλησίας
3487 498 3677 567 τελῶν,
3729 499 3830 570 εἴη

2240 595 2514 666 ἀνάθεμα.

2313 688 2376 741 δ’.
2425 689 2485 740 '0
2536 687 2712 750 διδοὺς
2767 684 3132 757 ἢλαμϐάνων
3161 684 3546 753 καρποφορίας
3589 681 3695 748 ἔξω
3719 675 3833 752 τῆς

2239 779 2562 849 ἐκκλησίας,
2593 780 2690 831 καὶ
2723 779 2873 849 παρὰ
2907 777 3133 848 γνώμην
3158 775 3460 829 ἐπισκόπου
3500 775 3534 844 ἢ
3577 774 3835 844 πρεσϐυ-

2243 873 2429 942 τέρου,
2460 871 2730 940 ἀνάθεμα.

2316 960 2378 1016 ε’.
2417 963 2474 1014 Ὀ
2501 961 2576 1032 μὴ
2598 962 2685 1014 διὰ
2710 963 2771 1013 το
2800 961 2963 1014 καλὸν
2994 957 3369 1029 παρθενεύων,
3391 957 3527 1011 ἀλλά
3547 957 3639 1010 διὰ
3656 961 3714 1008 τδ
3729 956 3836 1009 τὸν

2242 1057 2421 1128 γάμον
2473 1055 2885 1126 βδελύσσεσθαι,
2915 1055 2948 1126 ἢ
2985 1053 3422 1124 κατεπαίρεσθαι
3443 1050 3550 1105 τῶν
3575 1050 3834 1122 γαμούνο

2243 1167 2372 1216 των,
2405 1149 2492 1218 εἴη
2517 1147 2790 1217 ἀνάθεμα.

2321 1331 2394 1398 ς’.
2440 1333 2497 1387 '0
2551 1333 2678 1396 τοὺς
2717 1330 3019 1394 καλοῦντας
3071 1331 3152 1393 είς
3205 1328 3431 1400 ἀγάπην
3459 1329 3692 1396 ἀθετῶν,
3723 1331 3833 1384 καὶ

2244 1426 2452 1477 τούτων
2490 1424 2551 1476 ού
2595 1423 2866 1476 κοινωνῶν
2897 1420 3262 1492 κεκλημένος·
3299 1421 3396 1474 καὶ
3453 1423 3481 1473 ό
3538 1421 3833 1490 φαυλίζων

2241 1516 2368 1577 τοὺς
2399 1515 2700 1586 φοροῦντας
2722 1516 2846 1577 τοὺς
2873 1514 2935 1584 βή
2947 1530 3068 1583 ρους
3091 1528 3107 1544 ⁶
3132 1514 3226 1566 καὶ
3254 1513 3376 1566 δσαι
3402 1513 3675 1579 γυναικῶν
3695 1511 3837 1583 [γυ-

2243 1605 2450 1677 ναῖκες]
2480 1607 2690 1676 ἀνδρῶν
2727 1606 3116 1675 ὑποκρίνονται
3147 1605 3409 1673 ἱματίοις.
3434 1605 3527 1656 καὶ¹
3560 1604 3687 1656 ὅσαι
3708 1603 3835 1656 τῶν

2243 1692 2455 1763 ἀνδρῶν
2485 1692 2889 1761 διαζεύγυνται,
2910 1691 3334 1762 βδελυσσόμεναι
3363 1691 3456 1745 τὸν
3485 1695 3684 1762 γάμον,
3722 1695 3834 1747 καὶ

559 1788 695 1843 item
722 1789 814 1856 qui
849 1787 1052 1840 liberos
1086 1784 1422 1853 relinquunt,
1442 1798 1505 1836 ac
1526 1797 1635 1836 non
1666 1782 1733 1836 ad
1762 1781 2018 1850 pietatem
2042 1797 2135 1834 eos

2242 1785 2290 1836 oi.
2322 1786 2392 1837 τὰ
2419 1785 2588 1838 τέκνα
2623 1785 3158 1854 καταλιμπάνοντες,
3188 1786 3285 1837 καὶ
3314 1784 3438 1856 οὐχὶ
3464 1784 3597 1853 πρὸς
3635 1785 3834 1838 θεοσέ-

557 1881 856 1942 instruunt,
893 1892 996 1930 nec
1028 1891 1139 1930 non
1170 1876 1330 1929 liberi
1361 1876 1452 1944 qui
1480 1891 1511 1928 a
1545 1873 1866 1945 parentibus
1901 1872 2136 1927 inﬁdeli-

556 1969 662 2023 bus
687 1967 993 2030 discedunt,
1022 1966 1334 2019 anathema.

629 2061 684 2114 7.
724 2060 1074 2127 Quaecunque
1112 2059 1372 2111 mulieres
1399 2071 1582 2111 comas
1614 2057 1838 2112 tondent
1880 2057 2135 2128 pietatem

559 2152 919 2207 simulantes:
953 2158 1009 2204 et
1048 2149 1142 2218 qui
1175 2149 1458 2203 Dominica
1497 2148 1618 2202 cibo
1654 2149 1907 2215 abstinet,
1955 2165 2019 2204 ac
2054 2149 2138 2218 je-

554 2247 707 2316 junia
739 2245 998 2301 Ecclesiae
1018 2244 1253 2299 evertit:
1291 2258 1505 2298 necnon
1546 2244 1793 2313 quisquis
1833 2253 2138 2299 conventus

558 2341 652 2409 qui
681 2339 749 2394 ad
792 2348 1090 2408 martyrum
1113 2337 1260 2391 aedes
1289 2335 1427 2390 ﬁunt
1454 2335 1706 2406 despicit,
1731 2336 2039 2390 anathema.

793 2487 1036 2558 Epitome
1056 2505 1315 2543 canonum
1341 2488 1528 2558 synodi
1556 2487 1909 2543 Antiocheam.

629 2712 683 2766 Ι.
714 2709 816 2777 Qui
844 2709 1052 2780 legibus
1077 2709 1342 2764 sancitam
1384 2709 1606 2762 Pascha:
1638 2708 1984 2764 traditionem
2016 2725 2136 2764 mu-

559 2811 673 2856 tare
703 2811 954 2866 conatur,
983 2800 1250 2869 siquidem
1274 2800 1444 2854 laicus
1470 2800 1562 2865 sit,
1588 2801 1877 2870 ejiciatur:
1905 2801 2136 2857 clericus

557 2909 688 2950 vero
721 2895 790 2948 ab
819 2894 1059 2948 Ecclesia
1089 2903 1358 2948 arceatur.

627 2985 684 3038 2.
725 2984 828 3050 Qui
869 2985 1154 3038 ecclesiam
1204 2983 1484 3056 ingressus
1527 2999 1739 3040 sacram
1794 2983 2131 3056 Scripturam

557 3084 764 3130 attente
807 3074 993 3132 audit,
1035 3073 1232 3128 deinde
1273 3089 1528 3144 egressus
1570 3075 1801 3146 despicit
1831 3085 2139 3131 aversatur-

557 3183 664 3237 que
683 3169 1146 3242 communionem.
1185 3167 1486 3235 ejiciendus
1511 3177 1612 3224 est.

625 3261 680 3314 3.
722 3258 823 3325 Qui
849 3273 972 3313 cum
994 3260 1469 3314 excommunicato
1489 3259 1880 3325 communicat,
1913 3276 2136 3317 excom-

555 3349 868 3405 municatus
893 3359 1148 3405 censetur
1179 3367 1192 3404 :
1222 3358 1278 3404 et
1299 3349 1391 3418 qui
1435 3357 1552 3403 orat
1593 3365 1718 3404 cum
1759 3350 1826 3404 iis
1871 3350 1962 3419 qui
2013 3366 2137 3405 cum

557 3438 794 3494 Ecclesia
823 3455 929 3493 non
958 3447 1138 3501 orant,
1173 3455 1300 3493 reus
1329 3447 1432 3494 est.
1463 3437 1596 3492 Item
1627 3439 1718 3507 qui
1751 3439 1978 3508 suscipit
2010 3454 2136 3492 eum

555 3532 645 3602 qui
691 3531 948 3587 Ecclesia:
987 3530 1350 3586 conventibus
1380 3545 1493 3585 non
1542 3529 1788 3595 interest,
1831 3531 1990 3601 culpa
2024 3545 2134 3584 non

553 3634 722 3680 caret.

624 3719 678 3772 4.
713 3718 1015 3788 Episcopus
1035 3733 1064 3772 a
1095 3719 1303 3790 synodo
1332 3718 1634 3788 depositus,
1668 3733 1733 3773 ac
1771 3718 2058 3788 presbyter
2081 3727 2138 3771 et

555 3806 820 3861 diaconus
850 3807 918 3860 ab
948 3807 1207 3877 episcopo
1233 3808 1402 3878 gradu
1427 3817 1627 3874 motus,
1651 3808 1696 3863 si
1732 3824 1831 3878 per
1855 3817 2136 3863 contuma-

553 3894 694 3948 ciam
732 3910 934 3949 munus
959 3897 1138 3958 obeat,
1169 3897 1461 3966 deplorata:
1492 3899 1608 3967 spei
1639 3908 1743 3953 est.

625 3988 677 4041 5.
716 3988 906 4042 Omnis
934 3989 1211 4058 presbyter
1243 3998 1338 4044 aut
1365 3991 1630 4045 diaconus
1657 3991 1973 4061 episcopum
2001 4007 2137 4047 con-

557 4087 831 4144 temnens,
869 4088 926 4132 et
953 4079 1022 4134 ab
1047 4095 1114 4133 eo
1167 4081 1448 4146 recedens,
1501 4081 1757 4151 aliudque
1816 4085 1988 4137 altare
2045 4099 2139 4137 ex-

531 4179 800 4254 struens,
830 4171 874 4224 si
903 4172 970 4224 ab
1000 4172 1256 4241 episcopo
1282 4174 1368 4228 bis
1387 4183 1573 4244 terque
1591 4176 1890 4232 accersitus
1915 4177 1968 4230 in
1988 4192 2140 4230 arro-

555 4261 737 4330 gantia
775 4263 1050 4331 pet'sistat,
1079 4263 1405 4333 deponatur,
1429 4267 1728 4323 curationis
1761 4283 1858 4339 spe
1895 4269 2135 4324 destitu-

557 4361 665 4406 tus.

627 4445 679 4499 6.
707 4446 1260 4511 ,Excommunicatum
1310 4449 1382 4504 ab
1433 4451 1692 4522 episcopo
1738 4452 1996 4507 clericum
2041 4462 2136 4506 aut
2171 4469 2213 4524 ο

557 4537 777 4604 laicum,
814 4537 859 4592 si
902 4539 1074 4608 major
1107 4542 1350 4610 synodus
1388 4545 1714 4613 susceperit,
1746 4554 1843 4598 aut
1875 4544 2136 4600 condem—

555 4625 786 4690 naverit,
818 4627 1163 4696 acquiescere
1190 4639 1404 4698 oportet
1428 4632 1745 4686 sententiae.

628 4715 678 4769 7.
715 4716 1044 4787 Peregrinus
1062 4719 1316 4789 paeiﬁcas
1335 4736 1444 4776 non
1464 4720 1702 4778 aﬂerens
1726 4722 2007 4792 epistolas,
2021 4739 2132 4778 non

554 4816 641 4863 est
669 4810 1071 4879 suscipiendus.

625 4899 677 4952 8.
727 4899 1016 4971 Presbyter
1061 4903 1173 4957 ruri
1215 4902 1421 4975 degens
1449 4919 1520 4959 ne
1549 4905 1840 4961 canonicas
1877 4907 1969 4962 det
2015 4909 2132 4977 epi-

553 4991 739 5055 stolas,
772 4992 875 5046 nisi
906 4994 970 5046 ad
1005 4994 1178 5048 solum
1207 4995 1446 5050 vicinunt
1476 4999 1813 5068 episcopum.

624 5080 674 5135 9.
706 5083 750 5136 A
779 5085 1181 5152 metropolitani
1209 5090 1482 5140 sententia
1505 5090 1744 5156 pendere
1770 5099 1985 5160 oportet
2014 5093 2134 5163 epi-

553 5187 786 5240 scopos,
831 5173 1079 5242 nihilque
1113 5176 1260 5242 .citra
1311 5175 1456 5231 illius
1501 5179 1788 5234 consilium
1825 5182 2131 5248 instituere,

553 5265 659 5318 nisi
688 5280 751 5318 ea
777 5267 891 5320 sola
913 5281 1035 5336 qua:
1059 5267 1126 5321 ad
1156 5282 1309 5322 suam
1341 5268 1612 5340 cujusque
1637 5272 1917 5328 dioecesim
1957 5279 2130 5345 perti-

552 5367 721 5420 nent.
766 5372 830 5412 ac
875 5357 1006 5414 viris
1043 5360 1459 5430 reprehensioni
1496 5379 1607 5419 non
1651 5366 1900 5421 obnoxiis
1937 5383 2132 5424 manus

555 5449 852 5519 imponere.

625 5541 711 5592 10.
746 5540 1075 5611 Exorcistas,
1103 5546 1351 5615 lectores,
1390 5551 1772 5621 subdiaconos,
1798 5563 1852 5610 et
1882 5567 2132 5613 cantores

552 5629 836 5684 constituit
865 5633 1288 5708 chorepiscopus
1333 5656 1483 5696 :non
1529 5652 1706 5698 tamen
1753 5648 2128 5718 presbyterum

553 5727 647 5771 aut
671 5720 962 5782 diaconum
991 5729 1199 5800 absque
1226 5733 1462 5794 civitatis
1486 5738 1744 5810 episcopo
1780 5758 1791 5794 :
1824 5741 1915 5811 qui
1945 5752 2126 5798 autem

2241 1876 2396 1930 ϐειαν
2422 1877 2837 1944 ύπαλείφοντες,
2864 1877 2959 1930 καὶ
2983 1881 3150 1930 τέκνα
3177 1877 3253 1940 ώς
3275 1876 3388 1948 [γρ.
3420 1875 3545 1947 ὅσα]
3569 1877 3832 1932 ἀπίστων

2241 1969 2618 2037 ἀποσκιρτῶσι
2655 1970 2878 2035 γονέων,
2910 1968 3200 2037 ἀνάθεμα.ἓ

2315 2061 2384 2125 ζ’.
2422 2063 2583 2114 Ὅσαι
2607 2065 2863 2128 γυναῖκες
2891 2061 2988 2124 τὰς
3012 2063 3188 2129 κόμας
3213 2059 3473 2122 τίλλουσι,
3507 2059 3834 2116 θεοσέϐειαν

2243 2152 2672 2222 ὐποκρινόμεναι
2694 2169 2707 2182 ·
2743 2154 2836 2205 καὶ⁸
2859 2153 2886 2205 ὁ
2911 2152 3009 2221 τὴν
3045 2152 3329 2221 Κυριακὴν
3351 2151 3572 2214 ἀσιτῶν,
3602 2151 3834 2214 καὶτὰς

2242 2245 2708 2316 ἐκκλησιαστικάς
2744 2244 3000 2316 νηστείας
3024 2245 3339 2314 ἐκτρέπων·
3376 2244 3472 2298 καὶ
3492 2246 3520 2298 ὁ
3556 2243 3654 2306 τὰς
3679 2259 3835 2314 μαρ-

2243 2339 2424 2410 τύρων
2456 2339 2703 2405 συνάξεις
2731 2339 3098 2410 περιφρονῶν,
3121 2339 3393 2408 ἀνάθεμα.

2251 2493 2368 2562 Τῆς
2409 2494 2478 2547 ἐν·
2522 2491 2856 2561 Ἀντιοχείᾳ
2891 2492 3160 2629 avi-dam)
3213 2491 3332 2546 τῶν
3377 2493 3654 2546 κανόνων
3697 2491 3835 2545 ἐπι-

2953 2579 3060 2629 τομ
3109 2599 3125 2615 .

2953 2579 3125 2632 τομη.

2311 2715 2382 2763 α’.
2421 2709 2481 2762 ’0
2507 2707 2606 2780 τὴν
2634 2707 2896 2777 ἔνθεσμον
2924 2706 3018 2760 τοῦ
3054 2707 3248 2777 Πάσχα
3281 2707 3581 2780 παράδοσιν
3604 2707 3832 2778 διαμεῖ-

2238 2802 2338 2872 ψαι
2388 2801 2749 2873 πειρώμενος,
2809 2801 2994 2863 λαῖκδς
3057 2801 3157 2870 μὲν
3208 2801 3414 2867 τελῶν,
3482 2800 3626 2854 έστω
3685 2801 3832 2855 ἀπό-

2243 2895 2471 2964 ϐλητος·
2505 2894 2768 2964 κληρικὺς
2793 2895 2872 2956 δέ,
2913 2894 3406 2964 ἀνεκκλησίαστος.

2313 2985 2381 3055 β’.
2430 2985 2489 3038 Ὀ
2547 2986 2626 3046 είς
2663 2984 2959 3054 ἐκκλησίαν
3011 2985 3220 3048 εἰσιὼν,
3269 2985 3364 3037 καὶ
3418 2984 3702 3054 προσέχων
3761 2983 3830 3054 τῇ

2243 3077 2365 3146 ἱερᾷ
2390 3076 2606 3146 Γραφῇ,
2641 3071 2759 3127 εἶτα
2783 3075 3132 3146 περιφρονῶν
3170 3075 3265 3127 καὶ
3286 3073 3454 3138 ἀξιῶν
3485 3073 3599 3144 ίγρ.
3617 3069 3828 3143 ἐξιὼν],

2243 3169 2338 3222 καὶ
2368 3167 2848 3237 ἀποστρεφόμενος
2886 3167 2984 3236 τὴν
3016 3166 3343 3237 μετάληψιν,
3380 3165 3714 3237 ἀπόϐλητος.

2313 3265 2384 3328 γ’.
2419 3260 2478 3313 '0
2509 3259 2566 3312 δέ
2589 3261 2944 3330 ἀκοινωνήτῳ
2977 3260 3272 3323 κοινωνῶν,
3306 3257 3708 3328 ἀκοινώνητος·
3729 3256 3831 3309 καὶ

2244 3353 2273 3405 ό
2307 3352 2702 3422 συνευχόμενος
2767 3355 2880 3415 τοῖς
2950 3353 3026 3422 μὴ
3086 3354 3154 3423 τῇ
3207 3351 3477 3421 ἐκκλησίᾳ
3515 3363 3826 3422 προσευχο-

2246 3445 2430 3515 μένοις
2485 3443 2599 3515 [γρ.
2648 3445 3115 3515 συνευχομένοις],
3160 3443 3496 3505 ὑπεύθυνος·
3531 3441 3625 3495 καὶ
3653 3443 3681 3494 ό
3727 3441 3828 3493 τὸν

2241 3537 2323 3598 είς
2372 3535 2669 3606 ἐκκλησίαν
2719 3534 2796 3605 μὴ
2829 3535 3206 3605 συναγόμενον
3266 3533 3686 3605 ὑποδεχόμενος,
3719 3533 3828 3585 οὐκ

2242 3627 2505 3692 ἀναίτιος.

2314 3721 2377 3773 δ’.
2421 3721 2480 3772 '0
2514 3719 2620 3772 ὑπὸ
2649 3719 2869 3773 συνόδου
2907 3718 3294 3793 καθῃρημένος
3331 3717 3652 3782 ἐπίσκοπος,
3677 3733 3772 3772 και
3796 3719 3829 3768 ό

2244 3815 2350 3868 ὑπὸ
2379 3813 2682 3868 ἐπισκόπου
2711 3812 3086 3884 πρεσϐύτερος
3117 3814 3213 3866 καὶ
3265 3812 3533 3877 διάκονος,
3569 3813 3619 3863 εί
3647 3811 3828 3864 αὐθα-

2238 3906 2557 3974 διαζόμενος
2597 3904 3001 3974 λειτουργήσοι,
3027 3903 3376 3976 ἀνέλπιστος.

2313 4007 2374 4053 s'.
2400 4000 2511 4062 Πᾶς
2539 4001 2568 4052 ό
2591 3998 2892 4052 ἐπισκόπου
2915 3997 3296 4067 καταφρονῶν,
3331 3996 3426 4052 καὶ
3451 3996 3831 4066 ἀφιστάμενος

2245 4089 2617 4162 πρεσϐύτερος
2645 4090 2969 4162 ἢδιάκονος,
3011 4090 3107 4142 καὶ
3129 4089 3432 4160 οἰκοδομῶν
3466 4089 3595 4144 ἄλλο
3631 4089 3830 4141 θυσια-

2239 4186 2482 4255 στήριον,
2506 4187 2554 4236 εἰ
2589 4184 3079 4254 προσκαλουμένου
3108 4183 3190 4246 δὶς
3215 4184 3310 4238 καὶ
3344 4185 3464 4254 τρὶς
3487 4183 3581 4236 τοῦ
3601 4183 3833 4236 ἐπισκό-

2241 4293 2344 4329 που
2373 4277 2719 4348 ἐπιμένοιτῇ
2770 4277 3022 4346 ἀπονοία,
3059 4275 3495 4347 καθαιρούμενος
3527 4274 3668 4328 ἔστω
3726 4275 3831 4330 καὶ

2234 4370 2648 4439 ἀθεράπευτος.

2321 4468 2396 4525 ς’.
2430 4461 2535 4514 Τὸν
2589 4460 2957 4530 ἀφορισθέντα
3009 4461 3140 4532 παρ’
3165 4461 3466 4514 ἐπισκόπου
3484 4459 3746 4530 κληρικδν
3784 4461 3825 4529 ἦ

2243 4554 2451 4616 λαῖκδν,
2479 4555 2572 4607 ἐὰν
2603 4554 2806 4624 μείζων
2840 4553 3059 4618 σύνοδος
3087 4553 3512 4624 προσδιέξοιτο,ἢ
3559 4553 3832 4624 κατακρί-

2243 4661 2406 4705 νοιτο.
2441 4646 2692 4715 στέργειν
2713 4644 2891 4716 χρεὼν
2921 4645 3019 4716 τὴν
3042 4647 3343 4714 ἀπόφασιν.

2315 4737 2384 4800 ζ’.
2421 4737 2479 4791 '0
2509 4737 2658 4801 ξένος
2715 4739 3000 4808 εἰρηνικὰς
3050 4738 3112 4790 οὐ
3177 4738 3495 4808 προσάγων,
3556 4735 3833 4807 ἀπρόσδε-

2243 4845 2391 4890 κτος.

2314 4917 2382 4990 η’.
2411 4920 2468 4974 '0
2500 4919 2592 4974 ἐπὶ
2617 4920 2798 4991 χώρας
2821 4921 3191 4992 πρεσϐύτερος
3216 4921 3289 4992 μὴ
3320 4921 3510 4974 διδότω
3532 4920 3828 4985 κανονικὰς

2243 5013 2558 5075 ἐπιστολὰς,
2590 5014 2623 5084 ἢ
2661 5015 2798 5082 πρὸς
2828 5014 2989 5082 μόνον
3021 5015 3318 5067 ἐπίσκοπον
3345 5015 3588 5082 γείτονα.

2314 5103 2379 5159 θ’.
2403 5105 2510 5158 Τοῦ
2539 5106 2939 5175 μητροπολίτου
2961 5109 3058 5177 τῆς
3083 5107 3310 5177 γνώμης
3336 5107 3676 5177 ἀναρτᾶσθαι
3694 5106 3828 5169 τοὺς

2241 5198 2594 5262 ἐπισκόπους,
2622 5202 2718 5250 καὶ
2748 5199 2822 5268 μή
2847 5215 2898 5250 τι
2918 5200 3018 5268 τῆς
3039 5200 3206 5252 αὑτοῦ
3233 5201 3491 5268 προνοίας
3513 5199 3826 5266 οἱκονομεῖν

2241 5290 2387 5360 δίχα,
2422 5291 2456 5360 ἢ
2493 5293 2632 5358 μόνα
2655 5291 2726 5344 τά
2751 5295 2815 5362 τῇ
2851 5293 2958 5364 ἰδίᾳ
3012 5294 3197 5363 ἐνορίᾳ.
3231 5294 3668 5364 προσπίπτοντα.
3709 5288 3829 5342 Καὶ

2240 5382 2575 5454 χειροθεσίας
2605 5384 2994 5457 ἀνεπιλήπτως
3025 5387 3282 5457 ἀνδράσιν
3313 5386 3600 5440 ἐπιτελεῖν.

2319 5570 2368 5616 ι’.
2417 5564 2804 5634 Ἐπορκιστάς,
2837 5565 2932 5618 καὶ
2982 5565 3361 5633 ἀναγνώστας,
3409 5568 3502 5620 καὶ
3531 5565 3828 5620 ὑποδιακό-

2243 5673 2401 5720 νους,
2469 5657 2564 5710 καὶ
2622 5657 2832 5724 ψάλτας
2895 5658 3190 5728 καθίστησι
3251 5662 3692 5729 χωρεπίσκοπος,
3754 5659 3817 5711 ού

2243 5745 2429 5815 μέντοι
2463 5746 2842 5818 πρεσϐύτερον
2868 5748 3192 5832 ἧδιιάκονον,
3249 5751 3377 5804 ἄνευ
3405 5751 3498 5803 τοῦ
3547 5750 3688 5805 κατά
3718 5752 3822 5821 τὴν
