4156 6430
344 321 444 391 τοι

1606 318 1947 381 EPITOME
1982 317 2375 384 CANONUM.

3532 319 3642 382 26?.

344 439 503 491 πόλιν
559 432 883 488 ἐπισκόπιυ
907 445 923 465 ·
954 430 1068 486 όδέ
1121 430 1283 485 τοῦτο
1322 428 1541 501 τολμῶν
1584 430 1959 503 ὑπερϐαίνειν,

2076 432 2171 487 hoc
2202 434 2421 502 audeat,
2458 434 2784 506 deponatur.
2820 434 2983 493 Urbis
3011 435 3305 507 episcopus
3343 433 3652 491 facitchor-

345 529 427 600 ιίη
456 523 864 597 καθῃρημένος
885 539 901 554 ο
930 523 1027 577 καὶ
1058 523 1088 576 ό
1110 522 1209 594 τῆς
1241 520 1453 586 πόλεως
1473 521 1772 587 ἐπίσκοπος
1804 525 1951 575 ποιεῖ
2055 522 2396 596 episcopum.

346 614 805 689 χωρεπίσκοπσν.

416 706 510 764 ια’.
563 707 627 761 Ὀ
653 704 905 778 προσιιῖιν
924 706 1254 779 αὐτομάτως
1282 706 1360 776 τῷ
1387 705 1597 777 βασιλεί
1623 704 1945 771 ἐπίσκοπος,

2133 710 2219 765 il.
2255 708 2311 765 Si
2343 711 2668 782 episcopus,
2705 718 2800 767 aut
2850 712 3139 785 presbyter
3179 721 3372 783 sponte
3421 727 3484 767 ac
3535 711 3656 767 sine

348 801 380 873 ἢ
430 798 851 872 πρεσϐύτερος,
916 798 1017 851 καὶ
1048 798 1175 869 οὐχὶ
1234 797 1527 862 κελευστός
1566 797 1704 869 πρὸς
1730 796 1825 850 τοῦ
1851 798 1950 867 τῆς

2076 800 2354 867 ποτίυοίτο
2382 803 2791 873 metropolitani
2816 806 2975 875 jussu
3010 808 3399 875 imperatorem
3428 805 3651 873 adierit,

347 892 540 963 χώρας
561 888 1002 961 μητροπολίτου,
1034 891 1175 961 μετὰ
1194 889 1292 960 τῆς
1311 889 1600 952 κοινωνίας
1631 886 1950 942 ἐκπιπτέτω

345 985 445 1038 καὶ
475 983 580 1053 τῆς
609 981 799 1047 ἀξίας.

425 1072 517 1145 ιβ’.
557 1075 621 1128 '0
645 1071 1049 1145 καθῃρημένος
1094 1072 1146 1126 εί
1179 1071 1428 1143 ἐνοχλοίη
1472 1070 1552 1141 τῷ
1600 1067 1836 1141 βασιλεῖ,
1863 1068 1951 1119 αἱ·

352 1167 519 1222 τιίτω
549 1166 785 1220 σύνοδον
816 1162 1067 1236 μείζονα,
1117 1163 1300 1218 καὶτὸ
1348 1163 1561 1219 ἐκεῖθεν
1615 1161 1775 1228 δόξαν
1807 1176 1953 1214 στοι-

355 1260 548 1331 χείτω.
605 1256 671 1312 Εἰ
694 1256 752 1310 δὲ
780 1256 879 1311 καλ
921 1251 1082 1321 αὖθις
1106 1255 1539 1325 ἁποδυσπετοίη,
1567 1254 1713 1309 ἔστω
1728 1249 1954 1308 ἀνέλπι-

357 1367 536 1510 πῖᾷ.
599 1440 661 1493 Ei
696 1437 932 1510 μηδενὸς
958 1435 1267 1505 ἀξιοῦντος,
1315 1435 1617 1500 ἐπίσκοπος
1659 1436 1740 1498 είς
1787 1433 1961 1500 ἄλλην

366 1530 647 1604 ἐπαρχίαν
661 1529 819 1601 ἀπίῃ,
853 1528 951 1583 καὶ
983 1527 1342 1600 χειροτονοίη,
1376 1527 1488 1598 ξκαὶ
1513 1526 1745 1594 διοικοίη
1777 1525 1958 1595 πράγ-

384 1639 567 1693 ματα’
600 1620 735 1679 αὒτᾶ
775 1639 835 1676 τε
874 1622 1060 1691 ἄκυρα
1091 1621 1267 1692 μένει,
1300 1621 1401 1674 καὶ
1457 1620 1666 1683 ἐκεῖνος
1691 1615 1957 1688 καθαιρε-

385 1714 640 1785 θήσεται.

2061 893 2450 949 communione
2490 909 2554 950 ac
2590 894 2854 966 dignitate
2883 896 3117 951 excidat.

2135 1069 2227 1124 12.
2270 1070 2566 1141 Depositus
2601 1071 2646 1127 si
2690 1072 2998 1128 molestiam
3044 1072 3391 1145 imperatoris
3432 1076 3660 1133 auribus

2063 1160 2343 1223 exhibeat,
2370 1163 2640 1231 synodum
2670 1164 2934 1234 majorem
2958 1173 3131 1235 petat,
3160 1165 3413 1236 illiusque
3435 1171 3661 1222 decreto

2064 1262 2189 1309 stet.
2222 1253 2381 1321 Quod
2412 1255 2458 1311 si
2502 1271 2694 1312 rursus
2722 1257 3059 1329 indignetur,
3098 1259 3344 1330 pristina:
3384 1260 3662 1331 dignitatis

2065 1348 2455 1416 recuperandae
2485 1349 2634 1403 nulla
2657 1349 2708 1403 ei
2737 1365 2864 1420 spes
2893 1366 3016 1405 esse
3040 1359 3242 1421 potest.

2135 1438 2225 1493 15.
2253 1438 2310 1493 Si
2341 1440 2563 1495 nemine
2595 1451 2822 1512 rogante
2842 1442 3134 1513 episcopus
3162 1444 3219 1497 in
3243 1443 3406 1499 aliam
3436 1443 3662 1514 provin-

2064 1529 2205 1586 ciam
2241 1545 2301 1587 se
2334 1531 2611 1595 conferat.
2651 1532 2979 1602 ordinetque
3021 1549 3085 1590 ac
3124 1549 3215 1589 res
3262 1534 3610 1592 administret
3644 1552 3659 1590 :

2067 1620 2187 1691 ipsa
2222 1620 2380 1677 irrita
2401 1630 2647 1690 manent,
2680 1633 2845 1693 atque
2869 1623 2961 1680 ille
2997 1624 3325 1695 deponetur.

454 1765 660 1861 ιδίέξ
689 1804 990 1859 ἐπισκόπου
1046 1802 1394 1876 κρινομένου,
1448 1803 1498 1856 οἱ
1544 1802 1644 1873 τῆς
1684 1802 1956 1874 ἐπαρχίας

2142 1801 2229 1855 14.
2257 1798 2314 1854 Si
2340 1810 2597 1856 accusato
2625 1802 2885 1873 episcopo
2909 1803 3206 1873 provinciae
3229 1807 3472 1878 episcopi
3516 1807 3666 1865 inter

368 1898 666 1953 ἐπίσκοποι
684 1898 1056 1970 διαφέροιντο,
1086 1895 1458 1968 μετακλητέον
1503 1895 1613 1950 ἀπὸ
1638 1895 1751 1949 τῶν
1785 1895 1985 1960 πέλας”

366 1991 615 2063 ἐτέρους,
646 1992 727 2051 είς
755 1989 1136 2060 ἀναμφίϐολον
1154 1986 1594 2059 ἀμφισϐήτησιν.

442 2083 526 2138 ιε’.
574 2084 917 2138 Ἐπισκόπου
989 2080 1376 2152 δικαζομένου,
1438 2080 1487 2132 σί
1521 2079 1631 2142 πᾶς
1684 2078 1963 2149 ἐπαρχιὼ-

368 2191 467 2246 της
501 2174 809 2237 ἐπίσκοπος
862 2173 1171 2243 ἀδιάφωνος
1227 2172 1492 2243 κρίνοιτο,
1542 2169 1857 2224 παλινδικία
1896 2170 1959 2223 οὐ

367 2273 604 2339 γίνεται.

441 2360 540 2425 ις’.
593 2361 654 2414 Ὀ
710 2358 838 2430 δίχα
861 2358 1085 2413 συνόδου
1116 2356 1354 2425 τελείας,
1383 2360 1479 2413 καὶ
1500 2359 1669 2414 αὐτοῦ
1710 2358 1808 2413 τοῦ
1849 2377 1960 2430 μη-

367 2453 695 2523 τροτοολίτου
748 2450 846 2505 ἐπὶ
892 2449 1264 2522 σχολάζουσαν
1316 2450 1614 2522 ἐκκλησίαν
1653 2450 1960 2521 ἐπιπηδῶν,

362 2544 471 2599 κᾶν
566 2543 850 2615 σχολάζων
882 2542 1213 2614 ἀπόϐλητος.

437 2633 529 2701 ιζ’.
579 2635 981 2705 ’Δκοινὼνητος
1035 2636 1063 2688 ό
1093 2632 1389 2704 δεξάμενος
1447 2631 1815 2705 χειροτονίαν,
1868 2633 1966 2688 καὶ

363 2725 575 2797 ταύτης
601 2723 980 2795 ἀποσκιρτῶν,
1003 2722 1111 2789 ἕως
1144 2724 1453 2798 μεταγνοὺς
1482 2722 1853 2788 καταδέξοιτο.

442 2904 538 2976 ιη’.
577 2902 882 2974 Μετεχέτω
928 2903 1030 2973 τῆς
1062 2902 1228 2975 τιμῆς
1257 2901 1563 2967 ἐπίσκοπος
1592 2905 1623 2958 ό
1648 2920 1965 2977 χειροτονη-

363 2998 507 3064 θεὶς,
540 2997 638 3051 καὶ
683 2996 763 3065 μὴ
788 2996 1082 3067 δεχόμενος
1115 2996 1253 3068 πρὸς
1292 2997 1395 3068 τῆς
1433 2998 1640 3061 πόλεως
1664 3013 1679 3029 ο
1729 2998 1826 3050 καὶ
1855 2998 1967 3050 λει-

2071 1907 2131 1948 se
2162 1892 2508 1963 discrepent,
2534 1893 2624 1948 alii
2656 1906 2787 1950 sunt
2817 1910 2849 1950 e
2878 1896 3077 1951 vicinis
3102 1897 3237 1953 locis
3266 1899 3567 1956 advocandi
3595 1903 3663 1957 ad

2069 1974 2500 2041 controversiam
2526 1994 2678 2041 certo
2707 1985 3092 2044 dirimendum.

2144 2076 2229 2130 i5.
2265 2076 2543 2133 Accusata
2563 2077 2845 2149 episcopo,
2876 2079 2920 2132 si
2948 2080 3196 2136 omnium
3220 2081 3515 2152 provinciae
3553 2084 3666 2153 epi-

2070 2183 2365 2241 scoporum
2405 2167 2695 2224 sentcntiae
2733 2171 3039 2226 concordes
3087 2172 3219 2239 sint,
3273 2174 3665 2246 redintegratio

2069 2260 2302 2315 actionis
2326 2276 2438 2317 non
2465 2260 2645 2316 datur.

2143 2350 2232 2405 16.
2259 2350 2364 2417 Qui
2389 2352 2526 2407 citra
2549 2352 2817 2424 integram
2840 2355 3131 2425 synodum,
3159 2365 3325 2425 atque
3347 2357 3523 2426 ipsum
3548 2372 3668 2413 me-

2072 2441 2464 2517 tropolitanum
2502 2441 2557 2497 in
2576 2454 2863 2500 vacantem
2891 2445 3178 2521 ecclesiam
3217 2447 3446 2516 invadit,
3469 2463 3667 2519 quam-

2074 2532 2157 2587 vis
2178 2533 2296 2604 ipse
2327 2549 2556 2592 munere
2592 2546 2770 2601 vacet,
2799 2536 3103 2606 ejiciendus
3130 2547 3235 2594 est.

2140 2626 2228 2680 l7.
2268 2624 2374 2691 Qui
2419 2635 2678 2697 suscepto
2708 2628 2905 2682 ordine
2930 2629 3000 2683 ab
3025 2645 3092 2685 eo
3119 2631 3314 2697 resilit,
3343 2647 3669 2690 excommu-

2073 2721 2312 2787 nicatur,
2349 2736 2640 2794 quousque
2667 2724 2996 2794 poenitentia
3023 2724 3223 2781 ductus
3247 2741 3453 2784 munus
3488 2727 3670 2784 susci-

2071 2813 2205 2881 piat.

2146 2904 2234 2958 18.
2273 2901 2580 2976 Episcopus
2612 2904 2905 2963 ordinatus
2949 2904 3161 2961 honore
3209 2905 3442 2970 fruatur,
3480 2906 3607 2963 licet
3637 2923 3670 2961 a

2075 2995 2295 3051 civitate
2324 3011 2434 3052 non
2459 2998 2786 3071 recipiatur,
2808 3006 3132 3068 tantumque
3165 3015 3366 3055 munus
3390 3000 3553 3055 obeat
3571 3016 3670 3055 ex-

367 3088 677 3160 τουργείτω
712 3091 897 3158 μόνον,
925 3089 1214 3159 ἀναμένων
1246 3088 1276 3141 ὂ
1313 3106 1368 3142 τι
1413 3087 1481 3143 ἂν
1508 3089 1543 3159 ἡ
1572 3090 1668 3159 τῆς
1690 3089 1962 3160 ἐπαρχίας

2076 3097 2332 3157 spectans
2362 3089 2623 3161 quidquid
2638 3090 2937 3162 provinciaa
2953 3092 3193 3163 synodus
3211 3091 3668 3162 pronuntiaverit.

371 3178 742 3248 ἀποφαίνοιτο
764 3178 1005 3241 σύνοδος.

445 3267 528 3325 ιθ¹.
563 3269 633 3322 Et
682 3268 764 3339 μὴ
805 3268 1026 3330 σύνοδος
1056 3266 1165 3338 είη,
1203 3268 1297 3322 καὶ
1329 3268 1359 3320 ὁ
1418 3269 1832 3341 μητροπολίτης
1884 3270 1961 3342 μὴ

2145 3276 2232 3332 19.
2264 3274 2486 3346 Absque
2526 3277 2735 3348 synodo
2768 3286 2825 3333 et
2861 3277 3286 3346 metropolitano
3322 3292 3393 3332 ne
3430 3275 3526 3331 ﬁat
3553 3276 3674 3346 epi-

371 3361 610 3432 γινέσθω
637 3361 963 3425 ἐπίσκοπος.
996 3361 1062 3415 Et
1097 3360 1156 3415 δὲ
1197 3361 1287 3414 διά
1330 3378 1381 3415 τι
1426 3360 1692 3433 δυσχερὲς
1747 3362 1822 3433 μὴ
1851 3380 1966 3416 συν-

2076 3382 2294 3440 scapus.
2324 3367 2383 3424 Si
2411 3377 2596 3425 autem
2636 3378 2862 3439 propter
2888 3369 3125 3439 aliquam
3153 3368 3530 3425 difﬁcultatem
3554 3383 3671 3423 non

369 3454 590 3523 όγοιντο
611 3454 877 3517 ἅπαντες,
894 3452 1029 3516 τέως
1045 3453 1093 3505 οι
1112 3450 1383 3524 πλείουςῆ
1405 3455 1730 3526 γράμμασιν
1751 3453 1966 3509 ἐποιντο

2076 3462 2430 3517 convenerint
2451 3477 2663 3526 omnes,
2686 3462 2907 3516 interim
2931 3463 3117 3533 plures
3139 3462 3227 3516 vel
3257 3460 3457 3517 litteris
3475 3474 3672 3517 assen-

372 3547 688 3619 σύμψηφοι.
728 3546 793 3599 Et
845 3545 892 3599 δ’
945 3544 1089 3600 οὕτω
1134 3544 1231 3599 τοῦ
1261 3545 1589 3616 πράγματος
1637 3545 1966 3618 τελουμένου

2076 3553 2301 3609 tiantur.
2331 3553 2391 3609 Si
2428 3569 2562 3609 vero
2599 3566 2664 3610 re
2701 3554 2779 3609 ita
2825 3565 3052 3624 peracta
3084 3553 3422 3609 contendant
3462 3551 3667 3622 aliqui,

372 3639 744 3710 ςιλονεικοῖἐν
770 3655 940 3703 τινες,
972 3639 1006 3709 ἠ
1030 3637 1142 3691 τῶν
1167 3638 1411 3691 πλεόνων
1435 3636 1616 3708 ψῆφος
1642 3638 1964 3709 ἐνισχυέτω.

441 3742 515 3788 κ’.
564 3730 904 3796 Ἐπίσκοπος
925 3732 1024 3787 καὶ
1052 3729 1345 3785 ὑπολαϐὼν
1370 3729 1485 3803 [ίσ.
1511 3731 1620 3784 ὑπὸ
1643 3728 1812 3803 λαῶν]
1849 3730 1972 3800 βια-

378 3822 738 3893 “pungui.
769 3821 875 3876 ὑπὸ
899 3818 1217 3875 ἐπισκόπων
1254 3818 1700 3890 ἀναγκαζόμενος
1725 3818 1802 3889 μὴ
1834 3814 1968 3888 μεθ-

389 3909 628 3965 totam
646 3912 721 3974 et;
741 3910 1041 3981 παροικίαν
1062 3909 1275 3979 ἑτέραν.

470 4000 578 4056 κα’.
631 4002 1086 4075 Έπιχειροτονεῖν
1115 4018 1268 4065 τινας
1320 4000 1623 4064 ἐπίσκοπος
1665 3999 1731 4054 ἐκ
1759 3998 1968 4063 πόλεως

385 4097 468 4160 είς
503 4093 655 4149 πόλιν
687 4096 761 4167 μὴ
816 4095 1040 4159 ἐπιέτω,
1088 4091 1203 4148 ἀλλ’
1239 4092 1494 4166 ἢγνὼμῃ
1522 4092 1618 4147 τοῦ
1646 4091 1956 4147 ἐπισκόπου

379 4190 481 4259 τῆς
513 4186 747 4252 πόλεως.
787 4184 853 4240 Ei
883 4185 929 4241 δ’
955 4184 1075 4255 οὖν,
1133 4183 1394 4250 ἀϐέϐαιος
1427 4187 1462 4256 ἡ
1513 4183 1842 4258 χειροτονία,
1874 4183 1973 4236 καὶ

372 4280 592 4342 ἐκεῖνος
623 4279 907 4342 ὑπόδικος.

446 4370 561 4441 κβ’.
593 4370 689 4441 Μὴ
720 4370 985 4442 μεθιστᾷν
1016 4368 1206 4441 ἕτερον
1235 4368 1331 4422 ἐπὶ
1379 4370 1446 4440 τῇ
1473 4368 1639 4441 ἐξόδῳ
1669 4366 1972 4423 ἐπίσκοπον

370 4467 404 4518 ὸ
439 4463 749 4528 ἐπίσκοπος
771 4480 786 4494 ·
832 4464 1044 4517 ἐκείνου
1067 4464 1125 4519 δέ
1153 4461 1539 4534 κοιμηθέντος,
1567 4461 1708 4533 μετὰ
1748 4461 1971 4515 συνόδου

371 4558 487 4613 τῶν
542 4558 785 4628 ἐχόντων
818 4555 918 4622 τὴν
956 4555 1229 4621 ἐξουσίαν,
1277 4557 1308 4609 ό
1363 4553 1515 4620 ἄξιος
1552 4552 1970 4625 προϐεϐλήσθω.

447 4744 561 4808 κγ’.
594 4737 770 4793 Παντὶ
793 4734 869 4807 τῷ
899 4734 1089 4808 κλήρῳ
1109 4736 1179 4791 τὰ
1202 4738 1304 4806 τῆς
1335 4734 1634 4806 ἐκκλησίας
1668 4732 1827 4804 θέμις
1852 4734 1974 4788 δια-

374 4829 778 4901 γινώσκεσθαι,
828 4829 919 4883 τνα
964 4828 1059 4882 τοῦ
1118 4829 1424 4882 ἐπισκόπου
1475 4826 1863 4893 τελευτῶντος,
1902 4826 1974 4881 τὰ

376 4925 560 4979 οίκεῑα
578 4922 683 4994 τῆς
711 4920 1010 4994 ἐκκλησίας
1033 4920 1464 4992 διαφυλάττηται
1484 4936 1498 4950 δ
1521 4918 1590 4973 τὰ
1614 4919 1672 4974 δὲ
1722 4919 1819 4975 τοῦ
1847 4921 1972 4974 ἐπι-

378 5017 594 5071 σκόπου
625 5015 770 5070 κατὰ
792 5015 890 5088 τὴν
925 5015 1137 5070 ἐκείνου
1171 5014 1443 5087 διοικῆται
1472 5012 1740 5080 διάταξιν.

461 5111 569 5167 κδ’.
604 5110 811 5181 Κύριος
848 5112 877 5163 ό
910 5108 1209 5174 ἐπίσκοπος
1239 5107 1350 5162 τῶν
1380 5108 1480 5178 τῆς
1509 5106 1807 5180 ἐκκλησίας
1833 5106 1976 5161 ἔστω

378 5205 768 5277 πραγμάτων
824 5207 875 5258 εί
908 5202 965 5256 δὲ
1002 5201 1079 5274 μὴ
1121 5203 1385 5270 ίκανοῖτο,
1419 5204 1534 5266 τοῖς
1567 5199 1847 5259 ίκανοῢσιν
1879 5202 1977 5255 αὺ-

378 5297 531 5363 τιῖιν,
560 5297 630 5352 τὰ
668 5296 727 5350 δέ
758 5296 1071 5369 πράγματα
1105 5295 1203 5349 καὶ
1237 5295 1363 5359 τοὺς
1395 5294 1599 5365 πόρους
1645 5292 1975 5364 μεταϐάλλοι

379 5389 482 5462 τῆς
513 5388 838 5461 ἐκκλησίας,
876 5386 954 5460 μὴ
995 5387 1135 5459 μετὰ
1189 5384 1416 5459 γνώμης
1449 5385 1544 5440 τοῦ
1586 5384 1818 5458 κλήρου,
1851 5387 1972 5439 ela-

380 5481 714 5555 πραττέσθω
763 5480 925 5545 δίκας
958 5478 1095 5550 πρὸς
1158 5478 1261 5549 τῆς
1309 5479 1552 5534 συνόδου.
1594 5477 1659 5532 Εί
1691 5476 1749 5531 δὲ
1784 5476 1880 5533 καὶ
1904 5476 1974 5530 τὰ

382 5579 616 5654 πένησιν
670 5574 1012 5646 ὀφειλόμενα
1056 5573 1139 5636 είς
1178 5571 1373 5626 ἐαυτὸν
1429 5571 1836 5646 σφετερίζεται,
1880 5571 1974 5625 καὶ

379 5669 520 5726 οὕτω
539 5672 607 5744 τῇ
646 5666 859 5741 συνόδῳ
881 5665 1043 5735 λόγον
1064 5664 1387 5720 ἀποδιδότω.

2072 3644 2312 3714 plurium
2337 3644 2657 3716 suﬂ’ragium
2685 3645 2884 3699 valeat.

2143 3732 2234 3788 20.
2276 3732 2610 3803 Episcopus,
2639 3732 2744 3789 nisi
2784 3731 2839 3788 vi
2866 3748 2898 3787 a
2936 3731 3156 3801 populis
3190 3730 3337 3786 illata
3368 3729 3520 3786 etab
3549 3729 3672 3800 epi-

2076 3823 2265 3894 scopis
2287 3830 2534 3894 cogatur,
2557 3823 2613 3883 in
2640 3822 2803 3879 aliam
2825 3820 3122 3892 par-inciam
3149 3835 3221 3875 ne
3255 3827 3519 3874 transeat.

2147 4005 2239 4061 21.
2281 4004 2587 4075 Episcopus
2618 4019 2685 4059 ex
2727 4004 2863 4059 urbe
2904 4002 2960 4056 in
3004 4002 3199 4057 urbem
3230 4000 3299 4057 ad
3332 4001 3676 4061 ordinandoa

2075 4098 2288 4168 aliquos
2322 4113 2392 4153 ne
2427 4099 2619 4163 abeat,
2672 4105 3042 4167 praeterquam
3115 4095 3186 4151 de
3226 4095 3380 4151 urbis
3428 4096 3675 4168 episc0pi

2079 4188 2372 4245 sententia.
2409 4187 2507 4247 Sin
2533 4203 2684 4258 vero,
2722 4186 2959 4245 invalida
2982 4194 3069 4241 est
3107 4184 3402 4250 ordinatio,
3432 4185 3663 4256 ipseque

2074 4280 2285 4354 judicio
2318 4280 2613 4336 obnoxius.

2141 4373 2234 4429 9.9.
2271 4373 2574 4444 Episcopus
2615 4373 2672 4427 in
2709 4370 2860 4427 exitu
2887 4369 3015 4426 vitae
3030 4372 3365 4427 constitutus
3382 4370 3551 4427 alium
3568 4385 3675 4441 pro

2085 4482 2146 4522 se
2167 4469 2486 4537 episcopum
2503 4480 2574 4519 ne
2593 4464 2891 4519 constituat
2913 4460 3230 4533 :pOstquam
3249 4470 3428 4517 autem
3454 4461 3543 4516 ille
3569 4461 3676 4517 ob-

2083 4558 2395 4619 dormierit,
2423 4574 2548 4613 cum
2578 4572 2770 4613 eorum
2805 4555 2899 4625 qui
2937 4563 3266 4624 potestatem
3304 4553 3511 4609 habent
3542 4567 3675 4610 coa-

2082 4659 2273 4716 ventu,
2304 4650 2503 4721 dignus
2535 4657 2774 4705 creetur.

2157 4744 2250 4799 23.
2283 4743 2409 4798 Toti
2433 4742 2584 4798 clero
2622 4756 2714 4801 res
2767 4738 3016 4795 ecclesiae
3053 4751 3386 4808 cognoscere
3427 4736 3570 4799 licet,
3615 4746 3677 4792 ut

2084 4836 2391 4891 decedente
2437 4834 2716 4904 episcopo,
2757 4829 3004 4887 ecclesia:
3046 4843 3168 4899 quae
3210 4842 3309 4883 sua
3351 4836 3483 4882 sunt
3536 4843 3674 4883 con-

2083 4939 2374 4986 serventur
2409 4945 2424 4983 :
2458 4942 2582 4997 quae
2612 4940 2742 4981 vero
2767 4932 2897 4980 sunt
2911 4920 3175 4992 episcopi,
3206 4922 3361 4992 juxta
3389 4919 3535 4976 illius
3559 4919 3679 4977 dis-

2083 5021 2413 5091 positionem
2442 5018 2924 5075 administrentur.

2155 5116 2247 5170 24.
2289 5113 2595 5184 Episcopus
2624 5125 2810 5165 rerum
2842 5108 2912 5163 ad
2949 5105 3237 5163 ecclesiam
3272 5102 3669 5174 pertinentium

2083 5209 2413 5275 potestatem
2450 5201 2688 5256 habeat:
2730 5198 2778 5253 si
2808 5204 2991 5253 autem
3023 5208 3135 5249 non
3174 5192 3247 5248 sit
3272 5199 3568 5248 contentus
3608 5188 3680 5244 iis

2083 5311 2207 5368 qua:
2275 5294 2571 5359 suiﬁciunt,
2622 5307 2712 5347 res
2749 5303 2883 5344 vero
2930 5302 2996 5342 ac
3062 5284 3273 5341 reditus
3322 5281 3569 5355 ecclesia;
3616 5280 3675 5336 in

2086 5389 2300 5445 alienos
2319 5401 2455 5442 usus
2480 5383 2795 5446 transferat,
2817 5380 3022 5451 absque
3050 5376 3181 5433 cieri
3211 5375 3463 5438 consilio.
3481 5372 3675 5445 synodi

2081 5479 2350 5549 judicium
2382 5477 2597 5534 subeat.
2630 5473 2687 5531 Si
2717 5489 2849 5529 vero
2887 5488 2951 5529 ea
2988 5469 3154 5526 etiam
3183 5482 3305 5539 quae
3342 5465 3678 5539 pauperibus

2086 5573 2381 5637 debentur,
2405 5569 2512 5625 sibi
2541 5566 2645 5640 ipsi
2678 5566 2936 5632 vindicet,
2966 5562 3040 5617 ita
3077 5559 3242 5619 etiam
3276 5556 3484 5630 synodo
3507 5555 3685 5623 ratio:

2085 5680 2211 5725 nem
2243 5662 2454 5721 reddat.
