4156 6416
492 331 603 395 263

722 442 963 512 Epitome
985 455 1246 495 canonum
1274 440 1461 510 synodi
1509 437 1838 492 Laodicenw.

565 553 619 607 1.
652 551 910 624 Bigamus
943 553 987 608 si
1033 567 1140 607 non
1165 550 1377 606 occulte
1414 547 1825 604 matrimonium
1879 543 2084 607 inierit,

493 643 587 699 ubi
621 643 902 714 paululum
938 657 1131 713 poenas
1162 641 1418 705 subierit,
1458 640 1648 693 insons
1689 637 1977 691 habeatur.

563 736 622 790 2.
655 734 757 801 Qui
795 736 961 790 variis
981 733 1196 788 delictis
1239 731 1485 786 obstricti
1516 739 1665 795 sunt,
1697 729 1742 783 si
1787 728 1854 781 iis
1891 726 2090 797 agnitis

493 828 882 893 conﬁteantur,
915 842 979 881 ac
1005 841 1104 895 pro
1137 840 1328 879 eorum
1352 823 1561 878 ratione
1599 819 1980 892 pmnitentiam
2025 832 2087 871 a-

496 925 645 987 gant,
669 917 831 971 facile
863 917 1228 986 recipiuntur.
1570 913 1578 916 ”

567 1018 620 1070 5.
654 1016 871 1071 Recens
916 1014 1274 1079 illuminatus,
1315 1010 1486 1067 sacris
1525 1010 1814 1065 ordinibus
1864 1022 1970 1062 non
2007 1015 2092 1062 est

493 1104 749 1160 idoneus.

567 1197 622 1252 4.
662 1197 933 1252 Sacerdos
959 1196 1149 1250 fenora
1181 1209 1288 1250 non
1316 1194 1538 1265 accipit.

569 1289 625 1342 5.
651 1287 1042 1345 Ordinationes
1087 1303 1275 1344 coram
1306 1285 1657 1342 audientibus
1709 1291 1926 1338 tantum
1978 1295 2090 1336 non

505 1379 664 1434 ﬁunL

568 1470 624 1525 6.
651 1467 934 1523 llaereticis
963 1483 1114 1522 sacra
1140 1467 1284 1522 :edes
1314 1467 1614 1520 inaccessa.

581 1563 632 1616 7.
674 1559 965 1614 Novatiani
1031 1566 1086 1612 et
1137 1556 1644 1624 Quartodccimani,
1700 1555 1806 1611 nisi
1860 1564 2086 1610 caeteras

499 1653 740 1707 haereses
800 1665 1070 1719 suamque
1103 1651 1512 1721 abjurent,non
1543 1657 1672 1702 sunt
1708 1647 2044 1718 suscipiendi
2081 1663 2093 1698 :

500 1749 625 1812 post
675 1749 858 1796 tamen
891 1739 1296 1809 abjurationem
1331 1739 1504 1803 uncti,
1555 1738 1988 1793 communicent.

570 1925 622 1978 8.
666 1922 907 1994 Phryges
957 1921 1339 1993 paenitentiam
1405 1928 1628 1993 agentes
1686 1921 1870 1976 denuo
1915 1923 2101 1993 bapti-

500 2015 662 2070 zandi
691 2024 841 2077 sunt,
865 2015 997 2069 licet
1033 2015 1179 2084 apud
1210 2014 1334 2068 illos
1365 2013 1418 2066 in
1451 2013 1658 2068 clerum
1697 2015 1932 2084 c00ptati
1962 2016 2094 2070 sint.

571 2109 627 2163 9.
660 2107 764 2172 Qui
807 2107 859 2159 in
902 2106 1240 2161 cmmeteriis
1286 2114 1342 2162 et
1391 2105 1668 2177 martyriis
1708 2106 2093 2164 haereticorum

499 2207 642 2262 orat,
668 2198 1182 2275 excommunicatus
1211 2206 1319 2253 est.

574 2290 661 2344 10.
698 2288 883 2344 Viduae
901 2288 1143 2343 seniores
1169 2288 1225 2342 in
1246 2288 1474 2344 ecclesia
1505 2303 1572 2343 ne
1609 2289 1973 2360 baptizantor.

578 2378 668 2432 11.
708 2378 844 2433 Cum
882 2378 1143 2433 διετοιίοο
1175 2377 1498 2432 afﬁnitatem
1531 2394 1597 2432 ne
1620 2380 1940 2436 contrahas.

573 2471 666 2525 12.
695 2468 801 2536 Qui
834 2470 939 2525 ﬁde
963 2485 1028 2524 ac
1056 2470 1183 2525 vitae
1223 2469 1435 2524 ratione
1468 2470 1891 2540 probatissimus
1926 2482 2092 2543 atque

501 2563 917 2618 eruditissimus
946 2562 1311 2629 est,-idoneus
1327 2569 1414 2617 est
1442 2561 1613 2631 quiin
1643 2563 1963 2636 episcopum
1988 2567 2088 2621 eli-

533 2661 680 2709 atur.

575 2746 663 2799 15.
689 2745 733 2798 A
787 2743 1142 2801 saecularibus
1197 2745 1430 2812 electus,
1478 2761 1587 2802 non
1629 2754 1716 2802 est
1750 2745 2093 2804 ordinandus

499 2837 814 2908 episcopus.

572 2927 662 2983 14.
695 2925 895 2982 Sancta
926 2927 994 2982 ad
1022 2927 1183 2982 aliam
1205 2928 1501 2997 parmciam
1526 2928 1692 2996 mitti,
1714 2929 2021 3002 indignum.

572 3021 662 3075 15.
692 3017 886 3075 Nullus
905 3019 961 3074 in
996 3020 1290 3075 ambonem
1329 3019 1600 3087 ascendit,
1630 3023 1881 3094 exceptis
1903 3022 1973 3076 iis
1995 3020 2089 3091 qui

500 3111 570 3168 de
585 3111 773 3167 codice
798 3111 1008 3182 legunt.

575 3202 664 3257 16.
701 3201 996 3275 Evangelia
1021 3210 1187 3273 atque
1219 3201 1452 3273 apostoli
1501 3203 1754 3276 legantur
1779 3202 2051 3262 Sabbatis.

582 3381 667 3438 l7.
701 3381 762 3438 In
786 3382 1152 3439 conventibus
1175 3381 1445 3439 lectiones
1462 3381 1704 3454 psalmos
1731 3382 2081 3441 intersecent.

577 3561 667 3617 18.
706 3560 866 3619 Horis
897 3563 1070 3620 Nonis
1085 3579 1148 3619 ac
1173 3562 1436 3635 Vesperis
1461 3561 1668 3618 eaedem
1700 3577 1899 3633 preces
1933 3577 2094 3634 pera-

504 3661 721 3724 gantur.

576 3747 662 3801 19.
707 3747 838 3803 Post
881 3747 1411 3804 catechumenorum
1467 3745 1774 3801 orationem
1828 3746 2098 3816 poeniten-

505 3836 641 3891 tium
676 3853 870 3908 preces
923 3839 1248 3902 offerantur,
1279 3845 1468 3907 postea
1517 3851 1650 3891 vero
1703 3835 1980 3891 ﬁdelium:
2034 3850 2100 3890 ac

506 3936 630 3997 post
655 3941 845 3996 pacem
875 3926 1078 3981 oblatio
1107 3925 1222 3994 ﬁat,
1257 3925 1394 3982 solis
1423 3925 1806 3981 sacerdotibus
1837 3941 1940 3997 pro
1961 3941 2094 3997 sug-

505 4028 663 4090 gestu
695 4018 1040 4073 sedentibus.

575 4109 666 4164 20.
703 4110 971 4163 Diaconus
998 4108 1103 4163 nisi
1127 4109 1316 4177 jussus
1350 4107 1558 4163 sedeat.

579 4203 670 4257 21.
701 4200 842 4256 Vasa
891 4201 1143 4256 minister
1185 4216 1257 4256 ne
1301 4209 1530 4270 tangat,
1569 4215 1753 4272 neque
1788 4201 1932 4256 enim
1969 4214 2094 4256 ora-

509 4293 653 4347 rium
694 4291 957 4347 induitur.

579 4383 672 4439 22.
705 4384 913 4440 Cantor
933 4391 992 4441 et
1019 4383 1193 4440 lector
1217 4398 1323 4439 non
1351 4383 1536 4440 ferunt
1583 4384 1845 4440 orarium.

579 4567 672 4622 25.
704 4565 894 4622 Omnis
921 4564 1156 4621 clericus
1188 4579 1496 4636 cauponam
1531 4564 1744 4636 ingredi
1771 4581 1881 4620 non
1910 4565 2092 4622 debet.

580 4661 672 4716 24.
711 4659 917 4716 Panem
945 4668 1000 4716 et
1031 4660 1258 4716 calicem
1286 4659 1540 4716 minister
1569 4674 1681 4714 non
1707 4659 1824 4715 dat.

581 4753 674 4808 25.
708 4752 828 4808 Νοιι
853 4753 1185 4819 exoreissat,
1223 4753 1327 4821 nisi
1356 4755 1450 4824 qui
1477 4754 1546 4810 ab
1591 4754 1852 4825 episcopo
1887 4755 1956 4812 ad
1996 4755 2101 4811 hoc

510 4863 711 4903 lﬂllllIlS
733 4855 1028 4917 ιιι-ονοοιυε
1055 4855 1159 4903 θει.

581 4939 670 4995 26.
694 4941 778 4994 Ab
804 4940 963 4996 altari
989 4939 1222 4994 clericus
1251 4947 1436 5009 partes
1458 4953 1563 4993 non
1593 4937 1772 4994 offert.

582 5033 675 5091 27.
723 5035 1025 5090 Accubitus
1059 5042 1116 5089 et
1153 5048 1341 5106 agapae
1379 5034 1434 5088 in
1476 5034 1726 5090 ecclesiis
1773 5049 1884 5090 non
1931 5034 2089 5092 ﬁunt.

577 5217 670 5274 28.
705 5217 1052 5274 Christianus
1103 5233 1173 5274 ne
1201 5219 1532 5286 sabbatizet,
1561 5219 1658 5275 sed
1691 5219 1865 5292 prima
1887 5220 1992 5277 hoc
2015 5231 2099 5278 est

514 5309 796 5371 Dominica
825 5311 913 5366 die
938 5311 1190 5365 ferietur.

586 5405 682 5461 29.
712 5403 849 5460 Cum
876 5405 1202 5462 mulieribus
1228 5405 1398 5461 lavari
1427 5405 1606 5461 nefas.

586 5500 681 5555 '50.
706 5499 1022 5571 Accipiendi
1067 5512 1220 5570 sunt,
1256 5518 1369 5558 non
1399 5502 1564 5558 dandi
1596 5503 1868 5559 haereticis
1907 5505 1962 5559 in
1990 5521 2107 5560 ma-

518 5590 838 5646 trimonium
860 5592 1038 5648 liberi.

588 5681 680 5736 51.
743 5681 1140 5743 [hereticorum
1216 5690 1635 5750 benedictioues
1689 5687 2102 5772 maledictiones

523 5778 650 5825 sunt
665 5773 970 5830 censenda.

1597 323 1982 386 SYMEONIS
2023 315 2610 384 METAPHRAST/E

2117 443 2166 501 Α
2249 433 2533 503 Ἐπιτομὴ
2560 433 2835 489 κανόνων
2864 435 2972 503 τῆς
2997 432 3068 488 ἐν
3101 433 3415 502 Λαοδικείᾳ
3450 433 3741 493 συνόδου.

3667 319 3782 384 261.

2263 547 2332 602 α’.
2378 548 2436 600 Ὁ
2485 548 2560 618 μὴ
2616 546 2792 614 λ’ἀθρα
2843 550 3101 620 γαμήσας
3136 549 3392 620 δίγαμος,
3454 548 3614 618 ὀλίγα
3667 553 3790 617 τοῖς

2191 641 2490 712 ἐπιτιμίοις
2519 642 2810 711 σχολάσας,
2847 642 3165 707 ἀνεύθυνος.

2265 731 2330 802 β’.
2366 733 2428 784 Ol
2466 733 2744 802 διαφόροις
2793 734 3138 803 ἀγνοήμασιν
3189 733 3495 798 ἐαλωκότες
3523 775 3538 800 ,
3577 734 3626 786 εί
3661 735 3796 786 ἐπι-

2193 823 2414 891 γνόντες
2450 823 2818 894 όμολογοῖντο,
2848 824 3128 894 ἀναλόγως
3164 827 3498 896 μετανοοῖεν,
3547 823 3796 894 εὐπρόσ-

2193 913 2397 967 δεκτοι.

2267 1009 2335 1072 γ’.
2377 1005 2437 1058 Ὀ
2465 1007 2847 1075 νεοφώτιστος,
2878 1009 3286 1080 ἀνιεράτευτος.

2267 1184 2330 1240 δ’.
2363 1186 2569 1250 Τόκους
2601 1188 2875 1258 ίερατικὺς
3007 1190 3061 1242 d.
3093 1189 3181 1260 οὐ]
3209 1187 3502 1258 λαμϐάνει.

2275 1277 2336 1334 ε’.
2363 1280 2430 1332 Al
2459 1283 2788 1352 χειροτονίαι
2819 1282 2908 1334 ἐπ’
2941 1281 3314 1352 ἀκροωμένοις
3341 1281 3402 1334 οὐ
3420 1282 3682 1350 γίνονται.

2277 1456 2353 1523 ς’.
2380 1461 2689 1531 Αἰρετικοῖς
2718 1461 2780 1513 τὸ
2817 1460 2962 1532 ἱερὸν
2994 1459 3324 1513 ἀνεπίϐατον

2277 1552 2342 1617 ζ’.
2373 1552 2707 1608 Ναυατιανοὶ
2751 1552 2848 1605 καὶ
2889 1551 3572 1624 Τεσσαρεσκαιδεκατῖται,
3630 1551 3678 1605 εί
3714 1551 3798 1624 μὴ

2202 1645 2303 1708 τάς
2327 1662 2386 1698 τε
2418 1643 2583 1708 ἄλλας
2615 1643 2857 1716 αἱρέσεις
2908 1640 3388 1712 ἀναθεματίζοιεν,
3431 1642 3526 1694 καὶ
3581 1643 3680 1714 τὴν
3709 1643 3763 1694 οἱ

2204 1737 2379 1800 κείαν,
2427 1736 2812 1806 ἀπρόσδεκτοι.
2845 1735 3004 1791 Μετὰ
3035 1735 3218 1807 μέντοι
3242 1734 3304 1787 τὸ
3339 1734 3589 1805 ἀνάθεμα
3641 1734 3795 1805 χριό-

2204 1846 2380 1899 μενοι,
2403 1829 2857 1884 κοινωνείτωσαν.

2270 1921 2342 1992 η’.
2384 1921 2604 1994 Φρύγας
2663 1921 3006 1992 μεταμέλους
3063 1918 3557 1985 ἀναϐαπτίζεσθαι,
3615 1919 3664 1972 εί
3695 1918 3797 1973 καὶ

2199 2019 2329 2089 παρ’
2361 2017 2595 2078 ἐκείνοις
2636 2014 3022 2085 κεκλήρωνται
3035 2053 3046 2068 .

2271 2110 2338 2168 θ’.
2399 2112 2457 2165 ’0
2508 2113 2894 2183 κοιμητηρίοις
2959 2111 3055 2164 καὶ
3110 2109 3437 2183 μαρτυρίοις
3491 2107 3796 2180 αἱρετικῶν

2194 2203 2583 2273 ἐπευχόμενος,
2614 2201 3010 2271 ἀκοινώνητος.

2273 2301 2326 2349 ι’.
2364 2294 2733 2365 Πρεσϐύτιδες
2765 2295 2822 2346 ἐν
2849 2293 3115 2363 ἐκκλησίᾳ
3146 2293 3220 2364 μὴ
3247 2289 3720 2362 βαπτιζέσθωσαν.

2275 2385 2365 2441 ια’.
2391 2388 2669 2458 Αίρετικῳ
2712 2387 2788 2458 μὴ
2825 2385 3184 2438 συνάλλασσε.

2281 2478 2370 2550 ιβ’.
2425 2481 2484 2532 '0
2541 2480 2724 2533 πίστει
2769 2479 2862 2533 καὶ
2913 2475 3160 2548 πολιτείᾳ
3207 2476 3642 2548 εὐδοκιμώτατος
3697 2478 3796 2532 καὶ

2198 2573 2546 2646 λογιώτατος,
2573 2572 2882 2643 ἐπιτήδειος
2902 2572 2980 2636 εἰς
3014 2571 3335 2624 ἐπίσκοπον.

2272 2744 2359 2807 ιγ’.
2408 2735 2792 2798 Ἀνεπίλεκτος
2823 2735 2852 2788 ὁ
2875 2735 3161 2802 κοσμικοῑς
3192 2731 3578 2802 ἐκλεγόμενος.

2269 2918 2328 2973 ιδ’
2337 2961 2351 2976 .
2383 2915 2806 2988 Διαπέμπεσθαι
2832 2914 2903 2968 τὰ
2925 2915 3059 2984 ἆγια
3085 2915 3167 2978 εἰς
3191 2913 3510 2986 παροικίαν,
3546 2911 3794 2979 ἀνάξιον.

2268 3012 2352 3068 ιε’.
2389 3010 2451 3068 ΕΞ
2487 3013 2564 3083 μὴ
2588 3010 2697 3064 άπὸ
2725 3007 3008 3080 διφθέρας,
3041 3006 3218 3070 οὐδεὶς
3252 3005 3646 3076 ἀμϐωνίζεται.

2277 3201 2375 3266 ις’.
2405 3199 2718 3268 Εὑαγγέλια
2761 3194 2857 3249 καὶ
2897 3191 3193 3248 ἀπόστολοι
3226 3188 3798 3259 άναγινωσκέσθωσαν

2204 3297 2316 3359 τοῖς
2346 3282 2639 3346 Σάϐὄασιν.

2277 3385 2366 3452 ις’.
2403 3387 2491 3440 Ἐν
2518 3386 2637 3448 ταῖς
2684 3383 2977 3449 συνάξεσιν
3005 3382 3066 3435 αἱ
3112 3377 3451 3450 ἀναγνώσεις
3495 3375 3622 3439 τοὺς
3656 3373 3799 3445 ψαλ-

2210 3480 2344 3550 μοὺς
2373 3496 2441 3531 πε
2449 3477 2886 3547 ρικοπτέτωσαν.

2279 3575 2370 3640 ιη’.
2415 3567 2721 3633 Ἐννάταις,
2756 3567 3020 3639 ἑσπέραις
3051 3567 3108 3620 αι
3144 3563 3308 3618 αὑταὶ
3336 3560 3496 3632 εὐχαὶ
3524 3558 3797 3613 ἐπιτελεί-

2209 3660 2446 3714 σθωσαν.

2281 3753 2364 3809 ιθ’.
2399 3753 2556 3807 Μετὰ
2601 3751 2702 3822 τὴν
2741 3751 2852 3804 τῶν
2899 3745 3326 3819 κατηχουμένων
3364 3744 3552 3814 εὐχὴν,
3586 3743 3700 3797 τῶν
3739 3743 3800 3797 ὲν

2211 3845 2472 3918 μετανοίᾳ
2495 3843 2872 3915 προσάγεσθαι
2898 3882 2914 3908 ,
2955 3841 3051 3894 καὶ¹
3087 3838 3224 3911 μετὰ
3249 3837 3406 3891 τοῦτο
3437 3837 3534 3907 τὴν
3560 3834 3672 3887 τῶν
3703 3851 3800 3886 πι-

2210 3937 2387 3992 στῶν·
2424 3938 2520 3992 καὶ⁸
2577 3937 2720 4008 μετά
2766 3937 3015 4006 εἰρήνην,
3061 3935 3162 4004 τὴν
3218 3927 3500 4001 ἀναφορὰν
3526 3926 3799 3997 γίνεσθαι,

2210 4030 2625 4101 βηματιζόντων
2651 4029 2831 4099 μόνων
2857 4027 2967 4082 τῶν
2996 4025 3210 4097 ἱερέων.

2279 4117 2350 4176 κ’.
2395 4118 2748 4182 Ἀκέλευστος
2784 4117 2860 4188 μὴ
2892 4113 3212 4179 καθεζέσθω
3233 4113 3502 4174 διάκονος.

2279 4217 2386 4266 κα’.
2422 4209 2643 4264 Σκευῶν
2665 4210 2943 4282 ὑπηρέτης
2981 4208 3055 4278 μὴ
3080 4206 3306 4261 ἅπτοιτο
3335 4219 3351 4237 ο
3401 4203 3462 4258 οὐ
3501 4201 3613 4272 γὰρ
3644 4199 3800 4272 ὠρά-

2207 4321 2323 4376 ριον
2348 4304 2734 4375 ἀμφιέννυται.

2279 4392 2386 4463 κβ¹.
2435 4391 2664 4462 Ψάλτης
2707 4390 2804 4446 καὶ
2846 4388 3206 4462 ἀναγνώστης
3245 4388 3307 4443 οὐ
3351 4401 3610 4459 φορουσιν
3648 4382 3802 4455 ὠρά-

2128 4483 2173 4539 D
2207 4501 2342 4556 ριον.

2281 4582 2389 4646 κγ’.
2421 4577 2606 4639 Ἀπας
2631 4575 2896 4647 κληρικὺς
2927 4574 3330 4646 ἀκαπήλευτος.

2282 4671 2382 4725 κδ’.
2423 4671 2622 4742 ’Δρτον
2645 4670 2741 4726 καὶ
2762 4671 3026 4740 ποτήριον
3058 4671 3086 4722 ό
3112 4667 3397 4739 ὑπηρέτης
3425 4665 3486 4720 οὐ
3523 4665 3763 4720 δίδωσιν.

2281 4762 2382 4819 κε’.
2426 4764 2540 4818 Οὐκ
2585 4761 2922 4835 ὲφορκίζειῤ
2963 4763 3038 4834 μὴ
3083 4761 3217 4834 παρ’
3256 4759 3559 4814 ἐπισκόπου
3602 4759 3804 4829 ἀγόμε-

2209 4874 2319 4920 νος.

2280 4955 2394 5014 κς’.
2443 4947 2577 5001 Ἀπὸ
2603 4945 2790 5010 ἑστίας
2818 4945 3078 5016 κληρικὺς
3113 4945 3338 5018 μερίδας
3360 4945 3460 4999 οὐκ
3491 4945 3706 5013 ἄγεται.

2280 5039 2385 5104 κζ’.
2422 5039 2714 5093 Ἀκούϐιτα
2736 5039 2828 5092 καὶ
2849 5039 3060 5108 ἀγάπαι
3084 5039 3171 5092 ἐπ’
3199 5039 3499 5110 ἐκκλησίας
3529 5038 3591 5090 οὐ
3623 5037 3804 5104 γίνον-

2207 5151 2320 5187 ται.

2281 5232 2388 5297 κη’.
2424 5226 2500 5281 Οὐ
2538 5223 2852 5278 σαϐϐατίσει
2881 5224 3227 5296 Χριστιανὸς,
3271 5222 3409 5278 ἀλλὰ
3447 5221 3700 5292 σχολάσει
3731 5222 3799 5291 τῇ

2210 5325 2258 5373 α’
2295 5319 2500 5390 ἡμέρᾳ,
2528 5319 2697 5390 ἤγουν
2726 5322 2791 5389 τῇ
2822 5319 3099 5390 κυριακῇ.

2284 5409 2389 5466 κθ’.
2421 5409 2642 5474 Γυναιξὶ
2664 5409 2774 5462 τῶν
2790 5409 3065 5480 ἀθεμίτων
3090 5408 3488 5464 συλλούσασθαι
3505 5405 3798 5460 ωλυτέον.

2280 5501 2347 5557 λ’.
2387 5501 2708 5572 Λαμϐάνειν
2733 5501 2792 5554 οὐ
2820 5501 3022 5555 διδόναι
3050 5503 3162 5565 τοῖς
3208 5502 3504 5572 αίρετικοίς
3558 5499 3638 5563 είς
3668 5514 3799 5552 συν-

2212 5598 2410 5665 ἀφειαν
2447 5595 2637 5648 τέκνα.

2283 5687 2384 5742 λα’.
2428 5686 2670 5755 Ἀλογίαι
2706 5686 2764 5741 αἱ
2792 5686 2902 5741 τῶν
2927 5684 3220 5758 αἰρετικῶν
3246 5684 3511 5754 εὐλογίαι.

2170 5891 2322 5912 ιρις-ιι
