4156 6412
509 419 618 479 “267

1636 378 2012 464 SYMEON'IS
2051 394 2632 457 METAPHRASTIE

3658 388 3774 454 εδδ

507 523 818 587 continens,
847 510 907 574 ει
923 516 991 572 ab
1024 529 1192 572 uxore
1221 506 1515 577 abstineat,
1535 519 1593 564 ut
1618 507 1888 580 postulata
1912 505 2088 574 impe-

2217 505 2356 574 ιγνὸς
2386 505 2526 558 ἔστω
2554 504 2648 564 καὶ
2683 499 2974 572 ἐγκρατὴς,
3006 497 3108 563 ttat
3124 495 3382 567 γυναικὸς
3409 497 3801 570 ἀπεχόμενος,-

511 625 676 672 tren't.

579 709 634 762 7.
662 706 722 762 In
753 705 957 776 quibus
1005 700 1179 755 laicus
1213 696 1526 769 corrigitur,
1560 695 1623 750 in
1645 692 1742 748 his
1776 690 1947 747 multo
1969 697 2090 742 ma-

509 792 592 872 gis
612 799 849 854 clericus
883 793 1312 866 praedamnatum
1359 794 1370 864 ς

583 891 638 946 8.
681 875 971 958 Presbyter
1017 899 1046 937 a
1098 882 1320 952 pr0prio
1363 879 1624 950 episcopo
1664 874 2086 934 condemnatus,

511 983 825 1041 facultatem
855 976 1079 1034 habebit
1111 974 1180 1029 ad
1199 973 1410 1028 vicinos
1424 971 1714 1042 episcopos
1751 963 2089 1036 appellandi;

513 1077 597 1132 sin
628 1083 810 1130 autem
835 1066 1210 1141 appellaverit,
1226 1063 1491 1120 sacriﬁcia
1521 1071 1702 1116 tamen
1737 1055 1934 1113 oﬁ‘erat
1979 1053 2092 1121 Deo

515 1167 756 1240 schisma
782 1163 994 1227 faciens
1016 1168 1072 1215 et
1105 1157 1345 1222 inflatus,
1373 1155 1666 1210 anathema
1689 1150 1779 1205 sit.

491 1271 495 1275 '
585 1237 638 1315 9.
668 1256 994 1327 Episcopum
1020 1267 1051 1308 e
1086 1251 1257 1324 gradu
1301 1263 1402 1302 suo
1441 1247 1737 1316 deiectum,
1785 1239 1960 1305 sinon
2024 1237 2095 1291 sit

515 1323 758 1416 perfecta
792 1323 1051 1414 synodus,
1086 1323 1296 1391 interea
1337 1330 1624 1388 duodecim
1648 1330 1944 1383 observant
1975 1323 2093 1395 epi-

516 1436 700 1507 scopi,
733 1443 787 1490 et
819 1432 1194 1504 presbyterum
1226 1443 1341 1490 sex,
1363 1435 1421 1481 et
1461 1424 1752 1479 diaconum
1785 1429 1916 1474 tres.

591 1528 680 1583 10.
708 1527 948 1581 Primate
975 1522 1232 1592 jubente,
1263 1529 1319 1574 et
1353 1529 1464 1572 tres
1493 1513 1732 1586 episcopi
1757 1511 2098 1566 constituant

518 1621 834 1691 episcopum
883 1632 897 1669 :
942 1613 1036 1684 qui
1079 1619 1265 1666 autem
1303 1607 1542 1687 propriae
1605 1603 1945 1676 confessioni
2007 1610 2102 1656 aut

520 1683 914 1776 subscr—iptioni
948 1683 1293 1763 adversatur,
1320 1683 1538 1753 suomet
1577 1693 1784 1766 judicio
1803 1689 2105 1764 ignominia

519 1799 820 1856 notabitur.

2167 638 2178 647 .
2195 593 2283 651 ἵνα
2318 596 2424 649 τῶν
2447 593 2784 664 αἰτουμένων
2812 590 3246 660 ἐπιτυγχάνοιεν.

2265 687 2330 754 ζ’.
2375 688 2463 741 Ἐν
2493 681 2574 750 οἷς
2602 687 2631 738 ὁ
2658 683 2844 748 λαῖιιὸς
2871 680 3175 746 εὐθύνεται,
3203 678 3414 744 τούτοις
3455 680 3786 755 6-κληρικδς

2196 780 2608 850 περισσότερον.
3355 825 3360 831 ,

2267 872 2336 943 η’.
2367 871 2749 942 Πρεσϐύτερος
2781 866 2913 938 παρ’
2953 865 3260 918 ἐπισκόπου
3296 865 3794 936 καταγινωσκόμε-

2195 981 2307 1028 νος,
2346 966 2458 1027 τοῖς
2487 963 2716 1032 πλησίον
2775 959 3101 1036 ἐπισκόποις
3153 953 3404 1024 ἐγκαλεῖν
3456 955 3573 1028 [γρ.
3607 959 3792 1011 bota-

2199 1058 2334 1129 λείν]
2370 1056 2698 1126 ἐαθήσεται·
2739 1055 2788 1107 εί
2813 1054 2882 1108 as
2902 1053 3002 1124 μὴ,
3036 1053 3285 1123 ἁγίασμα
3331 1051 3410 1123 τῷ
3456 1051 3578 1124 Θεῷ
3606 1067 3786 1120 προσ-ι-

2198 1148 2419 1216 αγάγοι,
2457 1145 2657 1214 σχίζων
2688 1143 2781 1198 καὶ
2812 1143 3250 1213 πεφυσιωμένος,
3287 1141 3428 1196 ἔστω
3467 1140 3739 1211 ἀνάθεμα.

2271 1230 2342 1290 θ’ῖ
2379 1234 2706 1288 Ἐπίσκοπον
2754 1233 3110 1302 ἐκϐληθέντα,
3167 1232 3262 1286 ἐὰν
3299 1232 3376 1303 μὴ
3424 1231 3606 1293 τελεία
3649 1228 3788 1282 σύν-

2199 1331 2340 1394 οδος.
2392 1331 2531 1394 τέως
2573 1329 2668 1382 καὶ
2705 1326 2913 1382 δώδεκα
2944 1325 3316 1408 ,ἐπιτηροῦσιν
3342 1325 3652 1387 ἐπίσκοποι,
3679 1321 3787 1377 καὶ

2201 1422 2579 1496 πρεσϐύτερον
2605 1421 2686 1487 ἒξ,
2715 1421 2812 1475 καὶ
2841 1419 3088 1474 διάκονον
3118 1419 3292 1490 τρεῖς.

2277 1522 2328 1571 ι’.
2355 1514 2462 1570 Τοῦ
2497 1512 2871 1585 πρωτεύοντος
2916 1511 3297 1573 ἐπιτάττοντος
3316 1551 3332 1577 ,
3359 1508 3453 1563 καὶ
3485 1509 3631 1580 τρεῖς
3657 1507 3788 1560 ἐπί-

2206 1627 2398 1665 σκοποι
2424 1605 2758 1662 καθιστῶσιν
2789 1605 3088 1658 ἐπίσκοπον
3107 1620 3119 1632 ·
3145 1603 3173 1657 ό
3193 1602 3250 1656 δὲ
3282 1603 3380 1673 τῆς
3409 1601 3618 1664 οἰκείας
3653 1603 3794 1670 ὀμο-

2204 1699 2450 1771 λογίαςῆ
2485 1697 2812 1770 ὑπογραφῆς
2863 1695 3124 1759 ἐναντίος,
3181 1692 3394 1748 οτκοθεν
3425 1693 3539 1762 ἕξοι
3573 1691 3634 1745 τὸ
3661 1692 3790 1746 au-

2208 1810 2330 1864 μον.

591 1849 947 1961 iii—Eam“
981 1886 1224 1957 inopiam
1250 1899 1373 1954 qua:
1428 1889 1512 1936 est
1557 1879 1614 1934 in
1649 1849 1879 1949 Tripoli,
1956 1887 2102 1931 unus

2217 1850 2222 1864 ⁵
2285 1892 2376 1941 ια’.
2402 1885 2503 1939 Διά
2524 1883 2623 1956 τὴν
2647 1883 2727 1948 είς
2757 1881 3019 1964 Τρίπολιν
3048 1881 3280 1948 ἔνδειαν,
3310 1881 3406 1935 καὶ
3447 1875 3529 1944 εἷς
3561 1851 3805 1934 ἐπίσκο-

525 1985 819 2057 episcopus
850 1981 918 2037 ad
952 1979 1284 2050 legationem
1314 1973 1540 2030 sufﬁcit.

601 2077 692 2131 12.
744 2074 1053 2145 Episcopus
1102 2077 1197 2124 aut
1254 2067 1487 2122 clericus
1538 2063 1700 2120 causa
1749 2058 2017 2117 criminali
2057 2057 2108 2112 ei

522 2168 794 2233 instituta,
819 2165 864 2221 si
899 2164 1088 2236 relicta
1119 2160 1363 2216 Ecclesia
1379 2158 1662 2229 adjudicia
1683 2155 1901 2231 publica
1916 2168 2110 2210 recur-

526 2270 610 2315 rat
632 2258 1038 2321 etabsolvatur,
1066 2253 1350 2326 proprium
1380 2251 1582 2307 amittit
1611 2249 1838 2322 gradum
1863 2266 1878 2302 :
1903 2247 1947 2302 si
1979 2259 2112 2301 vero

525 2354 671 2412 etin
726 2351 872 2408 civili
921 2349 1143 2421 negotio
1183 2345 1373 2411 vincit,
1421 2334 1596 2401 sihoc
1639 2350 1938 2414 sequatur,
1985 2352 2113 2412 pro-

522 2448 708 2516 prium
744 2443 910 2499 etiam
939 2442 1154 2497 amittet
1179 2438 1430 2511 gradum.

600 2630 689 2684 l3.
724 2627 780 2682 Si
812 2625 988 2700 gratia
1014 2633 1107 2680 aut
1139 2622 1266 2679 odio
1315 2620 1532 2691 judices
1579 2615 1934 2674 ecclesiastici
1974 2614 2112 2685 judi-

527 2721 682 2777 cas'se
717 2719 970 2776 convinci
1001 2725 1302 2789 nequeant,
1353 2714 1448 2787 qui
1496 2711 1806 2783 appellavit
1840 2725 1952 2764 non
2007 2707 2108 2763 de-

522 2814 788 2869 fenditur.

597 2905 686 2960 14.
729 2904 790 2960 Si
813 2895 1000 2976 partes
1024 2901 1294 2975 elegerint
1342 2898 1572 2973 iudices,
1608 2897 1678 2953 ab
1726 2895 1812 2951 his
1859 2908 1970 2948 non
1987 2891 2114 2947 abs-

523 3000 745 3054 cedant.
1816 2977 1825 2986 I

604 3087 692 3142 l5.
729 3083 995 3141 Sacerdos
1025 3099 1138 3139 non
1167 3082 1228 3138 ﬁt
1253 3089 1496 3142 curator.

2212 1995 2313 2042 πος
2346 1979 2424 2041 είς
2454 1975 2864 2048 τοποτηρησίαν
2887 1975 3176 2046 ἐπάρκιος.

2285 2070 2373 2140 ιβ’.
2416 2069 2768 2133 Ἐπίσκοπος,
2809 2068 2843 2138 ἢ
2894 2067 3156 2138 κληρικὺς
3197 2063 3608 2136 ἐγκληματικοῦ
3641 2080 3805 2118 κεκι-

2210 2164 2446 2236 νημένου
2488 2163 2840 2234 πράγματος,
2893 2162 2944 2214 εί
2998 2161 3098 2232 τὴν
3128 2159 3426 2230 ἐκκλησίαν
3467 2159 3648 2226 ἀφεὶς,
3679 2159 3803 2219 τοῖς

2211 2256 2492 2330 δημοσίοις
2532 2255 2896 2326 προσδράμοι,
2958 2253 3054 2307 καὶ
3105 2251 3500 2321 δικαιούμενος,
3537 2248 3626 2302 τὸν
3663 2248 3805 2300 ἴδιον

2213 2349 2457 2421 ἀπολέσῃ
2515 2348 2720 2419 βαῡμόν
2742 2363 2756 2378 ’
2799 2348 2847 2400 ει
2878 2345 3130 2416 ὑπερέξει
3182 2344 3240 2399 δὲ
3263 2343 3356 2396 καὶ
3378 2341 3473 2396 ἐπὶ
3512 2337 3800 2404 πολιτικοῦ

2214 2437 2535 2509 κεφαλαίου,
2562 2441 2613 2493 εί
2641 2439 2815 2510 τούτῳ
2850 2439 3074 2508 ποιχεῖ,
3099 2437 3190 2491 τὸν
3227 2435 3361 2490 ίδιον
3406 2432 3668 2488 ἀπολέσει
3695 2431 3806 2502 βα-

2192 2533 2380 2614 ἱθμόν.

2288 2632 2378 2694 ιγ’.
2413 2622 2684 2686 Δικαστὰς
2713 2620 3230 2690 ἐκκλησιαστικοὺς,
3283 2619 3332 2670 εί
3379 2618 3454 2687 μὴ
3489 2615 3804 2684 ἐλέγχοιντο

2217 2719 2360 2773 κατὰ
2394 2716 2768 2789 προσπάθειαν
2799 2714 2832 2785 ἢ
2885 2712 3242 2768 ἀντιπάθειαν
3273 2708 3807 2781 προδεδιῳκηκότες,

2217 2810 2477 2880 έγκλητος
2509 2807 2573 2880 [ι’.
2611 2806 2897 2878 ἐκκλητος]
2933 2805 3240 2874 γινόμενος,
3277 2803 3378 2856 ούκ
3413 2801 3703 2872 ἀμύνεται.

2289 2900 2371 2954 ιδ’.
2417 2899 2542 2953 Ἐάν
2587 2899 2654 2953 τά
2709 2899 2852 2969 μέρη
2880 2896 3238 2962 ἐπιλέξωνται
3284 2894 3566 2959 δικαστάς,
3594 2891 3810 2946 τούτων

2221 2992 2296 3064 μὴ
2330 2990 2775 3057 άφιστάσθωσαν.

2291 3086 2373 3138 ιε’.
2417 3085 2478 3137 ὐ
2503 3083 2684 3154 ἱερεὺς
2707 3081 2995 3152 κουράτωρ
3018 3081 3079 3135 ού
3115 3080 3348 3149 γίνεται.

603 3176 692 3231 16.
719 3175 919 3232 Lector
958 3176 1131 3246 pubes
1175 3173 1374 3240 factus,
1412 3179 1506 3227 aut
1551 3169 1972 3236 continentiam,
2016 3174 2111 3222 aut

2294 3177 2390 3242 ις’.
2429 3177 2487 3232 '0
2507 3177 2699 3247 ἐνηϐος
2723 3175 3077 3245 ἀναγνώστης
3103 3173 3136 3245 ἢ
3165 3173 3514 3245 ἐγκράτειαν,
3554 3171 3588 3242 ἢ
3635 3169 3813 3234 συζυ-

533 3269 854 3340 eonjugium
878 3267 1228 3339 preﬁteatur.

608 3361 700 3417 17.
731 3362 835 3429 Qui
865 3362 934 3418 ad
978 3362 1329 3417 diaconatum
1379 3368 1506 3415 ante
1557 3373 1662 3413 xxv
1706 3370 1879 3410 annos
1922 3366 2120 3425 prove-

505 3463 660 3512 'ctus
687 3464 790 3519 est,
831 3470 941 3511 non
975 3463 1060 3510 est
1088 3453 1376 3508 diaconus.

613 3548 696 3604 18.
731 3547 926 3614 Lector
953 3561 1062 3602 non
1083 3544 1349 3600 salutabit
1381 3542 1666 3615 populum.

607 3631 698 3697 19.
747 3638 948 3694 Placita
992 3637 1356 3692 conciliorum
1413 3636 1640 3691 auribus
1670 3633 1791 3704 ejus
1833 3631 1928 3702 qui
1973 3630 2122 3687 ordi-

537 3733 755 3790 nandus
785 3741 894 3798 est,
927 3730 1373 3800 inculcabuntur.
1899 3770 1902 3773 .

607 3826 702 3881 9.0.
744 3823 996 3879 Defuncti
1020 3822 1237 3892 corpori
1265 3820 1605 3884 Eucharistia
1633 3834 1742 3875 non
1773 3819 1934 3874 datur
1977 3831 2123 3874 :non

541 3917 686 3971 enim
711 3914 953 3970 comedit
990 3921 1085 3967 aut
1109 3913 1270 3967 bibit.

611 4008 704 4062 21.
723 4003 830 4062 Per
854 4005 1221 4076 ignorantiam
1255 4003 1536 4074 presbyter
1561 4018 1669 4057 non
1695 4001 1936 4071 baptizat
1975 4015 2125 4055 mor-

544 4111 722 4181 tuum.

611 4187 703 4241 22.
738 4187 1044 4257 Episcopus
1072 4186 1165 4257 qui
1196 4195 1488 4242 accusatur
1517 4195 1574 4241 et
1598 4186 1653 4240 in
1702 4186 1968 4256 judicium
2025 4189 2124 4244 ad-

543 4277 785 4344 ducitur,
819 4277 1017 4333 habeat
1061 4279 1296 4333 duorum
1339 4277 1615 4332 mensium
1661 4279 1919 4348 spatium,
1956 4280 2126 4350 siqui-

545 4368 669 4423 dem
718 4368 890 4423 altera
943 4383 1072 4438 pars
1107 4367 1342 4436 alicujus
1399 4382 1567 4422 mora:
1610 4369 1816 4424 auxilio
1862 4370 2123 4440 indigeat.

543 4461 737 4517 Postea
760 4469 942 4516 autem
976 4460 1022 4515 si
1047 4475 1159 4515 non
1175 4457 1478 4514 occurrerit
1508 4475 1540 4514 a
1581 4463 1970 4517 communione
2008 4451 2124 4534 pri-

2221 3269 2348 3341 γίαν
2369 3269 2723 3340 όμολογείτω.

2297 3363 2382 3428 ιζ’.
2430 3362 2489 3414 ⁸0
2527 3361 2636 3432 πρὸ
2662 3359 2773 3414 τῶν
2796 3364 2876 3413 κε’
2907 3358 3118 3439 χρόνων
3140 3357 3407 3423 διάκονος,
3439 3357 3503 3411 οὐ
3537 3355 3812 3418 διάκονος.

2296 3543 2388 3617 ιη’.
2423 3541 2804 3613 ’Λναγνώατης
2825 3541 2887 3594 ού
2915 3539 3287 3615 προσκυνήσει
3313 3537 3404 3592 τὸν
3433 3537 3625 3609 δῆμον.

2299 3640 2384 3692 ιϐ’.
2419 3639 2502 3692 Τά
2533 3639 2656 3700 ταῖς
2679 3634 2918 3698 συνόδοις
2947 3633 3178 3699 δόξαντα
3205 3633 3235 3684 ό
3286 3629 3821 3702 χειροτονηθησόμε-

2225 3750 2314 3797 νος
2341 3731 2683 3786 ἐνωτίσεται.
2825 3737 2831 3744 ”

2296 3823 2365 3878 κ’.
2408 3821 2498 3888 Τῷ
2524 3819 2950 3890 τελευτήσαντος
2982 3816 3196 3887 σώματι
3226 3813 3544 3885 εὐχαριστία
3581 3814 3644 3866 οὐ
3669 3812 3819 3865 δίδο-

2225 3933 2338 3970 ται·
2375 3915 2438 3969 ού
2467 3913 2578 3984 γάρ
2611 3911 2781 3965 ἐσθίει
2811 3909 2844 3980 ἢ
2883 3909 3050 3962 πίνει.
3259 3962 3264 3966 ,
3433 3902 3439 3907 ’

2298 4006 2406 4063 κα’.
2454 4006 2673 4077 Ἀγνοίᾳ
2699 4002 3072 4074 πρεσϐύτερος
3101 3999 3162 4053 οὐ
3204 3998 3458 4070 βαπτίζει
3503 3996 3595 4051 τὸν
3629 3995 3823 4048 τελευο

2225 4103 2487 4173 τήσαντα.

2298 4195 2408 4265 ιβ’.
2448 4188 2941 4262 Κατηγορούμενος
2986 4185 3308 4248 ἐπίσκοπος,
3355 4183 3453 4236 καὶ
3516 4179 3819 4250 ἀγόμενος,

2227 4288 2400 4360 ἐχέτω
2434 4285 2619 4360 μηνῶν
2640 4283 2734 4336 δύο
2766 4281 2970 4335 ἔνδοσιν
2991 4295 3005 4309 '
3039 4278 3200 4348 εἴπερ
3245 4275 3511 4346 ἐτέρωθέν
3541 4275 3660 4360 ἐστι
3709 4273 3820 4343 τῆς

2229 4348 2566 4451 βραδυτῆτος
2599 4359 2846 4446 βοήθεια.
2894 4373 3056 4442 Ἑξῆς
3107 4370 3165 4423 δὲ
3195 4369 3258 4423 τὸ
3310 4348 3676 4438 ἀκοινώνητον
3699 4366 3823 4435 ἔχει

2233 4470 2308 4542 μὴ
2342 4469 2660 4538 ὑπαντήσας
2681 4482 2692 4494 ·
2727 4466 2822 4518 ἐὰν
2852 4465 2910 4520 δὲ
2941 4460 3406 4535 παρουσιάζοντος
3436 4458 3531 4512 τοῦ
3568 4475 3823 4529 κατηγο-

546 4563 702 4608 vatur
731 4571 745 4621 ;
771 4555 816 4609 si
845 4561 977 4608 vero
1003 4561 1277 4623 praesente
1306 4565 1646 4620 accusatore,
1687 4565 1982 4613 accusatus
2027 4573 2113 4612 au-

2233 4581 2328 4634 ρου
2339 4563 2501 4633 μένου
2531 4563 2560 4614 ό
2579 4557 3056 4631 κατηγορούμενος
3089 4551 3549 4625 ἀποφεύγῃ,.ἐξει
3578 4551 3638 4604 τὸ
3653 4552 3822 4604 ἀκοι-

543 4643 733 4716 fugiat,
763 4643 794 4698 ξι
815 4642 1199 4698 communione
1223 4643 1544 4713 privabitur.

519 4743 521 4745 '
615 4734 706 4792 25.
738 4739 1045 4790 Accusator
1062 4735 1156 4806 qui
1171 4735 1560 4812 calumniatur,
1584 4749 1873 4794 accusator
1890 4755 2002 4794 non
2019 4750 2121 4796 est.

613 4826 703 4881 24.
739 4823 1080 4881 Clericorum
1122 4825 1217 4881 ﬁlii
1260 4842 1388 4882 cum
1451 4826 1732 4884 bmreticis
1774 4831 2128 4887 matrimonio

542 4936 653 4975 non
681 4919 1009 4992 junguntur.

613 5012 704 5068 25.
748 5007 852 5077 Qui
895 5027 982 5066 res
1015 5027 1202 5067 sacras
1235 5020 1495 5078 tractant,
1533 5014 1601 5070 ab
1637 5014 1899 5072 uxoribus
1927 5030 2129 5071 secun-

543 5104 673 5160 dum
705 5103 924 5174 propria
956 5111 1162 5159 statuta
1193 5105 1528 5161 abstineant.

611 5197 706 5252 26-
749 5195 858 5251 Res
892 5193 1152 5252 Ecclesia:
1175 5197 1341 5252 vendi
1373 5212 1484 5252 non
1515 5196 1720 5254 debent
1740 5217 1756 5268 ;
1776 5198 1821 5254 si
1845 5214 1976 5256 vero
2006 5199 2132 5255 red-

542 5292 691 5348 ditus
719 5306 833 5347 non
879 5289 1098 5357 habeat,
1155 5291 1430 5346 sententia
1462 5291 1844 5363 episcoporum
1885 5296 2132 5350 vendun-

547 5397 658 5441 tur.
688 5383 747 5440 Si
771 5391 954 5439 autem
989 5383 1294 5438 necessitas
1322 5399 1435 5438 non
1501 5384 1642 5440 ferat
1685 5395 1745 5440 ut
1791 5387 2129 5453 consulatur,

548 5476 792 5533 vendens
824 5475 1038 5532 vicinos
1071 5477 1359 5547 episc0pos
1389 5479 1626 5534 vocabit.
1660 5479 1716 5532 Si
1749 5495 1878 5535 vero
1907 5481 2014 5535 hoc
2058 5481 2131 5536 ita

545 5584 655 5625 non
687 5569 871 5634 faciat,
905 5567 1018 5626 Deo
1047 5579 1103 5626 et
1133 5569 1369 5632 concilio
1393 5586 1520 5625 reus
1553 5580 1823 5626 teneatur.

615 5659 706 5714 εἴ.
742 5659 1036 5732 Presbyter
1082 5662 1370 5719 convictus
1396 5671 1453 5718 et
1490 5663 1765 5734 pmnitens
1811 5673 1872 5718 ut
1907 5679 2132 5735 promo-

548 5751 756 5806 vendus
804 5767 918 5808 non
968 5751 1358 5823 rebaptizatur,
1405 5771 1587 5827 neque
1629 5765 1690 5811 ut
1725 5755 1896 5812 laicus
1933 5756 2131 5812 iterum

549 5843 854 5899 ordinatur.

2229 4655 2488 4709 νώνητον.

2300 4675 2334 4709 ιν
2374 4673 2488 4708 τον.

2300 4673 2406 4815 x32
2440 4743 2872 4814 Διαϐαλλόμενος
2900 4741 3228 4813 κατήγορος,
3255 4739 3314 4792 ού
3343 4738 3672 4809 κατήγορος.

2303 4840 2402 4896 κδ’.
2429 4839 2736 4910 Λίρετικοῖς
2759 4837 2929 4890 τέκνα
2950 4829 3233 4905 κληρικῶν
3255 4831 3316 4885 ού
3350 4830 3704 4884 συνάπτεται.

2299 5021 2404 5074 κε’.
2433 5021 2497 5073 Oi
2531 5018 2599 5072 τά
2646 5016 2768 5088 ἱερὰ
2805 5014 3194 5088 χειριζόμενοι,
3232 5013 3328 5068 καὶ⁵
3355 5012 3464 5066 ἀπὸ
3498 5010 3609 5064 τῶν
3658 5027 3809 5079 συμ-

2235 5112 2370 5165 ϐίων
2418 5109 2563 5164 κατὰ
2595 5103 2722 5184 τοὺς
2756 5107 2920 5168 ίδίους
2955 5105 3117 5177 ὅρούς
3161 5102 3709 5175 ἐγκρατευέσθωσαν.

2305 5207 2418 5268 κς¹.
2451 5201 2706 5272 ΙἌπρατα
2730 5199 2798 5252 τά
2830 5196 3261 5268 ἐκκλησιαστικά
3310 5195 3637 5267 πράγματα.
3669 5194 3730 5246 Ei
3760 5193 3828 5247 δὲ

2237 5295 2312 5366 μὴ
2345 5293 2606 5363 πρόσοδον
2636 5292 2761 5363 ἔχῃς
2796 5291 2993 5364 γνώμῃ
3022 5292 3132 5345 τῶν
3161 5291 3478 5344 ἐπισκόπων
3509 5288 3826 5359 πιπράσκε-

2233 5405 2345 5442 ται.
2387 5386 2449 5440 Εί
2501 5387 2556 5440 δέ
2597 5388 2812 5458 ἀνάγκη
2855 5386 2953 5454 οὐχ
2997 5385 3248 5456 ὑπομένῃ
3294 5382 3354 5436 τὸ
3394 5381 3822 5452 βουλεύσασθαι,

2234 5482 2360 5544 τοὺς
2399 5481 2648 5549 γείτονας
2700 5480 2728 5531 ὁ
2778 5480 3109 5548 πιπράσκων
3171 5477 3482 5531 καλέσεται.
3541 5477 3604 5529 Εἰ
3643 5475 3688 5529 δ’
3719 5475 3828 5544 οὐχ

2229 5572 2400 5636 οὕτω,
2423 5572 2544 5644 θεῷ
2583 5573 2678 5625 καὶ
2704 5574 2770 5643 τῇ
2805 5571 3011 5642 συνόδῳ
3039 5571 3362 5634 ὑπεύθυνος.

2309 5661 2411 5729 κζ’.
2439 5663 2820 5734 Πρεσϐύτερος
2852 5663 3230 5733 ἐλεγχόμενος,
3273 5653 3368 5716 καί⁵
3392 5659 3826 5733 μεταγινώσκων

2235 5757 2312 5818 ὡς
2357 5757 2670 5830 προκὸψων,
2705 5758 2806 5812 οὐκ
2836 5755 3292 5826 ἀναϐαπτίζεται,
3342 5757 3460 5810 ούδέ
3505 5758 3579 5820 ὼς
3632 5753 3829 5818 tam;

2240 5845 2396 5916 αὖθις
2426 5849 2893 5922 κεχειροτόνηται.
3080 5842 3087 5847 ’
