4156 6424
525 391 625 455 271

1650 389 2030 452 SYMEONIS
2071 390 2651 454 METAPHRASTJ'E

3674 395 3786 460 272

523 512 748 581 nigenas
803 508 1106 579 baptizatos
1149 523 1274 564 esse
1338 515 1648 572 testentur,
1715 523 1819 563 nec
1883 507 1984 576 ipsi
2041 521 2098 565 sc

2203 507 2546 580 εὑρίσκονται
2579 507 2788 577 νηπίων
2816 505 2896 560 ὅτι
2929 505 3307 577 βεὸάπτισται,
3339 507 3460 562 οὐδὲ
3496 507 3636 564 αύτά
3665 510 3788 564 ἐπι-

525 601 789 670 haptisma
812 599 1089 669 accepisse
1119 599 1493 665 meminerint,
1531 599 1901 668 haptizentur.

593 687 683 743 50.
729 687 797 743 Ut
850 688 1146 758 cpiscopus
1196 705 1304 743 non
1345 690 1618 754 turbetur,
1675 689 1858 744 adsint
1913 689 2102 745 defen-

521 795 693 837 sores.
1171 830 1175 834 .

591 875 678 932 5|.
719 875 964 932 Clericus
1014 877 1246 932 crimine
1286 878 1584 932 convictus
1639 875 1683 929 si
1739 875 1931 930 adesse
1989 889 2113 929 sure.

517 984 698 1024 causa:
734 971 872 1024 velle
903 969 1068 1034 dicat,
1117 971 1259 1024 intra
1299 971 1516 1037 Iannum
1547 983 1768 1023 causam
1794 968 2053 1042 defendat
2083 984 2098 1021 :

522 1073 871 1131 postea_vero
904 1079 1012 1118 non
1046 1064 1386 1119 admittatur.

590 1156 681 1211 52.
722 1154 826 1221 Qui
851 1155 1086 1226 aliquem
1113 1156 1182 1212 de
1206 1158 1386 1211 alieno
1408 1155 1741 1211 monasterio
1769 1155 2015 1225 suscipit,
2045 1164 2100 1209 et

519 1247 586 1301 ad
615 1246 932 1301 clericatum
991 1257 1296 1316 promovet,
1347 1248 1430 1301 vel
1463 1262 1562 1301 suo
1587 1246 1918 1328 monasterio
1957 1261 2099 1315 prte-

522 1338 653 1401 ficit,
686 1340 792 1393 crit
816 1353 846 1392 a
874 1341 1258 1394 communione
1287 1339 1518 1393 alienus.
1800 1406 1803 1407 ν

521 1461 529 1468 -
594 1435 681 1489 55.
725 1436 1024 1506 EpiscOpus
1065 1436 1156 1505 qui
1190 1435 1476 1490 haereticos
1519 1432 1603 1489 vel
1632 1433 1884 1488 ethnicos
1908 1429 2102 1513 scribit

520 1528 790 1591 literedcs,
823 1529 1115 1582 anathema
1144 1527 1234 1581 sit.

586 1621 677 1675 54.
719 1620 922 1675 Altaria
974 1635 1094 1688 quae
1132 1619 1189 1672 in
1251 1619 1400 1689 agris
1458 1628 1554 1673 aut
1606 1617 1780 1673 vineis
1826 1625 2099 1672 exstructa

519 1721 648 1767 sunt
680 1712 734 1765 in
757 1712 956 1782 quibus
984 1712 1229 1781 reliquiae
1257 1711 1489 1782 alicujus
1531 1711 1786 1781 martyris
1819 1725 1930 1764 non
1973 1719 2102 1765 sunt

516 1802 789 1875 repositae,
820 1806 926 1859 nisi
957 1805 1139 1875 populi
1175 1805 1443 1859 tumultus
1472 1804 1586 1871 fiat,
1616 1812 1958 1858 evertuntur.

587 1896 679 1951 55.
722 1896 988 1963 Similitg'
1013 1905 1068 1950 et
1091 1909 1430 1965 quzecunque
1465 1908 1574 1965 .per
1604 1894 1873 1948 insomnia
1903 1907 2100 1948 vanas-

513 2003 622 2057 que
653 1988 1014 2042 revelationes
1057 1986 1340 2058 eriguntur
1368 1985 1508 2041 male
1527 1985 1867 2041 cohaarentes
1885 1992 2097 2050 statuae,

496 2091 573 2134 -ct
601 2081 889 2135 simulacra
913 2080 1133 2135 omnia..
1245 2114 1259 2124 ρ
1480 2093 1487 2099 ·

583 2169 828 2224 56...Non
855 2178 1158 2239 antepones
1185 2169 1250 2224 iis
1278 2169 1371 2239 qui
1398 2179 1450 2225 te
1480 2169 1796 2240 praecedunt
1819 2169 2058 2240 teipsum
2083 2188 2096 2224 :

513 2263 606 2316 scd
638 2261 904 2332 sequeris.
943 2261 1047 2326 Qui
1090 2269 1278 2315 autem
1331 2262 1542 2330 priores
1595 2262 1933 2330 contemnit,
1970 2276 2101 2316 eon-

517 2355 844 2409 temnendus
874 2353 990 2424 ipse
1019 2355 1131 2410 eat.

585 2443 674 2496 57.
719 2441 822 2506 Qui
863 2441 1006 2497 intra
1044 2439 1281 2497 Africam
1329 2443 1615 2498 ordinatus
1644 2453 1748 2510 est,
1779 2444 1973 2498 afferat
2005 2443 2097 2498 lit-

516 2546 658 2589 teras
696 2549 861 2588 manu
893 2533 1112 2604 prepria
1142 2534 1372 2610 scriptas
1410 2536 1555 2590 illius
1597 2537 1689 2605 qui
1733 2551 1957 2591 manum
1994 2535 2098 2590 im-

515 2626 742 2694 posuit.‘

583 2718 671 2773 58.
699 2718 1069 2788 imperatores
1111 2719 1211 2786 qui
1241 2718 1307 2771 .in
1357 2717 1559 2787 pietate
1594 2718 1706 2772 nati
1758 2727 1908 2782 sunt,
1951 2728 2007 2772 et
2041 2717 2096 2772 in

514 2813 617 2867 fide
651 2813 904 2877 enutriti,
937 2811 1194 2891 Ecclesiis
1243 2826 1403 2881 opem
1456 2813 1597 2866 l'erre
1628 2811 1850 2878 debent,
1881 2827 2004 2866 cum
2035 2810 2093 2863 Β.
2139 2788 2155 2808 ⁸

512 2904 678 2957 Paulo
704 2903 984 2974 indigente
1028 2903 1266 2958 militum
1313 2919 1509 2959 manus
1554 2903 1908 2958 factiosorum
1959 2918 2095 2957 con-

509 2998 862 3066 spirationem
892 2998 1139 3053 dissolvit
1167 2999 1208 3051 ί.

580 3090 666 3146 59.
711 3090 1015 3145 Ηωτοιίουε
1073 3105 1177 3145 nec
1244 3089 1459 3161 legandi
1517 3099 1715 3158 potens
1772 3104 1877 3145 nec
1930 3090 2092 3161 legati

507 3199 676 3253 capax
709 3191 818 3247 est,
850 3191 905 3236 et
940 3182 1198 3252 indignus
1228 3183 1692 3252 quirelinquendi
1729 3182 1811 3238 v‘el
1838 3183 2092 3252 capiendi
2123 3207 2164 3266 α

507 3275 906 3333 consuetudine
969 3273 1182 3330 fruatur
1250 3291 1263 3328 :
1335 3275 1429 3346 qui
1459 3284 1644 3330 autem
1688 3290 1746 3330 se
1788 3276 2088 3344 convertit,

509 3370 728 3440 dignus.
1054 3427 1057 3430 I

494 3474 507 3488 ·
578 3460 669 3514 6.0.
713 3459 1077 3527 Exsecutores
1131 3457 1331 3512 dantur
1393 3466 1621 3528 propter
1685 3457 2091 3513 ecclesiasticas

507 3552 850 3608 difﬁculates.

579 3645 667 3699 6i.
703 3643 782 3700 Et
809 3641 1125 3735 defensores
1147 3641 1238 3712 qui
1273 3648 1598 3712 potestatem
1632 3641 1962 3697 defendendi
1993 3642 2091 3698 ha-

487 3741 732 3794 'heant.-

579 3835 666 3890 62.
702 3835 804 3901 Qui
829 3849 895 3889 ex
923 3803 1220 3886 Donatistis
1261 3836 1678 3894 convertuntur,
1715 3837 1778 3895 let
1810 3829 2091 3898 postulant

506 3927 756 3996 proprios
780 3928 1066 3997 episcopos
1094 3925 1187 3995 qui
1219 3923 1469 3977 conversi
1506 3930 1656 3984 sunt,
1691 3936 1800 3976 non
1833 3929 1963 3975 sunt
1997 3936 2089 3975 reo

511 4017 744 4085 pellendi
774 4035 788 4070 :
833 4017 936 4071 hoc
967 4031 1097 4072 vero
1131 4014 1388 4069 defuncto
1412 4027 1514 4066 nec
1555 4012 1787 4066 alterum
1828 4027 2087 4084 suscepe-

506 4110 638 4176 rint,
668 4109 710 4164 si
734 4111 800 4164 ad
823 4110 987 4163 alium
1015 4107 1363 4179 confugerint
1386 4115 1659 4161 maneant.

575 4289 665 4342 οδ.
707 4287 838 4352 Quae
858 4286 1111 4359 coniugia
1141 4285 1470 4352 dissolvunt,
1496 4285 1600 4340 nisi
1633 4266 2083 4354 reconcilientur,

503 4381 581 4436 sic
607 4381 964 4451 permaneant
991 4398 1012 4433 τ
1049 4379 1195 4450 quod
1225 4380 1280 4435 εἰ
1312 4379 1831 4450 ἱιιέοηιθωρεετίιιι
1859 4380 1925 4434 ad
1964 4393 2084 4450 poe-

506 4475 792 4529 nitcntiam
824 4474 1135 4545 adigantur.

2208 603 2535 673 μέμνηνται,
2566 601 3037 673 βαπτιζέσθωσαν.

2278 691 2343 748 ν’.
2384 696 2504 749 ’Ίνα
2538 694 2614 764 μὴ
2648 697 2676 748 ὁ
2719 695 3017 762 ἐπίσκοπος
3071 695 3509 767 παρενοχλῆται,
3537 695 3786 751 εστωσαν

2205 782 2426 838 ἔκδικοι.
2885 795 2890 798 ’
3114 831 3118 834 .
3525 783 3528 785 ’
3741 795 3744 798 ‘

2230 879 2372 925 .να’.
2429 872 2816 944 Ἐλεγχόμενος
2873 875 3131 947 κληρικὺς
3185 877 3274 929 ἐπ’
3321 877 3654 948 ἐγκλήματι,
3687 879 3788 933 ἐὰν

2190 965 2654 1033 ’ἐπαγωνξσασθαι
2703 968 2872 1037 λέγοι,
2925 969 3078 1032 ἐντὸς
3137 969 3386 1022 ἐνιαυτοῦ
3435 970 3783 1039 ἀγωνίζοιτο.

2206 1055 2360 1111 Μετά
2385 1058 2443 1111 δέ
2477 1059 2653 1125 τοῦτο,
2682 1059 2822 1114 ἔστω
2852 1061 3246 1131 άπρόσδεκτος.

2281 1150 2381 1224 νβ’.
2427 1154 2486 1206 '0
2517 1152 2576 1218 ἐξ
2623 1155 2909 1225 ἀλλοτρίας
2954 1155 3075 1208 τινὰ
3119 1155 3287 1226 μονῆς
3325 1155 3786 1228 προσδεκόμενος’

2163 1261 2167 1265 '
2203 1248 2296 1300 καὶ
2325 1247 2536 1314 ὲνάγων
2568 1246 2664 1317 τὴν
2696 1247 3140 1320 πρθσκλήρωστνν
3170 1247 3203 1318 ἦ
3233 1249 3335 1319 τῆς
3363 1249 3573 1313 οἰκείας
3617 1250 3789 1320 μονῆς

2204 1339 2524 1410 ἡγεμονίαν,
2558 1339 2668 1404 ἕξει
2704 1338 2765 1391 τὸ
2795 1337 3178 1409 ἀκοινώνητον.

2209 1457 2222 1470 -
2273 1427 2369 1498 νγ¹.
2385 1430 2717 1493 Ἐπίσκοπος
2745 1433 3052 1500 αἱρετικοὺς
3072 1432 3109 1502 ἢ
3127 1431 3392 1503 Ἕλληνας
3415 1431 3786 1504 κληρονόμους

2203 1519 2452 1587 γράφων,
2487 1521 2628 1573 ἔστω
2664 1521 2934 1592 ἀνάθεμα.

2273 1613 2364 1669 νδ¹.
2411 1614 2787 1685 Θυσιαστήρια
2823 1616 2880 1667 ἐν
2926 1614 3171 1686 ἀγροῖςῆ
3215 1615 3502 1686 ἀμπελῶσι
3537 1617 3788 1670 συνιστά-

2207 1723 2363 1776 μενα,
2416 1709 2473 1759 ἐν
2507 1700 2586 1769 οἷς
2643 1707 2703 1759 οὐ
2761 1705 3012 1775 λείψανον
3057 1709 3237 1760 κεῖται
3295 1707 3591 1777 μάρτυρος,
3624 1707 3675 1759 εἱ
3709 1705 3787 1776 μὴ

2202 1798 2462 1870 δημόσιος
2509 1799 2736 1868 θόρυϐος
2770 1800 3000 1867 γίνεται,
3036 1800 3498 1870 καταστρέφεται.

2277 1890 2371 1944 νε’.
2407 1891 2514 1943 Καὶ
2542 1891 2609 1944 δι’
2635 1892 2906 1944 ἐνυπνίων
2949 1893 3044 1945 καὶ
3084 1892 3483 1961 ἀποκαλύψεων
3523 1891 3782 1946 συνίστα-

2202 2001 2292 2037 ται
2330 1985 2596 2063 ματαίων,
2621 1984 2920 2050 ἀσύστατα,
2956 1985 3122 2052 ξόανα
3153 1984 3393 2052 ἅπαντα,
3426 1985 3526 2053 καί
3561 1984 3779 2039 εἴδωλα.
3826 1987 3828 1989 ’

2273 2168 2382 2228 νς¹.
2415 2164 2488 2216 Οὐ
2521 2165 2886 2236 προτιμήσεις
2920 2163 3014 2217 τὸν
3067 2149 3218 2236 πρὸς·
3255 2166 3317 2219 ού
3363 2165 3491 2237 [τῶν
3522 2167 3629 2240 πρὺ
3650 2167 3782 2241 σοῦ]

2207 2253 2459 2318 σεαυτὸν,
2511 2254 2627 2308 ἀλλ’
2672 2253 3156 2325 ἐπακολουθήσεις.
3203 2256 3260 2309 Ὀ
3319 2255 3374 2310 δὲ
3430 2257 3782 2328 περιφρονῶν

2203 2350 2327 2412 τοὺς
2358 2349 2681 2419 προτέρους,
2712 2350 3212 2418 εὐκαταφρόνητος.
3358 2371 3365 2378 ·
3522 2358 3524 2360 ⁷

2270 2443 2367 2506 νζ’.
2413 2443 2470 2496 '0
2509 2445 2586 2506 εἰς
2636 2443 2734 2513 τὴν
2777 2443 3044 2512 Ἀφρικὴν
3073 2444 3616 2515 κεχειροτονημένος,
3656 2447 3779 2499 ἐπι-

2185 2533 2424 2604 -φερέτω
2487 2531 2582 2586 τοῦ
2639 2532 3040 2616 ἐπιτεθεικότος
3075 2537 3234 2606 χεῖρά
3291 2535 3510 2606 γραφὴν
3566 2535 3784 2606 ίδιόχει-

2202 2642 2315 2696 ρον.
2443 2677 2460 2693 ,

2283 2713 2387 2786 νη’.
2427 2717 2490 2768 Ol
2526 2717 2881 2788 γεννηθέντες
2910 2717 3280 2793 δὲ-εύσεεείᾳ,
3318 2716 3413 2770 καὶ
3446 2718 3627 2771 πίστει
3661 2718 3782 2771 δια-

2200 2814 2499 2878 τραφέντες
2528 2807 2788 2877 βασιλεῖς,
2812 2813 2970 2880 χεῖρα
2995 2811 3254 2879 παρέχειν
3276 2812 3399 2874 ταῖς
3429 2810 3781 2880 Ἐκκλησίαις

2199 2897 2526 2968 ὀφείλουσιν·
2561 2901 2686 2953 ἐπεὶ
2719 2903 2812 2954 καὶ
2842 2902 3058 2955 Παύλου
3096 2902 3375 2972 δεομένου,
3411 2904 3778 2974 στρατιωτικὴ

2199 2991 2325 3061 χείρ’
2344 2992 2442 3060 τὴν
2471 2993 2579 3046 τῶν
2608 2993 2861 3047 ἀτάκτων
2888 2994 3100 3047 διέλυσε
3135 2994 3460 3064 σύμπνοιαν.

2271 3082 2369 3137 νϐ’.
2397 3085 2684 3156 Αίρετικδς
2743 3086 3126 3155 ἀλεγάτευτος,
3175 3087 3272 3140 καὶ
3317 3087 3777 3160 καταλιμπάνειν,

2199 3176 2294 3228 καὶ
2310 3175 2610 3246 λαμϐάνειν
2643 3177 2936 3248 συνήθειαν
2964 3179 3203 3246 ἀνάξιος·
3224 3181 3253 3234 ὁ
3274 3179 3333 3234 δὲ
3358 3182 3774 3252 μεταστρέφων,

2199 3267 2444 3354 ἐπάξιος.

2273 3461 2336 3526 ξ’.
2377 3461 2733 3528 Ἐκόιδασταὶ
2774 3461 3019 3517 δίδονται
3061 3461 3278 3526 διὰτὰς
3313 3475 3778 3535 εκκΑησιαστιλας

2197 3555 2358 3625 δυσχε
2369 3555 2536 3627 ρείας.
3006 3610 3010 3614 ,

2272 3645 2369 3712 ξα’.
2399 3649 2509 3702 Καὶ
2538 3647 2743 3700 ἔκδικοι
2772 3647 2872 3717 τὴν
2903 3648 3100 3719 κυρίαν
3128 3649 3229 3718 τῆς
3259 3648 3589 3719 ἐκδικήσεως
3627 3651 3782 3721 ἔχον-

2197 3755 2305 3791 τες.

2260 3755 2370 3900 ἒβη
2399 3829 2465 3884 Οἱ
2505 3829 2612 3884 ἀπὸ
2639 3829 2749 3883 τῶν
2781 3829 3119 3884 Δονατιστῶν
3157 3831 3643 3904 μεταστρέφοντες,
3681 3835 3779 3887 καὶ

2156 3970 2167 3980 .
2194 3923 2320 3986 τοὺς
2354 3923 2518 3986 ἰδίους
2561 3924 2872 3993 αἰτούμενοι
2903 3925 3234 3989 ἐπισκόπους
3266 3926 3776 3996 μεταστρέψαντας,

2193 4017 2581 4086 ἀπαραίτητοι·
2609 4017 2800 4071 τούτου
2843 4018 2900 4070 δὲ
2936 4018 3382 4090 τελευτήσαντος,
3416 4020 3464 4072 oi
3506 4018 3580 4089 μὴ
3619 4019 3777 4088 δεχό-

2196 4125 2348 4179 μενοι
2376 4108 2585 4179 ἕτερον,
2628 4099 2674 4162 εί
2699 4110 2785 4162 ἐπ’
2815 4108 2971 4163 ἄλλον
3006 4109 3304 4164 ἐπίσκοπον
3342 4110 3775 4179 καταφεύγουσι,

2195 4201 2430 4272 μένοιεν.
3509 4222 3517 4232 ·
3646 4193 3653 4199 ’

2271 4290 2372 4360 ξγ’.
2393 4292 2456 4344 Αἱ
2480 4291 2816 4363 τεμνόμεναι
2843 4291 3097 4360 συζύγια,
3119 4293 3166 4346 εἰ
3194 4293 3270 4365 μὴ
3297 4293 3770 4362 καταλλάττοιντο,

2190 4384 2597 4453 διαμενέτωσαν
2653 4384 2850 4449 οὕτως·
2903 4388 2952 4438 εί
3016 4385 3072 4438 δὲ
3123 4385 3234 4458 μὴ,
3289 4386 3426 4457 πρὸς
3481 4386 3774 4456 μετάνοιαν

2193 4476 2614 4544 ἀναγκάζονται.
2899 4492 2908 4501 ·

573 4568 664 4622 64.
702 4567 804 4632 Qui
859 4543 1133 4637 publicum
1165 4566 1233 4620 ab
1253 4565 1592 4637 imperatore
1630 4566 1899 4637 judicium
1927 4567 2080 4638 petit,

2264 4543 2333 4633 ξδ’
2343 4608 2358 4623 .
2389 4569 2668 4638 Δημοσίαν
2702 4562 2890 4641 κρίσιν
2929 4569 3124 4642 ὀπαρά
3156 4568 3418 4641 βασιλέως
3451 4569 3650 4636 aitait);
3670 4569 3772 4623 οὐκ

502 4663 612 4713 non
640 4669 724 4713 est
757 4660 1076 4731 episcopus.

571 4751 662 4805 65.
706 4750 808 4816 Qui
842 4754 1077 4822 primum
1108 4748 1385 4809 hominem
1424 4754 1574 4820 dicit,
1608 4754 1774 4808 etiam
1808 4755 1925 4809 sine
1953 4771 2082 4825 pec-

493 4837 624 4897 cato
671 4841 839 4899 fuisse
877 4845 1203 4900 moriturum
1254 4855 1476 4916 propter
1527 4854 1739 4901 naturae
1768 4848 2040 4902 necessita

503 4941 631 4997 tem,
659 4931 946 4989 anathema
973 4935 1060 4989 sit.
1935 4965 1939 4968 ⁴
2024 4921 2041 4939 ’

573 5025 661 5079 66.
702 5025 805 5090 Qui
830 5026 966 5081 dicit
986 5027 1222 5082 infantes
1241 5027 1333 5097 qui
1365 5042 1555 5082 recens
1577 5027 1686 5082 nati
1711 5029 2078 5099 ba‘ptizantur,

500 5115 636 5170 nihil
693 5133 759 5171 ex
813 5118 1006 5172 Adami
1059 5130 1286 5188 peccato
1349 5121 1569 5174 trahere
1615 5122 1780 5190 quod'
1811 5123 2083 5192 baptismo

499 5219 852 5277 cxpurgetur,
905 5210 1274 5264 exsecrandus
1321 5218 1426 5264 est.
1475 5210 1578 5290 Per
1613 5226 1782 5265 unum
1833 5212 1979 5266 enim
2027 5221 2083 5267 et

497 5315 648 5353 mors
680 5309 735 5353 et
756 5311 1039 5370 peccatum
1073 5302 1127 5356 in
1163 5301 1422 5358 universo
1457 5305 1725 5359 mundo'.

568 5393 655 5447 67.
696 5392 797 5457 Qui
849 5394 1006 5448 docet
1057 5394 1150 5448 Dei
1197 5397 1424 5464 gratiam
1477 5397 1854 5450 remissionem
1909 5397 2078 5452 solam

2190 4663 2509 4726 ἐπίσκοπος.
3253 4703 3256 4706 λ

2262 4742 2354 4820 ξεί.
2397 4756 2500 4808 Τὸν
2557 4755 2986 4827 πρωτόπλαστον
3026 4756 3056 4807 ὃ
3088 4755 3266 4823 λέγων
3291 4756 3389 4808 καλ⁵
3416 4755 3538 4826 δίχα
3590 4755 3773 4826 ἀμαρο

2186 4846 2308 4909 τίας
2341 4844 2714 4915 -τεθνήξεσθαι
2763 4847 2829 4899 δι’
2885 4845 3131 4917 ἀνάγκην
3183 4844 3285 4914 τῆς
3337 4845 3572 4914 φύσεως,
3626 4843 3772 4896 ἔστω

2187 4937 2454 5007 ἀνάθεμα.

2259 5031 2369 5099 ξς’.
2415 5033 2471 5086 '0
2499 5031 2568 5084 rit
2606 5035 2801 5094 νεογνά
2845 5030 2938 5083 καὶ
2993 5028 3366 5099 βαπτιζόμενα
3394 5027 3570 5097 λέγων
3601 5027 3768 5098 μηδὲν

2175 5125 2366 5179 ’ἕλκειν
2401 5125 2465 5176 ἐκ
2495 5126 2593 5192 τῆς
2622 5123 2718 5176 τοῦ
2749 5122 2922 5192 Ἀδὰμ
2954 5112 3229 5194 ἁμαρτίας
3251 5122 3311 5176 τὸ
3339 5121 3765 5192 καθαιρόμενον,

2185 5216 2478 5285 ἐπάρατος·
2508 5214 2593 5266 διὰ
2629 5214 2737 5284 γὰρ
2781 5213 2874 5266 τοῦ
2923 5215 3042 5277 ἐνὸς
3096 5215 3190 5267 καὶ
3233 5215 3261 5266 ὁ
3312 5213 3561 5278 θάνατος,
3595 5212 3690 5266 καὶ
3723 5215 3758 5282 ἠ

2185 5307 2432 5377 ἁμαρτία
2462 5307 2826 5374 παγκόσμιος.
3066 5309 3068 5312 ’

2259 5395 2356 5458 ξξν.
2400 5395 2458 5447 '0
2505 5393 2748 5459 δοξάζων
2781 5394 2880 5464 τὴν
2939 5393 3034 5446 τοῦ
3071 5391 3207 5446 Θεοῦ
3240 5394 3402 5464 χάριν
3449 5393 3620 5464 μόνην
3658 5392 3768 5462 ἀφ-

499 5493 848 5550 peccatorum
879 5486 987 5553 jam
1017 5477 1441 5542 commissorum
1466 5488 1771 5554 continere,
1803 5505 1912 5542 non
1949 5505 2078 5544 vero

2192 5504 2296 5540 εσιν
2320 5487 2427 5541 τῶν
2461 5486 2951 5557 πλημμελημάτων
2983 5488 3224 5554 ὑπέχειν,
3256 5488 3391 5540 ἀλλὰ
3417 5485 3491 5557 μὴ
3525 5487 3620 5539 καὶ
3648 5484 3763 5538 τῶν

497 5577 659 5628 etiam
717 5576 781 5629 ad
838 5577 1100 5632 auxilium
1151 5591 1339 5634 contra
1388 5579 1569 5633 futura
1613 5580 1753 5646 dari,
1788 5581 1870 5636 bis
1917 5597 2073 5638 exsc-

500 5668 740 5720 crandus
770 5677 875 5721 est.

574 5826 588 5856 ’
633 5832 752 5880 Act.
791 5843 946 5895 mit,
981 5828 1068 5881 i2.
1142 5831 1162 5860 ¹
1203 5830 1361 5886 Rom.
1395 5833 1566 5897 ν,12.

2180 5580 2486 5650 μελλόντων
2525 5581 2797 5653 βοήθειαν,
2839 5579 2921 5643 δὶς
2963 5573 3256 5650 ἐπάρατος.
