4156 6408
438 367 554 433 273

442 575 658 646 ατέρως
709 570 850 642 μὲν,
883 570 1001 625 ἀλλ’
1053 564 1153 625 οὖν
1205 570 1591 643 ὲκπληροῦμεν
1639 572 1737 635 τὰς
1791 574 2030 640 ἐντολὰς,

441 658 755 739 cuipam:
783 663 975 731 Χωρὶς
1005 661 1120 736 γὰρ
1152 662 1323 735 ἐμοῦ,
1350 664 1379 716 6
1401 664 1607 735 Κύριος
1627 660 1903 732 εἷπεν,·οὺ
1932 666 2034 719 δύ-

440 761 645 813 νασθε.
659 755 862 810 ποιεῖν
885 753 1093 819 οὐδέν.
1154 760 1158 765 ’

666 847 751 909 '0,
776 844 876 900 τοῦ
919 809 1197 914 ΔΘεολόγου
1229 846 1630 927 θεολογοῦντος,
1662 848 1795 902 Ὀτι
1817 849 1928 904 ἐὰν
1953 809 2061 903 37-,

439 954 665 1010 τωμενο
681 937 774 992 ὅτι
809 937 1070 1008 ἁμαρτία
1101 938 1172 993 ἐν
1215 920 1359 1009 ἡμῖν
1387 941 1500 994 οὐκ
1541 920 1735 1006 ἕὰτνν,
1780 939 2036 1005 ἑαυτοὺς

440 1031 794 1103 ἀπατῶμεν,
851 1030 1297 1103 παρερμηνεύων
1340 1033 1421 1086 δτι
1474 1031 1579 1087 οὐκ
1616 1032 1858 1105 ἀληθῶς,
1898 1033 2035 1088 ἀλλά

444 1121 897 1193 ταπεινοφρόνως
927 1122 1127 1195 εἰρηκε,
1147 1122 1327 1189 τοῦτο,
1350 1122 1624 1194 ἀνάθεμα.

518 1221 585 1270 0'.
602 1214 664 1267 Ὀ
687 1213 1071 1283 παραφρπων
1096 1210 1177 1276 τὸ,
1202 1211 1372 1281 Ἄφες
1400 1213 1546 1283 ἡμῖν
1566 1212 1641 1268 τὰ
1661 1210 2037 1283 ὀφειλήματα

446 1304 643 1374 ἡμῶν,
675 1302 748 1358 τα
792 1302 905 1356 τῶν
938 1302 1167 1358 πολλῶν·
1188 1303 1371 1372 λέγειν
1402 1302 1516 1376 [ισ.
1541 1303 1763 1376 λέγων],
1796 1304 1892 1359 καὶ
1937 1305 2037 1376 οὐχ

448 1400 685 1452 ἕκαστον
730 1397 827 1450 καὶ
881 1394 952 1450 τὰ
979 1388 1183 1461 οἳκεῖα,
1209 1381 1480 1467 ἀνάθεμα·
1516 1397 1659 1468 μετὰ
1690 1397 1904 1451 πολλῶν
1937 1398 2047 1453 καὶ·

452 1491 547 1543 τὸν
585 1488 777 1560 Δανιὴλ
808 1480 1039 1557 λέγοντα
1079 1487 1315 1559 βλέπων.
1363 1488 1887 1560 Ἐξομολογοῦμεν
1929 1492 2037 1560 τὰς

468 1581 752 1660 ἁμαρτίας
780 1581 972 1653 ἡμῶν,
1007 1582 1108 1639 καὶ
1134 1582 1240 1649 τὰς
1259 1576 1686 1652 ἁμαρτίαςοτοῦ
1713 1585 1890 1642 λαοῦ.

548 1680 647 1733 οα’.
677 1675 740 1727 Oi
766 1673 1235 1743 μεταστρέψαντες
1271 1674 1380 1729 ἀπὺ
1410 1674 1507 1729 τοῦ
1537 1677 1772 1731 Δονάτου
1817 1677 2035 1732 διέλωσι

469 1765 571 1827 τὰς
596 1764 894 1836 διοικήσεις,
930 1766 1027 1828 καὶ
1056 1767 1085 1819 6
1114 1767 1212 1837 μὲν
1243 1767 1602 1840 παλαιότερος
1637 1770 1974 1841 ὲπιμερίζοι,
2004 1771 2034 1824 6

460 1856 520 1910 δὲ
557 1857 674 1920 νέος
704 1856 825 1911 ὲκλέ
834 1875 1007 1926 τοιτο.

523 1946 627 2017 οβ’.
657 1948 833 2001 Τόπον
874 1949 1271 2021 μεταστρέφων
1311 1950 1406 2004 ἐπὶ
1442 1950 1542 2022 τὴν
1573 1951 1889 2023 ὀρθόδοξον,
1940 1953 2038 2008 καὶ

450 2038 645 2092 τοῦτον
677 2040 1043 2110 ἐπὶοτριετίαν
1072 2042 1340 2119 κατέχων,
1374 2042 1516 2096 ἔστω
1554 2042 1908 2114 ἀνέγκλητος·
1940 2044 2037 2098 καὶ

452 2132 482 2183 6
512 2130 909 2204 pstampécamv
966 2132 1265 2197 ἐπίσκοπος
1313 2133 1422 2188 ἀπὸ
1474 2134 1707 2189 Δονάτου
1728 2175 1745 2202 ,
1795 2135 1843 2189 εί
1885 2134 2039 2201 ἐντὸς

455 2223 699 2294 spuria;
743 2225 841 2295 ἀφ’
862 2218 932 2303 ⁸οὗ
962 2225 1301 2298 ἐπέστρεψεν
1328 2227 1597 2298 ὲνάγοιτο,
1629 2229 1893 2312 ἐναγέτω.
2000 2224 2005 2231 ’

516 2406 621 2475 ογ⁹.
657 2406 871 2479 Κριτής
895 2408 1251 2479 ὲπιζητηθεὶς
1304 2410 1369 2465 ὲκ
1389 2408 1498 2465 τῶν
1527 2409 1624 2466 δύο
1655 2409 1863 2483 μερῶν,
1891 2411 2036 2467 ἀπα·-

451 2494 799 2567 ράγραπτος.
1466 2484 1480 2503 “
1855 2509 1871 2524 ⁸
2014 2502 2029 2516 ⁴

520 2588 620 2643 οδ’.
656 2589 1018 2662 Περιφρονῶν
1048 2582 1349 2656 ἐπίοκοπος
1379 2594 1479 2665 τὴν
1513 2593 1655 2666 ὑπὲρ
1681 2595 1793 2653 τῶν
1828 2597 2035 2669 αἱρετι-

450 2676 567 2732 κῶν
594 2679 923 2747 ἐπιμέλειαν
970 2683 1066 2737 καὶ
1110 2683 1694 2756 ὑπομιμνηεξκόμενος,
1728 2689 1778 2741 εί
1808 2687 1902 2741 ἐπὶ
1935 2689 2036 2759 τῆς

453 2771 598 2855 ἰδίας
626 2772 804 2842 διάγοι
845 2774 940 2827 ἐπὶ
980 2774 1043 2842 ἒξ
1074 2778 1252 2848 μῆνας
1283 2818 1299 2845 ,
1355 2777 1672 2843 ἀνεύθυνος.
1722 2779 2037 2852 Ἐπιμὲνων

449 2864 510 2919 δὲ
544 2868 643 2920 καὶ
704 2869 848 2938 μετὰ
879 2868 1040 2924 τοῦτο
1097 2872 1166 2941 τῇ
1213 2868 1479 2944 ῥᾳθυμία,
1534 2871 1647 2938 ἕξοι
1700 2873 1761 2927 τὸ
1800 2873 2036 2929 ἀκοινώ-

448 2974 638 3027 νητον.

520 3048 618 3104 σε’.
649 3053 1036 3126 Πρεσϐύτερος
1068 3055 1164 3108 καὶ
1190 3055 1439 3129 διάκονος
1481 3055 1931 3127 ἐπιμεμφόμενος
1959 3057 2036 3128 τῷ

740 436 756 471 .
1685 364 2026 429 EPITOME
2063 364 2454 428 CANONUM.
3143 409 3146 412 ~

518 478 619 552 ξη’.
663 478 726 532 ’θ
761 476 1065 551 κηρύσσων
1121 478 1206 533 ὅτι
1242 476 1364 550 δίχα
1396 480 1494 548 τῇς
1521 479 1744 550 χάριτος
1780 481 2035 552 δυσχερε-

2210 481 2298 538 68.
2341 480 2444 548 Qui
2470 477 2748 553 praedicat.
2779 474 3176 547 absququratia
3202 473 3472 529 diliicilius
3494 472 3710 543 quidem

2063 1844 2113 1905 B

3592 354 3699 421 2Ἰὶ

2134 588 2255 637 nos,
2290 581 2537 627 attamen
2572 569 2872 640 adimplere
2919 567 3194 632 mandata,
3228 564 3551 623 maledictus
3578 572 3663 618 est
3700 583 3709 614 :

2135 663 2272 723 dixit
2300 664 2460 719 enim
2506 662 2813 719 Dominus:
2858 660 2983 716 Sine
3031 677 3115 714 me
3162 658 3294 713 nihil
3322 658 3343 689 ³
3370 656 3586 726 potestis
3627 656 3713 725 fa-

2134 773 2268 810 cere.
2839 814 2845 821 ,
3202 773 3210 822 j

2204 847 2293 902 69.
2335 844 2436 912 Qui
2487 846 2768 917 Theologo
2826 845 3087 900 divinitus
3144 843 3361 917 dicente
3406 861 3420 896 :
3471 839 3621 906 Quod
3667 840 3711 892 si

2135 937 2377 992 dicamus
2417 931 2560 1008 quod
2598 946 2871 1008 peccatum
2903 936 2955 989 iu
3009 936 3155 990 nobis
3186 950 3288 988 non
3321 940 3416 999 est,
3453 948 3544 986 nos
3571 932 3711 1001 ipsos

2137 1029 2500 1095 seducimus-‘,
2526 1044 2813 1100 perperam
2842 1028 3238 1098 interpretatur
3262 1026 3405 1096 quod
3426 1040 3537 1079 non
3560 1038 3712 1085 vere.

2139 1119 2232 1175 sed
2256 1135 2368 1188 pra:
2398 1119 2701 1175 humilitate
2732 1120 2837 1174 hoc
2869 1115 3095 1183 dixerit,
3118 1117 3408 1172 anathema
3438 1101 3530 1170 sit.

2212 1209 2301 1265 70.
2343 1209 2447 1276 Qui
2500 1209 2723 1280 exponit
2765 1208 2923 1272 illud,
2966 1214 3024 1263 et
3074 1207 3291 1263 dimitte
3328 1206 3488 1262 nobis
3535 1205 3715 1260 debita

2136 1309 2342 1365 nostra.
2370 1316 2493 1371 qua:
2520 1301 2817 1355 multorum
2848 1308 2977 1356 sunt
3002 1300 3206 1367 dic‘ere,
3239 1313 3350 1353 non
3381 1313 3503 1368 quae
3531 1296 3717 1364 singu-

2137 1384 2314 1451 lorum
2340 1404 2397 1450 et
2420 1395 2663 1467 propria,
2694 1395 2985 1450 anathema
3007 1394 3106 1449 sit:
3134 1409 3259 1451 cum
3280 1393 3558 1449 Danielem
3591 1408 3716 1448 cum

2139 1487 2325 1543 multis
2355 1487 2630 1553 dicentem
2658 1486 2844 1542 videat
2881 1509 2892 1542 :
2928 1485 3253 1556 Conﬁtentur
3276 1495 3493 1558 peccata
3508 1494 3716 1557 nostra,

2139 1588 2188 1635 et
2213 1589 2427 1651 peccata
2462 1578 2644 1650 populi
2668 1579 2731 1631 ⁸..
3408 1586 3411 1589 ’

2209 1672 2298 1727 71.
2341 1669 2446 1737 Qui
2486 1668 2734 1725 conversi
2765 1675 2892 1725 sunt
2923 1682 2991 1723 ex
3030 1672 3187 1738 parte
3236 1666 3433 1721 Donati
3472 1666 3719 1724 dividant

2131 1762 2427 1828 'diwceses,
2456 1760 2641 1817 senior
2665 1759 2895 1839 dividat,
2923 1759 3110 1830 iunior
3135 1773 3268 1815 vero
3295 1758 3477 1832 eligat.

2212 1938 2305 1996 72.
2347 1936 2402 1994 Si
2438 1938 2563 2010 quis
2592 1938 2772 1994 locum
2805 1937 3041 2007 aliquem
3071 1936 3139 1993 ad
3170 1912 3333 1993 fidem
3358 1936 3718 1993 orthodoxam

2136 2031 2497 2098 converterit,
2539 2044 2778 2102 eumque
2818 2045 2920 2102 per
2952 2029 3250 2085 triennium
3302 2028 3615 2096 retinuerit,
3649 2029 3729 2083 sit;

2137 2125 2257 2182 sine
2288 2124 2466 2190 culpa.
2499 2114 2763 2179 Similiter
2784 2131 2840 2179 et
2867 2122 3159 2194 episcopus
3186 2135 3483 2177 conversus
3509 2135 3541 2176 a
3564 2128 3721 2192 parte

2135 2216 2352 2285 Donati,
2411 2217 2457 2272 si
2496 2214 2652 2273 intra'
2682 2215 2999 2273 triennium.
3022 2230 3109 2271 ex.
3133 2228 3242 2286 quo
3292 2228 3589 2279 conversus
3610 2224 3721 2271 .est
3793 2280 3810 2290 _

2136 2316 2370 2381 repetat,
2401 2309 2527 2382 jure
2553 2296 2697 2381 agat:
3266 2376 3269 2380 η

2132 2386 2142 2393 ’
2207 2402 2299 2457 75.
2339 2402 2515 2459 Judex
2541 2402 2611 2458 ab
2650 2393 2919 2459 ambabus
2941 2402 3193 2475 partibus
3221 2402 3519 2476 expetitus,
3561 2416 3720 2459 recu-

2136 2494 2248 2552 sari
2276 2510 2387 2552 non
2414 2503 2639 2589 potest...l

2209 2590 2298 2645 76.
2337 2586 2646 2660 Episcopus
2688 2604 2858 2660 quam
2904 2589 2982 2651 de
3030 2589 3308 2646 haereticis
3338 2606 3524 2646 curam
3558 2589 3723 2645 debet

2136 2682 2419 2752 suscipere
2459 2681 2764 2753 negligens,
2825 2690 2992 2753 atque
3044 2680 3379 2749 admonitus,
3424 2682 3469 2739 si
3519 2682 3577 2736 in
3622 2696 3721 2736 sua

2137 2773 2362 2829 dicecesi
2398 2773 2563 2845 degat
2604 2788 2777 2844 usque
2805 2773 2874 2829 ad
2901 2788 2997 2829 sex
3028 2788 3249 2831 menses
3277 2774 3510 2830 crimine
3549 2782 3718 2830 caret.

2136 2864 2294 2932 Quod
2328 2865 2373 2921 si
2409 2874 2599 2936 postea
2630 2864 2688 2921 in
2730 2865 2941 2922 desidia
2971 2866 3249 2937 persistat,
3279 2866 3722 2923 excommunica-

2137 2956 2307 3013 bitur.

2215 3051 2306 3105 75-.
2346 3046 2639 3123 Presbyter
2675 3060 2732 3106 et
2781 3051 3045 3108 diaconus
3093 3051 3185 3140 qui
3227 3051 3296 3108 de
3332 3051 3593 3124 episcopo
3620 3067 3722 3108 suo

449 3142 745 3212 ἑπισκόπῳ
777 3134 1082 3213 ἐγκαλείτω
1125 3145 1241 3219 [πρ.
1285 3147 1613 3221 ὲκκαλείτω]
1640 3148 1881 3217 ,γείτοσιν
1911 3150 2034 3203 ἑπι-

2139 3152 2467 3215 queruntur,
2504 3143 2573 3199 ad
2598 3143 2815 3200 vicinos
2851 3134 3143 3216 episcopos
3179 3145 3456 3217 appellent
3481 3153 3539 3203 et
3570 3160 3722 3202 mare

454 3233 703 3300 σκόποις,
724 3237 819 3289 καὶ
852 3238 928 3308 μὴ
954 3238 1268 3311 διαπεράτω
1292 3240 1351 3294 τὸ
1383 3241 1640 3309 πέλαγος.

519 3322 633 3389 ος’.
676 3326 803 3379 Ἐπὶ
829 3328 964 3381 πολὺ
1001 3329 1077 3401 μὴ
1118 3330 1434 3402 δυναμένων
1460 3331 1778 3403 περιμένειν
1811 3331 1921 3387 τῶω
1954 3335 2036 3399 εἰς

451 3418 553 3485 τὴν
601 3418 828 3473 σύνοδον
865 3408 1185 3477 ἐπισκόπων
1221 3423 1581 3494 ἐληλυθότων,
1624 3424 1731 3480 ἁνά
1777 3428 1928 3499 τρεῖς
1956 3426 2037 3492 ’ἐξ

449 3509 696 3583 ἑκάστης
723 3513 993 3585 ἐπαρχίας
1015 3514 1360 3585 ὲπιλεγῶσιν.

518 3604 620 3668 οξ.
653 3606 734 3659 06
768 3610 1045 3679 μαρτυρεῖ
1067 3609 1097 3662 6
1132 3609 1541 3682 ἀφωρισμένος.

526 3794 627 3857 οη’.
674 3789 787 3843 Καὶ
826 3791 855 3843 6
888 3788 1100 3854 δοῦλος.

537 3877 634 3933 οθ¹.
673 3880 785 3935 Καὶ
829 3880 859 3933 6
891 3880 1282 3954 ἀπελεύθερος,
1327 3883 1425 3937 καὶ
1456 3882 1486 3936 6
1516 3885 2059 3964 προκατηγορηθεὶς,

472 3969 565 4023 ὲπί
591 3987 643 4022 τι
666 3971 763 4024 τῶν
815 3972 880 4025 οὐ
948 3972 1399 4061 προσδεχομένων
1424 3974 1503 4047 τῷ
1549 3975 1815 4054 δημοσίῳθ
1867 3978 1966 4033 καὶ
2007 3981 2037 4035 6

511 4063 635 4096 τοι..-

466 4079 629 4208 μζῗ
660 4153 773 4207 Καὶ
823 4153 1100 4226 όἝλλην,
1151 4155 1247 4210 καὶ
1288 4157 1318 4211 6
1369 4156 1664 4230 αἱρετικδς,
1697 4160 1794 4215 καὶ
1831 4163 1860 4216 6
1902 4149 2037 4218 ’ἰουο

452 4243 623 4297 δαῖος.

524 4259 541 4296 ι
607 4281 623 4297 .

524 4259 643 4392 σίζ’.
691 4335 807 4389 Καὶ
841 4337 870 4390 6
898 4338 1288 4410 κατηγορήσας
1314 4339 1516 4409 πολλὰ,
1551 4342 1647 4397 καὶ
1678 4341 1908 4413 ἐλέγξας
1938 4346 2034 4401 ού-

443 4427 564 4482 661:“
588 4428 688 4482 καὶ
716 4429 745 4482 6
770 4427 849 4501 μὴ
876 4429 1142 4485 ἐνιαυτῶν
1165 4430 1250 4485 ιδ’.
1571 4458 1575 4463 ·

522 4610 641 4681 πβ’.
685 4610 745 4664 '0
794 4612 1100 4686 κατήγορος
1156 4614 1224 4669 ὲκ
1267 4612 1361 4669 τοῦ
1399 4614 1531 4670 ίδίου
1553 4617 1706 4673 οίκου
1739 4578 2030 4695 ιεᾴρτυρας

438 4703 512 4769 ,ού
545 4702 900 4776 καθίστησιν.
1009 4762 1015 4767 ,
1050 4746 1054 4750 .

522 4794 642 4865 ποτ’.
684 4796 875 4866 Λέγων
909 4798 939 4852 6
1000 4798 1303 4865 ιπίσκοπος
1350 4801 1433 4855 ὅτι
1486 4802 1560 4857 Τὸ
1586 4802 1840 4877 ἔγκλημα
1894 4806 2036 4861 κατά

450 4889 627 4958 μόνας
669 4891 701 4943 6
733 4891 904 4956 πέλας
930 4908 1021 4962 μοι
1038 4892 1413 4966 ὡμολόγησεν,
1437 4896 1487 4951 εί
1514 4898 1544 4951 6
1570 4897 1740 4976 πέλας
1764 4898 2036 4972 ἀρνεῖται,

446 4980 555 5032 οὐκ
594 4978 878 5045 εύπιστος.

524 5066 637 5122 πεδ’.
670 5069 777 5124 Τδν
808 5071 885 5142 μὴ
911 5071 1235 5144 ἐλεγχθέντα
1279 5078 1564 5142 κοινωνίας
1605 5080 1879 5148 στερήσας
1917 5082 2037 5136 ιπί-

452 5179 685 5228 σκοπος.
719 5167 964 5236 οτεροῖτο
996 5169 1094 5221 καὶ
1122 5169 1286 5234 αὐτὸς
1305 5172 1409 5242 τῆς
1446 5172 1651 5246 ἑτέρων
1704 5175 1945 5253 όμοίωςη
2024 5215 2029 5221 ι

608 5341 897 5415 Ἐπιτομὴ
919 5345 1200 5401 κανόνων
1225 5344 1331 5404 τοῦ
1349 5349 1524 5418 ἁγίου
1558 5352 1903 5410 Βασιλείου.

523 5451 596 5507 α’.
624 5440 933 5526 Δίρετικδς,
969 5456 999 5508 6
1033 5455 1177 5509 κατά
1225 5457 1328 5528 τὴν
1360 5458 1541 5540 πίστιν
1569 5459 1872 5532 ἀλλότριος
1910 5466 1938 5517 6
1976 5464 2034 5518 δὲ

449 5546 597 5599 κατὰ
639 5563 692 5599 τι
732 5546 953 5617 ίάσιμον
997 5547 1244 5619 ζήτημα,
1290 5550 1668 5621 σχισματικός.
1708 5554 1773 5605 0i
1804 5553 1865 5606 δὲ
1908 5571 2034 5608 συν-

452 5637 675 5707 άγοντες
726 5640 1099 5694 ἀνυπότακτοι
1136 5641 1359 5707 τούτους
1420 5644 1699 5708 ἐκείνους,
1752 5662 2033 5717 παρασυνο

521 5809 540 5841 ⁸
574 5809 734 5867 Joan.
774 5826 869 5877 xv,
907 5809 962 5863 5.
1047 5807 1068 5839 ⁸
1154 5808 1313 5865 Joau.
1348 5824 1386 5865 ι.
1417 5810 1471 5865 8.
1550 5812 1570 5843 ³
1609 5809 1751 5869 Dan.
1784 5829 1858 5875 ix.
1888 5815 1940 5869 9.

2140 3249 2249 3288 non
2279 3234 2573 3304 trajiciunt.

2211 3325 2298 3382 76.
2338 3326 2598 3399 Episcopi
2623 3328 2717 3397 qui
2740 3328 2808 3383 ad
2839 3327 3136 3384 concilium
3167 3338 3453 3395 venerunt,
3486 3344 3615 3386 cum
3644 3330 3721 3387 ibi

2106 3418 2234 3474 .diu
2290 3434 2615 3490 permanere
2673 3436 2783 3476 non
2831 3430 3084 3492 possunt,
3137 3417 3326 3479 ternos
3364 3422 3435 3477 de
3492 3421 3721 3494 singulis

2138 3512 2446 3585 provinciis
2470 3512 2693 3597 eligant.
3596 3567 3600 3571 .

2212 3604 2305 3661 77.
2342 3606 2390 3660 Α
2420 3605 2812 3663 communione
2841 3614 3157 3682 segregatus
3187 3623 3302 3665 non
3336 3607 3452 3664 l'ert
3475 3599 3724 3668 testimo-

2082 3771 2086 3779 Ρ
2139 3699 2314 3782 nium.

2212 3790 2302 3850 78.
2336 3791 2450 3848 Nec
2475 3806 2690 3850 servus.
2821 3864 2830 3871 .

2211 3881 2303 3939 79.
2342 3884 2455 3940 Nec
2518 3884 2765 3950 libertus,
2821 3869 2958 3942 nec
2995 3892 3124 3942 ante
3180 3894 3469 3941 accusatus
3534 3885 3718 3957 aliquo

2139 3990 2333 4033 eorum
2370 3977 2663 4035 criminum
2686 3980 2757 4036 ob
2782 3995 2907 4051 quae
2937 3994 2971 4035 a
2993 3979 3214 4052 publico
3244 3987 3466 4034 arcetur
3488 3979 3716 4052 judicio.

2138 4069 2251 4126 Nec
2278 4056 2496 4130 histrio.

2208 4160 2299 4218 80.
2332 4160 2445 4219 Nec
2471 4162 2750 4230 ethnicus,
2777 4180 2881 4222 nec
2906 4163 3223 4233 haereticus,
3249 4151 3355 4221 nec
3371 4162 3614 4220 Judaeus.

2211 4346 2301 4402 8i.
2343 4345 2457 4402 Nec
2512 4346 2607 4420 qui
2659 4348 2831 4404 multa
2880 4347 3152 4420 obiecerit
3196 4346 3450 4412 crimina,
3482 4351 3541 4401 et
3580 4346 3719 4402 nihil

2139 4435 2455 4506 probaverit
2483 4477 2502 4501 ,
2553 4453 2658 4495 nec
2709 4439 2806 4510 qui
2856 4447 3025 4496 natus
3074 4454 3187 4496 non
3230 4434 3411 4494 fuerit
3447 4451 3720 4518 annorum

2070 4526 2576 4599 D'quatuordecim.

2210 4620 2303 4677 82.
2339 4621 2640 4679 Accusator
2661 4638 2694 4680 e
2710 4624 2875 4682 domo
2895 4639 2995 4681 sua
3024 4631 3325 4705 tessesnon
3355 4621 3626 4693 producit.

2210 4803 2301 4859 85.
2340 4803 2614 4877 Episcopo
2658 4807 2752 4876 qui
2804 4805 2971 4871 dicit,
3004 4804 3152 4876 quod
3189 4802 3405 4859 vicinus
3441 4801 3573 4858 mihi
3615 4805 3728 4859 soli.

2141 4894 2360 4952 crimen
2398 4912 2557 4952 suum
2598 4896 2883 4952 confessus
2920 4904 3027 4963 est,
3067 4904 3125 4951 et
3151 4894 3369 4950 vicinus
3392 4900 3577 4966 negat,
3607 4909 3716 4948 non

2140 4986 2301 5043 facile
2330 4988 2466 5043 lides
2501 4987 2812 5043 adhibetur.

2210 5074 2299 5130 84.
2342 5075 2653 5146 Episcopus
2709 5076 2803 5153 qui
2866 5075 3103 5146 privavit
3144 5073 3531 5147 communione
3604 5088 3716 5127 nou

2139 5167 2451 5222 convictum
2481 5160 2736 5235 crimine,
2762 5169 3013 5225 similiter
3038 5178 3095 5225 et
3134 5158 3257 5241 ipse
3294 5154 3528 5224 aliorum
3567 5182 3715 5223 com-

2140 5259 2401 5316 munione
2424 5262 2693 5331 privetur.

2492 5348 2677 5404 Sancti
2700 5348 2893 5404 Basilii
2924 5350 3148 5420 epistola
3165 5336 3360 5419 prima.

2219 5458 2268 5511 l.
2311 5456 2608 5514 Haercticus
2639 5469 2740 5523 est,
2773 5459 2865 5530 qui
2905 5474 2935 5515 a
2987 5459 3094 5515 ﬁde
3144 5460 3354 5515 alienus
3390 5475 3402 5511 :
3454 5459 3545 5528 qui
3587 5474 3719 5515 vero

2142 5549 2287 5603 circa
2331 5551 2568 5620 aliquam
2616 5551 2793 5607 levem
2841 5553 3197 5623 quaestionem
3244 5559 3409 5614 errat,
3453 5550 3718 5605 schisma-

2136 5645 2309 5710 ticus.
2359 5632 2740 5699 lnobcdiéntes
2795 5661 2925 5701 vero
2966 5646 3057 5716 qui
3106 5645 3206 5702 hos
3252 5649 3601 5714 congregant,
3647 5642 3723 5700 ala

3396 5914 3413 5945 ἱ
3442 5890 3447 5895 .
