4156 6412
470 401 579 463 275

1518 464 1521 467 ,
1602 382 1980 456 SYMEONIS
2018 371 2594 453 METAPHRASTJE

3615 363 3722 430 E76

469 505 723 562 Ecclesiae
756 513 1030 561 conventu
1058 501 1279 561 arcendi
1303 513 1454 560 sunt.
1495 503 1748 560 Hatretici
1777 501 2049 573 baptisma

2154 497 2381 566 άγωγοι.
2415 493 2490 547 Τὸ
2512 492 2573 557 ἐξ
2602 485 2878 560 αἱρετικοῦ
2906 485 3214 555 βάπτισμα,
3245 477 3488 536 ἄδεκτονο
3537 477 3729 531 δεκτὸν

469 595 825 664 rejiciendum
879 614 893 653 :
940 596 1274 652 schismatici
1324 611 1455 660 vero
1506 604 1671 666 atque
1700 595 1768 650 ab
1795 593 2041 649 Ecclesia

465 689 651 755 alieni,
686 689 1082 760 recipiendum.
1123 688 1463 746 Paracletum
1509 687 1798 756 Pepusiani
1835 683 2044 740 Monta-

466 795 596 831 num
622 787 841 849 vocant‘
863 777 1020 833 Unde
1043 787 1098 834 et
1125 779 1220 849 qui
1251 779 1306 832 in
1329 778 1507 848 ipsum
1539 777 1908 847 baptizantur,
1933 791 2042 830 non

467 883 764 940 censentur
785 872 1064 945 baptizati.
1088 873 1467 938 Catharor'um,
1498 872 2042 945 HydrOparastarum,

466 973 627 1034 atque
681 964 1085 1019 Encratitarum
1133 965 1422 1036 baptisma,
1469 964 1720 1034 quamvis
1755 978 1867 1018 non
1897 963 2043 1018 reci-
2107 1020 2111 1024 _

377 1048 382 1052 ’
467 1039 748 1126 piendum,
804 1067 1029 1128 propter
1081 1056 1314 1127 Spiritus
1373 1057 1746 1126 sancti'apud
1801 1069 1896 1110 eos
1954 1055 2046 1110 de-

421 1156 430 1164 '
469 1148 692 1212 fectum,
720 1158 904 1202 tamen
930 1147 1358 1219 dispensationis
1388 1149 1558 1218 gratia
1583 1145 1898 1215 recipiatur.
1953 1132 1961 1140 ’

432 1293 436 1298 .
535 1240 592 1293 2.
637 1239 771 1304 Quae
823 1239 892 1294 de
936 1238 1204 1293 industria
1258 1238 1428 1292 fetum
1477 1236 1744 1306 corrupit,
1800 1233 2046 1304 quando—

468 1344 685 1401 cunque
718 1331 1044 1402 corruperit,
1081 1329 1376 1386 homicidio
1417 1336 1659 1383 tenetur.

537 1423 591 1480 5.
641 1424 916 1480 Diaconus
964 1422 1056 1494 qui
1108 1421 1412 1478 fornicatus
1459 1417 1646 1487 fuerit,
1694 1421 1752 1474 in
1785 1420 2047 1476 laicorum

469 1517 646 1572 locum
686 1517 975 1585 relegatus,
1011 1514 1494 1592 communionene
1530 1512 1904 1592 prohibeatur.

537 1603 592 1658 4.
635 1600 816 1657 Unum
845 1611 940 1657 aut
976 1597 1114 1656 duos
1149 1589 1322 1656 annos
1359 1589 1871 1655 excommu'nicatur
1894 1599 2048 1672 biga-

467 1710 612 1755 mus.
660 1703 772 1749 tres
815 1705 948 1750 vero
991 1703 1045 1748 et
1097 1702 1332 1764 quatuor
1369 1693 1653 1764 erigamus,
1683 1702 1847 1762 atque
1887 1692 2049 1747 etiam

467 1773 1367 1857 quinque,fiu:ta"consuetudinem
1386 1785 1788 1854 qurehactenus
1802 1783 2048 1838 invaluit.

539 1876 592 1931 5.
623 1876 932 1932 Haereticus
977 1876 1058 1950 in.
1084 1875 1193 1930 fine
1228 1875 1353 1930 vitae
1394 1873 1688 1945 paenitens,
1725 1873 2057 1930 discretione

469 1967 713 2024 adhibita
742 1965 1149 2037 suscipiendus.
1536 2018 1538 2020 ,

535 2057 588 2114 6,
625 2051 943 2115 'Canonicus
987 2057 1030 2113 si
1073 2055 1424 2112 matrimonio
1450 2057 1674 2127 junctus
1706 2050 1797 2123 Sit,
1843 2055 2056 2126 disiun-

471 2149 644 2221 gitur.
679 2200 682 2203 .
1534 2210 1544 2218 _

539 2242 594 2295 7.
633 2232 999 2296 Masculorum
1048 2240 1476 2311 animaliumque
1494 2250 1858 2312 ,corruptores
1893 2246 2058 2309 atque

473 2333 788 2399 homicida},
825 2343 881 2388 et
908 2335 1158 2398 venefici,
1191 2349 1255 2389 ac
1281 2334 1577 2390 idololatria
1602 2334 1756 2405 juxta
1781 2332 2060 2405 antiquam

427 2482 430 2496 ί
475 2421 713 2477 formam
751 2421 1108 2492 suscipiendi.
1408 2438 1412 2442 '

543 2511 599 2567 8.
639 2512 923 2569 Homicida
970 2523 1054 2569 est
1099 2514 1201 2585 qui
1239 2529 1461 2570 uxorem
1495 2515 1664 2576 iratus
1707 2515 1888 2570 securi
1939 2511 2066 2584 per;

471 2602 730 2658 eusserit.

545 2691 598 2746 9.
643 2692 1370 2750 involuntarius'liomicida
1431 2705 1559 2761 est,
1621 2695 1714 2766 qui
1775 2694 1956 2766 lapide
2005 2695 2061 2750 in

488 2797 682 2848 canem
733 2786 920 2850 misso,
955 2786 1229 2840 hominem
1277 2797 1561 2841 assecutus
1591 2794 1696 2852 est,
1732 2794 1787 2840 et
1818 2786 1913 2856 qui
1945 2785 2062 2841 loro

428 2864 430 2867 ’
479 2890 542 2930 ac
575 2877 779 2930 vim-ine
808 2877 1054 2947 corripit.
1089 2878 1190 2944 Qui
1223 2891 1352 2933 vero
1381 2879 1440 2932 in
1467 2879 1578 2932 rixa
1610 2878 1752 2933 fuste
1778 2891 1874 2933 aut
1897 2893 2061 2932 manu

473 2969 679 3024 lcthale
725 2971 925 3026 vulnus
972 2970 1227 3026 intlixerit
1272 2983 1433 3042 atque
1467 2973 1824 3038 interfecerit,
1863 2972 1931 3027 ad
1961 2989 2061 3028 vo-

471 3060 773 3117 luntrium
809 3077 980 3132 prope
1013 3064 1242 3119 accedit.
1502 3085 1506 3089 ·
1891 3065 1898 3073 ’

2146 590 2240 643 τοῦ
2300 586 2544 659 σχιστοῦ,
2595 584 2692 638 ml.
2737 576 3235 652 πάρασυναγώγου.
3271 571 3626 659 Παράκλητον
3666 570 3720 624 ot

2147 655 2488 750 Πεπουξηνοὶ
2538 678 2628 731 τὸν
2685 673 2964 731 Movet:va
3016 668 3392 740 ὀνομάζουσιν.
3420 655 3590 722 ’Ὅθεν
3633 663 3730 717 καὶ

2145 775 2224 837 εἰς
2263 771 2427 826 αὐτὸν
2481 769 2808 824 ἀΰάπτιστοι
2842 755 3253 834 βαπτιζόμενοι.
3298 757 3374 812 To
3402 757 3514 820 τῶν
3541 755 3731 835 Καθαο

2150 864 2285 935 ρῶν,
2303 863 2398 917 καῖ
2435 855 2988 934 ’Υδροπαραστατῶν,
3011 853 3106 907 καὶ
3129 846 3504 922 Ἐγκρατιτῶν
3539 848 3736 918 βάπτι-

2149 973 2282 1025 σμα,
2321 956 2371 1008 εί
2424 953 2519 1007 ml.
2545 953 2790 1012 ἄδεκτον,
2846 948 2934 1002 διὰ
2990 947 3051 1000 τδ
3100 943 3364 1014 ὲπιλῆψαι
3419 940 3533 1012 [τσ.
3590 941 3720 991 ἑπι-

2152 1040 2360 1112 λεῖψαι]
2381 1040 2590 1103 τούτοις
2621 1039 2684 1092 τὸ
2710 1033 2938 1107 Πνεῦμα
2965 1034 3030 1088 τδ
3061 1033 3238 1101 ἅγιον,
3267 1029 3381 1085 ἀλλ’
3413 1029 3505 1082 οὖν
3533 1029 3741 1082 οἰκονο-

2153 1134 2284 1206 μίας
2331 1135 2494 1206 χάριν
2528 1133 2672 1186 ἔστω
2703 1130 2912 1184 δεκτόν.

2226 1227 2292 1300 β’.
2339 1228 2404 1280 Ἦ
2432 1226 2552 1282 κατ’
2599 1225 2949 1296 ἐπιτήδευσιν
2980 1219 3272 1290 φθείρασα,
3299 1218 3390 1271 ὅτε
3419 1215 3484 1268 ἃν
3512 1211 3738 1285 φθείρῃ,

2153 1314 2470 1386 φονεύτρια.

2136 1395 2145 1403 ι
2221 1416 2291 1477 γ’·
2323 1408 2581 1470 Αιάκονος
2609 1404 2935 1476 πορνεύσας,
2963 1403 3045 1466 εις
3071 1401 3163 1455 τὸν
3212 1400 3322 1454 τῶν
3373 1397 3579 1452 λαῖκῶν
3640 1411 3743 1466 με.

2151 1502 2357 1564 ταστάς
2401 1500 2588 1561 τόπον,
2618 1497 2761 1551 εστω
2787 1496 2888 1565 τῆς
2927 1494 3217 1556 κοινωνίας
3257 1491 3562 1552 ἀκώλυτος.

2214 1592 2292 1649 ’δ’.
2355 1593 2466 1645 Ενα
2495 1590 2685 1662 χρόνον
2735 1587 2768 1660 ἢ
2800 1587 2894 1640 δύο
2943 1583 3264 1656 ἀφορίζεται
3295 1583 3553 1653 δίγαμοςο
3587 1579 3742 1650 τρεῖς

2153 1684 2210 1737 δὲ
2245 1683 2341 1736 καὶ
2375 1683 2711 1753 τέσσαραςῤ
2750 1681 3046 1753 τρίγαμος,
3103 1679 3198 1732 καὶ
3234 1676 3423 1738 πέντε,
3470 1673 3612 1728 κατά
3639 1673 3746 1742 τὴν

2163 1777 2289 1846 ἄρτι
2320 1773 2629 1844 συνήθειαν.

2233 1890 2296 1937 ε’.
2337 1881 2626 1954 Αίρετικὸς
2681 1881 2818 1951 πρὸς
2871 1878 2950 1949 τῷ
3001 1877 3143 1930 τέλει
3195 1873 3475 1946 μετανοῶν
3526 1871 3747 1934 δεκτέος

2168 1978 2285 2047 μετ’
2325 1974 2681 2045 ἐπικρίσεως.

2238 2075 2312 2132 ς’.
2353 2067 2412 2121 '0
2472 2063 2758 2127 κανονικὺς
2811 2063 2964 2116 είπου
3018 2063 3112 2116 ml.
3160 2060 3473 2131 ζεύγνυται,
3528 2057 3748 2122 διαζεύ-

2163 2175 2380 2228 γνυται.
2997 2221 3004 2227 _
3620 2137 3634 2152 ⁸

2239 2249 2306 2316 ζ’.
2350 2248 2836 2322 Ἀῤῥενοφθόρους,
2889 2247 2985 2301 καὶ
3031 2242 3234 2314 φονεῖς,
3274 2245 3368 2297 καὶ
3399 2239 3747 2312 φαρμακοὺςι

2165 2345 2260 2398 καὶ
2289 2342 2703 2413 εἰδωλολάτρας,
2736 2339 2879 2393 κατὰ
2925 2339 3016 2392 τὸν
3066 2336 3296 2390 παλαιὸν
3339 2333 3514 2388 τύπον
3571 2330 3748 2384 εἰσδέ-

2158 2437 2337 2511 βεξαιῃ.

2234 2507 2556 2602 η’ίΦονεὺς,
2587 2529 2615 2581 ό
2639 2527 2784 2581 κατά
2813 2525 2913 2595 τῆς
2967 2526 3227 2593 γυναικὸς
3263 2519 3352 2586 διὰ
3383 2515 3558 2588 θυμοῦ
3586 2514 3747 2589 ἀξίνῃ

2175 2623 2547 2695 χρησάμενος.
3185 2604 3191 2609 ’

2233 2715 2298 2770 θ’.
2346 2713 2628 2776 Ἀκούσιος
2670 2712 2863 2782 φονεὺς
2923 2710 2951 2763 ό
3017 2707 3166 2761 λίθον
3217 2704 3378 2773 ἀφεὶς
3435 2700 3527 2754 ἐπὶ
3585 2698 3747 2764 κύνα,

2166 2809 2260 2863 ml.
2309 2805 2596 2877 ἀνθρώπου
2646 2803 2852 2875 τυχὼν,
2884 2801 2980 2857 ml.
3026 2801 3054 2854 ὁ
3105 2797 3377 2854 παιδεύων
3409 2795 3614 2866 ίμάντι,
3652 2793 3749 2846 καὶ

2163 2901 2334 2970 λύγῳ’
2365 2899 2393 2952 ό
2415 2897 2472 2952 δὲ
2495 2898 2553 2951 ὲν
2587 2896 2736 2968 μάχῃ
2760 2895 2902 2965 ξύλῳ
2927 2894 2961 2964 ἢ
2990 2894 3135 2963 χειρὶ
3164 2891 3288 2952 δοὺς
3314 2889 3406 2945 ἐπὶ
3438 2887 3507 2942 τὰ
3529 2885 3743 2956 καίρια,

2167 2993 2262 3047 καὶ
2286 2989 2522 3056 ἀνελὼν,
2557 2989 2687 3060 ἄγχι
2731 2986 2825 3042 τοῦ
2863 2985 3137 3040 ἑκουσίου.
3593 3025 3596 3027 .

537 3153 630 3207 10.
670 3153 770 3219 Qui
805 3154 983 3223 gladi-0
1014 3162 1109 3208 aut
1145 3154 1328 3222 aliquo
1372 3154 1646 3223 eiusmodi
1689 3154 2057 3211 inStrumento

2233 3170 2286 3226 t'.
2322 3171 2382 3225 Ὀ
2411 3170 2555 3240 ξίφει
2579 3167 2947 3240 χρησάμενος,
2999 3163 3032 3234 ἢ
3076 3161 3306 3230 τοιούτῳ
3359 3160 3488 3222 τινὶ,
3527 3157 3748 3218 πάντως

468 3257 600 3297 usus
627 3240 794 3296 fuerit
821 3259 1046 3312 prorsus
1077 3244 1418 3300 voluntarius
1447 3255 1531 3299 est
1562 3246 1851 3300 homicida.
1879 3263 1883 3268 τ
1908 3247 2050 3302 Idem

465 3333 626 3397 latro,
655 3333 850 3398 hostis,
881 3341 936 3388 et
962 3334 1052 3404 qui
1080 3344 1306 3405 propter
1324 3331 1490 3389 aliam
1523 3351 1743 3392 causam
1781 3353 2052 3394 venenum

468 3424 686 3478 dederit
711 3432 875 3491 atque
901 3411 1266 3489 interfecerit,
1297 3427 1660 3482 voluntarius.

541 3516 629 3604 fl.
669 3514 893 3572 Necnon
935 3506 1100 3573 etiam
1143 3535 1262 3589 quae
1312 3520 1590 3576 abortivos
1643 3520 1788 3577 fetus
1837 3521 1969 3577 dant
1999 3529 2056 3576 et

469 3604 764 3676 mipiunt.

544 3697 631 3751 12.
673 3696 836 3752 Juxta
883 3696 1469 3763 Domini-sermonem,
1502 3701 1586 3755 vir
1625 3711 1680 3755 et
1725 3703 1918 3756 mulier
1949 3703 2058 3777 [ab

471 3788 767 3843 nicationis
827 3804 990 3844 causa
1051 3792 1285 3860 separati
1336 3793 1543 3862 pariter
1575 3793 2054 3848 condemnamur:

465 3881 808 3937 consuetudo
841 3895 971 3938 vero
1009 3868 1399 3938 adulterumet
1445 3883 1830 3940 fornicatorem
1862 3902 1891 3940 a
1919 3900 2056 3941 con-

463 3972 689 4043 iugibus
715 3989 830 4028 non
865 3974 1149 4045 disiungit.
1178 3975 1232 4030 Si
1259 3992 1364 4043 qua
1393 3987 1578 4032 autem
1607 3978 1808 4032 mulier
1832 3969 2057 4035 dimisso

465 4061 533 4115 ab
571 4076 760 4115 uxore
817 4061 937 4116 viro
983 4063 1173 4132 juncta
1225 4063 1410 4130 fuerit,
1463 4081 1574 4121 non
1631 4075 1716 4122 est
1761 4069 2052 4136 adultera;

455 4155 628 4221 'culpa
679 4155 830 4210 enim
861 4154 932 4222 in
961 4171 1083 4212 eam
1122 4171 1245 4226 qua:
1270 4157 1391 4213 sine
1427 4158 1640 4214 ratione
1687 4159 1896 4215 dimisit
1933 4161 2060 4228 reii-

467 4245 662 4300 cienda
689 4254 804 4311 est;
840 4252 932 4299 aut
952 4261 1080 4319 quae
1107 4247 1270 4301 etiam
1312 4245 1560 4303 adultera
1583 4258 1687 4311 est,
1720 4249 1764 4303 si
1794 4265 1923 4304 cum
1949 4250 2058 4305 alio

461 4338 728 4408 iungatur
752 4355 765 4392 :
793 4338 1052 4395 dimissus
1073 4354 1225 4404 rem,
1249 4341 1408 4396 venia
1431 4340 1630 4411 dignus
1648 4351 1750 4396 est.
1771 4341 1876 4407 Qui
1901 4351 2055 4409 Vero,

2167 3265 2432 3326 ἑκούσιος·
2488 3261 2584 3316 καὶ
2640 3259 2668 3312 ὁ
2717 3256 2945 3330 λῃστὴς,
2979 3255 3073 3308 καὶ
3105 3255 3134 3307 ὁ
3175 3252 3461 3323 πολέμιος,
3491 3249 3584 3304 καὶ
3615 3249 3642 3300 ὁ
3673 3246 3748 3300 δι’

2159 3355 2327 3426 ἄλλην
2362 3353 2544 3408 αἰτίαν
2597 3349 2817 3414 ἐπιδοὺς
2852 3348 3178 3419 φάρμακον,
3233 3344 3281 3397 εί
3329 3341 3545 3409 ἀνελεῖ,
3588 3340 3747 3394 ἑκού-

2073 3463 2078 3466 ·
2161 3465 2302 3512 σιος.

2233 3509 2323 3591 ια’.
2357 3536 2468 3590 Καὶ
2498 3535 2554 3589 αἱ
2582 3532 2652 3613 τά
2678 3529 3053 3610 ἀμϐλωθρίδια
3079 3529 3171 3582 καὶ
3196 3509 3454 3589 διδοῦσαι,
3485 3525 3576 3578 καὶ
3604 3525 3748 3594 λαμ-

2160 3629 2493 3790 ϐαἵὲῗῖἒάτά
2520 3717 2610 3770 τὸν
2635 3715 2728 3769 τοῦ
2753 3713 2956 3784 Κυρίου
2986 3712 3307 3781 λόγον,ῐσως
3324 3708 3749 3771 καταδικάζεται

2159 3815 2252 3868 ml
2303 3814 2461 3884 ἀνὴρ,
2494 3812 2588 3865 ml.
2608 3810 2770 3880 γυνὴ,
2805 3808 2893 3862 διὰ
2940 3804 3199 3876 πορνείας
3250 3799 3746 3870 ἀποζευγνύμενοι.

2130 3952 2136 3956 .
2165 3907 2236 3960 Ἦ
2269 3901 2326 3960 δὲ
2359 3904 2638 3974 συνήθεια,
2673 3903 2765 3956 τὸν
2795 3899 3006 3972 μοιχὸν,
3054 3898 3151 3953 καὶ
3184 3895 3277 3949 τὸν
3312 3895 3508 3964 πόρνον
3535 3893 3597 3946 ού
3626 3892 3748 3945 δια-

2160 3995 2416 4065 ζεύγνυσι
2471 3995 2582 4050 τῶν
2619 3991 2989 4064 συμϐίων.·Εί
3014 3990 3072 4044 δέ
3128 4005 3210 4056 τις
3241 3987 3425 4057 ἀφέτῳ
3454 3984 3608 4054 ἀνδρὶ
3650 3999 3748 4036 συ-

2159 4089 2434 4160 ζευχθείη,
2465 4088 2565 4142 οὐκ
2591 4086 2670 4139 ἔνι
2693 4084 2854 4156 τυχὸν
2889 4082 3157 4154 μοιχαλίς·
3190 4080 3252 4134 τὸ
3291 4080 3402 4148 γάρ
3431 4078 3606 4132 αίτιον
3637 4073 3744 4128 ἐπὶ

2155 4180 2258 4252 τὴν
2291 4179 2505 4247 ἀλόγως
2529 4179 2847 4248 ἀφήσασαν·
2888 4178 2922 4248 ἢ
2957 4171 3055 4228 καὶ
3088 4171 3359 4244 μοιχαλὶς,
3384 4171 3432 4223 εί
3459 4167 3596 4239 πρὸς
3623 4165 3746 4218 ἔτει

2164 4287 2255 4341 ρον
2283 4270 2594 4339 ζεύγνυται·
2636 4272 2663 4322 ὁ
2695 4269 2752 4322 δὲ
2785 4268 3008 4337 ἀφεθεὶς
3046 4261 3422 4334 συγγνωστός.
3471 4259 3528 4312 '0
3559 4257 3615 4310 δὲ
3641 4257 3744 4326 τὴν

2161 4367 2398 4432 γυναῖκα
2441 4360 2784 4428 καταλιπὼν,
2817 4361 2917 4414 καὶ
2961 4360 3047 4412 ἐπ’
3079 4357 3248 4428 ἀλλην
3282 4354 3400 4420 ίὼν,
3429 4351 3527 4431 καὶ
3556 4350 3740 4413 αὐτὸς,

471 4427 656 4483 relicta
699 4441 869 4485 uxore
923 4428 992 4484 ad
1043 4428 1202 4484 aliam
1246 4445 1312 4486 se
1363 4431 1596 4495 confert,
1650 4432 1896 4486 moechus
1941 4432 2057 4502 ipse

2163 4427 2258 4510 ml.
2307 4455 2478 4526 αὐτὴν
2533 4442 2927 4526 μεμοιχεῦσθαι
2957 4449 3124 4518 ποιεῖ,
3167 4427 3266 4502 καὶ
3297 4448 3334 4518 ἡ
3365 4427 3514 4513 αὒτῷ
3559 4458 3742 4513 συνοι-

468 4527 572 4585 est,
625 4527 787 4588 atque
837 4519 1009 4589 ipsam
1078 4521 1343 4580 mcechari
1399 4521 1550 4587 facit,
1610 4539 1671 4578 ea
1715 4523 1879 4579 etiam
1931 4515 2133 4578 cui—ll

467 4626 572 4681 qua
612 4611 1070 4668 consuetudinem
1094 4613 1278 4670 habet.

538 4701 624 4755 15.
667 4699 784 4756 Non
815 4716 976 4772 coges
1007 4717 1155 4768 eum,
1202 4701 1296 4772 qui
1326 4717 1385 4757 se
1426 4717 1535 4756 non
1583 4703 1894 4759 ordinatum
1927 4720 2049 4760 esse

461 4789 749 4858 iuraverit.
1290 4815 1294 4819 -

538 4881 626 4935 i4.
667 4880 1076 4939 lnvoluntarius
1103 4880 1376 4940 homicida
1404 4883 1674 4940 decennio
1714 4886 2049 4954 poenitentia

467 4971 790 5041 subiacebit.

538 5063 627 5119 15.
666 5063 918 5135 Bigamus
948 5079 1059 5121 non
1090 5075 1174 5122 eat
1206 5066 1262 5122 in
1294 5067 1502 5122 clerum
1532 5067 1902 5138 recipiendus.

537 5159 624 5214 16.
667 5156 890 5217 Pictatis
954 5160 1132 5217 hostis
1194 5160 1431 5218 triennio
1487 5161 1822 5232 pauitantia
1878 5161 2049 5231 subji-

464 5252 658 5306 ciatur.

949 5331 1202 5400 Ejusdem
1242 5332 1466 5400 epistola
1503 5331 1581 5387 11.

536 5431 587 5484 1.
631 5430 920 5502 Presbyter
959 5432 1161 5488 Bianor
1190 5447 1316 5488 cum
1349 5433 1618 5503 iuraverit
1660 5450 1724 5488 ac
1772 5436 2046 5504 paeniten-

467 5522 596 5575 tiam
663 5525 856 5595 egerit,
913 5534 1136 5596 propter
1192 5525 1341 5580 illius
1395 5526 1692 5597 iuramenti
1747 5527 2046 5592 levitatem,

470 5614 870 5683 suscipiendus.
888 5672 900 5684 ,

533 5704 588 5755 '2.
652 5704 899 5776 Virgines
963 5717 1085 5776 post
1145 5709 1543 5778 professionem
1619 5712 1796 5780 lapsas
1853 5723 2044 5766 exacto

470 5807 613 5847 anno
661 5794 850 5850 Patres
880 5798 1234 5866 recipiebant.
1286 5799 1552 5866 Quoniam
1587 5813 1765 5857 autem
1818 5801 2045 5860 validiOr

2165 4547 2337 4603 κοῦσα
2365 4547 2523 4618 γυνή.

2224 4717 2311 4779 ιγ’.
2349 4709 2464 4764 Οὐκ
2508 4708 2840 4778 ἀναγκάσεις
2867 4707 2961 4761 τὸν
3013 4706 3088 4777 μὴ
3133 4704 3586 4783 χειροτονηθῆναι
3609 4703 3741 4772 όμό-

2153 4819 2322 4858 σαντα
2331 4846 2346 4859 .

2224 4893 2303 4950 ιδ’.
2347 4895 2406 4948 ’0
2454 4892 2712 4957 ἀκούσιος
2747 4889 3015 4962 φονευτής
3043 4888 3330 4944 δεκαετίαν
3360 4885 3737 4941 ὑποπιπτέτω.

2223 5079 2306 5130 ιε’.
2351 5071 2694 5143 ’οξδίγαμος,
2720 5068 2816 5124 καὶ
2847 5067 3194 5139 ὰκλήρωτος.
3370 5135 3377 5141 _

2227 5161 2322 5228 ις’.
2369 5164 2429 5216 '0
2479 5161 2817 5232 πολεμιστὴς
2847 5163 2914 5231 τῇ
2942 5159 3220 5229 εὐσεϐείᾳ,
3256 5158 3502 5231 τριετίαν
3532 5157 3736 5212 ὑποπι-

2154 5254 2359 5308 πτέτω.

2546 5332 2656 5389 Τοῦ
2704 5331 2894 5388 αὑτοῦ
2933 5327 3233 5396 ἐπιστολὴ
3262 5325 3346 5393 β’.

2223 5433 2292 5490 α’.
2328 5435 2389 5488 ⁸0
2416 5433 2791 5505 πρεσϐύτερος
2839 5433 3058 5501 Βιάνωρ
3107 5431 3314 5500 ὀμόσας
3355 5429 3452 5482 ml.
3499 5443 3738 5498 μεταμε-

2151 5526 2433 5597 λούμενος,
2463 5526 2553 5580 διὰ
2583 5526 2683 5598 τὴν
2727 5523 2986 5582 εὐκολίαν
3019 5523 3233 5578 ἐκείνου
3283 5524 3379 5576 τοῦ
3436 5524 3622 5591 ὅρκου,
3651 5521 3740 5574 δε-

2151 5617 2325 5679 κτέος.

2224 5707 2290 5780 β’.
2340 5709 2474 5762 Μετ’
2506 5708 2754 5763 ἐνιαυτὸν
2813 5708 2908 5770 τὰς
2942 5705 3080 5778 μετὰ
3128 5706 3224 5778 τὴν
3255 5704 3545 5782 ὁμολογίαν
3575 5705 3735 5755 ἐκπι-

2155 5804 2390 5868 πτούσας
2424 5804 2727 5875 παρθένους
2771 5803 2820 5856 oi
2870 5801 3115 5877 Πατέρες
3146 5800 3411 5874 ἔδὲχοντο,
3459 5799 3557 5854 Διά
3583 5798 3640 5853 δὲ
3672 5799 3735 5854 τὸ
