  <div class='ocr_page' id='page_1' title='image "/cluster/home/n/w/nwhite01/storage/ocr_20150623/114:no.1/coo.31924054870187/147.png"; bbox 0 0 4156 6426; ppageno 0'>
   <div class='ocr_carea' id='block_1_1' title="bbox 458 343 568 409">
    <p class='ocr_par' dir='ltr' id='par_1_1' title="bbox 458 343 568 409">
     <span class='ocr_line' id='line_1_1' title="bbox 458 343 568 409; baseline 0 0"><span class='ocrx_word' id='word_1_1' title='bbox 458 343 568 409; x_wconf 77' lang='grc'><strong>279</strong></span> 
     </span>
    </p>
   </div>
   <div class='ocr_carea' id='block_1_2' title="bbox 1568 338 2571 412">
    <p class='ocr_par' dir='ltr' id='par_1_2' title="bbox 1568 338 2571 412">
     <span class='ocr_line' id='line_1_2' title="bbox 1568 338 2571 412; baseline -0.002 -1"><span class='ocrx_word' id='word_1_2' title='bbox 1568 349 1949 412; x_wconf 85' lang='lat' dir='ltr'><strong>SYMEONIS</strong></span> <span class='ocrx_word' id='word_1_3' title='bbox 1990 338 2571 411; x_wconf 65' lang='lat' dir='ltr'><strong>METAPHRASTE</strong></span> 
     </span>
    </p>
   </div>
   <div class='ocr_carea' id='block_1_3' title="bbox 3603 344 3764 434">
    <p class='ocr_par' dir='ltr' id='par_1_3' title="bbox 3603 344 3764 434">
     <span class='ocr_line' id='line_1_3' title="bbox 3603 344 3764 434; baseline 0 -27"><span class='ocrx_word' id='word_1_4' title='bbox 3603 344 3719 408; x_wconf 52' lang='grc' dir='ltr'>ρει)</span> <span class='ocrx_word' id='word_1_5' title='bbox 3760 432 3764 434; x_wconf 10' lang='grc' dir='ltr'><strong>γ</strong></span> 
     </span>
    </p>
   </div>
   <div class='ocr_carea' id='block_1_4' title="bbox 453 455 2035 551">
    <p class='ocr_par' dir='ltr' id='par_1_4' title="bbox 453 460 2035 532">
     <span class='ocr_line' id='line_1_4' title="bbox 453 460 2035 532; baseline -0.003 -14"><span class='ocrx_word' id='word_1_6' title='bbox 453 462 715 527; x_wconf 86' lang='lat' dir='ltr'><strong>solutam,</strong></span> <span class='ocrx_word' id='word_1_7' title='bbox 743 460 1130 532; x_wconf 76' lang='lat' dir='ltr'><strong>corripiendus</strong></span> <span class='ocrx_word' id='word_1_8' title='bbox 1163 462 1383 532; x_wconf 85' lang='lat' dir='ltr'><strong>quidem</strong></span> <span class='ocrx_word' id='word_1_9' title='bbox 1411 473 1496 518; x_wconf 90' lang='lat' dir='ltr'><strong>est</strong></span> <span class='ocrx_word' id='word_1_10' title='bbox 1521 472 1743 532; x_wconf 77' lang='lat' dir='ltr'><strong>propter</strong></span> <span class='ocrx_word' id='word_1_11' title='bbox 1767 463 2035 532; x_wconf 85' lang='lat' dir='ltr'><strong>primam:</strong></span> 
     </span>
    </p>
   </div>
   <div class='ocr_carea' id='block_1_5' title="bbox 2138 455 3727 551">
    <p class='ocr_par' dir='ltr' id='par_1_5' title="bbox 2145 455 3727 551">
     <span class='ocr_line' id='line_1_5' title="bbox 2145 455 3727 551; baseline 0.001 -38"><span class='ocrx_word' id='word_1_12' title='bbox 2145 460 2331 532; x_wconf 90' lang='grc' dir='ltr'>θέραν,</span> <span class='ocrx_word' id='word_1_13' title='bbox 2383 455 2734 531; x_wconf 85' lang='grc' dir='ltr'>ἐπιτιμητέος</span> <span class='ocrx_word' id='word_1_14' title='bbox 2768 455 2869 539; x_wconf 71' lang='grc' dir='ltr'>μὶν</span> <span class='ocrx_word' id='word_1_15' title='bbox 2913 458 3000 514; x_wconf 83' lang='grc' dir='ltr'><strong>διὰ</strong></span> <span class='ocrx_word' id='word_1_16' title='bbox 3027 458 3126 531; x_wconf 79' lang='grc' dir='ltr'>τὴν</span> <span class='ocrx_word' id='word_1_17' title='bbox 3157 456 3400 530; x_wconf 73' lang='grc' dir='ltr'>πρώτην*</span> <span class='ocrx_word' id='word_1_18' title='bbox 3445 457 3536 512; x_wconf 74' lang='grc' dir='ltr'>ἐπὶ</span> <span class='ocrx_word' id='word_1_19' title='bbox 3569 459 3624 513; x_wconf 90' lang='grc' dir='ltr'><strong>δέ</strong></span> <span class='ocrx_word' id='word_1_20' title='bbox 3655 464 3727 551; x_wconf 73' lang='grc' dir='ltr'>τῇ</span> 
     </span>
    </p>
   </div>
   <div class='ocr_carea' id='block_1_6' title="bbox 453 551 1637 623">
    <p class='ocr_par' dir='ltr' id='par_1_6' title="bbox 453 551 1637 623">
     <span class='ocr_line' id='line_1_6' title="bbox 453 551 1637 623; baseline -0.001 -15"><span class='ocrx_word' id='word_1_21' title='bbox 453 561 677 623; x_wconf 76' lang='lat' dir='ltr'><strong>propter</strong></span> <span class='ocrx_word' id='word_1_22' title='bbox 696 554 993 621; x_wconf 87' lang='lat' dir='ltr'><strong>secundam</strong></span> <span class='ocrx_word' id='word_1_23' title='bbox 1029 570 1178 618; x_wconf 86' lang='lat' dir='ltr'><strong>vero,</strong></span> <span class='ocrx_word' id='word_1_24' title='bbox 1210 551 1441 608; x_wconf 86' lang='lat' dir='ltr'><strong>crimine</strong></span> <span class='ocrx_word' id='word_1_25' title='bbox 1462 562 1637 608; x_wconf 87' lang='lat' dir='ltr'><strong>vacat.</strong></span> 
     </span>
    </p>
   </div>
   <div class='ocr_carea' id='block_1_7' title="bbox 524 644 2055 715">
    <p class='ocr_par' dir='ltr' id='par_1_7' title="bbox 524 644 2055 715">
     <span class='ocr_line' id='line_1_7' title="bbox 524 644 2055 715; baseline -0.001 -16"><span class='ocrx_word' id='word_1_26' title='bbox 524 645 618 699; x_wconf 80' lang='grc'>20.</span> <span class='ocrx_word' id='word_1_27' title='bbox 665 644 799 710; x_wconf 75' lang='lat' dir='ltr'><strong>Quae</strong></span> <span class='ocrx_word' id='word_1_28' title='bbox 849 654 1041 700; x_wconf 87' lang='lat' dir='ltr'><strong>contra</strong></span> <span class='ocrx_word' id='word_1_29' title='bbox 1091 645 1426 710; x_wconf 80' lang='lat' dir='ltr'><strong>voluntatem</strong></span> <span class='ocrx_word' id='word_1_30' title='bbox 1474 644 1645 715; x_wconf 85' lang='lat' dir='ltr'><strong>patris</strong></span> <span class='ocrx_word' id='word_1_31' title='bbox 1691 652 1878 699; x_wconf 88' lang='lat' dir='ltr'><strong>secuta</strong></span> <span class='ocrx_word' id='word_1_32' title='bbox 1927 651 2055 710; x_wconf 87' lang='lat' dir='ltr'><strong>est,-</strong></span> 
     </span>
    </p>
   </div>
   <div class='ocr_carea' id='block_1_8' title="bbox 453 737 2034 807">
    <p class='ocr_par' dir='ltr' id='par_1_8' title="bbox 453 737 2034 807">
     <span class='ocr_line' id='line_1_8' title="bbox 453 737 2034 807; baseline 0.001 -16"><span class='ocrx_word' id='word_1_33' title='bbox 453 746 694 792; x_wconf 87' lang='lat' dir='ltr'><strong>scortum</strong></span> <span class='ocrx_word' id='word_1_34' title='bbox 725 746 980 793; x_wconf 85' lang='lat' dir='ltr'><strong>censetur</strong></span> <span class='ocrx_word' id='word_1_35' title='bbox 1003 753 1022 792; x_wconf 92' lang='lat'><strong><em>:</em></strong></span> <span class='ocrx_word' id='word_1_36' title='bbox 1054 738 1098 792; x_wconf 90' lang='lat' dir='ltr'><strong>si</strong></span> <span class='ocrx_word' id='word_1_37' title='bbox 1125 753 1257 792; x_wconf 85' lang='lat' dir='ltr'><strong>vero</strong></span> <span class='ocrx_word' id='word_1_38' title='bbox 1276 744 1528 807; x_wconf 89' lang='lat' dir='ltr'><strong>parentes</strong></span> <span class='ocrx_word' id='word_1_39' title='bbox 1557 737 1892 792; x_wconf 84' lang='lat' dir='ltr'><strong>reconciliati</strong></span> <span class='ocrx_word' id='word_1_40' title='bbox 1925 737 2034 792; x_wconf 82' lang='lat' dir='ltr'><strong>fue-</strong></span> 
     </span>
    </p>
   </div>
   <div class='ocr_carea' id='block_1_9' title="bbox 455 827 2033 906">
    <p class='ocr_par' dir='ltr' id='par_1_9' title="bbox 455 827 2033 906">
     <span class='ocr_line' id='line_1_9' title="bbox 455 827 2033 906; baseline 0.001 -26"><span class='ocrx_word' id='word_1_41' title='bbox 455 829 585 893; x_wconf 88' lang='lat' dir='ltr'><strong>rint,</strong></span> <span class='ocrx_word' id='word_1_42' title='bbox 606 828 917 906; x_wconf 70' lang='lat' dir='ltr'><strong>f&#39;actumque</strong></span> <span class='ocrx_word' id='word_1_43' title='bbox 949 829 1252 906; x_wconf 72' lang='lat' dir='ltr'><strong>remedium</strong></span> <span class='ocrx_word' id='word_1_44' title='bbox 1277 829 1526 898; x_wconf 86' lang='lat' dir='ltr'><strong>accipere</strong></span> <span class='ocrx_word' id='word_1_45' title='bbox 1551 827 1820 894; x_wconf 85' lang='lat' dir='ltr'><strong>videatur,</strong></span> <span class='ocrx_word' id='word_1_46' title='bbox 1853 838 2033 883; x_wconf 89' lang='lat' dir='ltr'><strong>tamen</strong></span> 
     </span>
    </p>
   </div>
   <div class='ocr_carea' id='block_1_10' title="bbox 455 901 1380 1007">
    <p class='ocr_par' dir='ltr' id='par_1_10' title="bbox 455 901 1380 1007">
     <span class='ocr_line' id='line_1_10' title="bbox 455 901 1380 1007; baseline 0.002 -34"><span class='ocrx_word' id='word_1_47' title='bbox 455 901 704 975; x_wconf 75' lang='lat' dir='ltr'><strong>triennio</strong></span> <span class='ocrx_word' id='word_1_48' title='bbox 716 921 1056 990; x_wconf 65' lang='lat' dir='ltr'><strong>paenitentiae</strong></span> <span class='ocrx_word' id='word_1_49' title='bbox 1081 901 1380 1007; x_wconf 59' lang='lat' dir='ltr'><strong>subiaceat.</strong></span> 
     </span>
    </p>
   </div>
   <div class='ocr_carea' id='block_1_11' title="bbox 523 1000 1757 1087">
    <p class='ocr_par' dir='ltr' id='par_1_11' title="bbox 523 1000 1757 1087">
     <span class='ocr_line' id='line_1_11' title="bbox 523 1000 1757 1087; baseline 0.002 -22"><span class='ocrx_word' id='word_1_50' title='bbox 523 1011 615 1068; x_wconf 75' lang='lat' dir='ltr'><strong>2i.</strong></span> <span class='ocrx_word' id='word_1_51' title='bbox 644 1012 776 1078; x_wconf 81' lang='lat' dir='ltr'><strong>Quae</strong></span> <span class='ocrx_word' id='word_1_52' title='bbox 809 1028 934 1068; x_wconf 89' lang='lat' dir='ltr'><strong>cum</strong></span> <span class='ocrx_word' id='word_1_53' title='bbox 964 1013 1210 1087; x_wconf 84' lang='lat' dir='ltr'><strong>adultero</strong></span> <span class='ocrx_word' id='word_1_54' title='bbox 1241 1000 1394 1076; x_wconf 66' lang='lat' dir='ltr'><strong>vivit,</strong></span> <span class='ocrx_word' id='word_1_55' title='bbox 1429 1000 1757 1082; x_wconf 71' lang='lat' dir='ltr'><strong>mmchatur.</strong></span> 
     </span>
    </p>
   </div>
   <div class='ocr_carea' id='block_1_12' title="bbox 523 1104 2032 1175">
    <p class='ocr_par' dir='ltr' id='par_1_12' title="bbox 523 1104 2032 1175">
     <span class='ocr_line' id='line_1_12' title="bbox 523 1104 2032 1175; baseline 0.001 -18"><span class='ocrx_word' id='word_1_56' title='bbox 523 1105 615 1160; x_wconf 82' lang='grc'><strong>22.</strong></span> <span class='ocrx_word' id='word_1_57' title='bbox 649 1104 859 1160; x_wconf 85' lang='lat' dir='ltr'><strong>Ancilla</strong></span> <span class='ocrx_word' id='word_1_58' title='bbox 881 1121 1000 1175; x_wconf 63' lang='lat' dir='ltr'><strong>quae</strong></span> <span class='ocrx_word' id='word_1_59' title='bbox 1016 1121 1074 1161; x_wconf 91' lang='lat' dir='ltr'><strong>se</strong></span> <span class='ocrx_word' id='word_1_60' title='bbox 1096 1106 1212 1159; x_wconf 92' lang='lat' dir='ltr'><strong>viro</strong></span> <span class='ocrx_word' id='word_1_61' title='bbox 1233 1105 1538 1170; x_wconf 87' lang='lat' dir='ltr'><strong>tradiderit,</strong></span> <span class='ocrx_word' id='word_1_62' title='bbox 1565 1105 1898 1170; x_wconf 83' lang='lat' dir='ltr'><strong>fornicatur;</strong></span> <span class='ocrx_word' id='word_1_63' title='bbox 1919 1119 2032 1158; x_wconf 87' lang='lat' dir='ltr'><strong>ma-</strong></span> 
     </span>
    </p>
   </div>
   <div class='ocr_carea' id='block_1_13' title="bbox 456 1194 2035 1268">
    <p class='ocr_par' dir='ltr' id='par_1_13' title="bbox 456 1194 2035 1268">
     <span class='ocr_line' id='line_1_13' title="bbox 456 1194 2035 1268; baseline -0.001 -16"><span class='ocrx_word' id='word_1_64' title='bbox 456 1195 716 1252; x_wconf 84' lang='lat' dir='ltr'><strong>trimonio</strong></span> <span class='ocrx_word' id='word_1_65' title='bbox 742 1212 871 1252; x_wconf 88' lang='lat' dir='ltr'><strong>vero</strong></span> <span class='ocrx_word' id='word_1_66' title='bbox 904 1197 1330 1268; x_wconf 75' lang='lat' dir='ltr'><strong>jungitur,.qu:e</strong></span> <span class='ocrx_word' id='word_1_67' title='bbox 1365 1211 1490 1250; x_wconf 92' lang='lat' dir='ltr'><strong>cum</strong></span> <span class='ocrx_word' id='word_1_68' title='bbox 1529 1194 1735 1251; x_wconf 86' lang='lat' dir='ltr'><strong>domini</strong></span> <span class='ocrx_word' id='word_1_69' title='bbox 1762 1210 2035 1250; x_wconf 89' lang='lat' dir='ltr'><strong>consensu</strong></span> 
     </span>
    </p>
   </div>
   <div class='ocr_carea' id='block_1_14' title="bbox 457 1286 2035 1356">
    <p class='ocr_par' dir='ltr' id='par_1_14' title="bbox 457 1286 2035 1356">
     <span class='ocr_line' id='line_1_14' title="bbox 457 1286 2035 1356; baseline -0.001 -14"><span class='ocrx_word' id='word_1_70' title='bbox 457 1290 510 1342; x_wconf 78' lang='lat' dir='ltr'><strong>id</strong></span> <span class='ocrx_word' id='word_1_71' title='bbox 543 1288 690 1342; x_wconf 81' lang='lat' dir='ltr'><strong>facit.</strong></span> <span class='ocrx_word' id='word_1_72' title='bbox 721 1286 853 1354; x_wconf 65' lang='lat' dir='ltr'><strong>Quae</strong></span> <span class='ocrx_word' id='word_1_73' title='bbox 889 1289 1035 1342; x_wconf 89' lang='lat' dir='ltr'><strong>enim</strong></span> <span class='ocrx_word' id='word_1_74' title='bbox 1072 1287 1210 1341; x_wconf 86' lang='lat' dir='ltr'><strong>ﬁunt</strong></span> <span class='ocrx_word' id='word_1_75' title='bbox 1237 1287 1306 1341; x_wconf 90' lang='lat' dir='ltr'><strong>ab</strong></span> <span class='ocrx_word' id='word_1_76' title='bbox 1334 1287 1401 1340; x_wconf 93' lang='lat' dir='ltr'><strong>iis</strong></span> <span class='ocrx_word' id='word_1_77' title='bbox 1431 1286 1522 1356; x_wconf 88' lang='lat' dir='ltr'><strong>qui</strong></span> <span class='ocrx_word' id='word_1_78' title='bbox 1549 1286 1740 1341; x_wconf 57' lang='lat' dir='ltr'><strong>aliena)</strong></span> <span class='ocrx_word' id='word_1_79' title='bbox 1779 1288 2035 1354; x_wconf 87' lang='lat' dir='ltr'><strong>potestati</strong></span> 
     </span>
    </p>
   </div>
   <div class='ocr_carea' id='block_1_15' title="bbox 456 1372 1135 1440">
    <p class='ocr_par' dir='ltr' id='par_1_15' title="bbox 456 1372 1135 1440">
     <span class='ocr_line' id='line_1_15' title="bbox 456 1372 1135 1440; baseline -0.001 -12"><span class='ocrx_word' id='word_1_80' title='bbox 456 1375 663 1429; x_wconf 85' lang='lat' dir='ltr'><strong>subditi</strong></span> <span class='ocrx_word' id='word_1_81' title='bbox 698 1382 845 1440; x_wconf 88' lang='lat' dir='ltr'><strong>sunt,</strong></span> <span class='ocrx_word' id='word_1_82' title='bbox 879 1372 1135 1429; x_wconf 86' lang='lat' dir='ltr'><strong>invalida.</strong></span> 
     </span>
    </p>
   </div>
   <div class='ocr_carea' id='block_1_16' title="bbox 431 1463 2033 1535">
    <p class='ocr_par' dir='ltr' id='par_1_16' title="bbox 431 1463 2033 1535">
     <span class='ocr_line' id='line_1_16' title="bbox 431 1463 2033 1535; baseline 0.001 -17"><span class='ocrx_word' id='word_1_83' title='bbox 431 1484 436 1489; x_wconf 95' lang='grc'>·</span> <span class='ocrx_word' id='word_1_84' title='bbox 525 1465 818 1535; x_wconf 53' lang='lat' dir='ltr'><strong>23.)&quot;idua</strong></span> <span class='ocrx_word' id='word_1_85' title='bbox 845 1479 965 1534; x_wconf 63' lang='lat' dir='ltr'><strong>quae</strong></span> <span class='ocrx_word' id='word_1_86' title='bbox 991 1463 1167 1518; x_wconf 92' lang='lat' dir='ltr'><strong>virum</strong></span> <span class='ocrx_word' id='word_1_87' title='bbox 1190 1464 1410 1534; x_wconf 83' lang='lat' dir='ltr'><strong>accipit,</strong></span> <span class='ocrx_word' id='word_1_88' title='bbox 1444 1463 1692 1519; x_wconf 86' lang='lat' dir='ltr'><strong>criminis</strong></span> <span class='ocrx_word' id='word_1_89' title='bbox 1713 1478 1910 1534; x_wconf 86' lang='lat' dir='ltr'><strong>expers</strong></span> <span class='ocrx_word' id='word_1_90' title='bbox 1930 1476 2033 1520; x_wconf 91' lang='lat' dir='ltr'><strong>est.</strong></span> 
     </span>
    </p>
   </div>
   <div class='ocr_carea' id='block_1_17' title="bbox 519 1538 2036 1624">
    <p class='ocr_par' dir='ltr' id='par_1_17' title="bbox 519 1538 2036 1624">
     <span class='ocr_line' id='line_1_17' title="bbox 519 1538 2036 1624; baseline 0.003 -16"><span class='ocrx_word' id='word_1_91' title='bbox 519 1538 620 1608; x_wconf 73' lang='grc'>24.</span> <span class='ocrx_word' id='word_1_92' title='bbox 652 1555 817 1609; x_wconf 84' lang='lat' dir='ltr'><strong>Filius</strong></span> <span class='ocrx_word' id='word_1_93' title='bbox 837 1555 1009 1624; x_wconf 89' lang='lat' dir='ltr'><strong>patris</strong></span> <span class='ocrx_word' id='word_1_94' title='bbox 1033 1541 1285 1624; x_wconf 87' lang='lat' dir='ltr'><strong>potestati</strong></span> <span class='ocrx_word' id='word_1_95' title='bbox 1317 1554 1588 1621; x_wconf 90' lang='lat' dir='ltr'><strong>subditus,</strong></span> <span class='ocrx_word' id='word_1_96' title='bbox 1614 1563 1670 1610; x_wconf 92' lang='lat' dir='ltr'><strong>et</strong></span> <span class='ocrx_word' id='word_1_97' title='bbox 1690 1571 1884 1611; x_wconf 91' lang='lat' dir='ltr'><strong>servus</strong></span> <span class='ocrx_word' id='word_1_98' title='bbox 1901 1557 2036 1612; x_wconf 88' lang='lat' dir='ltr'><strong>citra</strong></span> 
     </span>
    </p>
   </div>
   <div class='ocr_carea' id='block_1_18' title="bbox 453 1646 2034 1714">
    <p class='ocr_par' dir='ltr' id='par_1_18' title="bbox 453 1646 2034 1714">
     <span class='ocr_line' id='line_1_18' title="bbox 453 1646 2034 1714; baseline 0.004 -16"><span class='ocrx_word' id='word_1_99' title='bbox 453 1646 799 1700; x_wconf 82' lang='lat' dir='ltr'><strong>dominorum</strong></span> <span class='ocrx_word' id='word_1_100' title='bbox 831 1660 1183 1714; x_wconf 87' lang='lat' dir='ltr'><strong>consensum,</strong></span> <span class='ocrx_word' id='word_1_101' title='bbox 1224 1646 1638 1702; x_wconf 85' lang='lat' dir='ltr'><strong>matrimonium</strong></span> <span class='ocrx_word' id='word_1_102' title='bbox 1679 1649 2034 1713; x_wconf 81' lang='lat' dir='ltr'><strong>contrah&#39;ens,</strong></span> 
     </span>
    </p>
   </div>
   <div class='ocr_carea' id='block_1_19' title="bbox 455 1739 1047 1809">
    <p class='ocr_par' dir='ltr' id='par_1_19' title="bbox 455 1739 1047 1809">
     <span class='ocr_line' id='line_1_19' title="bbox 455 1739 1047 1809; baseline 0.002 -16"><span class='ocrx_word' id='word_1_103' title='bbox 455 1739 628 1809; x_wconf 64' lang='lat' dir='ltr'><strong>culpae</strong></span> <span class='ocrx_word' id='word_1_104' title='bbox 650 1739 870 1794; x_wconf 78' lang='lat' dir='ltr'><strong>obnoxii</strong></span> <span class='ocrx_word' id='word_1_105' title='bbox 887 1739 1047 1794; x_wconf 79' lang='lat' dir='ltr'><strong>&#39;sunt.</strong></span> 
     </span>
    </p>
   </div>
   <div class='ocr_carea' id='block_1_20' title="bbox 523 1829 2034 1900">
    <p class='ocr_par' dir='ltr' id='par_1_20' title="bbox 523 1829 2034 1900">
     <span class='ocr_line' id='line_1_20' title="bbox 523 1829 2034 1900; baseline 0.004 -18"><span class='ocrx_word' id='word_1_106' title='bbox 523 1829 614 1883; x_wconf 79' lang='grc'><strong>25.</strong></span> <span class='ocrx_word' id='word_1_107' title='bbox 640 1829 743 1895; x_wconf 86' lang='lat' dir='ltr'><strong>Qui</strong></span> <span class='ocrx_word' id='word_1_108' title='bbox 776 1830 1113 1900; x_wconf 89' lang='lat' dir='ltr'><strong>percusserit</strong></span> <span class='ocrx_word' id='word_1_109' title='bbox 1141 1831 1210 1886; x_wconf 87' lang='lat' dir='ltr'><strong>ad</strong></span> <span class='ocrx_word' id='word_1_110' title='bbox 1230 1841 1484 1899; x_wconf 88' lang='lat' dir='ltr'><strong>mortem,</strong></span> <span class='ocrx_word' id='word_1_111' title='bbox 1504 1841 1618 1888; x_wconf 92' lang='lat' dir='ltr'><strong>tum</strong></span> <span class='ocrx_word' id='word_1_112' title='bbox 1650 1833 1887 1898; x_wconf 83' lang='lat' dir='ltr'><strong>lacessit,</strong></span> <span class='ocrx_word' id='word_1_113' title='bbox 1922 1843 2034 1888; x_wconf 91' lang='lat' dir='ltr'><strong>tum</strong></span> 
     </span>
    </p>
   </div>
   <div class='ocr_carea' id='block_1_21' title="bbox 455 1921 1200 1991">
    <p class='ocr_par' dir='ltr' id='par_1_21' title="bbox 455 1921 1200 1991">
     <span class='ocr_line' id='line_1_21' title="bbox 455 1921 1200 1991; baseline 0.008 -18"><span class='ocrx_word' id='word_1_114' title='bbox 455 1921 547 1991; x_wconf 88' lang='lat' dir='ltr'><strong>qui</strong></span> <span class='ocrx_word' id='word_1_115' title='bbox 575 1922 878 1988; x_wconf 82' lang='lat' dir='ltr'><strong>ulciscitur,</strong></span> <span class='ocrx_word' id='word_1_116' title='bbox 903 1924 1200 1979; x_wconf 81' lang='lat' dir='ltr'><strong>homicida.</strong></span> 
     </span>
    </p>
   </div>
   <div class='ocr_carea' id='block_1_22' title="bbox 525 2013 2037 2086">
    <p class='ocr_par' dir='ltr' id='par_1_22' title="bbox 525 2013 2037 2086">
     <span class='ocr_line' id='line_1_22' title="bbox 525 2013 2037 2086; baseline 0.003 -21"><span class='ocrx_word' id='word_1_117' title='bbox 525 2013 614 2066; x_wconf 88' lang='grc'><strong>26.</strong></span> <span class='ocrx_word' id='word_1_118' title='bbox 643 2013 954 2070; x_wconf 89' lang='lat' dir='ltr'><strong>Diaconissa</strong></span> <span class='ocrx_word' id='word_1_119' title='bbox 994 2030 1118 2069; x_wconf 93' lang='lat' dir='ltr'><strong>cum</strong></span> <span class='ocrx_word' id='word_1_120' title='bbox 1149 2015 1335 2086; x_wconf 77' lang='lat' dir='ltr'><strong>gentili</strong></span> <span class='ocrx_word' id='word_1_121' title='bbox 1358 2014 1643 2081; x_wconf 68' lang='lat' dir='ltr'><strong>fornicata,</strong></span> <span class='ocrx_word' id='word_1_122' title='bbox 1677 2017 2037 2086; x_wconf 68' lang='lat' dir='ltr'><strong>ac&#39;pazniten-</strong></span> 
     </span>
    </p>
   </div>
   <div class='ocr_carea' id='block_1_23' title="bbox 457 2105 1804 2178">
    <p class='ocr_par' dir='ltr' id='par_1_23' title="bbox 457 2105 1804 2178">
     <span class='ocr_line' id='line_1_23' title="bbox 457 2105 1804 2178; baseline 0.001 -18"><span class='ocrx_word' id='word_1_123' title='bbox 457 2106 532 2160; x_wconf 89' lang='lat' dir='ltr'><strong>tia</strong></span> <span class='ocrx_word' id='word_1_124' title='bbox 570 2105 753 2170; x_wconf 90' lang='lat' dir='ltr'><strong>ducta,</strong></span> <span class='ocrx_word' id='word_1_125' title='bbox 786 2107 1073 2176; x_wconf 82' lang='lat' dir='ltr'><strong>septennio</strong></span> <span class='ocrx_word' id='word_1_126' title='bbox 1099 2107 1435 2177; x_wconf 68' lang='lat' dir='ltr'><strong>poenitentiae</strong></span> <span class='ocrx_word' id='word_1_127' title='bbox 1463 2109 1804 2178; x_wconf 86' lang='lat' dir='ltr'><strong>subjiciatur.</strong></span> 
     </span>
    </p>
   </div>
   <div class='ocr_carea' id='block_1_24' title="bbox 523 2197 2034 2265">
    <p class='ocr_par' dir='ltr' id='par_1_24' title="bbox 523 2197 2034 2265">
     <span class='ocr_line' id='line_1_24' title="bbox 523 2197 2034 2265; baseline 0.002 -13"><span class='ocrx_word' id='word_1_128' title='bbox 523 2197 614 2252; x_wconf 84' lang='grc'><strong>27.</strong></span> <span class='ocrx_word' id='word_1_129' title='bbox 661 2197 1006 2252; x_wconf 80' lang='lat' dir='ltr'><strong>Christianus</strong></span> <span class='ocrx_word' id='word_1_130' title='bbox 1053 2197 1382 2253; x_wconf 81' lang='lat' dir='ltr'><strong>contumelia</strong></span> <span class='ocrx_word' id='word_1_131' title='bbox 1443 2198 1725 2255; x_wconf 88' lang='lat' dir='ltr'><strong>Christum</strong></span> <span class='ocrx_word' id='word_1_132' title='bbox 1773 2199 2034 2265; x_wconf 81' lang='lat' dir='ltr'><strong>alliciens,</strong></span> 
     </span>
    </p>
   </div>
   <div class='ocr_carea' id='block_1_25' title="bbox 458 2286 1798 2361">
    <p class='ocr_par' dir='ltr' id='par_1_25' title="bbox 458 2286 1798 2361">
     <span class='ocr_line' id='line_1_25' title="bbox 458 2286 1798 2361; baseline 0.003 -21"><span class='ocrx_word' id='word_1_133' title='bbox 458 2288 664 2341; x_wconf 83' lang='lat' dir='ltr'><strong>nullum</strong></span> <span class='ocrx_word' id='word_1_134' title='bbox 697 2286 936 2342; x_wconf 78' lang='lat' dir='ltr'><strong>fructum</strong></span> <span class='ocrx_word' id='word_1_135' title='bbox 966 2303 1030 2343; x_wconf 86' lang='lat' dir='ltr'><strong>ex</strong></span> <span class='ocrx_word' id='word_1_136' title='bbox 1069 2289 1356 2344; x_wconf 84' lang='lat' dir='ltr'><strong>vocatione</strong></span> <span class='ocrx_word' id='word_1_137' title='bbox 1381 2305 1478 2343; x_wconf 91' lang='lat' dir='ltr'><strong>sua</strong></span> <span class='ocrx_word' id='word_1_138' title='bbox 1511 2291 1798 2361; x_wconf 85' lang='lat' dir='ltr'><strong>percipiat.</strong></span> 
     </span>
    </p>
   </div>
   <div class='ocr_carea' id='block_1_26' title="bbox 528 2377 2032 2452">
    <p class='ocr_par' dir='ltr' id='par_1_26' title="bbox 528 2377 2032 2452">
     <span class='ocr_line' id='line_1_26' title="bbox 528 2377 2032 2452; baseline 0.003 -19"><span class='ocrx_word' id='word_1_139' title='bbox 528 2379 617 2434; x_wconf 88' lang='grc'>28.</span> <span class='ocrx_word' id='word_1_140' title='bbox 640 2377 838 2449; x_wconf 79' lang='lat' dir='ltr'><strong>Nupsit</strong></span> <span class='ocrx_word' id='word_1_141' title='bbox 857 2378 1104 2450; x_wconf 74' lang='lat' dir='ltr'><strong>quaedam</strong></span> <span class='ocrx_word' id='word_1_142' title='bbox 1129 2395 1226 2450; x_wconf 84' lang='lat' dir='ltr'><strong>per</strong></span> <span class='ocrx_word' id='word_1_143' title='bbox 1245 2380 1604 2452; x_wconf 76' lang='lat' dir='ltr'><strong>ignorantiam</strong></span> <span class='ocrx_word' id='word_1_144' title='bbox 1627 2383 1746 2437; x_wconf 88' lang='lat' dir='ltr'><strong>viro</strong></span> <span class='ocrx_word' id='word_1_145' title='bbox 1765 2383 1991 2439; x_wconf 90' lang='lat' dir='ltr'><strong>dimisso</strong></span> <span class='ocrx_word' id='word_1_146' title='bbox 2017 2399 2032 2436; x_wconf 88' lang='lat'><strong>:</strong></span> 
     </span>
    </p>
   </div>
   <div class='ocr_carea' id='block_1_27' title="bbox 457 2456 2033 2544">
    <p class='ocr_par' dir='ltr' id='par_1_27' title="bbox 457 2456 2033 2544">
     <span class='ocr_line' id='line_1_27' title="bbox 457 2456 2033 2544; baseline 0.002 -18"><span class='ocrx_word' id='word_1_147' title='bbox 457 2472 656 2526; x_wconf 88' lang='lat' dir='ltr'><strong>deinde</strong></span> <span class='ocrx_word' id='word_1_148' title='bbox 685 2472 855 2542; x_wconf 91' lang='lat' dir='ltr'><strong>priori</strong></span> <span class='ocrx_word' id='word_1_149' title='bbox 878 2472 994 2541; x_wconf 90' lang='lat' dir='ltr'><strong>ipse</strong></span> <span class='ocrx_word' id='word_1_150' title='bbox 1026 2472 1310 2528; x_wconf 90' lang='lat' dir='ltr'><strong>restitutus</strong></span> <span class='ocrx_word' id='word_1_151' title='bbox 1326 2482 1430 2540; x_wconf 91' lang='lat' dir='ltr'><strong>est,</strong></span> <span class='ocrx_word' id='word_1_152' title='bbox 1464 2474 1580 2544; x_wconf 91' lang='lat' dir='ltr'><strong>ipsa</strong></span> <span class='ocrx_word' id='word_1_153' title='bbox 1612 2456 1742 2530; x_wconf 76' lang='lat' dir='ltr'><strong>vero</strong></span> <span class='ocrx_word' id='word_1_154' title='bbox 1763 2475 1984 2532; x_wconf 91' lang='lat' dir='ltr'><strong>dimissa</strong></span> <span class='ocrx_word' id='word_1_155' title='bbox 2019 2491 2033 2529; x_wconf 91' lang='lat'><strong>:</strong></span> 
     </span>
    </p>
   </div>
   <div class='ocr_carea' id='block_1_28' title="bbox 459 2563 2038 2635">
    <p class='ocr_par' dir='ltr' id='par_1_28' title="bbox 459 2563 2038 2635">
     <span class='ocr_line' id='line_1_28' title="bbox 459 2563 2038 2635; baseline 0.003 -19"><span class='ocrx_word' id='word_1_156' title='bbox 459 2572 701 2618; x_wconf 89' lang='lat' dir='ltr'><strong>scortum</strong></span> <span class='ocrx_word' id='word_1_157' title='bbox 732 2572 1017 2632; x_wconf 83' lang='lat' dir='ltr'><strong>reputatur</strong></span> <span class='ocrx_word' id='word_1_158' title='bbox 1040 2579 1137 2633; x_wconf 88' lang='lat' dir='ltr'><strong>per</strong></span> <span class='ocrx_word' id='word_1_159' title='bbox 1165 2563 1546 2635; x_wconf 71' lang='lat' dir='ltr'><strong>ignorantiam,</strong></span> <span class='ocrx_word' id='word_1_160' title='bbox 1583 2579 1647 2619; x_wconf 94' lang='lat' dir='ltr'><strong>ac</strong></span> <span class='ocrx_word' id='word_1_161' title='bbox 1684 2565 1729 2620; x_wconf 88' lang='lat' dir='ltr'><strong>si</strong></span> <span class='ocrx_word' id='word_1_162' title='bbox 1759 2565 1910 2632; x_wconf 82' lang='lat' dir='ltr'><strong>velit,</strong></span> <span class='ocrx_word' id='word_1_163' title='bbox 1942 2581 2038 2621; x_wconf 86' lang='lat' dir='ltr'><strong>nu-</strong></span> 
     </span>
    </p>
   </div>
   <div class='ocr_carea' id='block_1_29' title="bbox 458 2653 1687 2733">
    <p class='ocr_par' dir='ltr' id='par_1_29' title="bbox 458 2653 1687 2733">
     <span class='ocr_line' id='line_1_29' title="bbox 458 2653 1687 2733; baseline 0.002 -25"><span class='ocrx_word' id='word_1_164' title='bbox 458 2655 590 2708; x_wconf 83' lang='lat' dir='ltr'><strong>bere</strong></span> <span class='ocrx_word' id='word_1_165' title='bbox 622 2661 833 2724; x_wconf 86' lang='lat' dir='ltr'><strong>potest;</strong></span> <span class='ocrx_word' id='word_1_166' title='bbox 867 2653 1060 2709; x_wconf 92' lang='lat' dir='ltr'><strong>melius</strong></span> <span class='ocrx_word' id='word_1_167' title='bbox 1089 2670 1242 2720; x_wconf 85' lang='lat' dir='ltr'><strong>vero,</strong></span> <span class='ocrx_word' id='word_1_168' title='bbox 1284 2655 1468 2733; x_wconf 84' lang='lat' dir='ltr'><strong>sinon</strong></span> <span class='ocrx_word' id='word_1_169' title='bbox 1498 2656 1687 2712; x_wconf 82' lang='lat' dir='ltr'><strong>nubat.</strong></span> 
     </span>
    </p>
   </div>
   <div class='ocr_carea' id='block_1_30' title="bbox 529 2746 2035 2819">
    <p class='ocr_par' dir='ltr' id='par_1_30' title="bbox 529 2746 2035 2819">
     <span class='ocr_line' id='line_1_30' title="bbox 529 2746 2035 2819; baseline 0.003 -19"><span class='ocrx_word' id='word_1_170' title='bbox 529 2746 621 2802; x_wconf 86' lang='grc'><strong>29.</strong></span> <span class='ocrx_word' id='word_1_171' title='bbox 650 2746 977 2809; x_wconf 83' lang='lat' dir='ltr'><strong>Encratitas.</strong></span> <span class='ocrx_word' id='word_1_172' title='bbox 1007 2747 1369 2817; x_wconf 89' lang='lat' dir='ltr'><strong>sarcophoros</strong></span> <span class='ocrx_word' id='word_1_173' title='bbox 1395 2758 1558 2818; x_wconf 90' lang='lat' dir='ltr'><strong>atque</strong></span> <span class='ocrx_word' id='word_1_174' title='bbox 1591 2748 1917 2819; x_wconf 82' lang='lat' dir='ltr'><strong>apolactilas</strong></span> <span class='ocrx_word' id='word_1_175' title='bbox 1945 2749 2035 2804; x_wconf 86' lang='lat' dir='ltr'><strong>dc-</strong></span> 
     </span>
    </p>
   </div>
   <div class='ocr_carea' id='block_1_31' title="bbox 446 2823 2033 2908">
    <p class='ocr_par' dir='ltr' id='par_1_31' title="bbox 446 2823 2033 2908">
     <span class='ocr_line' id='line_1_31' title="bbox 446 2823 2033 2908; baseline 0.003 -17"><span class='ocrx_word' id='word_1_176' title='bbox 446 2823 570 2892; x_wconf 13' lang='lat' dir='ltr'><strong>inuo</strong></span> <span class='ocrx_word' id='word_1_177' title='bbox 608 2831 928 2907; x_wconf 86' lang='lat' dir='ltr'><strong>baptizabis.</strong></span> <span class='ocrx_word' id='word_1_178' title='bbox 962 2838 1222 2904; x_wconf 80' lang='lat' dir='ltr'><strong>Quamvis</strong></span> <span class='ocrx_word' id='word_1_179' title='bbox 1245 2839 1392 2894; x_wconf 92' lang='lat' dir='ltr'><strong>enim</strong></span> <span class='ocrx_word' id='word_1_180' title='bbox 1416 2840 1600 2895; x_wconf 89' lang='lat' dir='ltr'><strong>dicant</strong></span> <span class='ocrx_word' id='word_1_181' title='bbox 1624 2856 1682 2896; x_wconf 91' lang='lat' dir='ltr'><strong>se</strong></span> <span class='ocrx_word' id='word_1_182' title='bbox 1713 2841 1766 2895; x_wconf 92' lang='lat' dir='ltr'><strong>in</strong></span> <span class='ocrx_word' id='word_1_183' title='bbox 1797 2840 2033 2908; x_wconf 88' lang='lat' dir='ltr'><strong>Patrem,</strong></span> 
     </span>
    </p>
   </div>
   <div class='ocr_carea' id='block_1_32' title="bbox 459 2916 2033 3002">
    <p class='ocr_par' dir='ltr' id='par_1_32' title="bbox 459 2916 2033 3002">
     <span class='ocr_line' id='line_1_32' title="bbox 459 2916 2033 3002; baseline 0.003 -21"><span class='ocrx_word' id='word_1_184' title='bbox 459 2936 515 2981; x_wconf 92' lang='lat' dir='ltr'><strong>et</strong></span> <span class='ocrx_word' id='word_1_185' title='bbox 560 2927 781 2992; x_wconf 82' lang='lat' dir='ltr'><strong>Filium,</strong></span> <span class='ocrx_word' id='word_1_186' title='bbox 826 2935 884 2982; x_wconf 89' lang='lat' dir='ltr'><strong>et</strong></span> <span class='ocrx_word' id='word_1_187' title='bbox 929 2916 1194 2999; x_wconf 91' lang='lat' dir='ltr'><strong>Spiritum</strong></span> <span class='ocrx_word' id='word_1_188' title='bbox 1247 2943 1496 2985; x_wconf 82' lang='lat' dir='ltr'><strong>sanetum</strong></span> <span class='ocrx_word' id='word_1_189' title='bbox 1539 2947 1663 2986; x_wconf 91' lang='lat' dir='ltr'><strong>esse</strong></span> <span class='ocrx_word' id='word_1_190' title='bbox 1711 2932 2033 3002; x_wconf 79' lang='lat' dir='ltr'><strong>baptizatos,</strong></span> 
     </span>
    </p>
   </div>
   <div class='ocr_carea' id='block_1_33' title="bbox 455 3020 2037 3090">
    <p class='ocr_par' dir='ltr' id='par_1_33' title="bbox 455 3020 2037 3090">
     <span class='ocr_line' id='line_1_33' title="bbox 455 3020 2037 3090; baseline 0.004 -19"><span class='ocrx_word' id='word_1_191' title='bbox 455 3029 836 3075; x_wconf 75' lang='lat' dir='ltr'><strong>verumtamen</strong></span> <span class='ocrx_word' id='word_1_192' title='bbox 883 3020 1140 3090; x_wconf 84' lang='lat' dir='ltr'><strong>quoniam</strong></span> <span class='ocrx_word' id='word_1_193' title='bbox 1197 3022 1465 3077; x_wconf 89' lang='lat' dir='ltr'><strong>malorum</strong></span> <span class='ocrx_word' id='word_1_194' title='bbox 1520 3032 1800 3078; x_wconf 83' lang='lat' dir='ltr'><strong>auctorem</strong></span> <span class='ocrx_word' id='word_1_195' title='bbox 1867 3025 2037 3078; x_wconf 91' lang='lat' dir='ltr'><strong>Deum</strong></span> 
     </span>
    </p>
   </div>
   <div class='ocr_carea' id='block_1_34' title="bbox 2138 553 2730 625">
    <p class='ocr_par' dir='ltr' id='par_1_34' title="bbox 2138 553 2730 625">
     <span class='ocr_line' id='line_1_34' title="bbox 2138 553 2730 625; baseline 0.005 -19"><span class='ocrx_word' id='word_1_196' title='bbox 2138 554 2387 625; x_wconf 76' lang='grc' dir='ltr'><strong>δευτέρᾳ,</strong></span> <span class='ocrx_word' id='word_1_197' title='bbox 2419 553 2730 615; x_wconf 82' lang='grc' dir='ltr'><strong>ἀνεύθυνος.</strong></span> 
     </span>
    </p>
   </div>
   <div class='ocr_carea' id='block_1_35' title="bbox 2211 643 3727 720">
    <p class='ocr_par' dir='ltr' id='par_1_35' title="bbox 2211 643 3727 720">
     <span class='ocr_line' id='line_1_35' title="bbox 2211 643 3727 720; baseline 0 -22"><span class='ocrx_word' id='word_1_198' title='bbox 2211 643 2280 698; x_wconf 84' lang='grc' dir='ltr'>κ’.</span> <span class='ocrx_word' id='word_1_199' title='bbox 2326 646 2483 717; x_wconf 85' lang='grc' dir='ltr'><strong>Παρά</strong></span> <span class='ocrx_word' id='word_1_200' title='bbox 2518 645 2744 718; x_wconf 83' lang='grc' dir='ltr'>γνώμην</span> <span class='ocrx_word' id='word_1_201' title='bbox 2777 648 2983 720; x_wconf 71' lang='grc' dir='ltr'>πατρὸς</span> <span class='ocrx_word' id='word_1_202' title='bbox 3014 649 3046 718; x_wconf 82' lang='grc' dir='ltr'>ὴ</span> <span class='ocrx_word' id='word_1_203' title='bbox 3072 645 3507 716; x_wconf 85' lang='grc' dir='ltr'>ἀκολουθήσασα,</span> <span class='ocrx_word' id='word_1_204' title='bbox 3548 645 3727 717; x_wconf 89' lang='grc' dir='ltr'>πόρνη</span> 
     </span>
    </p>
   </div>
   <div class='ocr_carea' id='block_1_36' title="bbox 2137 738 3730 810">
    <p class='ocr_par' dir='ltr' id='par_1_36' title="bbox 2137 738 3730 810">
     <span class='ocr_line' id='line_1_36' title="bbox 2137 738 3730 810; baseline 0 -19"><span class='ocrx_word' id='word_1_205' title='bbox 2137 739 2422 810; x_wconf 77' lang='grc' dir='ltr'><strong>κρίνεται·</strong></span> <span class='ocrx_word' id='word_1_206' title='bbox 2469 741 2517 792; x_wconf 85' lang='grc' dir='ltr'>εἰ</span> <span class='ocrx_word' id='word_1_207' title='bbox 2562 739 2619 791; x_wconf 79' lang='grc' dir='ltr'>δὲ</span> <span class='ocrx_word' id='word_1_208' title='bbox 2672 739 2768 792; x_wconf 74' lang='grc' dir='ltr'>καὶ</span> <span class='ocrx_word' id='word_1_209' title='bbox 2810 741 2858 792; x_wconf 82' lang='grc' dir='ltr'>οἱ</span> <span class='ocrx_word' id='word_1_210' title='bbox 2912 741 3090 810; x_wconf 65' lang='grc' dir='ltr'>γονεῖς</span> <span class='ocrx_word' id='word_1_211' title='bbox 3134 739 3494 805; x_wconf 83' lang='grc' dir='ltr'>διαλλαγεῖεν,</span> <span class='ocrx_word' id='word_1_212' title='bbox 3537 739 3633 792; x_wconf 74' lang='grc' dir='ltr'>καὶ</span> <span class='ocrx_word' id='word_1_213' title='bbox 3661 738 3730 791; x_wconf 77' lang='grc' dir='ltr'>τὸ</span> 
     </span>
    </p>
   </div>
   <div class='ocr_carea' id='block_1_37' title="bbox 2137 809 3730 902">
    <p class='ocr_par' dir='ltr' id='par_1_37' title="bbox 2137 809 3730 902">
     <span class='ocr_line' id='line_1_37' title="bbox 2137 809 3730 902; baseline 0.001 -19"><span class='ocrx_word' id='word_1_214' title='bbox 2137 809 2361 900; x_wconf 77' lang='grc' dir='ltr'>γεγονὸς</span> <span class='ocrx_word' id='word_1_215' title='bbox 2406 830 2706 902; x_wconf 75' lang='grc' dir='ltr'><strong>θεραπείαν</strong></span> <span class='ocrx_word' id='word_1_216' title='bbox 2736 831 2881 902; x_wconf 79' lang='grc' dir='ltr'>ἔχειν</span> <span class='ocrx_word' id='word_1_217' title='bbox 2910 809 3075 897; x_wconf 64' lang='grc' dir='ltr'>δοκεῖ,</span> <span class='ocrx_word' id='word_1_218' title='bbox 3129 833 3282 902; x_wconf 85' lang='grc' dir='ltr'>ὅμως</span> <span class='ocrx_word' id='word_1_219' title='bbox 3307 830 3549 902; x_wconf 74' lang='grc' dir='ltr'>τριετίαν</span> <span class='ocrx_word' id='word_1_220' title='bbox 3589 831 3730 884; x_wconf 83' lang='grc' dir='ltr'>ὐπο-</span> 
     </span>
    </p>
   </div>
   <div class='ocr_carea' id='block_1_38' title="bbox 2140 923 3266 978">
    <p class='ocr_par' dir='ltr' id='par_1_38' title="bbox 2140 923 3266 978">
     <span class='ocr_line' id='line_1_38' title="bbox 2140 923 3266 978; baseline 0.015 -3"><span class='ocrx_word' id='word_1_221' title='bbox 2140 923 2411 978; x_wconf 87' lang='grc' dir='ltr'>πιπτέτω.</span> <span class='ocrx_word' id='word_1_222' title='bbox 2824 942 2828 948; x_wconf 88' lang='grc'>·</span> <span class='ocrx_word' id='word_1_223' title='bbox 3263 930 3266 933; x_wconf 60' lang='grc'><em>’</em></span> 
     </span>
    </p>
   </div>
   <div class='ocr_carea' id='block_1_39' title="bbox 2210 1009 3360 1084">
    <p class='ocr_par' dir='ltr' id='par_1_39' title="bbox 2210 1009 3360 1084">
     <span class='ocr_line' id='line_1_39' title="bbox 2210 1009 3360 1084; baseline 0.003 -20"><span class='ocrx_word' id='word_1_224' title='bbox 2210 1009 2315 1068; x_wconf 84' lang='grc' dir='ltr'>κα’.</span> <span class='ocrx_word' id='word_1_225' title='bbox 2361 1011 2427 1065; x_wconf 86' lang='grc' dir='ltr'><strong><em>Ἦ</em></strong></span> <span class='ocrx_word' id='word_1_226' title='bbox 2460 1011 2680 1075; x_wconf 75' lang='grc' dir='ltr'>συζῶσα</span> <span class='ocrx_word' id='word_1_227' title='bbox 2713 1011 2910 1084; x_wconf 83' lang='grc' dir='ltr'><strong>μοιχῷ,</strong></span> <span class='ocrx_word' id='word_1_228' title='bbox 2935 1011 3360 1082; x_wconf 90' lang='grc' dir='ltr'>διαμοιχεύεται.</span> 
     </span>
    </p>
   </div>
   <div class='ocr_carea' id='block_1_40' title="bbox 2211 1093 3724 1176">
    <p class='ocr_par' dir='ltr' id='par_1_40' title="bbox 2211 1093 3724 1176">
     <span class='ocr_line' id='line_1_40' title="bbox 2211 1093 3724 1176; baseline 0.003 -21"><span class='ocrx_word' id='word_1_229' title='bbox 2211 1093 2315 1172; x_wconf 61' lang='grc' dir='ltr'>ὲεβν.</span> <span class='ocrx_word' id='word_1_230' title='bbox 2395 1103 2628 1176; x_wconf 82' lang='grc' dir='ltr'>Ἐαυτὴν</span> <span class='ocrx_word' id='word_1_231' title='bbox 2678 1105 2835 1176; x_wconf 76' lang='grc' dir='ltr'>ἀνδρὶ</span> <span class='ocrx_word' id='word_1_232' title='bbox 2884 1104 3144 1159; x_wconf 78' lang='grc' dir='ltr'><strong>ἐπιδοῦσα</strong></span> <span class='ocrx_word' id='word_1_233' title='bbox 3199 1104 3384 1176; x_wconf 82' lang='grc' dir='ltr'><strong>δούλη,</strong></span> <span class='ocrx_word' id='word_1_234' title='bbox 3438 1105 3724 1176; x_wconf 77' lang='grc' dir='ltr'>πορνεύειο</span> 
     </span>
    </p>
   </div>
   <div class='ocr_carea' id='block_1_41' title="bbox 2139 1195 3726 1271">
    <p class='ocr_par' dir='ltr' id='par_1_41' title="bbox 2139 1195 3726 1271">
     <span class='ocr_line' id='line_1_41' title="bbox 2139 1195 3726 1271; baseline 0.004 -25"><span class='ocrx_word' id='word_1_235' title='bbox 2139 1195 2549 1249; x_wconf 88' lang='grc' dir='ltr'>συνάπτεταιδέ</span> <span class='ocrx_word' id='word_1_236' title='bbox 2578 1198 2610 1266; x_wconf 82' lang='grc' dir='ltr'>ὴ</span> <span class='ocrx_word' id='word_1_237' title='bbox 2640 1197 2779 1266; x_wconf 85' lang='grc' dir='ltr'><strong>μετά</strong></span> <span class='ocrx_word' id='word_1_238' title='bbox 2799 1196 3025 1266; x_wconf 83' lang='grc' dir='ltr'><strong>γνώμης</strong></span> <span class='ocrx_word' id='word_1_239' title='bbox 3053 1197 3334 1251; x_wconf 72' lang='grc' dir='ltr'><strong>δεσπότου.</strong></span> <span class='ocrx_word' id='word_1_240' title='bbox 3368 1197 3450 1251; x_wconf 85' lang='grc' dir='ltr'><strong>Τά</strong></span> <span class='ocrx_word' id='word_1_241' title='bbox 3478 1197 3586 1271; x_wconf 79' lang='grc' dir='ltr'><strong>γὰρ</strong></span> <span class='ocrx_word' id='word_1_242' title='bbox 3611 1201 3726 1253; x_wconf 76' lang='grc' dir='ltr'><strong>τῶν</strong></span> 
     </span>
    </p>
   </div>
   <div class='ocr_carea' id='block_1_42' title="bbox 2141 1283 2784 1351">
    <p class='ocr_par' dir='ltr' id='par_1_42' title="bbox 2141 1283 2784 1351">
     <span class='ocr_line' id='line_1_42' title="bbox 2141 1283 2784 1351; baseline 0.006 -15"><span class='ocrx_word' id='word_1_243' title='bbox 2141 1283 2497 1351; x_wconf 83' lang='grc' dir='ltr'>ύπεξουσίων,</span> <span class='ocrx_word' id='word_1_244' title='bbox 2528 1287 2784 1341; x_wconf 83' lang='grc' dir='ltr'>ἀϐέϐαια.</span> 
     </span>
    </p>
   </div>
   <div class='ocr_carea' id='block_1_43' title="bbox 2219 1462 3581 1537">
    <p class='ocr_par' dir='ltr' id='par_1_43' title="bbox 2219 1462 3581 1537">
     <span class='ocr_line' id='line_1_43' title="bbox 2219 1462 3581 1537; baseline 0.002 -19"><span class='ocrx_word' id='word_1_245' title='bbox 2219 1473 2324 1535; x_wconf 86' lang='grc' dir='ltr'>κγ’.</span> <span class='ocrx_word' id='word_1_246' title='bbox 2379 1466 2742 1536; x_wconf 80' lang='grc' dir='ltr'>Ἀνέγκλητος</span> <span class='ocrx_word' id='word_1_247' title='bbox 2774 1468 2806 1536; x_wconf 85' lang='grc' dir='ltr'>ἠ</span> <span class='ocrx_word' id='word_1_248' title='bbox 2837 1462 2980 1537; x_wconf 76' lang='grc' dir='ltr'><strong>χῆρα</strong></span> <span class='ocrx_word' id='word_1_249' title='bbox 3009 1464 3364 1536; x_wconf 84' lang='grc' dir='ltr'>λαμϐάνουσα</span> <span class='ocrx_word' id='word_1_250' title='bbox 3394 1465 3581 1536; x_wconf 87' lang='grc' dir='ltr'>ἀνδρα.</span> 
     </span>
    </p>
   </div>
   <div class='ocr_carea' id='block_1_44' title="bbox 2212 1557 3728 1628">
    <p class='ocr_par' dir='ltr' id='par_1_44' title="bbox 2212 1557 3728 1628">
     <span class='ocr_line' id='line_1_44' title="bbox 2212 1557 3728 1628; baseline -0.001 -17"><span class='ocrx_word' id='word_1_251' title='bbox 2212 1558 2310 1613; x_wconf 84' lang='grc' dir='ltr'>κδ’.</span> <span class='ocrx_word' id='word_1_252' title='bbox 2366 1558 2424 1612; x_wconf 89' lang='lat'><strong>&#39;0</strong></span> <span class='ocrx_word' id='word_1_253' title='bbox 2484 1557 2801 1624; x_wconf 81' lang='grc' dir='ltr'>ύπεξούσιος</span> <span class='ocrx_word' id='word_1_254' title='bbox 2868 1558 3002 1623; x_wconf 83' lang='grc' dir='ltr'>υίὸς,</span> <span class='ocrx_word' id='word_1_255' title='bbox 3057 1558 3151 1611; x_wconf 79' lang='grc' dir='ltr'>καὶ</span> <span class='ocrx_word' id='word_1_256' title='bbox 3193 1557 3398 1624; x_wconf 84' lang='grc' dir='ltr'>δοῦλος,</span> <span class='ocrx_word' id='word_1_257' title='bbox 3446 1557 3568 1628; x_wconf 86' lang='grc' dir='ltr'>δίχα</span> <span class='ocrx_word' id='word_1_258' title='bbox 3613 1558 3728 1612; x_wconf 86' lang='grc' dir='ltr'><strong>τῶν</strong></span> 
     </span>
    </p>
   </div>
   <div class='ocr_carea' id='block_1_45' title="bbox 2142 1648 3210 1725">
    <p class='ocr_par' dir='ltr' id='par_1_45' title="bbox 2142 1648 3210 1725">
     <span class='ocr_line' id='line_1_45' title="bbox 2142 1648 3210 1725; baseline 0.001 -23"><span class='ocrx_word' id='word_1_259' title='bbox 2142 1649 2345 1725; x_wconf 74' lang='grc' dir='ltr'>κυρίων</span> <span class='ocrx_word' id='word_1_260' title='bbox 2380 1649 2754 1720; x_wconf 82' lang='grc' dir='ltr'>ξευγνύμενοι,</span> <span class='ocrx_word' id='word_1_261' title='bbox 2781 1649 2880 1702; x_wconf 82' lang='grc' dir='ltr'>οὐκ</span> <span class='ocrx_word' id='word_1_262' title='bbox 2906 1648 3210 1706; x_wconf 79' lang='grc' dir='ltr'>ἀνεύθυνοι.</span> 
     </span>
    </p>
   </div>
   <div class='ocr_carea' id='block_1_46' title="bbox 2212 1803 3724 1899">
    <p class='ocr_par' dir='ltr' id='par_1_46' title="bbox 2212 1803 3724 1899">
     <span class='ocr_line' id='line_1_46' title="bbox 2212 1803 3724 1899; baseline -0.003 -16"><span class='ocrx_word' id='word_1_263' title='bbox 2212 1827 2310 1883; x_wconf 82' lang='grc' dir='ltr'>κε’.</span> <span class='ocrx_word' id='word_1_264' title='bbox 2366 1829 2424 1882; x_wconf 90' lang='lat'><strong>&#39;0</strong></span> <span class='ocrx_word' id='word_1_265' title='bbox 2453 1828 2659 1899; x_wconf 77' lang='grc' dir='ltr'>πλήξας</span> <span class='ocrx_word' id='word_1_266' title='bbox 2685 1828 2823 1899; x_wconf 77' lang='grc' dir='ltr'>πρὸς</span> <span class='ocrx_word' id='word_1_267' title='bbox 2853 1803 3105 1891; x_wconf 66' lang='grc' dir='ltr'>θάνατον,</span> <span class='ocrx_word' id='word_1_268' title='bbox 3143 1825 3239 1877; x_wconf 75' lang='grc' dir='ltr'>καὶ</span> <span class='ocrx_word' id='word_1_269' title='bbox 3264 1825 3589 1896; x_wconf 84' lang='grc' dir='ltr'>ἀρχόμενος,</span> <span class='ocrx_word' id='word_1_270' title='bbox 3628 1827 3724 1878; x_wconf 79' lang='grc' dir='ltr'>καὶ</span> 
     </span>
    </p>
   </div>
   <div class='ocr_carea' id='block_1_47' title="bbox 2139 1920 2877 1992">
    <p class='ocr_par' dir='ltr' id='par_1_47' title="bbox 2139 1920 2877 1992">
     <span class='ocr_line' id='line_1_47' title="bbox 2139 1920 2877 1992; baseline -0.003 -16"><span class='ocrx_word' id='word_1_271' title='bbox 2139 1922 2501 1992; x_wconf 83' lang='grc' dir='ltr'>ἀμυνόμενος,</span> <span class='ocrx_word' id='word_1_272' title='bbox 2534 1920 2877 1991; x_wconf 81' lang='grc' dir='ltr'>ἀνδροφόνος.</span> 
     </span>
    </p>
   </div>
   <div class='ocr_carea' id='block_1_48' title="bbox 2211 2009 3725 2082">
    <p class='ocr_par' dir='ltr' id='par_1_48' title="bbox 2211 2009 3725 2082">
     <span class='ocr_line' id='line_1_48' title="bbox 2211 2009 3725 2082; baseline -0.005 -14"><span class='ocrx_word' id='word_1_273' title='bbox 2211 2012 2324 2078; x_wconf 81' lang='grc' dir='ltr'>κς¹.</span> <span class='ocrx_word' id='word_1_274' title='bbox 2387 2014 2644 2073; x_wconf 85' lang='grc' dir='ltr'>Διάκονος</span> <span class='ocrx_word' id='word_1_275' title='bbox 2709 2011 2929 2082; x_wconf 83' lang='grc' dir='ltr'>Ἕλληνι</span> <span class='ocrx_word' id='word_1_276' title='bbox 2979 2011 3340 2082; x_wconf 86' lang='grc' dir='ltr'>πορνευθεῖσα</span> <span class='ocrx_word' id='word_1_277' title='bbox 3396 2009 3491 2063; x_wconf 75' lang='grc' dir='ltr'>καὶ</span> <span class='ocrx_word' id='word_1_278' title='bbox 3553 2025 3725 2080; x_wconf 88' lang='grc' dir='ltr'>μετα-</span> 
     </span>
    </p>
   </div>
   <div class='ocr_carea' id='block_1_49' title="bbox 2140 2102 3087 2175">
    <p class='ocr_par' dir='ltr' id='par_1_49' title="bbox 2140 2102 3087 2175">
     <span class='ocr_line' id='line_1_49' title="bbox 2140 2102 3087 2175; baseline -0.004 -15"><span class='ocrx_word' id='word_1_279' title='bbox 2140 2105 2364 2175; x_wconf 85' lang='grc' dir='ltr'>γνοῦσα,</span> <span class='ocrx_word' id='word_1_280' title='bbox 2394 2105 2686 2159; x_wconf 78' lang='grc' dir='ltr'>ἑπταετίαν</span> <span class='ocrx_word' id='word_1_281' title='bbox 2713 2102 3087 2157; x_wconf 81' lang='grc' dir='ltr'>ὑποπιπτέτω.</span> 
     </span>
    </p>
   </div>
   <div class='ocr_carea' id='block_1_50' title="bbox 2210 2192 3726 2266">
    <p class='ocr_par' dir='ltr' id='par_1_50' title="bbox 2210 2192 3726 2266">
     <span class='ocr_line' id='line_1_50' title="bbox 2210 2192 3726 2266; baseline -0.005 -14"><span class='ocrx_word' id='word_1_282' title='bbox 2210 2197 2314 2262; x_wconf 75' lang='grc' dir='ltr'>κζ’.</span> <span class='ocrx_word' id='word_1_283' title='bbox 2368 2196 2638 2266; x_wconf 80' lang='grc' dir='ltr'>Ὑϐρίςων</span> <span class='ocrx_word' id='word_1_284' title='bbox 2688 2195 3015 2266; x_wconf 79' lang='grc' dir='ltr'>Χριστιανὸς</span> <span class='ocrx_word' id='word_1_285' title='bbox 3047 2195 3140 2249; x_wconf 80' lang='grc' dir='ltr'>τὸν</span> <span class='ocrx_word' id='word_1_286' title='bbox 3181 2192 3452 2266; x_wconf 80' lang='grc' dir='ltr'>Χριστὸν,</span> <span class='ocrx_word' id='word_1_287' title='bbox 3489 2192 3596 2246; x_wconf 80' lang='grc' dir='ltr'>ἀπὸ</span> <span class='ocrx_word' id='word_1_288' title='bbox 3623 2193 3726 2264; x_wconf 81' lang='grc' dir='ltr'>τῆς</span> 
     </span>
    </p>
   </div>
   <div class='ocr_carea' id='block_1_51' title="bbox 2140 2285 2800 2358">
    <p class='ocr_par' dir='ltr' id='par_1_51' title="bbox 2140 2285 2800 2358">
     <span class='ocr_line' id='line_1_51' title="bbox 2140 2285 2800 2358; baseline 0 -18"><span class='ocrx_word' id='word_1_289' title='bbox 2140 2287 2390 2358; x_wconf 86' lang='grc' dir='ltr'>κλήσεως</span> <span class='ocrx_word' id='word_1_290' title='bbox 2424 2285 2800 2356; x_wconf 78' lang='grc' dir='ltr'>ἀνωφέλητος.</span> 
     </span>
    </p>
   </div>
   <div class='ocr_carea' id='block_1_52' title="bbox 2209 2376 3720 2450">
    <p class='ocr_par' dir='ltr' id='par_1_52' title="bbox 2209 2376 3720 2450">
     <span class='ocr_line' id='line_1_52' title="bbox 2209 2376 3720 2450; baseline -0.004 -17"><span class='ocrx_word' id='word_1_291' title='bbox 2209 2385 2317 2450; x_wconf 82' lang='grc' dir='ltr'>κη’.</span> <span class='ocrx_word' id='word_1_292' title='bbox 2373 2378 2649 2448; x_wconf 84' lang='grc' dir='ltr'>Ἐγήματό</span> <span class='ocrx_word' id='word_1_293' title='bbox 2675 2395 2760 2441; x_wconf 86' lang='grc' dir='ltr'><strong>τις</strong></span> <span class='ocrx_word' id='word_1_294' title='bbox 2812 2377 2969 2447; x_wconf 63' lang='grc' dir='ltr'><strong>ἀνδρὶ⁷</strong></span> <span class='ocrx_word' id='word_1_295' title='bbox 3001 2377 3145 2431; x_wconf 75' lang='grc' dir='ltr'>κατὰ</span> <span class='ocrx_word' id='word_1_296' title='bbox 3174 2377 3398 2446; x_wconf 81' lang='grc' dir='ltr'>ἄγνοιαν</span> <span class='ocrx_word' id='word_1_297' title='bbox 3433 2376 3720 2446; x_wconf 77' lang='grc' dir='ltr'>ἀφεμένω,</span> 
     </span>
    </p>
   </div>
   <div class='ocr_carea' id='block_1_53' title="bbox 2139 2465 3724 2540">
    <p class='ocr_par' dir='ltr' id='par_1_53' title="bbox 2139 2465 3724 2540">
     <span class='ocr_line' id='line_1_53' title="bbox 2139 2465 3724 2540; baseline -0.002 -18"><span class='ocrx_word' id='word_1_298' title='bbox 2139 2465 2256 2522; x_wconf 75' lang='grc' dir='ltr'>εἷτα</span> <span class='ocrx_word' id='word_1_299' title='bbox 2306 2469 2373 2539; x_wconf 78' lang='grc' dir='ltr'><strong>τῇ</strong></span> <span class='ocrx_word' id='word_1_300' title='bbox 2424 2468 2669 2540; x_wconf 79' lang='grc' dir='ltr'>προτέρᾳ</span> <span class='ocrx_word' id='word_1_301' title='bbox 2712 2469 3021 2536; x_wconf 80' lang='grc' dir='ltr'>ἀνέφηνεν,</span> <span class='ocrx_word' id='word_1_302' title='bbox 3077 2469 3111 2539; x_wconf 86' lang='grc' dir='ltr'><strong>ἡ</strong></span> <span class='ocrx_word' id='word_1_303' title='bbox 3156 2467 3201 2521; x_wconf 81' lang='grc' dir='ltr'>δ’</span> <span class='ocrx_word' id='word_1_304' title='bbox 3247 2467 3450 2538; x_wconf 80' lang='grc' dir='ltr'>ἀφείθη</span> <span class='ocrx_word' id='word_1_305' title='bbox 3484 2484 3499 2500; x_wconf 79' lang='grc' dir='ltr'><strong><em>ο</em></strong></span> <span class='ocrx_word' id='word_1_306' title='bbox 3547 2466 3724 2538; x_wconf 84' lang='grc' dir='ltr'>πόρνη</span> 
     </span>
    </p>
   </div>
   <div class='ocr_carea' id='block_1_54' title="bbox 2137 2553 3720 2628">
    <p class='ocr_par' dir='ltr' id='par_1_54' title="bbox 2137 2553 3720 2628">
     <span class='ocr_line' id='line_1_54' title="bbox 2137 2553 3720 2628; baseline -0.003 -16"><span class='ocrx_word' id='word_1_307' title='bbox 2137 2558 2414 2628; x_wconf 80' lang='grc' dir='ltr'>λογίζεται</span> <span class='ocrx_word' id='word_1_308' title='bbox 2465 2558 2608 2611; x_wconf 79' lang='grc' dir='ltr'>κατὰ</span> <span class='ocrx_word' id='word_1_309' title='bbox 2653 2556 2916 2624; x_wconf 85' lang='grc' dir='ltr'>ἄγνοιαν,</span> <span class='ocrx_word' id='word_1_310' title='bbox 2959 2556 3053 2610; x_wconf 75' lang='grc' dir='ltr'>καὶ</span> <span class='ocrx_word' id='word_1_311' title='bbox 3101 2558 3150 2610; x_wconf 90' lang='grc' dir='ltr'><strong>εί</strong></span> <span class='ocrx_word' id='word_1_312' title='bbox 3201 2555 3367 2609; x_wconf 77' lang='grc' dir='ltr'>θέλει·</span> <span class='ocrx_word' id='word_1_313' title='bbox 3401 2553 3720 2623; x_wconf 78' lang='grc' dir='ltr'>ζεύγνυται·</span> 
     </span>
    </p>
   </div>
   <div class='ocr_carea' id='block_1_55' title="bbox 2137 2648 3235 2721">
    <p class='ocr_par' dir='ltr' id='par_1_55' title="bbox 2137 2648 3235 2721">
     <span class='ocr_line' id='line_1_55' title="bbox 2137 2648 3235 2721; baseline -0.001 -17"><span class='ocrx_word' id='word_1_314' title='bbox 2137 2651 2353 2706; x_wconf 83' lang='grc' dir='ltr'>κάλλιον</span> <span class='ocrx_word' id='word_1_315' title='bbox 2384 2650 2439 2703; x_wconf 86' lang='grc' dir='ltr'><strong>δέ</strong></span> <span class='ocrx_word' id='word_1_316' title='bbox 2466 2651 2513 2703; x_wconf 87' lang='grc' dir='ltr'><strong>εί</strong></span> <span class='ocrx_word' id='word_1_317' title='bbox 2542 2651 2617 2721; x_wconf 81' lang='grc' dir='ltr'>μὴ</span> <span class='ocrx_word' id='word_1_318' title='bbox 2652 2648 2966 2717; x_wconf 77' lang='grc' dir='ltr'>ζεύγνυται.</span> <span class='ocrx_word' id='word_1_319' title='bbox 3229 2663 3235 2669; x_wconf 91' lang='lat'><strong>&#39;</strong></span> 
     </span>
    </p>
   </div>
   <div class='ocr_carea' id='block_1_56' title="bbox 2211 2739 3718 2814">
    <p class='ocr_par' dir='ltr' id='par_1_56' title="bbox 2211 2739 3718 2814">
     <span class='ocr_line' id='line_1_56' title="bbox 2211 2739 3718 2814; baseline -0.003 -17"><span class='ocrx_word' id='word_1_320' title='bbox 2211 2743 2316 2799; x_wconf 84' lang='grc' dir='ltr'>κθ’.</span> <span class='ocrx_word' id='word_1_321' title='bbox 2355 2743 2740 2814; x_wconf 81' lang='grc' dir='ltr'>Ἐγκρατίτας,</span> <span class='ocrx_word' id='word_1_322' title='bbox 2780 2743 2873 2795; x_wconf 69' lang='grc' dir='ltr'>καὶ</span> <span class='ocrx_word' id='word_1_323' title='bbox 2901 2740 3308 2814; x_wconf 88' lang='grc' dir='ltr'>Σαρκοφόρους,</span> <span class='ocrx_word' id='word_1_324' title='bbox 3348 2740 3444 2793; x_wconf 76' lang='grc' dir='ltr'>καὶ</span> <span class='ocrx_word' id='word_1_325' title='bbox 3479 2739 3718 2793; x_wconf 86' lang='grc' dir='ltr'>Ἀποτα-</span> 
     </span>
    </p>
   </div>
   <div class='ocr_carea' id='block_1_57' title="bbox 2137 2833 3724 2904">
    <p class='ocr_par' dir='ltr' id='par_1_57' title="bbox 2137 2833 3724 2904">
     <span class='ocr_line' id='line_1_57' title="bbox 2137 2833 3724 2904; baseline -0.001 -16"><span class='ocrx_word' id='word_1_326' title='bbox 2137 2836 2328 2898; x_wconf 89' lang='grc' dir='ltr'>κτίτας</span> <span class='ocrx_word' id='word_1_327' title='bbox 2355 2874 2370 2899; x_wconf 95' lang='grc'><strong>,</strong></span> <span class='ocrx_word' id='word_1_328' title='bbox 2420 2834 2839 2898; x_wconf 83' lang='grc' dir='ltr'>ἀναϐαπτίσεις.</span> <span class='ocrx_word' id='word_1_329' title='bbox 2882 2834 2945 2887; x_wconf 68' lang='lat' dir='ltr'><strong>Et</strong></span> <span class='ocrx_word' id='word_1_330' title='bbox 2989 2835 3099 2904; x_wconf 85' lang='grc' dir='ltr'><strong>γὰρ</strong></span> <span class='ocrx_word' id='word_1_331' title='bbox 3138 2833 3234 2887; x_wconf 81' lang='grc' dir='ltr'>καὶ</span> <span class='ocrx_word' id='word_1_332' title='bbox 3280 2833 3490 2902; x_wconf 81' lang='grc' dir='ltr'>λέγοιεν</span> <span class='ocrx_word' id='word_1_333' title='bbox 3527 2834 3609 2886; x_wconf 79' lang='grc' dir='ltr'>ὅτι</span> <span class='ocrx_word' id='word_1_334' title='bbox 3642 2835 3724 2897; x_wconf 88' lang='grc' dir='ltr'><strong>είς</strong></span> 
     </span>
    </p>
   </div>
   <div class='ocr_carea' id='block_1_58' title="bbox 2137 2927 3722 3000">
    <p class='ocr_par' dir='ltr' id='par_1_58' title="bbox 2137 2927 3722 3000">
     <span class='ocr_line' id='line_1_58' title="bbox 2137 2927 3722 3000; baseline -0.001 -19"><span class='ocrx_word' id='word_1_335' title='bbox 2137 2929 2379 2999; x_wconf 81' lang='grc' dir='ltr'>Πατέρα,</span> <span class='ocrx_word' id='word_1_336' title='bbox 2397 2930 2490 2982; x_wconf 72' lang='grc' dir='ltr'>καὶ</span> <span class='ocrx_word' id='word_1_337' title='bbox 2520 2928 2672 2995; x_wconf 82' lang='grc' dir='ltr'>Υίὸν,</span> <span class='ocrx_word' id='word_1_338' title='bbox 2699 2928 2792 2981; x_wconf 73' lang='grc' dir='ltr'>καὶ</span> <span class='ocrx_word' id='word_1_339' title='bbox 2821 2928 2974 2996; x_wconf 77' lang='grc' dir='ltr'>ἅγιον</span> <span class='ocrx_word' id='word_1_340' title='bbox 2998 2927 3222 2998; x_wconf 83' lang='grc' dir='ltr'>Πνεῦμα</span> <span class='ocrx_word' id='word_1_341' title='bbox 3254 2927 3578 3000; x_wconf 84' lang='grc' dir='ltr'>ἐϐαπτίσθη,</span> <span class='ocrx_word' id='word_1_342' title='bbox 3605 2927 3722 2982; x_wconf 78' lang='grc' dir='ltr'>ἀλλ’</span> 
     </span>
    </p>
   </div>
   <div class='ocr_carea' id='block_1_59' title="bbox 2136 3019 3724 3091">
    <p class='ocr_par' dir='ltr' id='par_1_59' title="bbox 2136 3019 3724 3091">
     <span class='ocr_line' id='line_1_59' title="bbox 2136 3019 3724 3091; baseline 0 -18"><span class='ocrx_word' id='word_1_343' title='bbox 2136 3020 2262 3073; x_wconf 76' lang='grc' dir='ltr'>ἐπεὶ</span> <span class='ocrx_word' id='word_1_344' title='bbox 2317 3019 2502 3074; x_wconf 84' lang='grc' dir='ltr'>κακῶν</span> <span class='ocrx_word' id='word_1_345' title='bbox 2543 3020 2775 3091; x_wconf 81' lang='grc' dir='ltr'>ποιητὴν</span> <span class='ocrx_word' id='word_1_346' title='bbox 2825 3019 2918 3072; x_wconf 81' lang='grc' dir='ltr'>τὸν</span> <span class='ocrx_word' id='word_1_347' title='bbox 2959 3019 3092 3073; x_wconf 83' lang='grc' dir='ltr'>Θεὸν</span> <span class='ocrx_word' id='word_1_348' title='bbox 3139 3019 3522 3090; x_wconf 82' lang='grc' dir='ltr'>βλασφημοῦσι</span> <span class='ocrx_word' id='word_1_349' title='bbox 3581 3019 3724 3074; x_wconf 81' lang='grc' dir='ltr'>κατὰ</span> 
     </span>
    </p>
   </div>
   <div class='ocr_carea' id='block_1_60' title="bbox 456 3111 2035 3201">
    <p class='ocr_par' dir='ltr' id='par_1_60' title="bbox 456 3111 2035 3188">
     <span class='ocr_line' id='line_1_60' title="bbox 456 3111 2035 3188; baseline 0.005 -23"><span class='ocrx_word' id='word_1_350' title='bbox 456 3111 624 3182; x_wconf 90' lang='lat' dir='ltr'><strong>impie</strong></span> <span class='ocrx_word' id='word_1_351' title='bbox 665 3121 924 3167; x_wconf 89' lang='lat' dir='ltr'><strong>asserunt</strong></span> <span class='ocrx_word' id='word_1_352' title='bbox 954 3112 1106 3182; x_wconf 89' lang='lat' dir='ltr'><strong>juxta</strong></span> <span class='ocrx_word' id='word_1_353' title='bbox 1140 3112 1494 3181; x_wconf 87' lang='lat' dir='ltr'><strong>Marciouem,</strong></span> <span class='ocrx_word' id='word_1_354' title='bbox 1527 3115 1631 3169; x_wconf 91' lang='lat' dir='ltr'><strong>nisi</strong></span> <span class='ocrx_word' id='word_1_355' title='bbox 1661 3116 1841 3170; x_wconf 90' lang='lat' dir='ltr'><strong>denuo</strong></span> <span class='ocrx_word' id='word_1_356' title='bbox 1859 3117 2035 3188; x_wconf 90' lang='lat' dir='ltr'><strong>bapti-</strong></span> 
     </span>
    </p>
   </div>
   <div class='ocr_carea' id='block_1_61' title="bbox 2138 3111 3366 3201">
    <p class='ocr_par' dir='ltr' id='par_1_61' title="bbox 2142 3111 3366 3183">
     <span class='ocr_line' id='line_1_61' title="bbox 2142 3111 3366 3183; baseline 0.002 -19"><span class='ocrx_word' id='word_1_357' title='bbox 2142 3112 2463 3183; x_wconf 88' lang='grc' dir='ltr'>Μαρκίωνα,</span> <span class='ocrx_word' id='word_1_358' title='bbox 2499 3112 2574 3183; x_wconf 81' lang='grc' dir='ltr'>μὴ</span> <span class='ocrx_word' id='word_1_359' title='bbox 2601 3111 3098 3182; x_wconf 81' lang='grc' dir='ltr'>ἀναϐαπτιζόμενοι</span> <span class='ocrx_word' id='word_1_360' title='bbox 3129 3111 3366 3168; x_wconf 84' lang='grc' dir='ltr'>ἀδεκτοι.</span> 
     </span>
    </p>
   </div>
   <div class='ocr_carea' id='block_1_62' title="bbox 457 3205 1331 3276">
    <p class='ocr_par' dir='ltr' id='par_1_62' title="bbox 457 3205 1331 3276">
     <span class='ocr_line' id='line_1_62' title="bbox 457 3205 1331 3276; baseline 0.003 -18"><span class='ocrx_word' id='word_1_361' title='bbox 457 3213 671 3268; x_wconf 86' lang='lat' dir='ltr'><strong>zentur,</strong></span> <span class='ocrx_word' id='word_1_362' title='bbox 713 3221 825 3260; x_wconf 90' lang='lat' dir='ltr'><strong>non</strong></span> <span class='ocrx_word' id='word_1_363' title='bbox 849 3213 976 3261; x_wconf 89' lang='lat' dir='ltr'><strong>sunt</strong></span> <span class='ocrx_word' id='word_1_364' title='bbox 1006 3205 1331 3276; x_wconf 87' lang='lat' dir='ltr'><strong>recipiendi.</strong></span> 
     </span>
    </p>
   </div>
   <div class='ocr_carea' id='block_1_63' title="bbox 527 3297 2036 3368">
    <p class='ocr_par' dir='ltr' id='par_1_63' title="bbox 527 3297 2036 3368">
     <span class='ocr_line' id='line_1_63' title="bbox 527 3297 2036 3368; baseline 0.003 -15"><span class='ocrx_word' id='word_1_365' title='bbox 527 3297 616 3353; x_wconf 77' lang='lat'><strong>50.</strong></span> <span class='ocrx_word' id='word_1_366' title='bbox 653 3297 784 3364; x_wconf 68' lang='lat' dir='ltr'><strong>Quae</strong></span> <span class='ocrx_word' id='word_1_367' title='bbox 815 3313 846 3353; x_wconf 93' lang='lat' dir='ltr'><strong>a</strong></span> <span class='ocrx_word' id='word_1_368' title='bbox 869 3298 984 3353; x_wconf 77' lang='lat' dir='ltr'><strong>viro</strong></span> <span class='ocrx_word' id='word_1_369' title='bbox 1012 3299 1238 3354; x_wconf 89' lang='lat' dir='ltr'><strong>dimissa</strong></span> <span class='ocrx_word' id='word_1_370' title='bbox 1258 3306 1376 3364; x_wconf 77' lang='lat' dir='ltr'><strong>“est,</strong></span> <span class='ocrx_word' id='word_1_371' title='bbox 1407 3299 1487 3356; x_wconf 91' lang='lat' dir='ltr'><strong>sic</strong></span> <span class='ocrx_word' id='word_1_372' title='bbox 1525 3311 1780 3368; x_wconf 87' lang='lat' dir='ltr'><strong>maneat;</strong></span> <span class='ocrx_word' id='word_1_373' title='bbox 1813 3304 1860 3358; x_wconf 90' lang='lat' dir='ltr'><strong>si</strong></span> <span class='ocrx_word' id='word_1_374' title='bbox 1889 3302 2036 3358; x_wconf 88' lang='lat' dir='ltr'><strong>enim</strong></span> 
     </span>
    </p>
   </div>
   <div class='ocr_carea' id='block_1_64' title="bbox 455 3390 2040 3460">
    <p class='ocr_par' dir='ltr' id='par_1_64' title="bbox 455 3390 2040 3460">
     <span class='ocr_line' id='line_1_64' title="bbox 455 3390 2040 3460; baseline 0.003 -15"><span class='ocrx_word' id='word_1_375' title='bbox 455 3391 786 3453; x_wconf 72' lang='lat' dir='ltr'><strong>mmchetur,</strong></span> <span class='ocrx_word' id='word_1_376' title='bbox 816 3391 968 3460; x_wconf 80' lang='lat' dir='ltr'><strong>juxta</strong></span> <span class='ocrx_word' id='word_1_377' title='bbox 999 3390 1215 3446; x_wconf 84' lang='lat' dir='ltr'><strong>Domini</strong></span> <span class='ocrx_word' id='word_1_378' title='bbox 1249 3407 1584 3460; x_wconf 83' lang='lat' dir='ltr'><strong>sermonem,</strong></span> <span class='ocrx_word' id='word_1_379' title='bbox 1623 3394 1763 3449; x_wconf 88' lang='lat' dir='ltr'><strong>alius</strong></span> <span class='ocrx_word' id='word_1_380' title='bbox 1792 3410 2040 3451; x_wconf 88' lang='lat' dir='ltr'><strong>commu-</strong></span> 
     </span>
    </p>
   </div>
   <div class='ocr_carea' id='block_1_65' title="bbox 457 3467 1454 3539">
    <p class='ocr_par' dir='ltr' id='par_1_65' title="bbox 457 3467 1454 3539">
     <span class='ocr_line' id='line_1_65' title="bbox 457 3467 1454 3539; baseline -0.004 0"><span class='ocrx_word' id='word_1_381' title='bbox 457 3485 624 3539; x_wconf 86' lang='lat' dir='ltr'><strong>nione</strong></span> <span class='ocrx_word' id='word_1_382' title='bbox 649 3483 978 3538; x_wconf 88' lang='lat' dir='ltr'><strong>excluditur.</strong></span> <span class='ocrx_word' id='word_1_383' title='bbox 1169 3530 1177 3537; x_wconf 96' lang='lat'><strong>.</strong></span> <span class='ocrx_word' id='word_1_384' title='bbox 1450 3467 1454 3470; x_wconf 47' lang='grc'><em>’</em></span> 
     </span>
    </p>
   </div>
   <div class='ocr_carea' id='block_1_66' title="bbox 528 3571 2034 3643">
    <p class='ocr_par' dir='ltr' id='par_1_66' title="bbox 528 3571 2034 3643">
     <span class='ocr_line' id='line_1_66' title="bbox 528 3571 2034 3643; baseline 0.002 -16"><span class='ocrx_word' id='word_1_385' title='bbox 528 3574 619 3628; x_wconf 80' lang='lat'><strong>5|.</strong></span> <span class='ocrx_word' id='word_1_386' title='bbox 662 3571 952 3642; x_wconf 88' lang='lat' dir='ltr'><strong>Corruptio</strong></span> <span class='ocrx_word' id='word_1_387' title='bbox 991 3586 1090 3643; x_wconf 90' lang='lat' dir='ltr'><strong>per</strong></span> <span class='ocrx_word' id='word_1_388' title='bbox 1132 3572 1240 3627; x_wconf 86' lang='lat' dir='ltr'><strong>vim</strong></span> <span class='ocrx_word' id='word_1_389' title='bbox 1268 3571 1525 3639; x_wconf 90' lang='lat' dir='ltr'><strong>admissa,</strong></span> <span class='ocrx_word' id='word_1_390' title='bbox 1563 3573 1792 3629; x_wconf 89' lang='lat' dir='ltr'><strong>crimine</strong></span> <span class='ocrx_word' id='word_1_391' title='bbox 1831 3583 1986 3630; x_wconf 88' lang='lat' dir='ltr'><strong>vacat</strong></span> <span class='ocrx_word' id='word_1_392' title='bbox 2021 3594 2034 3630; x_wconf 89' lang='lat'><strong>:</strong></span> 
     </span>
    </p>
   </div>
   <div class='ocr_carea' id='block_1_67' title="bbox 458 3650 2034 3736">
    <p class='ocr_par' dir='ltr' id='par_1_67' title="bbox 458 3650 2034 3736">
     <span class='ocr_line' id='line_1_67' title="bbox 458 3650 2034 3736; baseline 0.001 -16"><span class='ocrx_word' id='word_1_393' title='bbox 458 3650 620 3736; x_wconf 89' lang='lat' dir='ltr'><strong>atque</strong></span> <span class='ocrx_word' id='word_1_394' title='bbox 657 3665 853 3720; x_wconf 90' lang='lat' dir='ltr'><strong>ancilla</strong></span> <span class='ocrx_word' id='word_1_395' title='bbox 887 3664 928 3719; x_wconf 92' lang='lat' dir='ltr'><strong>si</strong></span> <span class='ocrx_word' id='word_1_396' title='bbox 964 3665 1073 3720; x_wconf 88' lang='lat' dir='ltr'><strong>vim</strong></span> <span class='ocrx_word' id='word_1_397' title='bbox 1103 3665 1339 3734; x_wconf 88' lang='lat' dir='ltr'><strong>patiatur</strong></span> <span class='ocrx_word' id='word_1_398' title='bbox 1370 3683 1402 3720; x_wconf 91' lang='lat' dir='ltr'><strong>a</strong></span> <span class='ocrx_word' id='word_1_399' title='bbox 1432 3666 1676 3732; x_wconf 90' lang='lat' dir='ltr'><strong>domino,</strong></span> <span class='ocrx_word' id='word_1_400' title='bbox 1711 3667 1901 3723; x_wconf 88' lang='lat' dir='ltr'><strong>insons</strong></span> <span class='ocrx_word' id='word_1_401' title='bbox 1929 3676 2034 3723; x_wconf 87' lang='lat' dir='ltr'><strong>est.</strong></span> 
     </span>
    </p>
   </div>
   <div class='ocr_carea' id='block_1_68' title="bbox 525 3760 2034 3828">
    <p class='ocr_par' dir='ltr' id='par_1_68' title="bbox 525 3760 2034 3828">
     <span class='ocr_line' id='line_1_68' title="bbox 525 3760 2034 3828; baseline 0.001 -12"><span class='ocrx_word' id='word_1_402' title='bbox 525 3761 612 3816; x_wconf 80' lang='grc'>52.</span> <span class='ocrx_word' id='word_1_403' title='bbox 648 3760 748 3828; x_wconf 87' lang='lat' dir='ltr'><strong>Qui</strong></span> <span class='ocrx_word' id='word_1_404' title='bbox 803 3761 1024 3816; x_wconf 85' lang='lat' dir='ltr'><strong>tertium</strong></span> <span class='ocrx_word' id='word_1_405' title='bbox 1056 3761 1465 3816; x_wconf 89' lang='lat' dir='ltr'><strong>matrimonium</strong></span> <span class='ocrx_word' id='word_1_406' title='bbox 1499 3763 1794 3824; x_wconf 88' lang='lat' dir='ltr'><strong>contrahit,</strong></span> <span class='ocrx_word' id='word_1_407' title='bbox 1847 3773 2034 3818; x_wconf 74' lang='lat' dir='ltr'><strong>contra</strong></span> 
     </span>
    </p>
   </div>
   <div class='ocr_carea' id='block_1_69' title="bbox 458 3853 2037 3924">
    <p class='ocr_par' dir='ltr' id='par_1_69' title="bbox 458 3853 2037 3924">
     <span class='ocr_line' id='line_1_69' title="bbox 458 3853 2037 3924; baseline 0.001 -16"><span class='ocrx_word' id='word_1_408' title='bbox 458 3854 606 3924; x_wconf 83' lang='lat' dir='ltr'><strong>leges</strong></span> <span class='ocrx_word' id='word_1_409' title='bbox 653 3864 863 3924; x_wconf 89' lang='lat' dir='ltr'><strong>peccat.</strong></span> <span class='ocrx_word' id='word_1_410' title='bbox 907 3853 1076 3908; x_wconf 85' lang='lat' dir='ltr'><strong>Prout</strong></span> <span class='ocrx_word' id='word_1_411' title='bbox 1123 3865 1305 3909; x_wconf 86' lang='lat' dir='ltr'><strong>autem</strong></span> <span class='ocrx_word' id='word_1_412' title='bbox 1357 3853 1608 3910; x_wconf 70' lang='lat' dir='ltr'><strong>Ecclesia:</strong></span> <span class='ocrx_word' id='word_1_413' title='bbox 1653 3872 1738 3909; x_wconf 91' lang='lat' dir='ltr'><strong>res</strong></span> <span class='ocrx_word' id='word_1_414' title='bbox 1781 3872 1927 3910; x_wconf 88' lang='lat' dir='ltr'><strong>nunc</strong></span> <span class='ocrx_word' id='word_1_415' title='bbox 1978 3871 2037 3910; x_wconf 92' lang='lat' dir='ltr'><strong>se</strong></span> 
     </span>
    </p>
   </div>
   <div class='ocr_carea' id='block_1_70' title="bbox 459 3946 2038 4016">
    <p class='ocr_par' dir='ltr' id='par_1_70' title="bbox 459 3946 2038 4016">
     <span class='ocr_line' id='line_1_70' title="bbox 459 3946 2038 4016; baseline 0.002 -17"><span class='ocrx_word' id='word_1_416' title='bbox 459 3946 686 4010; x_wconf 82' lang='lat' dir='ltr'><strong>habent,</strong></span> <span class='ocrx_word' id='word_1_417' title='bbox 735 3947 1001 4012; x_wconf 85' lang='lat' dir='ltr'><strong>ejusmodi</strong></span> <span class='ocrx_word' id='word_1_418' title='bbox 1053 3946 1318 4010; x_wconf 79' lang='lat' dir='ltr'><strong>facinora,</strong></span> <span class='ocrx_word' id='word_1_419' title='bbox 1369 3947 1414 4000; x_wconf 91' lang='lat' dir='ltr'><strong>si</strong></span> <span class='ocrx_word' id='word_1_420' title='bbox 1450 3963 1560 4001; x_wconf 86' lang='lat' dir='ltr'><strong>non</strong></span> <span class='ocrx_word' id='word_1_421' title='bbox 1603 3948 1816 4016; x_wconf 71' lang='lat' dir='ltr'><strong>publicle</strong></span> <span class='ocrx_word' id='word_1_422' title='bbox 1851 3949 2038 4002; x_wconf 88' lang='lat' dir='ltr'><strong>tradu-</strong></span> 
     </span>
    </p>
   </div>
   <div class='ocr_carea' id='block_1_71' title="bbox 459 4036 2037 4111">
    <p class='ocr_par' dir='ltr' id='par_1_71' title="bbox 459 4036 2037 4111">
     <span class='ocr_line' id='line_1_71' title="bbox 459 4036 2037 4111; baseline 0.003 -20"><span class='ocrx_word' id='word_1_423' title='bbox 459 4049 674 4101; x_wconf 87' lang='lat' dir='ltr'><strong>cantur,</strong></span> <span class='ocrx_word' id='word_1_424' title='bbox 704 4037 966 4095; x_wconf 86' lang='lat' dir='ltr'><strong>dissoluta</strong></span> <span class='ocrx_word' id='word_1_425' title='bbox 1001 4036 1362 4093; x_wconf 79' lang='lat' dir='ltr'><strong>fornicatione</strong></span> <span class='ocrx_word' id='word_1_426' title='bbox 1397 4039 1756 4095; x_wconf 86' lang='lat' dir='ltr'><strong>tolerabiliora</strong></span> <span class='ocrx_word' id='word_1_427' title='bbox 1783 4041 2037 4111; x_wconf 85' lang='lat' dir='ltr'><strong>judican-</strong></span> 
     </span>
    </p>
   </div>
   <div class='ocr_carea' id='block_1_72' title="bbox 461 4134 1606 4266">
    <p class='ocr_par' dir='ltr' id='par_1_72' title="bbox 461 4134 1606 4266">
     <span class='ocr_line' id='line_1_72' title="bbox 461 4134 1606 4266; baseline 0.003 -17"><span class='ocrx_word' id='word_1_428' title='bbox 461 4134 577 4233; x_wconf 44' lang='grc' dir='ltr'><strong>ιω..-</strong></span> <span class='ocrx_word' id='word_1_429' title='bbox 639 4229 650 4239; x_wconf 79' lang='grc' dir='ltr'><strong>ο</strong></span> <span class='ocrx_word' id='word_1_430' title='bbox 888 4195 1140 4266; x_wconf 80' lang='lat' dir='ltr'><strong>Ejusdem</strong></span> <span class='ocrx_word' id='word_1_431' title='bbox 1171 4199 1393 4266; x_wconf 79' lang='lat' dir='ltr'><strong>epistola</strong></span> <span class='ocrx_word' id='word_1_432' title='bbox 1428 4203 1606 4255; x_wconf 74' lang='lat' dir='ltr'><strong>tertia.</strong></span> 
     </span>
    </p>
   </div>
   <div class='ocr_carea' id='block_1_73' title="bbox 534 4306 2036 4386">
    <p class='ocr_par' dir='ltr' id='par_1_73' title="bbox 534 4306 2036 4386">
     <span class='ocr_line' id='line_1_73' title="bbox 534 4306 2036 4386; baseline 0.008 -26"><span class='ocrx_word' id='word_1_433' title='bbox 534 4307 586 4361; x_wconf 77' lang='grc'>1.</span> <span class='ocrx_word' id='word_1_434' title='bbox 623 4306 820 4363; x_wconf 89' lang='lat' dir='ltr'><strong>Clerici</strong></span> <span class='ocrx_word' id='word_1_435' title='bbox 854 4309 946 4379; x_wconf 90' lang='lat' dir='ltr'><strong>qui</strong></span> <span class='ocrx_word' id='word_1_436' title='bbox 983 4309 1036 4362; x_wconf 90' lang='lat' dir='ltr'><strong>in</strong></span> <span class='ocrx_word' id='word_1_437' title='bbox 1069 4310 1324 4366; x_wconf 88' lang='lat' dir='ltr'><strong>delictum</strong></span> <span class='ocrx_word' id='word_1_438' title='bbox 1362 4312 1631 4379; x_wconf 81' lang='lat' dir='ltr'><strong>incidunt,</strong></span> <span class='ocrx_word' id='word_1_439' title='bbox 1659 4316 1915 4386; x_wconf 82' lang='lat' dir='ltr'><strong>gradibus</strong></span> <span class='ocrx_word' id='word_1_440' title='bbox 1936 4316 2036 4372; x_wconf 89' lang='lat' dir='ltr'><strong>de-</strong></span> 
     </span>
    </p>
   </div>
   <div class='ocr_carea' id='block_1_74' title="bbox 454 4400 1818 4474">
    <p class='ocr_par' dir='ltr' id='par_1_74' title="bbox 454 4400 1818 4474">
     <span class='ocr_line' id='line_1_74' title="bbox 454 4400 1818 4474; baseline 0.006 -20"><span class='ocrx_word' id='word_1_441' title='bbox 454 4400 742 4470; x_wconf 86' lang='lat' dir='ltr'><strong>jiciuntur,</strong></span> <span class='ocrx_word' id='word_1_442' title='bbox 773 4400 887 4457; x_wconf 87' lang='lat' dir='ltr'><strong>sive</strong></span> <span class='ocrx_word' id='word_1_443' title='bbox 926 4402 1266 4474; x_wconf 72' lang='lat' dir='ltr'><strong>ministrent,</strong></span> <span class='ocrx_word' id='word_1_444' title='bbox 1281 4405 1394 4460; x_wconf 90' lang='lat' dir='ltr'><strong>sive</strong></span> <span class='ocrx_word' id='word_1_445' title='bbox 1425 4407 1657 4462; x_wconf 85' lang='lat' dir='ltr'><strong>ordinati</strong></span> <span class='ocrx_word' id='word_1_446' title='bbox 1691 4407 1818 4462; x_wconf 89' lang='lat' dir='ltr'><strong>sint.</strong></span> 
     </span>
    </p>
   </div>
   <div class='ocr_carea' id='block_1_75' title="bbox 2211 3297 3725 3369">
    <p class='ocr_par' dir='ltr' id='par_1_75' title="bbox 2211 3297 3725 3369">
     <span class='ocr_line' id='line_1_75' title="bbox 2211 3297 3725 3369; baseline 0.001 -18"><span class='ocrx_word' id='word_1_447' title='bbox 2211 3299 2275 3352; x_wconf 81' lang='grc' dir='ltr'>λ’.</span> <span class='ocrx_word' id='word_1_448' title='bbox 2333 3297 2393 3351; x_wconf 83' lang='grc' dir='ltr'><strong>Ἦ</strong></span> <span class='ocrx_word' id='word_1_449' title='bbox 2441 3298 2805 3369; x_wconf 65' lang='grc' dir='ltr'>παρ”ἀνδρὺς</span> <span class='ocrx_word' id='word_1_450' title='bbox 2846 3298 3133 3368; x_wconf 83' lang='grc' dir='ltr'>ἀφεθεῖσα,</span> <span class='ocrx_word' id='word_1_451' title='bbox 3184 3299 3392 3368; x_wconf 84' lang='grc' dir='ltr'>μενέτω</span> <span class='ocrx_word' id='word_1_452' title='bbox 3427 3299 3631 3362; x_wconf 81' lang='grc' dir='ltr'>οὕτως·</span> <span class='ocrx_word' id='word_1_453' title='bbox 3673 3301 3725 3352; x_wconf 86' lang='grc' dir='ltr'><strong>εί</strong></span> 
     </span>
    </p>
   </div>
   <div class='ocr_carea' id='block_1_76' title="bbox 2142 3381 3725 3464">
    <p class='ocr_par' dir='ltr' id='par_1_76' title="bbox 2142 3381 3725 3464">
     <span class='ocr_line' id='line_1_76' title="bbox 2142 3381 3725 3464; baseline 0.004 -24"><span class='ocrx_word' id='word_1_454' title='bbox 2142 3388 2250 3457; x_wconf 80' lang='grc' dir='ltr'>γὰρ</span> <span class='ocrx_word' id='word_1_455' title='bbox 2285 3391 2538 3460; x_wconf 82' lang='grc' dir='ltr'>μοιχᾶται</span> <span class='ocrx_word' id='word_1_456' title='bbox 2574 3389 2714 3442; x_wconf 78' lang='grc' dir='ltr'><strong>κατά</strong></span> <span class='ocrx_word' id='word_1_457' title='bbox 2743 3390 2834 3443; x_wconf 86' lang='grc' dir='ltr'>τὸν</span> <span class='ocrx_word' id='word_1_458' title='bbox 2865 3392 2958 3444; x_wconf 83' lang='grc' dir='ltr'><strong>τοῦ</strong></span> <span class='ocrx_word' id='word_1_459' title='bbox 2982 3381 3190 3464; x_wconf 88' lang='grc' dir='ltr'>Κυρίου</span> <span class='ocrx_word' id='word_1_460' title='bbox 3245 3391 3425 3460; x_wconf 86' lang='grc' dir='ltr'>λόγον,</span> <span class='ocrx_word' id='word_1_461' title='bbox 3453 3391 3551 3462; x_wconf 86' lang='grc' dir='ltr'>τῆς</span> <span class='ocrx_word' id='word_1_462' title='bbox 3588 3392 3725 3463; x_wconf 78' lang='grc' dir='ltr'>πρὸς</span> 
     </span>
    </p>
   </div>
   <div class='ocr_carea' id='block_1_77' title="bbox 2148 3481 2938 3549">
    <p class='ocr_par' dir='ltr' id='par_1_77' title="bbox 2148 3481 2938 3549">
     <span class='ocr_line' id='line_1_77' title="bbox 2148 3481 2938 3549; baseline 0.004 -15"><span class='ocrx_word' id='word_1_463' title='bbox 2148 3481 2336 3549; x_wconf 76' lang='grc' dir='ltr'>ἕτερον</span> <span class='ocrx_word' id='word_1_464' title='bbox 2361 3481 2599 3535; x_wconf 83' lang='grc' dir='ltr'>κλείεται</span> <span class='ocrx_word' id='word_1_465' title='bbox 2631 3483 2938 3546; x_wconf 86' lang='grc' dir='ltr'>κοινωνίας.</span> 
     </span>
    </p>
   </div>
   <div class='ocr_carea' id='block_1_78' title="bbox 2211 3573 3725 3649">
    <p class='ocr_par' dir='ltr' id='par_1_78' title="bbox 2211 3573 3725 3649">
     <span class='ocr_line' id='line_1_78' title="bbox 2211 3573 3725 3649; baseline 0.005 -23"><span class='ocrx_word' id='word_1_466' title='bbox 2211 3573 2311 3630; x_wconf 89' lang='grc' dir='ltr'>λα’.</span> <span class='ocrx_word' id='word_1_467' title='bbox 2353 3573 2534 3645; x_wconf 81' lang='grc' dir='ltr'>Φθορὰ</span> <span class='ocrx_word' id='word_1_468' title='bbox 2566 3576 3066 3648; x_wconf 79' lang='grc' dir='ltr'>κατηναγκασμένη</span> <span class='ocrx_word' id='word_1_469' title='bbox 3108 3577 3421 3643; x_wconf 77' lang='grc' dir='ltr'>ἀνεύθυνοςο</span> <span class='ocrx_word' id='word_1_470' title='bbox 3447 3579 3542 3633; x_wconf 76' lang='grc' dir='ltr'>καὶ</span> <span class='ocrx_word' id='word_1_471' title='bbox 3561 3579 3725 3649; x_wconf 86' lang='grc' dir='ltr'>δούλη</span> 
     </span>
    </p>
   </div>
   <div class='ocr_carea' id='block_1_79' title="bbox 2144 3661 3294 3732">
    <p class='ocr_par' dir='ltr' id='par_1_79' title="bbox 2144 3661 3294 3732">
     <span class='ocr_line' id='line_1_79' title="bbox 2144 3661 3294 3732; baseline 0.004 -18"><span class='ocrx_word' id='word_1_472' title='bbox 2144 3661 2442 3732; x_wconf 86' lang='grc' dir='ltr'>βιαζομένη</span> <span class='ocrx_word' id='word_1_473' title='bbox 2483 3662 2635 3732; x_wconf 81' lang='grc' dir='ltr'>παρὰ</span> <span class='ocrx_word' id='word_1_474' title='bbox 2660 3663 2945 3729; x_wconf 84' lang='grc' dir='ltr'>δεσπότου,</span> <span class='ocrx_word' id='word_1_475' title='bbox 2979 3665 3294 3729; x_wconf 82' lang='grc' dir='ltr'>ἀνεύθυνος.</span> 
     </span>
    </p>
   </div>
   <div class='ocr_carea' id='block_1_80' title="bbox 2212 3752 3732 3830">
    <p class='ocr_par' dir='ltr' id='par_1_80' title="bbox 2212 3752 3732 3830">
     <span class='ocr_line' id='line_1_80' title="bbox 2212 3752 3732 3830; baseline 0.006 -26"><span class='ocrx_word' id='word_1_476' title='bbox 2212 3752 2312 3822; x_wconf 86' lang='grc' dir='ltr'>λβ’.</span> <span class='ocrx_word' id='word_1_477' title='bbox 2368 3753 2425 3805; x_wconf 95' lang='lat'><strong>&#39;0</strong></span> <span class='ocrx_word' id='word_1_478' title='bbox 2457 3753 2721 3824; x_wconf 85' lang='grc' dir='ltr'>τρίγαμος</span> <span class='ocrx_word' id='word_1_479' title='bbox 2748 3754 2969 3825; x_wconf 75' lang='grc' dir='ltr'>ἀνομοςο</span> <span class='ocrx_word' id='word_1_480' title='bbox 2992 3756 3066 3820; x_wconf 87' lang='grc' dir='ltr'><strong>ὡς</strong></span> <span class='ocrx_word' id='word_1_481' title='bbox 3095 3756 3152 3809; x_wconf 87' lang='grc' dir='ltr'><strong>δέ</strong></span> <span class='ocrx_word' id='word_1_482' title='bbox 3193 3757 3334 3829; x_wconf 81' lang='grc' dir='ltr'>ῥέπῃ</span> <span class='ocrx_word' id='word_1_483' title='bbox 3366 3758 3465 3829; x_wconf 83' lang='grc' dir='ltr'>τῆς</span> <span class='ocrx_word' id='word_1_484' title='bbox 3496 3758 3732 3830; x_wconf 85' lang='grc' dir='ltr'>Ἐκκλη-</span> 
     </span>
    </p>
   </div>
   <div class='ocr_carea' id='block_1_81' title="bbox 2142 3843 3728 3922">
    <p class='ocr_par' dir='ltr' id='par_1_81' title="bbox 2142 3843 3728 3922">
     <span class='ocr_line' id='line_1_81' title="bbox 2142 3843 3728 3922; baseline 0.005 -26"><span class='ocrx_word' id='word_1_485' title='bbox 2142 3845 2266 3908; x_wconf 77' lang='grc' dir='ltr'>σίας</span> <span class='ocrx_word' id='word_1_486' title='bbox 2311 3843 2380 3897; x_wconf 76' lang='grc' dir='ltr'>τὰ</span> <span class='ocrx_word' id='word_1_487' title='bbox 2413 3844 2640 3897; x_wconf 77' lang='grc' dir='ltr'>τοιαῦτα</span> <span class='ocrx_word' id='word_1_488' title='bbox 2690 3845 3022 3917; x_wconf 83' lang='grc' dir='ltr'>βλεπόμενα,</span> <span class='ocrx_word' id='word_1_489' title='bbox 3061 3849 3449 3921; x_wconf 85' lang='grc' dir='ltr'>ἀστηλίτευτα,</span> <span class='ocrx_word' id='word_1_490' title='bbox 3488 3851 3728 3922; x_wconf 75' lang='grc' dir='ltr'>κρείττω</span> 
     </span>
    </p>
   </div>
   <div class='ocr_carea' id='block_1_82' title="bbox 2140 3935 3206 4011">
    <p class='ocr_par' dir='ltr' id='par_1_82' title="bbox 2140 3935 3206 4011">
     <span class='ocr_line' id='line_1_82' title="bbox 2140 3935 3206 4011; baseline 0.006 -23"><span class='ocrx_word' id='word_1_491' title='bbox 2140 3935 2242 4006; x_wconf 81' lang='grc' dir='ltr'>τῆς</span> <span class='ocrx_word' id='word_1_492' title='bbox 2272 3936 2565 4008; x_wconf 86' lang='grc' dir='ltr'>ἀνειμένης</span> <span class='ocrx_word' id='word_1_493' title='bbox 2597 3938 2854 4010; x_wconf 82' lang='grc' dir='ltr'>πορνείας</span> <span class='ocrx_word' id='word_1_494' title='bbox 2886 3941 3206 4011; x_wconf 85' lang='grc' dir='ltr'>κρινόμενα.</span> 
     </span>
    </p>
   </div>
   <div class='ocr_carea' id='block_1_83' title="bbox 2493 4187 3370 4280">
    <p class='ocr_par' dir='ltr' id='par_1_83' title="bbox 2493 4187 3370 4280">
     <span class='ocr_line' id='line_1_83' title="bbox 2493 4187 3370 4280; baseline 0.002 -20"><span class='ocrx_word' id='word_1_495' title='bbox 2493 4207 2608 4270; x_wconf 78' lang='grc' dir='ltr'>Τρῦ</span> <span class='ocrx_word' id='word_1_496' title='bbox 2639 4207 2825 4263; x_wconf 82' lang='grc' dir='ltr'>αὐτοῦ</span> <span class='ocrx_word' id='word_1_497' title='bbox 2863 4187 3158 4279; x_wconf 63' lang='grc' dir='ltr'>ἐπιστολὴ</span> <span class='ocrx_word' id='word_1_498' title='bbox 3183 4210 3370 4280; x_wconf 77' lang='grc' dir='ltr'>τρίτη.</span> 
     </span>
    </p>
   </div>
   <div class='ocr_carea' id='block_1_84' title="bbox 2207 4319 3728 4395">
    <p class='ocr_par' dir='ltr' id='par_1_84' title="bbox 2207 4319 3728 4395">
     <span class='ocr_line' id='line_1_84' title="bbox 2207 4319 3728 4395; baseline 0.001 -18"><span class='ocrx_word' id='word_1_499' title='bbox 2207 4321 2277 4377; x_wconf 83' lang='grc' dir='ltr'>α’.</span> <span class='ocrx_word' id='word_1_500' title='bbox 2337 4322 2399 4374; x_wconf 89' lang='grc' dir='ltr'>Οί</span> <span class='ocrx_word' id='word_1_501' title='bbox 2459 4319 2715 4392; x_wconf 75' lang='grc' dir='ltr'>κληρικοὶ</span> <span class='ocrx_word' id='word_1_502' title='bbox 2773 4322 3257 4393; x_wconf 84' lang='grc' dir='ltr'>παραπίπτοντες,</span> <span class='ocrx_word' id='word_1_503' title='bbox 3319 4323 3429 4379; x_wconf 90' lang='grc' dir='ltr'><strong>τῶν</strong></span> <span class='ocrx_word' id='word_1_504' title='bbox 3496 4325 3728 4395; x_wconf 84' lang='grc' dir='ltr'>βαθμῶν</span> 
     </span>
    </p>
   </div>
   <div class='ocr_carea' id='block_1_85' title="bbox 2139 4413 3720 4487">
    <p class='ocr_par' dir='ltr' id='par_1_85' title="bbox 2139 4413 3720 4487">
     <span class='ocr_line' id='line_1_85' title="bbox 2139 4413 3720 4487; baseline 0.001 -19"><span class='ocrx_word' id='word_1_505' title='bbox 2139 4413 2582 4481; x_wconf 86' lang='grc' dir='ltr'>ἀποπίπτουσιν,</span> <span class='ocrx_word' id='word_1_506' title='bbox 2646 4413 2756 4467; x_wconf 73' lang='grc' dir='ltr'>εἴτε</span> <span class='ocrx_word' id='word_1_507' title='bbox 2831 4414 3181 4484; x_wconf 79' lang='grc' dir='ltr'>ὑπηρετῶσιν</span> <span class='ocrx_word' id='word_1_508' title='bbox 3244 4413 3356 4469; x_wconf 72' lang='grc' dir='ltr'>εἴτε</span> <span class='ocrx_word' id='word_1_509' title='bbox 3414 4417 3720 4487; x_wconf 83' lang='grc' dir='ltr'>κεχειροτό-</span> 
     </span>
    </p>
   </div>
   <div class='ocr_carea' id='block_1_86' title="bbox 1981 4501 2354 4576">
    <p class='ocr_par' dir='ltr' id='par_1_86' title="bbox 1981 4501 2354 4576">
     <span class='ocr_line' id='line_1_86' title="bbox 1981 4501 2354 4576; baseline 0 -16"><span class='ocrx_word' id='word_1_510' title='bbox 1981 4519 1995 4535; x_wconf 87' lang='grc'><strong>·</strong></span> <span class='ocrx_word' id='word_1_511' title='bbox 2059 4501 2114 4560; x_wconf 87' lang='grc' dir='ltr'><strong>Ι)</strong></span> <span class='ocrx_word' id='word_1_512' title='bbox 2140 4523 2354 4576; x_wconf 88' lang='grc' dir='ltr'>νηνται.</span> 
     </span>
    </p>
   </div>
   <div class='ocr_carea' id='block_1_87' title="bbox 527 4577 2037 4656">
    <p class='ocr_par' dir='ltr' id='par_1_87' title="bbox 527 4577 2037 4656">
     <span class='ocr_line' id='line_1_87' title="bbox 527 4577 2037 4656; baseline 0.006 -23"><span class='ocrx_word' id='word_1_513' title='bbox 527 4580 582 4633; x_wconf 86' lang='grc'><strong>2.</strong></span> <span class='ocrx_word' id='word_1_514' title='bbox 610 4577 740 4644; x_wconf 71' lang='lat' dir='ltr'><strong>Quae</strong></span> <span class='ocrx_word' id='word_1_515' title='bbox 799 4579 970 4635; x_wconf 78' lang='lat' dir='ltr'><strong>fetum</strong></span> <span class='ocrx_word' id='word_1_516' title='bbox 1001 4581 1322 4652; x_wconf 78' lang='lat' dir='ltr'><strong>neglexerit,</strong></span> <span class='ocrx_word' id='word_1_517' title='bbox 1358 4594 1647 4655; x_wconf 88' lang='lat' dir='ltr'><strong>propterea</strong></span> <span class='ocrx_word' id='word_1_518' title='bbox 1669 4585 1812 4656; x_wconf 87' lang='lat' dir='ltr'><strong>quod</strong></span> <span class='ocrx_word' id='word_1_519' title='bbox 1844 4587 2037 4643; x_wconf 89' lang='lat' dir='ltr'><strong>amicis</strong></span> 
     </span>
    </p>
   </div>
   <div class='ocr_carea' id='block_1_88' title="bbox 457 4671 2038 4745">
    <p class='ocr_par' dir='ltr' id='par_1_88' title="bbox 457 4671 2038 4745">
     <span class='ocr_line' id='line_1_88' title="bbox 457 4671 2038 4745; baseline 0.006 -20"><span class='ocrx_word' id='word_1_520' title='bbox 457 4671 731 4742; x_wconf 88' lang='lat' dir='ltr'><strong>rebusque</strong></span> <span class='ocrx_word' id='word_1_521' title='bbox 755 4671 823 4727; x_wconf 94' lang='lat' dir='ltr'><strong>ad</strong></span> <span class='ocrx_word' id='word_1_522' title='bbox 856 4673 1020 4728; x_wconf 88' lang='lat' dir='ltr'><strong>vitam</strong></span> <span class='ocrx_word' id='word_1_523' title='bbox 1046 4676 1370 4732; x_wconf 86' lang='lat' dir='ltr'><strong>necessariis</strong></span> <span class='ocrx_word' id='word_1_524' title='bbox 1394 4677 1651 4733; x_wconf 90' lang='lat' dir='ltr'><strong>destituta</strong></span> <span class='ocrx_word' id='word_1_525' title='bbox 1675 4679 1766 4745; x_wconf 87' lang='lat' dir='ltr'><strong>sit,</strong></span> <span class='ocrx_word' id='word_1_526' title='bbox 1791 4679 2038 4735; x_wconf 90' lang='lat' dir='ltr'><strong>criminis</strong></span> 
     </span>
    </p>
   </div>
   <div class='ocr_carea' id='block_1_89' title="bbox 458 4772 788 4834">
    <p class='ocr_par' dir='ltr' id='par_1_89' title="bbox 458 4772 788 4834">
     <span class='ocr_line' id='line_1_89' title="bbox 458 4772 788 4834; baseline 0.006 -16"><span class='ocrx_word' id='word_1_527' title='bbox 458 4779 657 4834; x_wconf 89' lang='lat' dir='ltr'><strong>expers</strong></span> <span class='ocrx_word' id='word_1_528' title='bbox 685 4772 788 4820; x_wconf 88' lang='lat' dir='ltr'><strong>est.</strong></span> 
     </span>
    </p>
   </div>
   <div class='ocr_carea' id='block_1_90' title="bbox 526 4853 2034 4929">
    <p class='ocr_par' dir='ltr' id='par_1_90' title="bbox 526 4853 2034 4929">
     <span class='ocr_line' id='line_1_90' title="bbox 526 4853 2034 4929; baseline 0.009 -21"><span class='ocrx_word' id='word_1_529' title='bbox 526 4856 582 4909; x_wconf 76' lang='lat'><strong>3.</strong></span> <span class='ocrx_word' id='word_1_530' title='bbox 615 4853 737 4910; x_wconf 87' lang='lat' dir='ltr'><strong>Non</strong></span> <span class='ocrx_word' id='word_1_531' title='bbox 789 4871 1041 4929; x_wconf 87' lang='lat' dir='ltr'><strong>magnum</strong></span> <span class='ocrx_word' id='word_1_532' title='bbox 1072 4857 1278 4912; x_wconf 91' lang='lat' dir='ltr'><strong>crimen</strong></span> <span class='ocrx_word' id='word_1_533' title='bbox 1315 4868 1398 4914; x_wconf 89' lang='lat' dir='ltr'><strong>est</strong></span> <span class='ocrx_word' id='word_1_534' title='bbox 1427 4859 1637 4916; x_wconf 84' lang='lat' dir='ltr'><strong>ancillae</strong></span> <span class='ocrx_word' id='word_1_535' title='bbox 1675 4861 1874 4927; x_wconf 76' lang='lat' dir='ltr'><strong>viduae,</strong></span> <span class='ocrx_word' id='word_1_536' title='bbox 1900 4865 1945 4919; x_wconf 88' lang='lat' dir='ltr'><strong>si</strong></span> <span class='ocrx_word' id='word_1_537' title='bbox 1969 4866 2034 4922; x_wconf 88' lang='lat' dir='ltr'><strong>ad</strong></span> 
     </span>
    </p>
   </div>
   <div class='ocr_carea' id='block_1_91' title="bbox 456 4949 2034 5025">
    <p class='ocr_par' dir='ltr' id='par_1_91' title="bbox 456 4949 2034 5025">
     <span class='ocr_line' id='line_1_91' title="bbox 456 4949 2034 5025; baseline 0.006 -23"><span class='ocrx_word' id='word_1_538' title='bbox 456 4949 726 5003; x_wconf 87' lang='lat' dir='ltr'><strong>secundas</strong></span> <span class='ocrx_word' id='word_1_539' title='bbox 753 4949 974 5020; x_wconf 70' lang='lat' dir='ltr'><strong>nuptias</strong></span> <span class='ocrx_word' id='word_1_540' title='bbox 1016 4951 1261 5020; x_wconf 89' lang='lat' dir='ltr'><strong>rapiatur</strong></span> <span class='ocrx_word' id='word_1_541' title='bbox 1294 4970 1308 5008; x_wconf 88' lang='lat'><strong>:</strong></span> <span class='ocrx_word' id='word_1_542' title='bbox 1341 4952 1592 5024; x_wconf 81' lang='lat' dir='ltr'><strong>bigamiae</strong></span> <span class='ocrx_word' id='word_1_543' title='bbox 1645 4969 1772 5009; x_wconf 86' lang='lat' dir='ltr'><strong>vero</strong></span> <span class='ocrx_word' id='word_1_544' title='bbox 1817 4971 2034 5025; x_wconf 89' lang='lat' dir='ltr'><strong>poenam</strong></span> 
     </span>
    </p>
   </div>
   <div class='ocr_carea' id='block_1_92' title="bbox 456 5043 1482 5098">
    <p class='ocr_par' dir='ltr' id='par_1_92' title="bbox 456 5043 1482 5098">
     <span class='ocr_line' id='line_1_92' title="bbox 456 5043 1482 5098; baseline 0.003 -2"><span class='ocrx_word' id='word_1_545' title='bbox 456 5043 688 5098; x_wconf 78' lang='lat' dir='ltr'><strong>subibit.</strong></span> <span class='ocrx_word' id='word_1_546' title='bbox 1476 5052 1482 5059; x_wconf 85' lang='lat'><strong>&#39;</strong></span> 
     </span>
    </p>
   </div>
   <div class='ocr_carea' id='block_1_93' title="bbox 524 5135 2032 5209">
    <p class='ocr_par' dir='ltr' id='par_1_93' title="bbox 524 5135 2032 5209">
     <span class='ocr_line' id='line_1_93' title="bbox 524 5135 2032 5209; baseline 0.007 -21"><span class='ocrx_word' id='word_1_547' title='bbox 524 5135 579 5190; x_wconf 79' lang='grc'>4.</span> <span class='ocrx_word' id='word_1_548' title='bbox 637 5135 1045 5192; x_wconf 82' lang='lat' dir='ltr'><strong>Homicidarum</strong></span> <span class='ocrx_word' id='word_1_549' title='bbox 1090 5153 1288 5209; x_wconf 66' lang='lat' dir='ltr'><strong>paenae,</strong></span> <span class='ocrx_word' id='word_1_550' title='bbox 1355 5153 1455 5209; x_wconf 88' lang='lat' dir='ltr'><strong>pro</strong></span> <span class='ocrx_word' id='word_1_551' title='bbox 1501 5140 2032 5198; x_wconf 89' lang='lat' dir='ltr'><strong>circumstantiarum</strong></span> 
     </span>
    </p>
   </div>
   <div class='ocr_carea' id='block_1_94' title="bbox 455 5217 1490 5301">
    <p class='ocr_par' dir='ltr' id='par_1_94' title="bbox 455 5217 1490 5301">
     <span class='ocr_line' id='line_1_94' title="bbox 455 5217 1490 5301; baseline 0.004 -19"><span class='ocrx_word' id='word_1_552' title='bbox 455 5227 687 5296; x_wconf 67' lang='lat' dir='ltr'><strong>ratione,</strong></span> <span class='ocrx_word' id='word_1_553' title='bbox 711 5217 992 5301; x_wconf 79' lang='lat' dir='ltr'><strong>augentur</strong></span> <span class='ocrx_word' id='word_1_554' title='bbox 1012 5239 1109 5285; x_wconf 89' lang='lat' dir='ltr'><strong>aut</strong></span> <span class='ocrx_word' id='word_1_555' title='bbox 1129 5231 1490 5286; x_wconf 86' lang='lat' dir='ltr'><strong>minuuntur.</strong></span> 
     </span>
    </p>
   </div>
   <div class='ocr_carea' id='block_1_95' title="bbox 527 5405 2032 5482">
    <p class='ocr_par' dir='ltr' id='par_1_95' title="bbox 527 5405 2032 5482">
     <span class='ocr_line' id='line_1_95' title="bbox 527 5405 2032 5482; baseline 0.007 -22"><span class='ocrx_word' id='word_1_556' title='bbox 527 5407 578 5460; x_wconf 81' lang='grc'>5.</span> <span class='ocrx_word' id='word_1_557' title='bbox 603 5405 956 5462; x_wconf 76' lang='lat' dir='ltr'><strong>Voluntarius</strong></span> <span class='ocrx_word' id='word_1_558' title='bbox 981 5407 1250 5463; x_wconf 89' lang='lat' dir='ltr'><strong>homicida</strong></span> <span class='ocrx_word' id='word_1_559' title='bbox 1275 5407 1461 5480; x_wconf 79' lang='lat' dir='ltr'><strong>viginti</strong></span> <span class='ocrx_word' id='word_1_560' title='bbox 1486 5425 1668 5466; x_wconf 84' lang='lat' dir='ltr'><strong>annos</strong></span> <span class='ocrx_word' id='word_1_561' title='bbox 1695 5413 2032 5482; x_wconf 62' lang='lat' dir='ltr'><strong>paenitentiae</strong></span> 
     </span>
    </p>
   </div>
   <div class='ocr_carea' id='block_1_96' title="bbox 456 5499 1092 5570">
    <p class='ocr_par' dir='ltr' id='par_1_96' title="bbox 456 5499 1092 5570">
     <span class='ocr_line' id='line_1_96' title="bbox 456 5499 1092 5570; baseline 0.003 -19"><span class='ocrx_word' id='word_1_562' title='bbox 456 5499 800 5570; x_wconf 71' lang='lat' dir='ltr'><strong>subjiciatur.</strong></span> <span class='ocrx_word' id='word_1_563' title='bbox 1089 5565 1092 5567; x_wconf 19' lang='grc' dir='ltr'>λ</span> 
     </span>
    </p>
   </div>
   <div class='ocr_carea' id='block_1_97' title="bbox 526 5590 1458 5650">
    <p class='ocr_par' dir='ltr' id='par_1_97' title="bbox 526 5590 1458 5650">
     <span class='ocr_line' id='line_1_97' title="bbox 526 5590 1458 5650; baseline 0.006 -8"><span class='ocrx_word' id='word_1_564' title='bbox 526 5590 578 5644; x_wconf 84' lang='grc'><strong>6.</strong></span> <span class='ocrx_word' id='word_1_565' title='bbox 616 5591 1023 5647; x_wconf 77' lang='lat' dir='ltr'><strong>Involuntarius</strong></span> <span class='ocrx_word' id='word_1_566' title='bbox 1049 5593 1236 5650; x_wconf 82' lang='lat' dir='ltr'><strong>decem</strong></span> <span class='ocrx_word' id='word_1_567' title='bbox 1264 5610 1458 5650; x_wconf 89' lang='lat' dir='ltr'><strong>annos.</strong></span> 
     </span>
    </p>
   </div>
   <div class='ocr_carea' id='block_1_98' title="bbox 530 5681 1411 5753">
    <p class='ocr_par' dir='ltr' id='par_1_98' title="bbox 530 5681 1411 5753">
     <span class='ocr_line' id='line_1_98' title="bbox 530 5681 1411 5753; baseline 0.012 -22"><span class='ocrx_word' id='word_1_568' title='bbox 530 5682 579 5734; x_wconf 88' lang='lat'><strong>7.</strong></span> <span class='ocrx_word' id='word_1_569' title='bbox 614 5681 856 5739; x_wconf 72' lang='lat' dir='ltr'><strong>Mmchus</strong></span> <span class='ocrx_word' id='word_1_570' title='bbox 883 5683 1192 5753; x_wconf 80' lang='lat' dir='ltr'><strong>quindecim</strong></span> <span class='ocrx_word' id='word_1_571' title='bbox 1220 5702 1411 5742; x_wconf 89' lang='lat' dir='ltr'><strong>annos.</strong></span> 
     </span>
    </p>
   </div>
   <div class='ocr_carea' id='block_1_99' title="bbox 529 5769 1338 5844">
    <p class='ocr_par' dir='ltr' id='par_1_99' title="bbox 529 5769 1338 5844">
     <span class='ocr_line' id='line_1_99' title="bbox 529 5769 1338 5844; baseline 0.009 -20"><span class='ocrx_word' id='word_1_572' title='bbox 529 5774 580 5824; x_wconf 87' lang='lat'><strong>8.</strong></span> <span class='ocrx_word' id='word_1_573' title='bbox 614 5769 938 5832; x_wconf 72' lang='lat' dir='ltr'><strong>Fornicator</strong></span> <span class='ocrx_word' id='word_1_574' title='bbox 969 5777 1338 5844; x_wconf 88' lang='lat' dir='ltr'><strong>seplennium.</strong></span> 
     </span>
    </p>
   </div>
   <div class='ocr_carea' id='block_1_100' title="bbox 2179 4557 3724 4674">
    <p class='ocr_par' dir='ltr' id='par_1_100' title="bbox 2179 4557 3724 4674">
     <span class='ocr_line' id='line_1_100' title="bbox 2179 4557 3724 4674; baseline -0.003 -21"><span class='ocrx_word' id='word_1_575' title='bbox 2179 4557 2280 4674; x_wconf 40' lang='lat' dir='ltr'>:rﬂ&#39;.</span> <span class='ocrx_word' id='word_1_576' title='bbox 2322 4557 2391 4649; x_wconf 59' lang='lat' dir='ltr'>&#39;H</span> <span class='ocrx_word' id='word_1_577' title='bbox 2426 4597 2759 4668; x_wconf 84' lang='grc' dir='ltr'>ἀμελήσασα</span> <span class='ocrx_word' id='word_1_578' title='bbox 2813 4597 2908 4651; x_wconf 91' lang='grc' dir='ltr'><strong>τοῦ</strong></span> <span class='ocrx_word' id='word_1_579' title='bbox 2968 4557 3276 4667; x_wconf 72' lang='grc' dir='ltr'><strong>κυήματος¹</strong></span> <span class='ocrx_word' id='word_1_580' title='bbox 3302 4599 3372 4652; x_wconf 80' lang='grc' dir='ltr'><strong>δι’</strong></span> <span class='ocrx_word' id='word_1_581' title='bbox 3422 4600 3658 4671; x_wconf 81' lang='grc' dir='ltr'>ἐρημίαν</span> <span class='ocrx_word' id='word_1_582' title='bbox 3691 4601 3724 4670; x_wconf 78' lang='grc' dir='ltr'>ἢ</span> 
     </span>
    </p>
   </div>
   <div class='ocr_carea' id='block_1_101' title="bbox 2139 4688 3239 4760">
    <p class='ocr_par' dir='ltr' id='par_1_101' title="bbox 2139 4688 3239 4760">
     <span class='ocr_line' id='line_1_101' title="bbox 2139 4688 3239 4760; baseline 0.003 -19"><span class='ocrx_word' id='word_1_583' title='bbox 2139 4689 2375 4759; x_wconf 90' lang='grc' dir='ltr'>ἀπορίαν</span> <span class='ocrx_word' id='word_1_584' title='bbox 2397 4689 2504 4742; x_wconf 90' lang='grc' dir='ltr'><strong>τῶν</strong></span> <span class='ocrx_word' id='word_1_585' title='bbox 2538 4688 2884 4760; x_wconf 84' lang='grc' dir='ltr'>ἐπιτηδείων,</span> <span class='ocrx_word' id='word_1_586' title='bbox 2925 4689 3239 4752; x_wconf 81' lang='grc' dir='ltr'>ἀνεύθυνος.</span> 
     </span>
    </p>
   </div>
   <div class='ocr_carea' id='block_1_102' title="bbox 2210 4864 3723 4937">
    <p class='ocr_par' dir='ltr' id='par_1_102' title="bbox 2210 4864 3723 4937">
     <span class='ocr_line' id='line_1_102' title="bbox 2210 4864 3723 4937; baseline 0 -18"><span class='ocrx_word' id='word_1_587' title='bbox 2210 4865 2280 4935; x_wconf 88' lang='grc' dir='ltr'>γ’.</span> <span class='ocrx_word' id='word_1_588' title='bbox 2322 4865 2398 4918; x_wconf 84' lang='grc' dir='ltr'><strong>Ού</strong></span> <span class='ocrx_word' id='word_1_589' title='bbox 2433 4864 2579 4935; x_wconf 91' lang='grc' dir='ltr'>μέγα</span> <span class='ocrx_word' id='word_1_590' title='bbox 2615 4867 2864 4934; x_wconf 83' lang='grc' dir='ltr'>πταῖσμα</span> <span class='ocrx_word' id='word_1_591' title='bbox 2891 4867 2957 4934; x_wconf 81' lang='grc' dir='ltr'><strong>τῇ</strong></span> <span class='ocrx_word' id='word_1_592' title='bbox 2987 4866 3133 4935; x_wconf 73' lang='grc' dir='ltr'>χήρᾳ</span> <span class='ocrx_word' id='word_1_593' title='bbox 3179 4864 3344 4937; x_wconf 81' lang='grc' dir='ltr'>δούλῃ</span> <span class='ocrx_word' id='word_1_594' title='bbox 3375 4866 3513 4937; x_wconf 73' lang='grc' dir='ltr'>πρὸς</span> <span class='ocrx_word' id='word_1_595' title='bbox 3541 4866 3723 4919; x_wconf 83' lang='grc' dir='ltr'>δεύτε-</span> 
     </span>
    </p>
   </div>
   <div class='ocr_carea' id='block_1_103' title="bbox 2141 4956 3727 5028">
    <p class='ocr_par' dir='ltr' id='par_1_103' title="bbox 2141 4956 3727 5028">
     <span class='ocr_line' id='line_1_103' title="bbox 2141 4956 3727 5028; baseline 0.001 -17"><span class='ocrx_word' id='word_1_596' title='bbox 2141 4975 2234 5028; x_wconf 91' lang='grc' dir='ltr'><strong>ρον</strong></span> <span class='ocrx_word' id='word_1_597' title='bbox 2263 4957 2442 5026; x_wconf 86' lang='grc' dir='ltr'>γάμον</span> <span class='ocrx_word' id='word_1_598' title='bbox 2469 4956 2830 5027; x_wconf 79' lang='grc' dir='ltr'>ἀρπαζομένῃ</span> <span class='ocrx_word' id='word_1_599' title='bbox 2849 4974 2865 4988; x_wconf 85' lang='grc'>·</span> <span class='ocrx_word' id='word_1_600' title='bbox 2916 4956 2977 5009; x_wconf 85' lang='grc' dir='ltr'>τὸ</span> <span class='ocrx_word' id='word_1_601' title='bbox 3006 4957 3064 5010; x_wconf 84' lang='grc' dir='ltr'>δὲ</span> <span class='ocrx_word' id='word_1_602' title='bbox 3098 4959 3196 5026; x_wconf 84' lang='grc' dir='ltr'>τῆς</span> <span class='ocrx_word' id='word_1_603' title='bbox 3227 4957 3494 5028; x_wconf 79' lang='grc' dir='ltr'>διγαμίας</span> <span class='ocrx_word' id='word_1_604' title='bbox 3545 4961 3727 5012; x_wconf 76' lang='grc' dir='ltr'>ἐπιτί-</span> 
     </span>
    </p>
   </div>
   <div class='ocr_carea' id='block_1_104' title="bbox 2141 5050 2424 5120">
    <p class='ocr_par' dir='ltr' id='par_1_104' title="bbox 2141 5050 2424 5120">
     <span class='ocr_line' id='line_1_104' title="bbox 2141 5050 2424 5120; baseline 0.007 -18"><span class='ocrx_word' id='word_1_605' title='bbox 2141 5068 2265 5120; x_wconf 86' lang='grc' dir='ltr'>μιον</span> <span class='ocrx_word' id='word_1_606' title='bbox 2287 5050 2424 5114; x_wconf 74' lang='grc' dir='ltr'>ἕξει.</span> 
     </span>
    </p>
   </div>
   <div class='ocr_carea' id='block_1_105' title="bbox 2205 5141 3718 5218">
    <p class='ocr_par' dir='ltr' id='par_1_105' title="bbox 2205 5141 3718 5218">
     <span class='ocr_line' id='line_1_105' title="bbox 2205 5141 3718 5218; baseline -0.001 -21"><span class='ocrx_word' id='word_1_607' title='bbox 2205 5141 2268 5198; x_wconf 88' lang='grc' dir='ltr'>δ’.</span> <span class='ocrx_word' id='word_1_608' title='bbox 2312 5143 2434 5197; x_wconf 92' lang='grc' dir='ltr'>Τῶν</span> <span class='ocrx_word' id='word_1_609' title='bbox 2459 5143 2745 5213; x_wconf 82' lang='grc' dir='ltr'>φονώντων</span> <span class='ocrx_word' id='word_1_610' title='bbox 2791 5143 2902 5216; x_wconf 81' lang='grc' dir='ltr'>[ῖσ.</span> <span class='ocrx_word' id='word_1_611' title='bbox 2941 5145 3303 5218; x_wconf 79' lang='grc' dir='ltr'>φονευόντων]</span> <span class='ocrx_word' id='word_1_612' title='bbox 3327 5145 3396 5198; x_wconf 76' lang='grc' dir='ltr'><strong>τὰ</strong></span> <span class='ocrx_word' id='word_1_613' title='bbox 3443 5144 3718 5213; x_wconf 79' lang='grc' dir='ltr'>ἐπιτίμια,</span> 
     </span>
    </p>
   </div>
   <div class='ocr_carea' id='block_1_106' title="bbox 2137 5235 3717 5306">
    <p class='ocr_par' dir='ltr' id='par_1_106' title="bbox 2137 5235 3717 5306">
     <span class='ocr_line' id='line_1_106' title="bbox 2137 5235 3717 5306; baseline -0.001 -16"><span class='ocrx_word' id='word_1_614' title='bbox 2137 5235 2280 5290; x_wconf 86' lang='grc' dir='ltr'><strong>κατά</strong></span> <span class='ocrx_word' id='word_1_615' title='bbox 2331 5235 2394 5289; x_wconf 84' lang='grc' dir='ltr'>τὸ</span> <span class='ocrx_word' id='word_1_616' title='bbox 2453 5236 2650 5306; x_wconf 76' lang='grc' dir='ltr'>ἰδίωμα</span> <span class='ocrx_word' id='word_1_617' title='bbox 2703 5236 2805 5306; x_wconf 84' lang='grc' dir='ltr'>τῆς</span> <span class='ocrx_word' id='word_1_618' title='bbox 2861 5238 3239 5306; x_wconf 86' lang='grc' dir='ltr'>περιστάσεως</span> <span class='ocrx_word' id='word_1_619' title='bbox 3285 5237 3639 5300; x_wconf 79' lang='grc' dir='ltr'>ἐπιτείνεται,</span> <span class='ocrx_word' id='word_1_620' title='bbox 3685 5236 3717 5304; x_wconf 85' lang='grc' dir='ltr'>ἢ</span> 
     </span>
    </p>
   </div>
   <div class='ocr_carea' id='block_1_107' title="bbox 2137 5331 2376 5400">
    <p class='ocr_par' dir='ltr' id='par_1_107' title="bbox 2137 5331 2376 5400">
     <span class='ocr_line' id='line_1_107' title="bbox 2137 5331 2376 5400; baseline 0.008 -16"><span class='ocrx_word' id='word_1_621' title='bbox 2137 5331 2376 5400; x_wconf 82' lang='grc' dir='ltr'>ὑφίεται.</span> 
     </span>
    </p>
   </div>
   <div class='ocr_carea' id='block_1_108' title="bbox 2207 5414 3718 5492">
    <p class='ocr_par' dir='ltr' id='par_1_108' title="bbox 2207 5414 3718 5492">
     <span class='ocr_line' id='line_1_108' title="bbox 2207 5414 3718 5492; baseline -0.003 -20"><span class='ocrx_word' id='word_1_622' title='bbox 2207 5426 2290 5473; x_wconf 88' lang='grc' dir='ltr'>ε’.·</span> <span class='ocrx_word' id='word_1_623' title='bbox 2315 5419 2371 5472; x_wconf 94' lang='lat'><strong>&#39;0</strong></span> <span class='ocrx_word' id='word_1_624' title='bbox 2399 5419 2646 5485; x_wconf 82' lang='grc' dir='ltr'>ἑκούσιος</span> <span class='ocrx_word' id='word_1_625' title='bbox 2664 5422 2953 5492; x_wconf 82' lang='grc' dir='ltr'>φονευτὴς,</span> <span class='ocrx_word' id='word_1_626' title='bbox 2975 5421 3320 5478; x_wconf 86' lang='grc' dir='ltr'>είκοσαετίαν</span> <span class='ocrx_word' id='word_1_627' title='bbox 3337 5414 3718 5474; x_wconf 75' lang='grc' dir='ltr'>ὑποπιπτέτω.</span> 
     </span>
    </p>
   </div>
   <div class='ocr_carea' id='block_1_109' title="bbox 2208 5597 3009 5663">
    <p class='ocr_par' dir='ltr' id='par_1_109' title="bbox 2208 5597 3009 5663">
     <span class='ocr_line' id='line_1_109' title="bbox 2208 5597 3009 5663; baseline -0.001 -10"><span class='ocrx_word' id='word_1_628' title='bbox 2208 5605 2282 5663; x_wconf 82' lang='grc' dir='ltr'>ς’.</span> <span class='ocrx_word' id='word_1_629' title='bbox 2330 5599 2388 5652; x_wconf 89' lang='lat'><strong>&#39;0</strong></span> <span class='ocrx_word' id='word_1_630' title='bbox 2415 5599 2668 5663; x_wconf 88' lang='grc' dir='ltr'>ἀκούσιος</span> <span class='ocrx_word' id='word_1_631' title='bbox 2698 5597 3009 5654; x_wconf 87' lang='grc' dir='ltr'>δεκαετίαν.</span> 
     </span>
    </p>
   </div>
   <div class='ocr_carea' id='block_1_110' title="bbox 2210 5690 3215 5761">
    <p class='ocr_par' dir='ltr' id='par_1_110' title="bbox 2210 5690 3215 5761">
     <span class='ocr_line' id='line_1_110' title="bbox 2210 5690 3215 5761; baseline 0.001 -19"><span class='ocrx_word' id='word_1_632' title='bbox 2210 5691 2275 5751; x_wconf 77' lang='grc' dir='ltr'><strong>ζ’.</strong></span> <span class='ocrx_word' id='word_1_633' title='bbox 2317 5691 2375 5743; x_wconf 92' lang='lat'><strong>&#39;0</strong></span> <span class='ocrx_word' id='word_1_634' title='bbox 2411 5690 2615 5761; x_wconf 79' lang='grc' dir='ltr'>μοιχὸς,</span> <span class='ocrx_word' id='word_1_635' title='bbox 2645 5690 3215 5747; x_wconf 79' lang='grc' dir='ltr'>πεντεκαιδεκαετίαν.</span> 
     </span>
    </p>
   </div>
   <div class='ocr_carea' id='block_1_111' title="bbox 2210 5779 2974 5852">
    <p class='ocr_par' dir='ltr' id='par_1_111' title="bbox 2210 5779 2974 5852">
     <span class='ocr_line' id='line_1_111' title="bbox 2210 5779 2974 5852; baseline 0.013 -23"><span class='ocrx_word' id='word_1_636' title='bbox 2210 5779 2278 5850; x_wconf 76' lang='grc' dir='ltr'>η’.</span> <span class='ocrx_word' id='word_1_637' title='bbox 2327 5781 2384 5833; x_wconf 85' lang='lat'><strong>&#39;0</strong></span> <span class='ocrx_word' id='word_1_638' title='bbox 2412 5781 2626 5852; x_wconf 82' lang='grc' dir='ltr'>πόρνος,</span> <span class='ocrx_word' id='word_1_639' title='bbox 2661 5781 2974 5839; x_wconf 76' lang='grc' dir='ltr'>ἑπταετίαν.</span> 
     </span>
    </p>
   </div>
  </div>
