4156 6426
371 346 484 422 281

1628 352 1972 414 EPLTOME
2011 354 2408 416 CANONUM.

3551 354 3657 416 9.82

456 469 524 522 θ’.
556 465 624 520 Δί
646 465 1110 537 παραπίπτουσαι
1147 460 1286 534 μετὰ
1317 462 1416 534 τὴν
1456 463 1748 536 ὁμολογίαν
1774 467 1977 539 παρθε-

2150 471 2204 525 9.
2240 470 2483 541 Virgines
2515 478 2638 540 post
2679 468 3071 539 professionem
3112 470 3300 540 lapsae,
3345 470 3655 539 quindecim

372 577 492 626 νοι,
524 562 687 639 πέντε
723 558 822 612 καὶ¹
843 557 1150 612 δεκαετίαν.

445 649 514 708 .ι’.
560 651 625 705 '0
655 651 864 722 κλέψας
900 650 996 704 καὶ
1029 650 1362 719 μεταγνοὺς,
1403 644 1672 715 ἐνιαυτὸν,
1715 653 1806 704 καὶ
1831 651 1977 719 ἐλεγ-

373 744 543 818 χθεὶς
583 745 663 809 δὲ,
696 744 794 797 καὶ¹
827 743 1021 812 ἕτερον
1050 742 1168 796 ἕνα.

464 843 557 893 ια’.
610 837 668 889 '0
694 837 1105 906 ἀρσενοκοίτης,
1140 835 1216 899 ὡς
1251 838 1278 889 ό
1308 837 1518 908 μοιχός.

461 931 554 1002 ιβ’.
603 928 1108 998 Ὀ-ἀλογευόμενος,
1137 927 1360 997 ὁμοίως.

465 1023 562 1091 ιγ’.
607 1023 666 1074 '0
697 1019 960 1091 ἐπίορκος
981 1019 1290 1073 δεκαετίαν.

393 1119 398 1123 ’
461 1116 555 1172 ιδ’.
598 1116 656 1169 '0
681 1114 818 1182 γόης
845 1115 939 1168 καὶ
966 1113 1283 1183 φαρμακὺς,
1316 1113 1392 1177 ὼς
1425 1115 1453 1166 ό
1484 1113 1749 1183 φονεύων.

464 1207 551 1263 ιε’.
604 1208 662 1260 '0
697 1205 1069 1277 τυμϐωρύχος
1090 1206 1395 1260 δεκαετίαν.
1728 1231 1734 1236 ·

465 1307 568 1364 ις’.
613 1297 677 1352 '0
701 1297 1118 1368 ἀδελφόμικτος,
1149 1299 1224 1364 ὡς
1249 1302 1278 1354 ὁ
1299 1301 1590 1369 φονεύσας.

471 1391 562 1457 ιζ’.
614 1392 672 1446 '0
730 1390 1107 1463 ἀπειρημένος
1155 1393 1214 1445 ἑν
1254 1393 1546 1464 συγγενείᾳ
1605 1393 1806 1462 γάμος,
1840 1389 1983 1445 κατὰ

406 1484 617 1555 μοιχόν.

488 1582 584 1643 ιη’.
612 1575 668 1626 '0
689 1573 787 1643 πρδ
819 1574 1004 1644 γάμου
1042 1571 1426 1628 συναλλάσσων
1459 1553 1814 1642 ἀναγνώστης
1843 1591 1981 1643 μνη-

431 1670 528 1735 στῇ
551 1708 568 1729 ,
629 1666 812 1734 μενέτω
843 1665 1205 1738 άναγνὼστης
1254 1667 1594 1740 ἀπρόκοπος.
1627 1666 1980 1736 Κλεψίγαμος

409 1757 477 1812 δὲ
501 1757 834 1817 ἀπωθείσθω.
1658 1768 1660 1770 ⁷
1701 1779 1710 1782 ·
1801 1751 1806 1754 ’

480 1943 567 1997 ιθ¹.
609 1942 986 2012 ὀμολογήσας
1013 1941 1265 2005 διάκονος
1291 1941 1388 1997 καὶ
1409 1940 1787 2014 πρεσϐύτερος
1811 1942 1986 2013 χείλε-

404 2051 490 2086 σιν
518 2032 864 2104 άμαρτῆσαι,
893 2032 998 2104 τῆς
1043 2032 1392 2103 λειτουργίας
1429 2031 1742 2104 εἱρχθέντες
1789 2024 1984 2086 κοινω-

405 2143 454 2178 νε
466 2126 692 2179 ίτωσαν.
1253 2145 1263 2162 δ

469 2223 540 2273 κ’.
589 2219 648 2272 Ὀ
674 2220 1036 2287 συνεγνωκὼς
1060 2217 1298 2290 ἑκάστῳ,
1338 2217 1433 2272 καὶ
1478 2217 1876 2286 ἀποκρύπτων,
1926 2217 1989 2271 τὸ

406 2312 515 2364 ἴσον
532 2311 952 2382 ἑπιτετίμηται.

467 2410 580 2460 κα’.
627 2402 688 2458 '0
716 2405 1159 2476 άρνησίχριστος,
1188 2405 1277 2460 διὰ
1308 2405 1424 2478 βίου
1456 2384 1892 2478 μεταμελείσθω.

466 2587 580 2657 κβ’.
607 2585 726 2658 Οὐκ
758 2587 986 2641 εἴσεισιν
1019 2587 1101 2650 είς
1134 2586 1283 2653 ναὸν,
1313 2586 1642 2658 όάδελφῇῆ
1672 2586 1859 2658 νύμφῃ
1890 2603 1987 2657 με-

397 2679 733 2750 μιασμένος.
765 2679 1039 2742 Ἀποστάς
1059 2680 1248 2768 μέντοι
1267 2680 1360 2735 ἐπὶ
1381 2679 1621 2752 τριετίαν
1641 2679 1985 2751 προσκλαίοι,

393 2773 497 2824 καὶ
523 2769 780 2836 ἑξαετίαν
804 2769 1181 2828 ὑποπιπτέτω.
1267 2845 1276 2852 _
1939 2775 1942 2777 ’

473 2951 587 3022 κγ’.
635 2954 698 3008 '0
747 2952 850 3024 τὴν
899 2953 1038 3007 ίδίαν
1065 2953 1248 3022 ἀφεὶς,
1307 2954 1404 3008 καὶ
1441 2953 1735 3026 λαμϐάνων
1768 2954 1986 3024 ἑτέραν,

404 3047 599 3118 μοιχὸς
619 3045 721 3112 ὢν,
753 3047 1053 3100 ἑπταετίαν
1079 3047 1455 3104 ὑποπιπτέτω.
1595 3074 1624 3096 ι·

469 3140 572 3195 κδ’.
619 3140 681 3194 '0
702 3142 768 3211 τῇ
801 3140 1050 3212 μητρυιᾷ
1082 3141 1292 3210 μανεὶς,
1325 3141 1402 3206 ὡς
1428 3145 1456 3196 ό
1498 3145 1690 3213 μανεὶς
1720 3141 1945 3217 ἀδελφῇ.

471 3321 574 3378 κε’.
609 3325 678 3393 0i
703 3321 1364 3396 πολύγαμοικτηνώδειςο
1406 3322 1522 3379 ἀλλ’
1549 3321 1642 3379 οὖν
1671 3323 1812 3395 μετά
1865 3341 1992 3399 τρι-

400 3417 558 3470 ετίαν
582 3416 951 3486 δεχέσθωσαν.

471 3516 586 3574 σις’.
622 3511 688 3562 Οἱ
711 3508 1062 3579 παραϐάντες
1087 3507 1190 3581 τὴν
1210 3508 1398 3566 πίστιν
1418 3509 1509 3564 διὰ
1536 3509 1808 3592 βασάνων.
1828 3512 1994 3564 ὀκτα-

400 3605 558 3745 ετέζζ
584 3603 1074 3662 ύποπιπτέτωσαν.
1123 3603 1192 3658 Ol.
1233 3603 1294 3660 δὲ
1335 3605 1696 3677 αὐθαιρέτως,
1750 3604 1990 3660 δωδεκα-

401 3708 459 3744 ετ
555 3732 575 3745 .

401 3708 459 3744 ετ
465 3708 575 3748 ιαν.

479 3783 582 3847 κζ’.
621 3785 681 3837 Ὀ
712 3786 775 3837 ὲκ
806 3783 930 3853 βίας
953 3785 1314 3858 ἐπιορκήσας,
1341 3787 1478 3858 μετὰ
1502 3789 1749 3855 ἑξαετίαν
1779 3788 1989 3854 δεκτόςο
2068 3804 2075 3812 ·

420 3876 451 3926 ὸ
471 3875 532 3927 δὲ
563 3876 682 3930 aveo
703 3879 976 3950 ἀνάγκης,
1010 3879 1151 3951 μετὰ
1182 3880 1278 3934 δύο
1305 3883 1402 3936 καὶ
1425 3882 1578 3939 δέκα.

493 4062 594 4126 κη’.
625 4058 711 4129 Μὴ
745 4060 928 4130 χρόνῳ
953 4059 1168 4133 κρίνῃς,
1201 4060 1342 4116 ἀλλά
1369 4062 1560 4134 τρόπῳ
1607 4062 1675 4118 τὰ
1698 4063 1952 4136 ἐπιτίμια
1971 4080 1986 4094 ο

415 4148 463 4198 εί
500 4147 555 4200 δὲ
583 4149 863 4218 ἐμμένωσι
887 4151 1009 4212 ταῖς
1034 4150 1356 4222 ἁμαρτίαις,
1412 4152 1508 4208 καὶ
1535 4152 1894 4223 ἀντιλέγοιεν,
1923 4155 1988 4208 σὺ

412 4232 553 4303 σῶζε
583 4241 688 4310 τὴν
709 4241 921 4294 οἰκείαν
942 4239 1144 4313 ψυχήν.

418 4354 484 4408 Ἠ
517 4355 589 4435 ἐν
607 4353 690 4441 τῷ
711 4355 988 4441 Τρρύλλφ
1012 4353 1122 4423 τῆς
1149 4359 1852 4441 ξωνςτᾳχτινουπόλεως
1864 4358 1990 4441 ρξε’

474 4426 596 4551 Ed):-
629 4426 732 4479 ἐπὶ
762 4427 1194 4482 Ἱουστινιανοῦ
1223 4427 1331 4482 τοῦ
1363 4426 1991 4500 Ῥινοτμήτουσυκελ-

513 4513 698 4551 ουσα.

473 4612 544 4668 α’.
585 4614 655 4666 Ἠ
681 4612 792 4666 τῶν
822 4593 1136 4680 ἀποστόλων
1183 4613 1368 4678 πίστις
1393 4614 1844 4686 άκαινοτόμητος.
1877 4618 1990 4672 Καὶ

405 4705 527 4773 ήὲν
576 4703 789 4774 Νικαίᾳ
837 4703 1150 4777 ὁλόκληρος,
1177 4706 1212 4775 ἢ
1243 4705 1359 4760 τοῦ.
1383 4705 1595 4777 Ἀρείου
1633 4707 1841 4777 δόγμα,
1891 4707 1988 4778 βα-

404 4795 580 4863 θμοὺς
602 4794 830 4862 εἰσάγον
846 4794 1224 4866 θεότητος,ξδιά
1249 4797 1348 4850 τοῦ
1371 4797 1660 4867 ὁμοουσίου
1694 4798 1991 4870 κατέστρε-

398 4886 522 4954 ψεν.
569 4887 636 4939 Ἠ
663 4887 759 4938 ἐπὶ
783 4886 1061 4959 Θεοδώρου
1098 4887 1210 4961 [ιον.
1233 4889 1539 4962 Θεοδοσίου]
1589 4889 1682 4944 τοῦ
1730 4891 1992 4961 μεγίστου

405 4978 626 5038 σύνοδος
657 4979 1080 5050 ἀπαράτρωτος,
1107 4982 1140 5051 ἢ
1175 4981 1530 5048 Μακεδόνιον,
1554 4983 1742 5036 δοῦλον
1763 4985 1992 5039 εἰπείντα

399 5071 462 5122 τὸ
491 5071 655 5138 ἅγιον
714 5071 965 5141 Πνεῦμα,
1001 5071 1344 5144 καθῄρηκεν.
1404 5075 1470 5127 Οί
1543 5074 1758 5128 ἐπὶ-τοῦ
1790 5075 1989 5146 μικροῦ

397 5163 693 5216 Θεοδοσίου
719 5165 801 5228 είς
832 5165 1069 5234 Ἔφεσον
1101 5166 1378 5230 συνιόντες
1418 5167 1705 5234 διακόσιοι,
1743 5169 1834 5221 τὸν
1858 5169 1990 5222 ἀσε-

397 5256 666 5309 ϐέστατον
687 5257 1006 5327 Νεστόριον,
1035 5257 1324 5329 ἄνθρωπον
1363 5259 1566 5326 ίδικῶς,
1600 5260 1697 5314 καὶ
1729 5261 1860 5314 Θεὸν
1893 5261 1992 5314 ίδι-

399 5348 516 5413 κῶς
562 5351 788 5405 εἰπόντα
845 5354 938 5406 τὸν
979 5351 1184 5425 Κύριον
1205 5353 1579 5420 ἐξελάσαντες.
1631 5355 1694 5407 Οί
1721 5354 1862 5408 κατά
1891 5355 1992 5424 τὴν

402 5442 728 5511 Καλχηδόνα
753 5442 832 5512 τῷ
855 5443 1167 5514 Μαρκιανῷ
1191 5443 1614 5510 συνεληλυθότες
1636 5433 1988 5516 ¹ἁιείμνηστοι,

403 5534 652 5602 Εὑτυχέα
695 5535 914 5609 δοκήσει
969 5535 1293 5608 τελεσθῆναι
1349 5539 1413 5591 τὸ
1485 5539 1629 5608 μέγα
1693 5541 1991 5612 μυστήριον

406 5627 613 5694 φράσαι
644 5628 995 5701 τολμήσαντα
1021 5629 1375 5694 καθελόντες·
1409 5632 1504 5684 καὶ
1530 5631 1848 5702 Νεστόριον,
1895 5634 1989 5686 καὶ

405 5719 696 5789 Διόσκορον
710 5721 836 5786 τοὺς
859 5723 927 5774 ἐκ
941 5720 1240 5792 διαμέτρου
1255 5721 1326 5775 τά
1346 5723 1436 5775 ἰσα
1461 5739 1534 5775 πα
1542 5722 1680 5793 ραλη
1690 5724 1985 5793 ρήσανταςο

407 5813 484 5870 εἰς
505 5811 605 5880 τὴν
633 5814 1034 5883 βασιλεύουσαν
1063 5815 1228 5869 πέντε
1261 5816 1355 5870 καὶ
1388 5816 1652 5886 ἑξήκοντα
1688 5817 1781 5870 καὶ
1827 5822 1868 5884 ρ’
1897 5818 1986 5869 ἐπὶ

2079 579 2274 619 annos.

2131 656 2238 736 10.
2269 657 2370 723 Qui
2401 657 2616 712 furatus
2646 667 2732 713 est
2773 637 2838 714 ac
2861 658 3113 728 resipuit,
3157 674 3362 712 annum
3391 658 3660 730 pmniten-

2081 751 2206 807 tiam
2237 761 2360 824 agat
2390 771 2404 806 :
2437 754 2722 808 convictus
2746 768 2896 815 vero,
2923 755 3061 808 duos
3086 767 3282 807 annos.

2149 841 2233 895 11.
2267 842 2626 898 Masculorum
2663 831 2986 896 concubitor
3011 841 3152 896 sicut
3181 842 3413 896 adulter.

2150 933 2238 987 12.
2264 933 2364 999 Qui
2398 943 2586 988 contra
2615 933 2880 987 rationem
2906 942 3152 988 versatus
3175 941 3259 986 est
3279 930 3552 987 similiter.

2152 1031 2241 1084 15.
2277 1029 2557 1099 Periurus,
2595 1030 2882 1085 decennio.
3057 1036 3064 1042 '

2151 1120 2238 1174 14.
2265 1120 2578 1174 lncantator
2607 1129 2662 1174 et
2693 1120 2991 1185 veneficus,
3032 1128 3091 1174 ut
3114 1118 3410 1179 homicida.

2155 1211 2242 1265 l5.
2275 1212 2379 1278 Qui
2411 1213 2660 1279 sepulcra
2695 1212 3058 1282 deprendatur,
3093 1210 3381 1265 decennio.

2155 1303 2243 1357 16.
2273 1301 2377 1368 Qui
2413 1317 2538 1356 cum
2565 1318 2754 1356 sorore
2781 1303 3066 1366 miscetur,
3097 1309 3160 1354 ut
3190 1298 3488 1353 homicida.

2153 1393 2242 1447 17.
2273 1392 2612 1448 Probiliitum
2645 1393 2698 1446 in
2727 1392 3203 1472 consanguinitate
3234 1389 3664 1455 matrimonium,

2083 1485 2272 1540 eadem
2298 1501 2403 1555 qua
2431 1485 2757 1540 adulterium
2788 1500 2950 1554 pmna
2984 1483 3311 1538 vindicatur.
3399 1494 3408 1501 '

2159 1576 2247 1631 18.
2269 1575 2466 1646 Lector
2486 1576 2576 1644 qui
2603 1584 2732 1629 ante
2744 1574 2964 1644 nuptias
2977 1588 3092 1627 rem
3111 1573 3278 1626 habet
3295 1587 3420 1625 cum
3443 1563 3667 1640 sponsa,

2086 1679 2304 1725 maneat
2339 1671 2528 1736 lector,
2567 1669 2638 1724 ita
2681 1679 2741 1723 ut
2778 1669 2844 1723 ad
2886 1669 3120 1737 majores
3151 1665 3348 1737 gradus
3380 1681 3488 1718 non
3541 1678 3668 1733 pro:

2088 1771 2416 1818 moveatur:
2457 1761 2550 1832 qui
2583 1777 2716 1816 vero
2758 1759 3024 1816 furtivum
3068 1758 3192 1813 iniit
3239 1755 3668 1820 matrimonium,

2015 1834 2058 1891 Β
2092 1855 2420 1926 expellatur.

2166 1949 2254 2004 19.
2296 1948 2570 2003 Diaconus
2595 1955 2651 2001 et
2678 1945 2958 2017 presbyter
2982 1942 3218 2000 confessi
3252 1957 3311 1997 se
3356 1941 3516 1996 labiis
3537 1953 3668 2010 pec-

2069 2055 2267 2107 -easse,
2295 2054 2328 2095 a
2367 2039 2668 2095 ministerio
2694 2039 2890 2093 remoti
2922 2025 3352 2093 communicent.

2159 2216 2251 2273 20.
2281 2214 2384 2281 Qui
2419 2211 2674 2270 conscius
2705 2220 2792 2267 est
2816 2210 3133 2280 unicuique,
3166 2216 3222 2264 et
3272 2207 3429 2273 celat,
3478 2205 3670 2275 aequali

2089 2323 2252 2379 paena
2285 2289 2572 2362 multatur.

2157 2401 2250 2455 21.
2307 2399 2413 2466 Qui
2460 2398 2743 2453 Christum
2784 2394 3089 2469 negaverit,
3137 2409 3237 2466 per
3286 2399 3456 2448 totam
3504 2389 3672 2446 vitam

2089 2483 2470 2566 paenitentiam
2507 2501 2652 2564 agat.
3108 2474 3112 2478 1

2159 2589 2251 2642 22.
2281 2585 2401 2641 Non
2432 2585 2771 2664 ingredietur
2800 2583 2854 2637 in
2880 2581 3167 2653 templum,
3195 2580 3287 2651 qui
3311 2594 3435 2634 cum
3479 2593 3668 2633 sorore

2091 2688 2188 2734 aut
2235 2694 2434 2749 sponsa
2473 2677 2792 2757 inquinatus
2826 2684 2908 2730 est
2957 2693 2971 2728 :
3024 2674 3117 2729 ubi
3168 2683 3350 2728 tamen
3383 2688 3412 2726 a
3448 2679 3674 2742 peccato

2090 2771 2382 2836 destiterit,
2428 2769 2665 2828 triennio
2693 2769 2894 2839 lugeat,
2947 2781 3012 2820 ac
3045 2765 3307 2820 se'xennio
3339 2763 3674 2834 poenitentia:

2093 2863 2392 2933 subjaeeat.
2856 2913 2862 2919 .

2161 2957 2252 3012 25.
2291 2955 2398 3022 Qui
2451 2953 2673 3025 prapria
2726 2966 2897 3006 uxore
2947 2946 3197 3012 dimissa.
3245 2947 3404 3002 aliam
3451 2945 3671 3015 accipit.

2094 3065 2221 3107 cum
2264 3049 2334 3103 sit
2362 3046 2634 3112 mwehus,
2678 3043 2966 3115 septennio
2989 3027 3324 3113 paenitentia:
3369 3039 3669 3108 subiaceat,

2165 3141 2258 3197 24.
2289 3139 2392 3207 Qui
2446 3139 2638 3193 insano
2673 3137 2727 3192 in
2777 3150 3070 3192 novercam
3110 3147 3298 3188 amore
3343 3130 3569 3198 exarsit,
3615 3140 3676 3184 ut

2094 3233 2188 3307 qui
2221 3247 2468 3288 sororem
2492 3231 2750 3302 deperiit.
2967 3304 2973 3309 ι

2163 3327 2257 3383 25.
2290 3325 2589 3396 Polygami,
2637 3323 2863 3378 belluini
2909 3331 3084 3378 sunt:
3127 3329 3510 3402 yerumtamen
3553 3329 3676 3388 post

2095 3420 2391 3476 triennium
2424 3417 2781 3485 recipiantur.

2163 3514 2255 3567 26.
2283 3510 2386 3578 Qui
2410 3511 2568 3565 fidem
2595 3524 2693 3580 per
2716 3516 2989 3564 tormenta
3016 3507 3309 3571 violarunt,
3345 3512 3471 3560 octo
3500 3517 3676 3557 annos

2093 3604 2471 3677 pmnitentiam
2504 3612 2666 3674 agant
2698 3618 2721 3653 :.
2743 3601 2834 3671 qui
2869 3593 2996 3656 vero
3019 3607 3215 3671 sponte
3245 3606 3302 3654 et
3337 3599 3502 3664 ultro,
3533 3595 3673 3651 duo—

2081 3699 2295 3754 decim.

2164 3791 2257 3844 27.
2299 3787 2402 3854 Qui
2455 3786 2509 3842 vi
2567 3795 2791 3841 coactus
2833 3783 3120 3855 pejeravit,
3170 3791 3297 3852 post
3350 3778 3671 3835 sexennium

2095 3879 2481 3951 suscipiendus
2508 3895 2523 3932 :
2556 3877 2603 3932 si
2632 3892 2765 3932 vero
2791 3877 2927 3931 citra
2948 3873 3354 3938 necessitatem,
3390 3879 3516 3942 post
3539 3868 3676 3924 duo-

2094 3975 2291 4030 decim.
2941 4041 2946 4046 _
2963 4027 2966 4030 .

2163 4067 2255 4122 28.
2287 4064 2365 4120 Ne
2398 4076 2671 4136 tempore°
2697 4063 2794 4117 sed
2825 4061 3004 4116 modis
3035 4073 3228 4132 poenas
3267 4057 3544 4126 expendas
3580 4069 3594 4106 :
3627 4055 3673 4108 si

2093 4175 2225 4215 vero
2266 4159 2322 4212 in
2371 4156 2610 4228 peccatis
2653 4162 3016 4226 permaneant
3067 4167 3132 4208 ac
3173 4150 3576 4216 contradicant,
3617 4155 3676 4202 tu

2093 4267 2224 4308 vero
2245 4267 2402 4307 serva
2440 4251 2679 4306 animam
2705 4254 2876 4302 tuam.

2094 4363 2334 4434 Synodua
2362 4378 2500 4434 Cva
2529 4360 2756 4434 Patrum
2791 4358 3078 4434 convocata
3113 4353 3172 4412 iu
3198 4356 3677 4434 Trullogonstau-

2164 4438 2330 4503 tinop.
2345 4435 2438 4487 sub
2451 4432 2754 4486 Iustiniano
2766 4432 2855 4502 qui
2870 4430 2935 4484 ab
2949 4439 3223 4500 amputato
3238 4445 3368 4484 naso
3391 4427 3680 4499 Ῥινότμη-

2163 4521 2253 4568 τος
2286 4505 2460 4557 dictus
2491 4512 2590 4558 est.

2165 4619 2218 4672 1.
2259 4617 2647 4688 Apostolorum
2678 4614 2812 4670 fides
2841 4629 2911 4668 ne
2953 4613 3295 4668 immutetur.
3342 4610 3561 4667 Nicaena
3591 4611 3678 4666 in~

2096 4719 2244 4779 tegra
2270 4716 2541 4773 servetur,
2572 4722 2692 4777 qua:
2730 4707 2846 4762 Arii
2872 4704 3186 4773 opinionem
3219 4704 3526 4758 divinitatis
3554 4720 3680 4774 gra-

2093 4803 2196 4858 dus
2227 4802 2666 4858 introducentem
2716 4813 2813 4867 per
2843 4795 3132 4866 ὀμοούσιον
3177 4797 3396 4851 evertit.
3428 4797 3680 4866 Synodus

2092 4895 2194 4950 sub
2219 4891 2537 4948 .Tbeodosio
2570 4889 2804 4944 Maximo
2833 4887 3020 4942 habita
3053 4886 3308 4940 inviolata
3338 4895 3676 4955 permaneat,

2091 5003 2212 5056 quae
2242 4984 2642 5047 Macedonium,
2677 4996 2897 5036 servum
2941 4980 3216 5036 dicentem
3250 4978 3513 5050 Spiritum
3555 4994 3679 5032 san-

2091 5086 2240 5136 ctum
2268 5078 2441 5149 gradu
2467 5073 2801 5131 deturbavit.
2845 5073 3074 5128 Ducenti
3113 5073 3206 5143 qui
3230 5072 3334 5127 sub
3367 5070 3680 5128 Theodosio

2089 5171 2318 5227 Juniore
2354 5170 2498 5240 apud
2533 5167 2812 5238 Ephesum
2845 5174 3244 5231 convenerunt,
3292 5164 3677 5235 impiissimum

2093 5262 2430 5325 Nestorium,
2483 5260 2762 5315 hominem
2819 5257 3045 5313 seorsim
3098 5272 3163 5312 ac
3228 5243 3398 5312 Deum
3448 5257 3677 5312 seorsim

2093 5353 2386 5410 Dominum
2411 5353 2685 5409 dicentem
2731 5351 3081 5422 expulerunt,
3115 5349 3220 5415 Qui
3267 5349 3414 5420 apud
3449 5349 3683 5405 Calche-

2090 5445 2291 5501 donem
2325 5459 2449 5502 cum
2484 5443 2756 5497 Marciano
2785 5451 3165 5497 convenerunt
3185 5434 3416 5498 ’πίθηκε
3461 5457 3675 5497 memo-

2091 5537 2189 5593 ria:
2235 5536 2403 5608 digni,
2459 5534 2758 5606 Eutychem
2821 5535 3090 5605 opinione
3136 5543 3347 5590 tantum
3391 5543 3674 5607 peractum

2092 5645 2213 5684 esse
2233 5644 2486 5700 magnum
2510 5628 2824 5699 mysterium
2845 5627 3028 5684 dicere
3054 5644 3246 5683 ausum
3265 5630 3672 5700 deposuerunt:

2091 5741 2155 5780 ac
2181 5724 2493 5779 Nestorium
2520 5733 2576 5778 et
2605 5725 2944 5791 Dioscorum,
2975 5723 3066 5792 qui
3111 5724 3304 5780 similia
3345 5741 3374 5780 c
3406 5725 3673 5781 diametro

2093 5832 2353 5888 perverse
2401 5815 2708 5872 ratiocinati
2757 5818 2994 5875 fuerant.
3045 5819 3199 5888 Apud
3244 5820 3442 5890 regiam
3485 5818 3676 5874 urbem
