4156 6414
515 365 625 429 281
684 383 691 391 ·

1632 355 2010 419 SYMEONIS
2047 347 2628 438 METAPHRAS‘I‘E

3671 342 3780 403 288

514 491 628 530 sam
662 472 1148 543 quadragenariam
1202 469 1316 526 fieri
1347 469 1626 531 dixerunt,
1661 466 1922 522 validiore
1953 460 2123 517 facta.

2218 457 2512 529 παράκοντα
2561 454 2654 524 ἔτη
2689 450 2960 520 γίνεσθαι,
2991 446 3388 534 κραταιοτέρας
3416 443 3516 512 τῆς
3551 443 3785 512 Ἐκκλη-

515 565 778 629 Ecclesia,
803 580 903 619 nos
931 579 1146 634 quoque
1169 563 1334 619 citius
1356 562 1595 633 sigillum
1617 558 1885 614 monacho
1917 555 2092 622 impo-

516 657 727 711 nimus.
1246 700 1252 707 .

587 747 676 801 52.
708 746 810 812 Qui
843 746 1202 801 includendus
1230 753 1336 810 est,
1363 741 1655 798 triennium
1687 741 1740 793 in
1767 732 2096 793 monasterio

2199 547 2320 611 σίας
2350 545 2744 616 γεγενημένης,
2775 543 2869 597 καὶ
2900 543 3065 612 ἡμεῖς
3096 532 3351 609 ὀξύτερον
3375 534 3475 607 τὴν
3507 535 3786 607 σφραγῖδα

2196 637 2275 708 τῷ
2313 637 2599 707 μονάζοντι
2624 633 3030 707 σημαινόμεθα.

2269 704 2368 799 λβἎ
2417 729 2475 781 '0
2509 704 3040 797 ἐγκλεισθησόμενος
3066 722 3312 795 τριετίαν
3368 704 3682 791 προδιάγων
3729 719 3789 769 ἐν

518 838 670 908 prius
731 838 921 907 degat;
979 851 1044 890 ac
1091 835 1406 905 priusquam
1454 832 1761 887 includatur
1791 827 2098 883 ubialium

2218 820 2276 891 τῷ
2335 819 2702 891 μοναστηρίῳ,
2755 819 2852 872 καὶ
2898 817 3003 888 πρὸ
3041 815 3145 886 τῆς
3187 812 3547 880 ἐγκλείστρας
3599 811 3792 880 ἕτερον

519 947 723 985 anuum
769 931 1010 1000 exegerit
1063 930 1144 984 sic
1174 928 1529 998 ingrediatur,
1565 927 1742 994 neque
1769 922 2097 994 egrediatur,

520 1023 625 1077 nisi
649 1037 798 1076 mors
824 1030 918 1075 aut
937 1019 1244 1076 communis
1273 1019 1481 1072 utilitas
1507 1026 1681 1087 cogat.
1785 1027 1792 1034 '

592 1107 685 1167 35.
737 1112 1036 1200 Solitarius.
1080 1111 1224 1181 pulla
1268 1118 1420 1165 veste
1453 1109 1696 1171 indutus,
1742 1114 1905 1173 atque
1943 1101 2100 1157 inde-

2202 911 2447 964 ὲνιαυτὸν
2479 909 2702 979 μετιὼν,
2733 909 2909 970 οὕτως
2932 906 3137 969 εἰσίτω,
3169 905 3264 957 καὶ
3305 903 3379 974 μὴ
3413 902 3594 968 ἐξίτω,
3629 903 3679 954 εἰ
3715 901 3793 972 μὴ

2205 1000 2442 1070 βιάζοιτο
2472 999 2721 1062 Θάνατος,
2759 997 2792 1078 ᾗ
2816 996 2953 1068 πρὸς
2982 997 3042 1049 τὸ
3065 993 3246 1048 κοινὸν
3275 990 3609 1045 λυσιτέλεια.

2206 1148 2212 1156 _
2275 1089 2375 1159 λγ’.
2417 1089 2800 1160 Μελανείμων,
2844 1085 3369 1158 κὰὶόκερσεκόμης
3413 1083 3708 1154 ὲρημίτης,
3741 1081 3796 1133 εί

526 1213 740 1271 tonsus,
773 1206 878 1270 nisi
933 1178 1222 1260 tondeatur
1265 1203 1708 1272 monasterioque
1768 1199 2099 1264 includatur,

2218 1180 2284 1250 μὴ
2341 1181 2658 1251 κειρόμενος
2721 1168 3146 1248 ἐγκαταλέγοίτο
3215 1174 3568 1248 μοναττηρίῳ
3605 1212 3620 1236 .
3692 1173 3796 1240 τῆς

526 1296 663 1350 urbe
683 1297 1006 1364 expellatur.
1602 1347 1605 1350 .

593 1389 685 1442 54.
737 1388 979 1454 Quilibet
1029 1387 1148 1442 vitae
1191 1386 1485 1456 procellam
1546 1383 1795 1456 fugiens,
1843 1391 2007 1450 atque
2049 1380 2105 1434 in

528 1479 924 1533 monasterium
975 1477 1188 1547 ingredi
1233 1460 1497 1546 cupiens,
1548 1475 1668 1544 ejus
1707 1473 1787 1528 rei
1827 1469 2107 1527 licentiam

532 1570 752 1624 habeat.

601 1663 692 1717 55.
727 1661 1025 1717 Monachus
1055 1660 1403 1717 matrimonio
1424 1660 1651 1730 junctus
1688 1667 1782 1713 aut
1809 1655 2107 1720 fornicans,

529 1751 876 1808 forui'catoris
904 1768 1124 1823 poenam
1158 1753 1372 1807 subeat.

603 1845 693 1900 56.
721 1843 984 1901 Parentes
1014 1845 1203 1911 ﬁliam,
1226 1859 1364 1914 .quae
1401 1842 1702 1898 solitariam
1729 1839 1892 1894 vitam
1914 1838 2113 1909 degere

533 1936 871 2002 instituerit,
923 1936 1112 1990 sericis
1159 1936 1408 1991 vestibus
1455 1947 1564 1988 non
1618 1931 1885 1998 induent,
1928 1929 2112 1999 sicque

535 2027 778 2082 habitum
799 2027 847 2082 ei
879 2027 1299 2096 circumponent
1324 2043 1337 2079 :
1368 2027 1474 2080 hoc
1497 2023 1644 2080 enim
1673 2022 1907 2078 labentis
1922 2021 2112 2076 mundi

533 2119 838 2174 admonitio
862 2129 966 2174 est.
1069 2135 1080 2146 '

600 2214 690 2266 37.
751 2209 1000 2267 Monialis
1049 2226 1161 2266 non
1217 2211 1528 2283 egredietur
1559 2225 1592 2266 e
1632 2210 1968 2266 monasterio
2009 2208 2114 2264 nisi

533 2319 658 2358 cum
688 2303 1075 2359 benedictione
1109 2303 1413 2374 praepositae
1441 2321 1456 2358 :
1519 2317 1584 2358 ac
1608 2300 1786 2374 neque
1815 2317 1943 2357 vero
1976 2301 2112 2368 sola,

534 2397 631 2452 sed
673 2412 798 2451 cum
847 2398 1022 2451 altera
1080 2397 1342 2452 seniore:
1387 2395 1520 2452 foris
1559 2406 1742 2451 autem
1764 2411 2112 2467 nequaquam

537 2489 1125 2559 pernoctetzsimiliter
1151 2499 1206 2545 et
1231 2490 1555 2555 monachus,
1588 2489 1697 2544 nisi
1722 2473 1848 2544 cum
1875 2489 2119 2561 praefecti

536 2582 716 2648 venia,
743 2582 1076 2637 monasterio
1107 2597 1174 2637 ne
1205 2583 1533 2654 egrediatur.
1964 2645 1973 2654 ,

601 2675 690 2731 58.
756 2675 945 2745 Neque
995 2674 1282 2730 mulierem
1345 2675 1400 2729 in
1457 2674 1701 2729 virorum
1754 2673 2115 2740 monasterio,

536 2780 714 2834 neque
743 2765 920 2819 virum
950 2764 1004 2818 in
1039 2765 1294 2820 muliebri
1324 2764 1564 2821 dormire
1602 2773 1838 2834 oportet.

609 2855 698 2910 30.
742 2853 874 2920 Quae
916 2871 947 2909 a
999 2855 1185 2936 futuro
1229 2856 1491 2926 episcopo
1537 2863 1787 2925 separata
1825 2863 1944 2918 est,
1990 2863 2116 2924 post

535 2947 937 3002 ordinationem
989 2943 1328 3020 ingrediatur
1361 2949 1778 3014 monasterium,
1819 2947 2013 3019 procul
2047 2948 2117 3003 ab

535 3037 776 3109 episcopi
805 3039 990 3106 domo,
1011 3053 1076 3094 ac
1105 3037 1350 3111 episcopi
1379 3053 1510 3094 cura
1539 3037 1774 3096 fruatur.

606 3305 696 3361 40.
750 3305 1193 3378 Quaécunqueex
1233 3321 1507 3363 consensu
1551 3307 1796 3378 episc0pi
1843 3315 2123 3362 exstructa

541 3408 672 3451 sunt
716 3399 1073 3465 monasteria,
1098 3375 1224 3452 .non
1257 3397 1794 3480 ampliussaecularia
1821 3397 2125 3452 diversoria

543 3495 702 3560 ﬁunt,
732 3509 912 3564 neque
949 3493 1303 3550 saecularibus
1343 3494 1660 3549 hominibus
1692 3495 1994 3549 elocantur.

616 3588 706 3642 M.
767 3588 955 3658 Neque
1011 3589 1210 3644 laicum
1251 3589 1371 3644 alea
1411 3589 1604 3645 ludere
1649 3591 1911 3665 oportet:
1948 3603 2128 3658 neque
2177 3594 2181 3598 ‘

543 3678 867 3734 histrionem
900 3693 1044 3733 esse.
1065 3725 1068 3728 .
1411 3733 1419 3742 _

605 3767 697 3822 42.
744 3767 933 3838 Neque
979 3767 1307 3838 spectaculis
1330 3777 1386 3824 et
1407 3767 1792 3824 venationibus
1820 3767 2124 3837 indulgere.

612 3863 702 3916 45.
742 3860 847 3916 Per
883 3871 1050 3916 totam
1085 3862 1578 3933 quadragesimam,
1611 3862 1854 3932 exceptis
1884 3861 2124 3915 Domini-

542 3955 625 4010 cis
649 3963 704 4009 et
732 3953 992 4020 Sabbato,
1029 3963 1218 4010 sancta
1247 3955 1572 4020 offeruntur.

604 4063 697 4118 M.
747 4062 1043 4134 Susceptos
1071 4079 1104 4119 a
1133 4064 1461 4133 baptismate
1518 4063 1676 4127 ﬁlios,
1705 4078 1894 4118 eorum
1931 4061 2123 4116 matri-

545 4157 650 4210 bus
705 4156 1108 4226 copulari.non
1160 4155 1328 4210 s'ines.
1375 4155 1432 4210 Si
1487 4155 1612 4225 quis
1659 4171 1790 4211 vero
1839 4156 2126 4226 copulatus

545 4247 733 4315 fuerit,
778 4255 902 4318 post
944 4247 1391 4317 separationem,
1449 4262 1668 4318 poenam
1725 4261 1946 4317 quoque
1997 4245 2128 4300 sub-

547 4347 660 4394 eat.
1149 4337 1161 4347 ’

612 4449 720 4527 45,
750 4450 1216 4520 Non.permi:tes
1270 4453 1506 4522 patrueli
1571 4454 1920 4509 matrimonio
1973 4454 2131 4526 iungi

546 4528 870 4609 patruelem,
918 4555 1097 4609 neque
1135 4541 1258 4595 filia:
1289 4538 1345 4597 ei
1383 4542 1543 4598 matri
1579 4543 1749 4598 ﬁlium
1801 4553 1857 4599 et
1890 4553 2125 4614 patrem,

549 4645 726 4700 Itaque
761 4629 977 4686 duobus
1005 4631 1266 4687 fratribus
1293 4642 1522 4689 matrem
1551 4643 1606 4690 et
1648 4650 1922 4700 sororem,
1953 4651 2133 4706 neque

551 4723 761 4780 duabus
795 4726 1075 4790 sororibus
1113 4725 1330 4782 fratres.
1381 4727 1437 4783 Si
1465 4729 1594 4797 quid
1623 4745 1757 4784 vero
1798 4731 1905 4784 tale
1931 4731 2132 4785 factum

549 4817 761 4887 fuerit,
799 4828 925 4890 post
981 4814 1418 4889 dissolutionem,
1454 4823 1743 4893 septennio
1796 4824 2134 4894 poenitentiae

550 4911 938 4981 subiiciantur.

619 5023 710 5077 46.
767 5022 997 5108 Βοωαηί
1050 5023 1491 5108 ρυοίιτιιεοείωω
1545 5023 1802 5080 Sabbatis
1853 5023 2130 5108 jejunant.

549 5100 822 5167 Admonet
853 5113 1017 5185 igitur
1073 5115 1313 5184 synodus
1334 5105 1394 5168 in
1431 5115 1517 5169 his
1545 5114 1709 5170 etiam
1744 5100 2136 5171 canouem'va-

553 5205 686 5260 lere.
1781 5223 1786 5228 '

618 5315 706 5368 47.
748 5315 996 5370 Armenii
1042 5330 1142 5371 ova
1169 5326 1224 5371 et
1261 5332 1483 5404 caseum
1521 5316 1963 5388 Quadragesima:
1995 5315 2134 5371 Sab-

554 5408 694 5466 batis
722 5410 1070 5465 manducant.
1135 5408 1411 5466 Statutum
1443 5420 1527 5466 est
1552 5412 1714 5484 igitur
1746 5420 1928 5467 totum.
1945 5412 2135 5466 orbem

557 5503 625 5555 ab
655 5502 740 5556 liis
777 5503 940 5556 etiam
967 5504 1243 5561 abstinere
1276 5523 1289 5560 :
1325 5505 1410 5561 sin
1449 5520 1599 5570 vero,
1650 5505 1871 5575 penitus
1919 5517 2138 5560 excom-

555 5609 846 5648 mumcarl.

623 5703 711 5758 48.
749 5706 942 5761 Laicus
972 5707 1072 5762 sibi
1100 5707 1202 5778 ipsi
1233 5707 1672 5765 communionem
1705 5725 1810 5764 non
1840 5711 2084 5782 impertit
2119 5729 2131 5765 :

558 5795 639 5848 sin
677 5813 824 5863 vero,
853 5808 1058 5867 septem
1086 5801 1276 5857 diebus
1310 5806 1833 5860 excommunicatur.

2207 1271 2417 1334 πόλεως
2447 1267 2866 1326 άπελαυνέσοω.

2277 1359 2374 1417 λδ’.
2420 1362 2637 1414 Ἀδειαν
2681 1362 2848 1426 ἅπας,
2884 1361 2965 1413 ὅτι
2997 1359 3108 1431 [ἵσ.
3139 1361 3168 1413 ὁ
3195 1357 3317 1432 τὴν]
3353 1359 3522 1428 ζάλην
3553 1355 3647 1411 τοῦ
3678 1355 3801 1428 βίου

2209 1451 2449 1522 φεύγων,
2500 1455 2596 1506 καὶ
2642 1454 2724 1517 είς
2771 1452 3136 1524 μοναστήριον
3167 1453 3398 1508 εἰσιέναι
3443 1451 3801 1526 βουλόμενος,

2210 1543 2589 1610 ἀπενέγκοιτο.
3575 1598 3582 1605 ,
3601 1541 3606 1547 ’

2281 1635 2373 1689 λε’.
2401 1637 2459 1690 Ὀ
2491 1636 2722 1707 μοναχδς
2743 1635 3130 1707 ζευγνύμενος,
3157 1637 3191 1707 ἢ
3227 1635 3530 1708 πορνεύων,
3554 1634 3806 1706 δεχέσθω

2214 1727 2275 1782 τὸ
2297 1727 2390 1781 τοῦ
2425 1727 2782 1798 πορνεύοντος
2816 1729 3116 1800 ἐπιτίμιον.

2286 1821 2394 1884 λς’.
2438 1822 2554 1875 Οὐκ
2576 1821 2948 1899 άμφιάσουσιν
2979 1825 3027 1875 οἱ
3059 1824 3237 1891 γονεῖς
3271 1821 3481 1894 συρικῷ
3509 1821 3609 1892 τὴν
3660 1838 3805 1891 προ-

2213 1913 2477 1984 ελομένην
2513 1914 2766 1982 μονάσαι,
2787 1915 2885 1968 καὶ
2908 1913 3051 1968 οὕτω
3091 1916 3150 1968 τὺ
3170 1915 3362 1985 σχῆμα
3389 1913 3807 1985 περιθήσουσινο

2219 2001 2526 2073 ἀνάμνησις
2555 2001 2662 2074 γὰρ
2691 2001 2853 2056 τοῦτο
2875 2002 2968 2056 τοῦ
3003 2003 3217 2075 ῥέοντος
3250 2004 3480 2074 κόσμου.
3517 2069 3522 2074 ι

2287 2180 2388 2246 λζ’.
2451 2181 2565 2235 Οὖκ
2614 2181 2781 2249 ἔξεισι
2815 2183 3098 2252 μονάσασα
3127 2185 3226 2253 τῆς
3270 2183 3461 2256 μονῆς,
3497 2183 3547 2236 εί
3575 2181 3653 2254 μὴ
3680 2183 3814 2252 μετ’

2217 2275 2469 2343 εὐλογίας
2519 2275 2628 2346 τῆς.
2675 2273 3071 2346 προεστὼσηςο
3123 2277 3220 2329 καὶ
3269 2275 3408 2346 μηδὲ
3451 2275 3612 2345 μόνη,
3665 2275 3814 2330 ἀλλὰ

2222 2368 2342 2440 μεθ’
2373 2369 2566 2438 ἑτέρας
2588 2366 2946 2439 πρεσϐύτιδος
2969 2384 2982 2398 ·
3013 2365 3304 2433 ἐξώκοιτος
3330 2367 3388 2425 δὲ
3422 2369 3483 2421 τὸ
3512 2367 3716 2422 ἐπίπαν
3744 2369 3812 2422 οὖ

2219 2459 2454 2528 γίνεται.
2485 2460 2641 2514 Κατὰ
2665 2459 2832 2512 ταυτὺ
2851 2461 2946 2512 καὶ
2971 2454 3230 2528 ’μονάζων
3253 2461 3301 2520 εί
3335 2459 3410 2532 μὴ
3441 2460 3560 2531 μετ’
3589 2461 3816 2537 ἐπιτρο-

2222 2552 2332 2623 πῆς
2361 2541 2669 2622 ἡγουμένου
2693 2551 2791 2619 τῆς
2820 2542 2990 2620 μονῆς
3023 2550 3098 2620 μὴ
3121 2550 3305 2614 ἐξίτω.

2293 2641 2396 2713 λη’.
2435 2641 2574 2696 Οὔτε
2603 2645 2844 2710 γυναῖκα
2873 2641 3051 2712 χρεὼν
3078 2641 3292 2713 ἀνδρῶν
3335 2640 3669 2712 καθευδῆσαι
3705 2657 3812 2712 μο-

2224 2735 2521 2806 ναστηρίῳ,
2556 2733 2681 2787 ούτε
2713 2735 2988 2802 γυναικῶν
3013 2733 3211 2806 ἄνδρα.
3268 2755 3278 2765 ·

2294 2827 2395 2881 λθ’.
2445 2825 2508 2880 Ἦ
2544 2826 2926 2897 διαζευχθεῖσα
2975 2826 3072 2880 τοῦ
3109 2827 3416 2881 ἐπισκόπου
3450 2825 3818 2900 [ἐπισκοπὴν]

2223 2919 2478 2986 δέξασθαι
2521 2919 2834 2990 μέλλοντος,
2866 2918 3004 2989 μετὰ
3058 2920 3155 2990 την
3210 2920 3568 2990 χειροτονίαν,
3624 2919 3820 2972 εἰσίτω

2226 3012 2363 3084 πρὸς
2398 3010 2785 3081 μοναστήριον,
2837 3008 2931 3061 τοῦ
2987 3010 3292 3063 ἐπισκόπου
3326 3007 3446 3082 [τῆς
3480 3007 3816 3080 ἐπισκοπῆς]

2220 3106 2580 3179 πορρωτάτω,
2616 3102 2713 3158 καὶ¹
2758 3100 3082 3156 άπολαυέτω
3117 3101 3218 3172 τῆς
3271 3102 3533 3172 προνοίας
3553 3101 3648 3183 τοῦ
3688 3103 3818 3154 ὲπι-

2228 3201 2457 3253 σκόπου.

2301 3311 2376 3364 μ.
2419 3294 2564 3346 Ὅσα
2606 3291 2746 3346 κατὰ
2775 3291 3001 3363 γνώμην
3043 3290 3346 3344 ἐπισκόπου
3377 3290 3596 3360 πέπηγε
3646 3305 3817 3359 μονα-

2227 3389 2447 3460 στήριαν
2475 3387 2662 3441 οὐκέτι
2716 3385 2961 3456 κοσμικὰ
3032 3382 3381 3453 καταγώγια
3410 3382 3642 3452 γίνεται,
3691 3381 3819 3434 οὐδὲ

2225 3483 2515 3551 κοσμικοῖς
2543 3477 2804 3551 ἀνδράσιν
2829 3476 3116 3530 ἐνδίδοται.
3729 3545 3739 3553 _

2304 3571 2415 3641 μα’.
2459 3569 2598 3624 Οὐδὲ
2646 3567 2739 3623 τὸν
2780 3568 2968 3621 λαῖκδν
3005 3565 3280 3629 κυσεύειν,
3313 3565 3453 3632 δέον,
3488 3564 3610 3620 οὐδὲ
3649 3566 3822 3636 μῖμον

2227 3655 2392 3716 εἶναι.

2303 3749 2414 3823 μβ’.
2456 3750 2591 3804 Οὐδὲ
2618 3749 2884 3820 θεάτρων.
2918 3750 3013 3802 καὶ
3039 3737 3325 3818 κυνηγίων
3347 3746 3664 3817 ἀνέχεσθαι.

2302 3841 2410 3915 μ-(υ.
2436 3843 2530 3908 {Av}
2571 3843 2700 3914 ὅλης
2732 3843 2831 3912 τῆς
2860 3841 3340 3913 Τεσσαρακοστῆς,
3381 3840 3505 3911 δίχα
3532 3841 3828 3911 Κυριακῆς

2228 3936 2323 3990 καὶ
2344 3934 2647 4000 Σαϐϐάτου,
2682 3935 2749 3988 τὰ
2779 3932 3114 4001 άγιασθέντα
3145 3932 3503 4002 προσάγεται.

2303 4043 2384 4114 μδ⁹
2395 4086 2408 4099 .
2450 4045 2588 4108 Τοὺς
2605 4043 3036 4115 ἀναδεχομένους
3059 4043 3259 4106 παῖδας
3285 4043 3394 4097 ἀπὸ
3419 4042 3824 4114 βαπτίσματος,

2172 4134 2174 4136 ⁷
2223 4137 2286 4192 οὐ
2320 4137 2657 4207 συναφθῆναι
2682 4138 2805 4199 ταῖς
2833 4136 2944 4189 τῶν
2974 4135 3182 4190 παίδων
3217 4136 3404 4199 ἐάσεις
3439 4135 3739 4207 μητράσιν·
3771 4136 3828 4187 εἱ

2227 4230 2285 4284 δέ
2313 4246 2394 4293 τις
2427 4229 2520 4281 καὶ
2546 4227 2872 4300 συναφθείη,
2903 4229 3046 4299 μετὰ
3069 4228 3129 4282 τὸ
3159 4229 3612 4299 ἁποσυναφθῆναι
3645 4229 3837 4284 καὶτὸ

2229 4321 2508 4392 ἐπιτίμιον
2543 4321 2724 4392 γνοίη.

2312 4431 2414 4502 με’.
2467 4431 2550 4485 ’ού
2595 4432 2972 4503 συγχωρήσεις
3032 4431 3302 4503 ὲξαδέλφῃ
3355 4430 3660 4500 συζυγῆναι
3744 4429 3839 4496 ἐξ·

2166 4511 2210 4565 θ
2238 4519 2490 4589 άδελφον,
2540 4519 2661 4573 οὐδὲ
2704 4517 2940 4590 Θυγατρὶ
2965 4520 3058 4573 καὶ
3093 4520 3261 4591 μητρὶ
3316 4519 3434 4573 υἱὸν
3466 4520 3562 4572 καὶ
3589 4519 3837 4590 πατέρα,

2239 4609 2362 4664 οὐδὲ
2386 4609 2538 4662 δυσὶν
2567 4607 2817 4678 ἀδελφοῖς
2841 4609 3055 4680 μητέρα
3073 4609 3170 4663 καὶ
3196 4608 3495 4680 θυγατέρα·
3525 4609 3647 4662 οὐδὲ
3676 4611 3795 4663 δυσὶ

2228 4700 2488 4770 ἀδελφαῖς
2539 4700 2826 4771 ἀδελφούς·
2885 4703 2936 4753 εί
2976 4700 3037 4753 δέ
3067 4719 3120 4754 τι
3170 4698 3412 4754 τοιοῦτον
3446 4701 3539 4753 καὶ
3593 4700 3809 4769 γένοιτο

2235 4793 2374 4865 μετὰ
2405 4795 2505 4865 τῆς
2537 4793 2866 4859 διαλύσεως,
2892 4793 3189 4848 ἑπταετίαν
3217 4793 3702 4848 ὑποπιπτέτωσαν.

2230 4992 2232 4994 γ
2308 5021 2424 5093 μς’.
2483 5022 2548 5074 Οἱ
2598 5022 2860 5090 Ῥωμαῖοι
2892 5017 2961 5072 τὰ
2990 5017 3091 5088 τῆς
3115 5014 3574 5089 Τεσσαρακοστῆς
3602 5015 3830 5085 νηστεύ-

2231 5133 2350 5168 ουσι
2380 5113 2656 5167 Σάϐϐατα.
2709 5112 3156 5182 ’Υπομιμνὴσκει
3199 5111 3386 5166 τοίνυν
3418 5111 3451 5182 ή
3488 5109 3707 5174 σύνοδος
3732 5109 3832 5163 καὶ

2233 5208 2326 5262 επὶ
2363 5206 2572 5261 τούτων
2602 5205 2693 5259 τὸν
2730 5205 3088 5259 ἀποστολικὸν
3113 5203 3316 5257 κανόνα
3346 5205 3591 5272 κρατεῖν.

2303 5315 2411 5390 με.
2435 5319 2496 5373 Οἱ
2529 5316 2810 5389 Ἀρμένιοι
2834 5315 2918 5369 ὠά
2953 5315 3048 5369 καὶ
3076 5313 3243 5382 τυρὸν
3265 5315 3379 5376 τοῖς
3399 5313 3500 5384 τῆς
3536 5311 3830 5383 Τεσσαρα-

2231 5411 2431 5481 κοστῆς
2465 5411 2706 5465 ἐσθίουσι
2734 5408 3033 5462 Σάϐϐασιν’
3070 5407 3301 5479 ὥρισται
3317 5406 3693 5460 τοίνυνπᾶσαν
3726 5405 3829 5475 τὴν

2231 5505 2562 5574 οἰκουμένην
2588 5503 2684 5558 καὶ
2711 5501 2918 5556 τούτων
2946 5498 3269 5572 ἀπέχεσθαι.
3296 5499 3358 5553 El
3388 5497 3445 5551 δὲ
3475 5497 3574 5568 μὴ,
3608 5498 3828 5563 πάντως

2236 5597 2615 5668 ἀφορίζεσθαι.
3038 5637 3048 5645 .
3777 5649 3779 5652 ,

2265 5744 2267 5746 -
2311 5706 2421 5780 μη’.
2500 5704 2700 5768 Λαῖκὺς
2752 5705 2811 5759 οὐ
2849 5703 3202 5773 μεταδίδωσιν
3260 5702 3472 5777 ἐαυτῷο
3535 5707 3582 5759 εί
3623 5703 3678 5759 δὲ
3723 5704 3826 5775 μὴ,

2237 5804 2585 5873 ἑπταήμερον
2612 5797 2953 5870 ἀφορίζεται.
