4156 6428
2921 523 3447 553 m

1563 523 2014 534 *μ’-

391 523 2011 550 ww“—

390 511 1562 555 εεξεςεεεάεεεππεεεεεεπεξεὲεπ

2015 522 3064 553 W

433 577 443 585 ’
539 706 1676 888 SYMEONIS
1731 857 1742 866 ,
1804 609 3518 891 METAPHBAST/E

1103 991 1114 1128 έ
1224 965 1806 1162 OPERUM
1886 1049 2251 1186 PARS
2336 1052 2876 1165 TERTIA

1814 1314 2267 1361 COMPLECTENS

841 1459 1084 1522 VITAS
1128 1459 1622 1523 SANCTORUM
1666 1462 1714 1522 Α
1753 1458 2140 1526 SYMEONE
2185 1412 2784 1551 METAPHBASTE
2828 1412 3266 1542 SCBlP-T'ASR

1293 1780 1300 1786 ’
1358 1782 1936 1925 ΜΟΝιιΤυΜ
2021 1809 2707 1944 ΕυιτοῑιυΜ.

472 2071 860 2127 Difﬁcillimum
905 2081 991 2127 est
1041 2073 1097 2126 in
1159 2070 1437 2128 codicibus
1492 2086 1628 2126 mss.
1681 2056 1739 2125 et
1785 2069 1840 2124 in
1898 2066 2505 2136 editionibus,.quibus
2568 2062 2708 2119 Vitre
2779 2067 3094 2136 sanctorum
3151 2062 3439 2133 descripta:
3491 2075 3618 2120 sunt
3655 2107 3670 2129 ,

407 2162 554 2217 Vitas
618 2180 651 2218 a
735 2165 796 2218 S.
859 2165 1229 2235 Metaphraste
1292 2164 1522 2233 scriptas
1560 2161 1876 2218 discernere
1921 2162 1989 2216 ab
2040 2161 2107 2215 iis
2154 2176 2290 2235 quas
2350 2159 2749 2228 Metaphrastes
2803 2159 2887 2214 vel
2931 2157 3280 2227 interpolavit
3333 2195 3352 2223 ,
3405 2159 3490 2238 vel
3573 2159 3642 2212 im

400 2265 636 2310 mutatas
683 2255 983 2324 adaptavit,
1015 2255 1102 2310 vel
1149 2258 1285 2325 quas
1307 2254 1400 2309 alii
1455 2263 1578 2326 post
1626 2241 2048 2324 Metaphrastcm
2095 2267 2162 2306 ex
2215 2251 2435 2323 scriptis
2482 2251 2604 2320 ejus
2637 2250 3012 2307 confecerunt.
3055 2251 3193 2306 Huic
3221 2250 3521 2306 diﬂicultati
3583 2250 3665 2304 lu-

403 2363 519 2402 cem
547 2347 996 2418 qualemcunque
1021 2347 1316 2402 aﬂundunt
1343 2357 1454 2402 trcs
1484 2345 1712 2416 catalogi
1748 2360 1883 2415 quos
1910 2343 2020 2397 Leo
2065 2343 2314 2408 Allatius,
2361 2343 2428 2396 de
2475 2343 2693 2412 scriptis
2741 2345 2981 2398 auctoris
3029 2344 3200 2398 nostri
3237 2330 3659 2413 agendo,lcou-

402 2437 533 2492 fecit
567 2456 582 2491 :
620 2437 837 2507 primus
859 2436 1073 2492 scilicet
1095 2434 1348 2491 Vitarum
1373 2451 1509 2505 quas
1546 2434 1950 2506 Metaphrastes
1977 2433 2262 2502 scripsisse
2297 2432 2532 2488 refertur
2568 2433 2710 2502 apud
2753 2433 3110 2503 Lipomanum
3144 2443 3199 2488 et
3227 2435 3370 2504 apud
3401 2431 3620 2488 Surium
3649 2451 3664 2498 ;

400 2529 685 2586 secundus
707 2527 960 2592 Vitarum
992 2542 1115 2596 quae
1136 2534 1291 2582 certo
1319 2542 1350 2581 a
1381 2525 1752 2596 Metaphraste
1775 2523 1994 2596 scriptae
2039 2538 2148 2578 non
2193 2510 2360 2587 sunt;
2395 2522 2589 2578 tertius
2618 2522 2886 2589 Vitarum,
2911 2539 3053 2592 quae,
3075 2531 3291 2598 attenta
3342 2525 3671 2579 auctoritate

398 2625 656 2681 codicum
677 2630 734 2678 et
756 2621 1110 2676 considerata
1139 2618 1419 2674 scribendi
1457 2617 1695 2692 ratione,
1733 2614 2156 2684 Metaphrastem
2203 2623 2363 2676 certo
2408 2624 2686 2669 auctorem
2723 2614 2948 2683 habent.
2976 2610 3348 2684 Catalogi..illi
3390 2629 3500 2667 non
3533 2614 3670 2668 levi-

401 2730 504 2783 ger,
529 2717 626 2772 sed
665 2725 880 2770 mature
919 2711 1155 2769 confecti
1189 2710 1356 2766 fuisse
1396 2711 1678 2766 videntur.
1710 2708 1924 2763 Novum
1956 2707 2260 2762 subsidium
2292 2708 2344 2762 in
2373 2708 2761 2764 discernendis
2786 2707 2924 2762 Vitis
2965 2718 3284 2763 sanctorum
3307 2723 3336 2762 a
3363 2707 3673 2776 Metaplira-

397 2820 479 2868 ste
511 2811 762 2864 exaratis
790 2805 1047 2864 conferre
1071 2811 1303 2876 possunt
1327 2803 1438 2860 duo
1476 2802 1728 2870 catalogi,
1754 2815 1892 2871 quos
1940 2800 2030 2881 hic
2056 2800 2399 2881 subiicimus,
2448 2804 2590 2856 unus
2627 2816 2793 2871 quem
2827 2799 3125 2864 Hanckius,
3169 2801 3228 2856 in
3257 2801 3398 2880 libro
3439 2814 3540 2854 suo
3592 2800 3671 2853 De

397 2903 744 2971 scriptoribus
785 2899 1129 2971 Byzantinis,
1162 2913 1356 2970 magna
1404 2895 1684 2969 diligentia
1735 2878 2045 2963 composuit
2069 2878 2245 2960 {alter
2265 2906 2429 2966 quem
2457 2895 2646 2952 Daniel
2677 2896 2752 2952 De
2787 2894 2979 2952 Nesse!
3009 2893 3248 2952 confecit
3267 2878 3331 2951 es
3387 2893 3670 2951 codicibus

391 3012 524 3076 mss.
554 2994 914 3052 bibliotheca:
933 2989 1395 3060 Vindobonensis.
1420 2991 1520 3046 Hic
1557 2999 1883 3062 sequuntur.
2668 3005 2676 3012 ·

1644 3234 2036 3369 ’ΜᾹΒΤιΝι
2077 3228 2415 3339 ΗΑΝὈΚΙΙ

943 3432 1285 3512 Catalogus
1328 3429 1625 3493 Vitarum
1671 3445 1834 3510 quas
1879 3429 2162 3508 Symeon
2203 3423 2672 3508 Metaphrastes
2727 3429 3122 3508 composuit.

1342 3585 1438 3650 (De
1461 3582 1723 3652 Byzantin.
1743 3595 1910 3636 rerum
1931 3581 2161 3648 scriptor.
2188 3585 2241 3634 ln
2262 3585 2332 3644 4°,
2355 3583 2535 3647 Lipsize
2580 3583 2742 3646 1677).

476 3883 529 3934 ι.
561 3879 795 3936 Historia
832 3878 904 3934 de
961 3877 1197 3949 Martyrii
1233 3887 1293 3933 et
1334 3875 1595 3933 Μεικὶδηί
1660 3875 1920 3947 martyrio
1959 3893 1973 3931 :
2007 3873 2054 3927 Α
2153 3870 2206 3927 7.
2253 3869 2488 3929 Historia
2536 3884 2622 3929 ue“
2665 3873 2839 3928 sancti
2908 3871 3095 3927 Jacobi
3143 3875 3374 3942 apostoli
3439 3877 3549 3932 vita
3611 3891 3668 3936 et

411 3984 642 4040 quorum
675 3971 758 4026 ille
779 3971 1174 4036 subdiaconus,
1207 3970 1298 4025 hic
1334 3979 1525 4025 cantor
1555 3968 1982 4046 Ecclesiac‘Con—
2085 3969 2364 4038 martyrio.

411 4060 968 4132 stantinopolitana';
1021 4072 1253 4132 uterque
1300 4062 1452 4117 Pauli
1513 4061 1982 4129 Constantinopo.

403 4153 695 4208 lignorum
749 4154 1077 4224 patriarchas
1132 4155 1385 4208 notarius
1432 4153 1538 4229 fuit
1570 4171 1583 4207 :
1619 4163 1850 4223 uterque
1877 4151 1984 4207 sub

400 4243 731 4314 imperatore
782 4243 1140 4306 Constantio,
1194 4243 1541 4299 Constantini
1588 4242 1778 4315 Magni
1826 4241 1980 4307 ﬁlio,

397 4337 622 4398 Ariano.
667 4351 864 4391 revera
903 4337 1124 4406 quidem
1160 4344 1382 4406 propter
1413 4335 1818 4402 orthodoxiam,
1885 4335 1984 4390 sed

397 4436 583 4481 tamen
621 4428 916 4483 criminum
978 4437 1418 4500 perpetratorum
1486 4430 1689 4500 specie,
1749 4438 1984 4484 mortem

396 4520 554 4573 obiit.

465 4613 524 4667 Ξ.
566 4597 808 4668 Historia
837 4614 906 4669 de
939 4614 1168 4670 Joannis
1208 4614 1606 4686 Chrysostomi,
1656 4615 1984 4683 Antiocheni

399 4702 543 4774 Syri,
572 4696 1308 4777 Constantinopolitanorum
1356 4706 1685 4776 patriarchae
1713 4708 1842 4787 vita.
1872 4707 1984 4762 Re-

396 4797 498 4850 bus
538 4807 671 4852 ante
719 4799 1147 4868 patriarcbatunt
1201 4803 1270 4854 ab
1320 4809 1443 4856 ortu
1498 4843 1514 4867 ,
1553 4801 1771 4856 circiter
1807 4804 1870 4854 A.
1919 4800 1982 4858 C.

393 4885 523 4964 3355,
564 4888 900 4957 praemissis;
940 4890 1134 4959 incipit
1162 4905 1193 4944 a
1221 4889 1601 4962 Chrysostomi
1643 4891 1983 4962 patriarcha—

394 4990 473 5044 t’u,
503 4983 569 5035 Α.
605 4980 670 5035 C.
704 4979 842 5048 598;
891 4983 1094 5038 desinit
1143 4984 1196 5038 in
1224 4983 1604 5056 Cltrysosmmi
1663 4985 1872 5050 exsilio,
1916 4987 1980 5041 A.

390 5069 452 5125 C.
496 5073 606 5128 405
638 5091 654 5138 ;
689 5071 852 5129 rebus
876 5076 1182 5146 subjunctis
1209 5078 1277 5131 ad
1309 5077 1538 5145 obitum,
1567 5078 1632 5134 A.
1680 5078 1744 5135 (Ξ.
1784 5078 1909 5133 407.

468 5166 526 5222 5.
575 5164 814 5224 Historia
871 5171 937 5225 d‘e
967 5170 1144 5227 sancti
1176 5169 1412 5228 Matthaei
1453 5173 1683 5244 apostoli
1717 5183 1772 5229 et
1813 5189 1982 5229 evan-

391 5266 604 5338 gelista:
637 5267 746 5320 vita
778 5276 834 5320 et
867 5268 1150 5338 martyrio.
1547 5315 1556 5324 .

459 5359 517 5412 4.
565 5356 801 5413 Historia
857 5360 924 5415 de
958 5360 1132 5415 sancti
1173 5359 1336 5416 Lucae
1379 5361 1613 5432 apostoli
1643 5369 1698 5416 et
1741 5377 1980 5434 evange-

389 5450 534 5506 lista:
563 5452 672 5504 vita
700 5461 754 5506 et
786 5454 1071 5525 martyrio.
1511 5497 1518 5504 .

462 5543 520 5596 5.
564 5543 796 5601 Historia
855 5546 924 5603 de
973 5547 1151 5603 sancti
1181 5544 1418 5603 Joannis.
1453 5541 1686 5619 apostoli
1719 5556 1774 5603 et
1813 5563 1980 5604 evan-

392 5635 601 5706 gelista:
625 5638 730 5694 vita
752 5650 806 5695 et
828 5643 1115 5711 martyrio.

461 5729 518 5785 6.
555 5727 788 5791 Historia
834 5735 906 5791 de
971 5733 1148 5790 sancti
1206 5731 1440 5806 Philippi
1484 5733 1731 5807 apostoli
1761 5735 1872 5793 vita
1927 5745 1981 5792 et

393 5825 672 5898 martyrio.

2155 4057 2210 4113 8.
2255 4053 2495 4113 Historia
2543 4057 2611 4112 de
2669 4056 2844 4112 sancti
2898 4054 3123 4111 Thomas
3177 4059 3409 4127 apostoli
3445 4061 3554 4117 vita
3613 4074 3676 4120 et

2083 4153 2364 4224 martyrio.
3165 4138 3176 4148 ’

2156 4247 2208 4302 9.
2247 4241 2482 4298 Historia
2509 4243 2576 4299 de
2606 4243 2867 4314 Sabbatii,
2894 4245 3174 4318 Trophimi
3210 4257 3266 4304 et
3291 4246 3668 4320 Borymedon-

2084 4338 2156 4394 tis
2200 4336 2484 4408 martyrio,
2523 4337 2664 4405 quod
2693 4337 2987 4396 Sabbatius
3019 4342 3162 4411 apud
3185 4341 3560 4398 Antiochenos
3609 4343 3666 4395 in

2087 4431 2260 4503 Syria,
2295 4430 2628 4500 Trophimus
2684 4440 2741 4486 et
2774 4431 3119 4502 Dorymedon
3148 4435 3293 4504 apud
3347 4433 3668 4505 Synadenos

2085 4523 2143 4588 in
2171 4519 2401 4594 Phrygia
2445 4523 2548 4578 sub
2578 4523 2908 4593 imperatore
2939 4524 3120 4582 Probo
3157 4528 3468 4584 subierunt.

2156 4611 2243 4670 l0.
2285 4612 2533 4671 'llistoria
2569 4617 2635 4672 de
2683 4616 2922 4688 Thyrsii,
2954 4616 3163 4682 Leucii,
3193 4618 3554 4687 Philemonis,
3587 4620 3668 4674 A~

2085 4705 2310 4777 pollonii
2329 4717 2384 4762 et
2406 4707 2686 4764 sociorum
2712 4708 2992 4777 martyrio,
3022 4710 3171 4778 quod
3198 4711 3251 4764 in
3280 4711 3534 4784 Bithynia
3563 4713 3668 4768 sub

2085 4799 2410 4880 imperatore
2443 4797 2608 4855 Decio
2627 4799 3050 4855 sustinuerunt»

2157 4894 2243 4948 Η.
2287 4893 2524 4949 Historia
2561 4893 2629 4948 de
2653 4892 2979 4957 Meuedorm,
3014 4892 3357 4961 Metrodoraa,
3386 4894 3668 4965 Nympho-

2085 4983 2232 5043 dorae
2265 4983 2548 5059 'virglnum
2595 4985 2949 5059 Bithynarum
2983 4988 3244 5060 martyrio
3281 5027 3300 5054 .
3360 4991 3509 5060 quod
3554 4991 3663 5047 sub

2084 5081 2414 5152 imperatore
2439 5080 2732 5138 Maximino
2751 5080 3064 5137 subierunt.

2158 5174 2534 5245 19....llistoria
2563 5176 2659 5236 Ede
2703 5174 2974 5236 Joannicii
3024 5175 3240 5231 abbatis
3297 5177 3426 5244 vita,
3461 5178 3555 5248 qui
3602 5179 3662 5233 in

2087 5267 2354 5340 Bithyniae
2371 5268 2491 5324 vico
2519 5268 2812 5340 Marycato,
2835 5279 2980 5323 anno
3013 5269 3360 5340 imperatoris
3375 5270 3572 5326 Leonis
3597 5270 3664 5326 IV

2087 5361 2205 5438 (qui
2253 5360 2673 5418 Constantinum
2719 5361 3124 5433 COpronymnm
3171 5369 3385 5432 patrem
3451 5361 3664 5432 habuit)

2089 5456 2304 5514 decimo
2333 5465 2548 5527 quarto,
2585 5455 2791 5511 Christi
2829 5454 2950 5530 795,
2981 5464 3164 5518 natus,
3209 5463 3496 5526 postquam
3548 5455 3666 5509 ico-

2086 5549 2390 5603 nomachus
2420 5547 2616 5610 fuerat,
2649 5548 2776 5603 vitae
2807 5547 3063 5603 solitaria
3094 5547 3294 5613 cultor,
3333 5547 3553 5602 tandem
3606 5548 3664 5602 in

2082 5638 2330 5712 Bithynia
2355 5641 2675 5695 monasterii
2713 5640 2860 5710 quod
2891 5648 3242 5696 exstruxerat
3266 5648 3324 5696 et
3368 5638 3665 5695 Eustachio

2083 5735 2306 5806 martyri
2342 5734 2723 5797 dedicaverat,
2762 5733 2953 5797 abbas,
2987 5750 3134 5790 anno
3182 5733 3664 5806 imperatoris-Mi-

2085 5827 2291 5885 chaelis
2316 5827 2464 5884 Balbi
2498 5826 2712 5898 quinto,
2739 5837 2795 5882 et
2824 5824 3030 5903 Christi
3061 5827 3169 5884 825
3201 5827 3458 5885 decessit.
