4156 6410
516 414 632 479 295

1633 392 2014 473 SYMEQNIS
2062 340 2643 451 METAPHRAST/E
2736 408 2741 412 ι

3658 376 3770 440 296

583 527 673 582 1'5.
707 521 943 578 Historia
987 519 1057 576 de
1108 496 1345 571 Marcelli
1407 514 1807 567 Acmmetarum
1869 504 2081 560 abbatis
2120 525 2157 575 Α
2190 503 2245 556 in
2274 500 2460 563 Ionico
2493 499 2619 552 sinu
2649 481 2878 551 Cilicum
2915 493 3152 549 civitatis
3196 468 3772 563 episcopus,cnmtso-

509 618 623 671 vita
670 655 686 680 ,
732 614 827 684 qui
882 603 1584 680 Apameam,,Bitbynorum
1624 600 1813 653 urbem
1858 595 2089 666 patriam

510 716 737 770 nactus,
784 704 838 756 in
864 697 1131 771 Bithynia:
1169 692 1524 770 monasterio,
1555 690 1699 761 quod
1722 690 1728 695 ’
1751 688 1821 742 ob
1854 686 2090 757 hymnos

511 809 826 872 perpetuos,
880 790 1222 876 nondiurnis
1256 795 1467 844 tantum
1505 784 1598 855 sed
1638 781 1801 836 etiam
1863 787 2088 832 noctur-

511 892 595 945 nis
623 868 957 957 temporibus
999 883 1054 936 in
1084 897 1149 936 eo
1180 877 1385 935 cantari
1418 874 1613 937 solitis,
1658 869 1994 938 ἁκοιμήτων,
2036 865 2091 920 id
2140 924 2147 933 ,

511 966 595 1036 est
614 996 724 1034 non
763 977 1157 1032 dormientium
1189 985 1392 1026 nomen
1424 970 1730 1035 acceperat,
1762 962 2091 1030 imperatore

515 1073 696 1126 Leone
716 1067 945 1121 Thrace.
979 1065 1045 1119 A.
1078 1066 1138 1118 C.
1171 1059 1500 1122 469..abbas
1539 1055 1663 1111 fuit.
1760 1052 1765 1057 ’

584 1164 671 1218 14.
727 1158 963 1215 Historia
1026 1157 1094 1211 de
1140 1150 1456 1223 Euphemize
1515 1144 1755 1217 virginis’
1791 1139 2088 1212 martyrio,

513 1257 659 1326 quod
686 1256 741 1308 in
768 1248 1136 1308 Chalcedonia
1197 1244 1556 1314 Bithynorum
1604 1236 1824 1309 regione
1846 1233 1950 1290 sub
1985 1232 2091 1286 im-

515 1356 771 1418 peratore
807 1341 1146 1397 Diocletiano
1168 1335 1448 1392 sustinuit.
1638 1400 1648 1410 .
2020 1375 2033 1387 ,

588 1437 678 1491 15.
699 1433 944 1514 Historia
976 1431 1044 1485 de
1091 1425 1336 1513 enthimi
1362 1418 1816 1480 Nicomediensis,
1842 1415 2094 1471 Nicome-

515 1505 786 1584 dicnsium
816 1521 1075 1594 episcopi,
1104 1504 1383 1590 martyrio,
1432 1513 1578 1586 quod
1626 1513 1728 1568 sub
1765 1510 2094 1580 imperatore

518 1619 844 1675 Maximiano
865 1629 1058 1685 passus
1074 1623 1176 1667 est.
1839 1668 1846 1673 _

589 1711 677 1766 t6.
722 1708 960 1771 Historia
1009 1705 1078 1762 de
1128 1701 1254 1769 ,lndi
1291 1698 1553 1764 eunuchi,
1590 1696 1812 1755 Domum
1862 1690 2096 1762 .virginis

2194 608 2314 646 rore
2336 606 2433 645 sua
2460 588 2723 653 Zenobia,
2766 588 2867 643 sub
2895 587 3219 658 imperatore
3256 584 3613 640 Diocletiano.
3637 599 3772 639 sus-

2192 683 2378 738 tinuit.
3013 723 3023 733 .

2205 817 2213 825 .
2260 775 2352 831 29.
2384 775 2621 831 Historia
2647 774 2716 829 de
2769 759 3303 842 Sozonisopilionis,
3335 745 3508 837 patri}
3553 764 3768 833 Cilicis,

2193 868 2473 940 martyrio,
2503 868 2648 937 quod
2703 866 2849 935 apud
2900 861 3433 933 Pompeiopolitanos
3470 860 3525 914 in
3557 859 3774 924 Cicilia,

2193 961 2296 1015 sub
2320 946 2653 1029 imperatore
2679 955 3009 1010 Maximiano
3036 942 3222 1007 subiit'.

2058 1088 2064 1093 -
2160 1114 2167 1120 ,
2264 1053 2353 1108 50.
2388 1051 2627 1105 HistOria
2651 1050 2719 1105 de
2765 1047 3031 1109 Bonifacii
3062 1045 3290 1100 Romani
3319 1043 3581 1117 martyrio
3625 1043 3778 1114 quod

2195 1144 2338 1215 apud
2362 1142 2667 1204 Tarsenses
2700 1142 2753 1195 in
2779 1139 2967 1195 Cilicia
2999 1136 3277 1195 sustinuit.

2265 1236 2353 1289 51.
2408 1234 2643 1289 Historia
2687 1234 2756 1287 de
2812 1229 3110 1286 Clementis
3155 1225 3429 1297 Ancyrani
3458 1226 3513 1279 in
3564 1224 3783 1281 Galatia

2195 1328 2438 1398 episcopi
2468 1328 2577 1381 vita
2610 1335 2664 1380 et
2692 1323 2971 1393 martyrio,
3003 1320 3095 1391 qui
3126 1325 3188 1374 Α.
3212 1318 3274 1373 C.
3305 1318 3409 1373 257
3441 1313 3684 1382 natm].
3709 1317 3781 1371 (Σ.

2193 1419 2297 1473 9.77
2341 1420 2631 1488 episeopus
2659 1421 2898 1482 creatus,
2928 1411 3158 1489 patriam
3181 1424 3335 1464 suam
3374 1409 3641 1479 Ancyram
3671 1406 3786 1461 sub

2195 1499 2527 1582 imperatore
2564 1508 2910 1573 Maximiano,
2930 1506 3149 1562 circiter
3186 1504 3250 1557 A.
3282 1501 3344 1557 C.
3370 1503 3495 1566 509,
3516 1502 3787 1574 martyrio

2197 1621 2296 1661 suo
2332 1602 2662 1659 nobilitavit.
3524 1636 3535 1644 .

2247 1698 2357 1773 βε.
2392 1678 2626 1750 Historia
2652 1694 2719 1749 de
2749 1690 2991 1762 Platonis
3038 1689 3306 1760 Ancyrani
3329 1686 3532 1761 Galatae
3571 1692 3789 1754 marty-

432 1786 440 1793 ’
520 1814 575 1858 et
599 1804 827 1858 aliorum
856 1797 1132 1869 martyrio,
1162 1794 1252 1865 qui
1276 1794 1376 1848 sub
1405 1792 1736 1860 imperatore
1768 1783 2097 1839 Maximiano
2118 1795 2171 1869 In
2201 1794 2303 1855 τεο,
2329 1793 2476 1864 quod
2511 1792 2564 1855 in
2599 1788 2772 1861 p'alria
2800 1791 2937 1845 urbe
2967 1788 3248 1845 sustinuit.

521 1898 660 1950 intra
684 1855 1056 1947 Nicomediam
1105 1884 1365 1956 Bithynia:
1398 1883 1610 1946 urbem,
1639 1889 1751 1934 tum
1786 1877 1840 1930 in
1872 1876 2098 1929 incenso
2126 1855 2173 1914 Β
2273 1855 2363 1939 δδξ
2394 1855 2626 1937 “istm-ig,
2664 1864 2733 1937 de‘
2787 1882 3002 1947 Μρηηα,
3034 1877 3272 1951 Egypt};
3306 1876 3583 1948 martyrio,
3629 1873 3789 1946 quod

524 1986 730 2057 templo
770 1980 1098 2053 Christianis
1156 1978 1387 2048 repleto,
1429 1983 1545 2028 tum
1578 1980 1731 2050 extra
1760 1967 1890 2023 illud
1926 1964 2102 2037 perie-

526 2088 673 2133 runt.

594 2170 684 2223 Π.
710 2165 952 2247 Historia
990 2165 1055 2218 de
1097 2161 1327 2218 Iuliana:
1353 2158 1582 2231 virginis
1609 2152 1868 2225 martyrio
1898 2191 1912 2219 ,
1953 2145 2098 2218 quod

525 2264 667 2317 intra
710 2240 1095 2316 ‘Nicomediam
1138 2254 1372 2327 patriam
1419 2253 1523 2308 sub
1558 2250 1886 2319 imperatore
1929 2240 2102 2298 Maxi-

526 2338 710 2410 miano
735 2352 1016 2408 sustinuit.
1220 2347 1227 2351 ’
1900 2370 1905 2375 ·
1964 2402 1969 2407 .

609 2448 696 2503 18.
728 2445 961 2512 Historia
997 2444 1065 2498 de
1098 2440 1349 2496 Barbara:
1377 2436 1603 2507 virginis
1644 2428 1924 2502 martyrio,
1956 2426 2102 2497 quod

530 2539 860 2599 Nicomedia:
888 2537 993 2593 sub
1018 2536 1346 2604 imperatore
1376 2527 1701 2583 Maximiano
1738 2522 1929 2577 subiit.

600 2635 686 2690 19.
716 2629 947 2686 Historia
998 2628 1066 2683 de
1120 2623 1388 2694 Eu'lampii
1429 2630 1485 2676 et
1521 2614 1827 2687 Eulampiie
1848 2612 2103 2670 Nicome-

531 2727 805 2784 diensium
838 2722 1023 2776 fratris
1043 2717 1324 2775 etsororis
1359 2714 1642 2784 martyrio.

597 2816 689 2871 ΞΟ.
725 2812 961 2868 Historia
986 2810 1053 2865 de
1079 2806 1351 2863 Theodori
1381 2805 1611 2876 'fyronis
1645 2795 1803 2875 (alias
1854 2793 2103 2869 Teronis)

481 2977 484 2982 _
530 2908 722 2964 militis
770 2903 1069 2974 martyrio,
1115 2900 1261 2970 quod
1317 2898 1463 2969 apud
1508 2898 1809 2951 Amasenos
1845 2893 1900 2948 in
1931 2892 2107 2947 Ponto

529 3003 630 3057 sub
656 3002 985 3070 imperatore
1010 2996 1337 3050 Maximiano
1362 2991 1644 3047 sustinuit.
1676 3012 1681 3019 ·

599 3094 689 3147 21.
734 3089 972 3145 Historia
1023 3088 1091 3143 de
1139 3084 1435 3143 Abraliami
1477 3082 1635 3155 Mysii
1697 3078 1944 3159 eremitaa
1969 3076 2103 3144 vita,

2202 1977 2598 2049 imperantibus
2652 1974 2992 2029 Diocletiano
3058 1980 3114 2026 et
3182 1969 3511 2025 Maximiano
3560 1967 3715 2022 miles
3761 2008 3785 2034 ,

2202 2075 2305 2129 sub
2337 2072 2529 2127 iisdem
2555 2072 2611 2126 in
2632 2060 2944 2141 Galatarum
2972 2067 3106 2121 urbe
3132 2066 3349 2135 Cotyaeo
3379 2061 3657 2118 sustinuit.

2273 2165 2362 2228 54.
2401 2162 2638 2218 Historia
2691 2163 2760 2216 de
2810 2158 3109 2241 Ειιβιιέιιίἰ,
3161 2154 3457 2221 Auxentii,
3509 2151 3787 2233 Eugenii?

2203 2257 2478 2322 Mardarii,
2507 2267 2563 2311 et
2595 2255 2802 2310 Orestaa
2852 2253 3135 2323 martyrio,
3163 2250 3308 2321 quod
3330 2249 3433 2305 sub
3480 2248 3789 2318 imperato-

2204 2351 2356 2405 ribus
2378 2346 2711 2404 Diocletiano
2734 2356 2791 2401 et
2818 2343 3145 2399 Maximiano
3182 2341 3238 2396 in
3279 2339 3621 2411 Cappadocia
3651 2336 3781 2391 sub-

2207 2442 2411 2496 ierunt.
2443 2454 2451 2460 '
3685 2411 3692 2419 ”

2277 2533 2366 2590 55.
2432 2531 2667 2588 Historia
2715 2531 2783 2587 de
2834 2529 3062 2601 Longini
3116 2523 3452 2583 centurionis
3497 2519 3785 2592 martyrio,

2207 2629 2313 2697 qui.
2354 2622 2573 2682 natione
2607 2624 2845 2689 Iudaeus,
2911 2620 3114 2677 Christi
3136 2611 3469 2690 ‘pendentis
3521 2615 3577 2673 in
3620 2626 3789 2669 cruce

2207 2730 2416 2786 custos,
2449 2721 2517 2775 ad
2553 2719 2867 2791 religionem
2903 2715 3266 2772 Christianam
3298 2722 3618 2770 Conversus,
3655 2721 3794 2779 per-
3879 2725 3883 2729 ν

2182 2814 2507 2872 .sccutionis
2578 2820 2799 2865 auctore
2841 2794 3038 2875 Pilato,
3092 2806 3352 2861 Caesareae
3399 2799 3793 2871 Cappadocum

2210 2890 2365 2971 urbe,
2399 2890 2627 2958 mortem
2660 2918 2758 2972 pro
2778 2900 2999 2955 Christo
3029 2899 3259 2973 subiisse
3284 2895 3506 2970 dicitur.

2280 2996 2371 3052 56.
2429 2993 2662 3049 Historia
2706 2992 2771 3047 de
2820 2990 3065 3045 Mercurii
3107 2986 3400 3059 martyrio,
3442 2983 3585 3055 quod
3626 2991 3789 3053 patre

2209 3087 2482 3145 Gordiano
2512 3088 2709 3156 Scytha
2735 3092 2914 3147 natus,
2944 3081 3175 3136 militum
3205 3081 3334 3144 dux,
3360 3078 3621 3133 Caesareae
3644 3073 3797 3142 Cap-

529 3183 863 3257 qui-saaculo
909 3188 1031 3251 post
1059 3178 1124 3234 C.
1186 3176 1253 3232 N.
1287 3186 1463 3244 sexto,
1490 3176 1706 3231 deserta
1740 3187 1939 3244 sponsa
1985 3184 2103 3236 sua,

2212 3182 2479 3253 padocum
2513 3180 2667 3245 urbe,
2699 3178 2802 3233 sub
2830 3177 3159 3244 imperatore
3190 3170 3351 3225 Decio
3384 3165 3663 3222 sustinuit.

463 3290 473 3302 '
534 3275 830 3332 solitariam
853 3271 919 3326 ad
952 3270 1363 3355 Hellespontum
1396 3267 1449 3320 in
1479 3265 1640 3338 Mysia
1675 3264 1842 3320 vitam
1876 3261 2007 3349 egit.
2074 3334 2075 3337 η

490 3413 502 3424 ,
603 3362 696 3415 22.
738 3359 972 3414 Historia
1016 3357 1083 3412 de
1113 3349 1479 3425 'Theoplianis
1509 3356 1619 3408 vita
1678 3396 1693 3421 ,
1735 3369 1898 3424 quem
1934 3349 2109 3421 patria

532 3440 1194 3519 Constantinopolitanum
1219 3451 1363 3519 Ager
1419 3461 1685 3517 magnus,
1749 3446 1805 3499 in
1862 3444 2110 3515 Sigriana

535 3541 716 3613 Mysia:
756 3539 984 3593 minoris
1014 3538 1255 3608 regione,
1290 3520 1691 3591 monasterium
1724 3536 1915 3592 habuit
1940 3535 2110 3591 abba-

534 3643 668 3697 tem,
694 3633 913 3687 circiter
935 3630 1000 3684 A.
1038 3629 1098 3685 C.
1137 3630 1241 3685 818
1278 3638 1578 3694 mortuum.
2046 3636 2053 3644 '

603 3724 694 3778 25.
732 3719 967 3776 Historia
1011 3719 1079 3773 de
1132 3717 1376 3779 Abercii,
1438 3716 1993 3787 Hieropolitanorum,
2055 3717 2110 3771 in

536 3818 747 3873 minore
800 3813 1059 3885 Phrygia,
1095 3811 1336 3882 episcopi
1373 3811 1500 3878 vita,
1538 3812 1630 3882 qui
1667 3812 1769 3867 sub
1816 3813 2111 3881 imperato-

536 3911 689 3966 ribus
724 3906 793 3961 M.
820 3905 1095 3960 Antonino
1121 3912 1175 3958 ct
1213 3903 1276 3958 L.
1305 3902 1449 3959 Vero
1480 3904 1693 3959 claruit.

607 4000 701 4055 Ἃ.
733 3997 968 4053 Historia
1006 3998 1074 4052 de
1128 3996 1293 4068 Carpi
1333 4005 1390 4050 et
1428 3997 1609 4067 Papyli
1650 3992 2112 4068 Pergamenorum

539 4094 835 4162 Phrygum,
869 4089 1146 4159 martyrio,
1194 4087 1337 4157 quod
1374 4088 1429 4141 in
1472 4087 1635 4158 Lydia
1670 4073 2111 4161 Tliyatirensium

540 4186 630 4239 ille
657 4183 877 4253 quidem
920 4181 1232 4250 episcopus,
1285 4179 1377 4232 hic
1408 4189 1589 4259 autem
1643 4181 1927 4248 diaconus,
1988 4200 2112 4240 cum

543 4277 726 4340 sociis,
751 4274 853 4329 sub
881 4274 1210 4343 imperatore
1240 4271 1419 4337 Decio,
1455 4274 1853 4330 sustinuerunt.

611 4364 702 4417 25.
734 4360 1055 4432 Historia;de
1076 4359 1342 4445 Timothei
1370 4363 1501 4426 vita,
1525 4364 1616 4432 qui
1646 4364 1890 4432 Lystram
1916 4364 2117 4436 Lycao-

540 4453 647 4507 niae
676 4452 950 4509 civitatem
990 4452 1217 4522 patriam
1262 4453 1470 4520 habuit,
1510 4450 1663 4510 Pauli
1692 4457 1922 4527 apostoli
1952 4457 2117 4514 disci-

543 4546 726 4616 pulus,
762 4545 992 4601 Joannis
1022 4546 1365 4618 evangelista:
1386 4564 1693 4616 successor,

542 4638 598 4692 in
631 4638 779 4693 lonia
807 4639 1119 4710 episcopus,
1158 4640 1378 4712 Ephesi,
1425 4642 1527 4697 sub
1559 4642 1889 4714 imperatore
1917 4643 2113 4712 Nerva,

545 4741 751 4801 martyr
777 4730 977 4786 obiisse
1001 4732 1224 4787 dicitur.

612 4820 703 4874 26.
736 4819 969 4876 Historia
1013 4822 1082 4876 de
1122 4806 1366 4877 Eusebia}
1396 4820 1636 4894 'virginis
1668 4822 1933 4881 Romanae
1968 4824 2116 4891 'vita,

540 4926 675 4983 qua
692 4912 867 4985 virgo,
893 4928 1019 4968 cum
1050 4913 1106 4967 in
1142 4916 1333 4970 urbem
1355 4914 1528 4974 Cariae
1554 4916 1838 4986 Mylassam
1856 4918 2116 4984 venisset,

544 5005 766 5059 nomine
795 5020 894 5060 suo
918 5006 1282 5071 dissimulato,
1316 5021 1376 5062 se
1424 5007 1610 5078 ξένην,
1648 5008 1701 5063 id
1735 5019 1818 5064 est
1847 5010 2118 5080 hospitam

542 5098 726 5164 dixit;
772 5098 847 5154 ibi
887 5100 1279 5156 monasterium
1317 5100 1517 5156 Sancto
1568 5103 1849 5173 Stephano
1894 5104 2118 5175 martyri

542 5206 758 5246 sacrum
782 5192 1058 5256 excitavit,
1084 5192 1139 5246 in
1164 5207 1274 5262 quo
1296 5195 1461 5247 vitam
1493 5194 1692 5250 clausit
1712 5235 1727 5260 ,
1761 5195 1965 5252 saetulo
1997 5206 2120 5266 post

542 5282 607 5337 C.
631 5283 699 5337 Ν.
731 5284 943 5352 quinto.
2004 5348 2012 5356 ,

611 5374 703 5429 27.
747 5374 982 5430 Historia
1035 5375 1105 5431 de
1161 5375 1422 5431 Matronae
1462 5375 1757 5447 Pergensis
1778 5378 1936 5443 vita;
1996 5394 2120 5449 quae

546 5465 788 5521 Matrona
810 5467 1002 5522 urbem
1049 5468 1103 5522 in
1135 5468 1450 5541 Pamphylia
1488 5470 1698 5541 Pergen
1730 5471 1961 5541 patriam
2016 5471 2117 5525 ha-

542 5555 679 5619 buit,
743 5556 1032 5612 Domitiani
1077 5574 1233 5627 uxor,
1283 5559 1578 5615 Theodatze
1623 5569 1817 5627 mater,
1840 5560 1963 5616 viro
1999 5568 2119 5614 tan-

545 5647 673 5701 dem
699 5647 1007 5717 posthabito
1049 5665 1362 5722 quanquam
1388 5652 1573 5709 invito
1599 5694 1612 5718 ,
1660 5651 1716 5706 in
1766 5654 2118 5708 monasteriis

547 5739 710 5796 vitam
738 5742 1023 5811 transegit;
1951 5776 1959 5785 .
1984 5766 1987 5767 ν

615 5830 705 5885 28.
734 5830 969 5889 Historia
997 5834 1066 5889 de
1086 5834 1310 5893 Zenobii
1350 5837 1631 5909 martyrio,
1670 5839 1818 5910 quod
1844 5838 2113 5909 (Egarum

2282 3270 2372 3325 57.
2405 3269 2640 3324 Historia
2688 3267 2755 3323 de
2793 3263 3079 3319 Mamantis
3108 3258 3472 3331 Paphlagonis
3506 3253 3788 3325 martyrio.

2213 3362 2355 3433 quod
2398 3359 2661 3415 Caesarea;
2705 3355 3088 3430 Cappadocum
3123 3352 3277 3416 urbe,
3308 3350 3410 3404 sub
3458 3347 3795 3417 imperatore

2212 3453 2511 3508 Aureliano
2546 3450 2733 3506 subiit.

2284 3564 2373 3619 58.
2407 3560 2648 3617 Historia
2692 3560 2760 3615 de
2789 3555 3069 3614 Severiani
3100 3552 3287 3609 militis
3310 3550 3589 3622 martyrio,
3644 3549 3797 3619 quod

2213 3656 2479 3711 Caesareae
2504 3652 2892 3725 Cappadocum
2923 3649 3060 3707 urbe
3083 3648 3187 3705 sub
3220 3647 3548 3720 imperatore
3578 3641 3799 3699 Licinio

2212 3748 2496 3806 sustinuit.

2285 3861 2373 3915 59.
2418 3840 2655 3913 Historia
2690 3858 2755 3911 de
2786 3853 3032 3925 Gregorii
3057 3851 3241 3906 Parthi
3277 3849 3422 3914 vita,
3473 3847 3569 3918 qui
3607 3846 3800 3901 multi-

2216 3952 2388 4030 plices
2470 3950 2540 4004 ab
2588 3931 2863 4003 Armeniis
2927 3944 3252 4000 amictiones
3311 3942 3383 3997 ob
3427 3937 3799 3994 Christianam

2218 4044 2536 4113 religionem
2571 4054 2782 4111 passus,
2831 4038 2898 4093 ad
2942 4052 3063 4092 eam
3106 4045 3160 4091 et
3195 4030 3377 4106 regem
3425 4039 3482 4087 et
3532 4030 3800 4101 populum

2216 4133 2599 4188 Armeniorum
2617 4130 2915 4205 convertit:
2941 4129 3133 4183 borum
3148 4124 3462 4196 aliquandiu
3481 4124 3800 4193 episcopus,

2219 4227 2438 4300 tandem
2493 4222 2807 4280 solitudinis
2868 4230 3110 4300 amator,
3161 4219 3332 4273 filium
3377 4216 3697 4271 Arostanem
3741 4206 3803 4283 in

2216 4298 2536 4387 episcopatu
2558 4327 2930 4369 successorem
2959 4298 3189 4381 accepit,
3213 4309 3306 4380 qui
3331 4306 3562 4363 concilio
3577 4305 3806 4359 Nicieno

2217 4405 2485 4470 interfuit,
2518 4402 2677 4481 A30.
2708 4403 2832 4458 525.
3686 4394 3695 4402 ’

1746 4511 2109 4621 sphongia},
2146 4538 2191 4593 ι)
2289 4518 2378 4618 49.
2424 4517 2663 4618 Historia
2695 4517 2761 4572 de
2792 4515 3029 4621 eortina,
3058 4515 3315 4621 sationis,
3349 4514 3580 4616 Eudoxii
3608 4523 3662 4568 et
3687 4511 3808 4566 Ma-

2221 4604 2354 4663 carii
2378 4607 2659 4677 martyrio,
2707 4607 2851 4676 quod
2887 4606 3153 4677 RomuluS
3180 4606 3398 4675 quidem
3430 4606 3531 4661 sub
3563 4605 3810 4674 impera-

2224 4707 2343 4754 tore
2378 4698 2613 4771 Trajano
2636 4739 2650 4765 ,
2676 4697 2887 4753 'cacteri
2916 4714 3048 4753 vero
3068 4698 3170 4753 sub
3217 4698 3546 4768 imperatore
3579 4697 3807 4750 Diocle-

2225 4791 2373 4847 tiano
2403 4792 2459 4845 in
2486 4791 2755 4846 Armeniae
2781 4791 3004 4845 minoris
3036 4791 3171 4845 urbe
3194 4790 3458 4855 Melitine,
3487 4789 3802 4846 subierunt.

2292 4902 2382 4957 41.
2420 4902 2655 4957 Historia
2700 4900 2767 4955 de
2797 4899 3048 4955 Hieronis
3080 4909 3135 4954 et
3157 4901 3428 4955 sociorum
3493 4899 3752 4968 martyrio
3781 4907 3806 4966 ξ

2220 5010 2289 5050 ex
2317 4995 2515 5065 quibus
2548 4994 2714 5047 Hiero
2745 4993 2934 5047 urbem
2978 4992 3032 5045 in
3064 4990 3402 5062 Cappadocia
3437 4989 3675 5062 Tyanam
3705 5004 3805 5059 pa-

2225 5086 2381 5140 triam
2414 5087 2635 5150 habuit,
2674 5098 2798 5139 cum
2831 5083 2901 5138 50
2945 5083 3107 5138 sociis
3148 5082 3467 5154 martyrium
3512 5082 3567 5136 in
3600 5082 3801 5137 Arme-

2220 5176 2328 5230 niae
2364 5176 2590 5231 mineris
2631 5177 2765 5231 urbe
2795 5173 3034 5229 Melitine
3078 5173 3180 5228 sub
3220 5154 3641 5243 imperatoribus
3674 5169 3803 5225 Dio-

2223 5260 2456 5335 cletiano
2480 5278 2533 5323 et
2561 5268 2886 5323 Maximiano
2916 5281 3129 5339 passus.

2292 5383 2379 5437 42.
2422 5381 2660 5437 Historia
2687 5381 2757 5437 de
2780 5381 2850 5437 ιο
2881 5389 3200 5452 martyrum,
3232 5380 3300 5437 39
3326 5379 3556 5435 militum
3586 5379 3804 5448 Cappa—

2223 5480 2442 5543 docum,
2474 5493 2596 5533 cum
2628 5476 3076 5546 quadragesimus
3115 5469 3181 5529 ab
3229 5475 3295 5529 iis
3324 5475 3648 5545 aufugisset,
3678 5472 3800 5541 ejus

2223 5570 2342 5625 loco
2370 5569 2651 5624 custodem
2693 5567 2953 5635 carceris,
2993 5582 3262 5639 paganum
3293 5566 3593 5632 hominem,
3644 5563 3802 5618 Clui-

2222 5662 2460 5716 stianum
2496 5667 2724 5729 repente
2750 5659 2950 5714 factum
2977 5698 2994 5725 ,
3019 5658 3261 5730 martyrii
3289 5659 3498 5714 socium
3530 5670 3798 5711 consecu-

2223 5762 2400 5807 torum
2420 5732 2709 5822 'maityrio,
2732 5751 2875 5821 quod
2903 5752 2954 5804 in
2979 5750 3418 5806 Sebastianorum
3450 5749 3606 5815 urbe,
3636 5761 3799 5816 quam

2220 5846 2547 5899 vetustiores
2563 5844 2779 5920 quidem
2806 5843 2858 5898 in
2877 5842 3235 5905 Cappadocia,
3261 5841 3589 5899 recentiores
3616 5839 3798 5892 autem
