4156 6416
382 400 495 462 237

1614 391 1971 457 VITARUM
2008 390 2343 451 CATALOG
2353 390 2469 451 US.

3558 395 3668 457 298

392 514 447 565 in
480 510 750 566 Armenia
783 509 1006 566 minore
1039 511 1197 565 sitam
1226 522 1287 564 es
1317 523 1346 563 e
1373 507 1593 573 docent,
1633 505 1734 560 sub
1764 503 1993 573 impera-
2020 501 2073 560 Α
2168 499 2256 555 56.
2295 499 2526 555 Historia
2553 501 2621 556 de
2642 500 2875 557 Cornelii
2898 501 3239 557 centurionis
3260 502 3672 560 Palastinorum

384 612 507 657 tare
543 602 781 667 Licinio,
820 601 1225 656 sustinuerunt.

2093 588 2447 645 Caesariensis
2489 591 2596 646 vita
2620 631 2635 656 ,
2678 609 2840 663 quem
2869 592 3061 649 Petrus
3090 595 3372 665 apostolus
3413 596 3482 651 ad
3508 597 3670 652 Chri-

454 694 556 750 43.
601 691 846 747 Historia
887 692 959 746 de
1002 689 1309 761 Spiridonis
1344 688 1401 743 in
1448 687 1625 742 insula
1652 685 1828 758 Cypro
1870 687 1993 756 epi-
2094 681 2323 735 stianam
2353 682 2670 753 religionem
2701 686 2991 741 convertit.

381 787 546 857 scopi
579 783 1083 855 Trimmythuntini
1112 782 1240 848 vita,
1271 779 1365 851 qui
1391 781 1491 835 sub
1514 778 1840 848 imperatore
1855 777 1994 833 Con-

382 881 643 934 stantino
669 878 871 949 Magno
902 878 1055 944 vixit,
1096 886 1152 932 et
1198 874 1433 932 concilio
1464 873 1688 928 Nicano
1720 870 1990 935 interfuit,

384 974 459 1025 Α.
495 972 558 1024 C.
592 970 722 1025 325.

466 1064 561 1118 Η.
596 1062 836 1117 Historia
880 1061 949 1116 de
994 1057 1565 1132 Ignatii'l‘beOpbori,
1618 1055 1994 1112 Antiocheno-

396 1172 519 1209 rum
560 1154 616 1207 iu
648 1152 805 1222 Syria
855 1150 1122 1220 episcopi,
1152 1149 1416 1219 martyrio
1463 1147 1610 1217 quod
1644 1161 1788 1200 anno
1818 1145 1993 1214 impe-

398 1245 600 1300 ratoris
630 1242 857 1312 'l‘rajani
902 1258 978 1304 xl,
1006 1240 1207 1297 Christi
1231 1238 1355 1303 l08,
1380 1237 1433 1292 in
1457 1238 1589 1293 urbe
1607 1239 1779 1292 Roma
1808 1235 1991 1291 subiit.

471 1338 566 1391 45.
610 1333 849 1389 Historia
882 1335 946 1387 de
977 1330 1203 1385 Luciani
1232 1329 1510 1400 martyrio,
1536 1330 1630 1399 qui
1654 1328 1996 1382 Samosatam

404 1431 598 1484 urbem
627 1427 891 1497 Syrorum
944 1424 1177 1493 patriam
1230 1420 1462 1483 habuit,
1513 1420 1888 1476 Antiocbeuus
1940 1419 1992 1471 in

411 1522 567 1591 Syria
592 1518 879 1589 presbyter
902 1514 1040 1580 fuit;
1076 1512 1219 1583 apud
1256 1510 1702 1567 Nicomedienses
1728 1510 1781 1562 in
1811 1507 1997 1578 Bithyo

425 1614 543 1675 uia,
571 1611 668 1665 sub
698 1611 1032 1678 imperatore
1063 1605 1378 1671 Maximino,
1414 1604 1633 1659 circiter
1684 1602 1750 1657 A.
1779 1601 1839 1657 C.
1866 1598 1992 1665 512,

433 1712 629 1772 martyr
655 1700 799 1755 obiit.

496 1794 581 1848 £6.
603 1792 836 1846 Historia
853 1790 923 1846 de
941 1788 1219 1862 Cypriani,
1232 1787 1698 1843 Antiochenorum
1725 1784 1991 1855 episcopi,

2164 770 2256 827 57.
2295 772 2531 827 Historia
2560 774 2629 828 de
2654 773 2990 830 Galaetionis
3024 784 3080 830 et
3111 775 3414 848 Epistemes
3447 776 3558 833 vita
3618 785 3674 833 et

2093 864 2376 935 martyrio,
2421 881 2559 935 quos
2599 866 2877 938 coniuges,
2904 869 3247 925 matrimonio
3280 872 3445 926 vitam
3483 871 3674 926 solita-

2096 955 2229 1010 riam
2262 957 2632 1026 praferentes,
2665 960 2720 1013 in
2760 962 3088 1016 monasteria
3128 962 3421 1035 digressos,
3452 966 3672 1020 tandem

2096 1049 2415 1119 martyrium
2458 1050 2513 1105 in
2542 1049 2739 1107 Arabia
2768 1068 2936 1125 prope
2964 1052 3151 1110 Sinam
3203 1066 3444 1113 montem
3478 1074 3673 1132 passos

2096 1152 2217 1192 BSSC
2250 1149 2453 1195 narrat.

2164 1231 2253 1287 58.
2294 1233 2528 1290 Historia
2561 1236 2628 1291 de
2657 1234 2929 1303 Samona,
2961 1236 3163 1304 Guria,
3203 1239 3384 1304 Abibi,
3429 1240 3676 1314 Mesopo-

2100 1329 2391 1386 tamorum,
2411 1325 2691 1397 martyrio,
2723 1336 2956 1396 quorum
2992 1329 3099 1383 duo
3129 1329 3340 1399 priores
3370 1332 3471 1387 sub
3499 1332 3677 1402 impe-

2097 1423 2277 1469 ratore
2304 1415 2658 1483 Diocletiano,
2709 1418 2901 1473 tertius
2946 1419 3048 1474 sub
3093 1420 3424 1490 imperatore
3464 1423 3676 1480 Licinio

2097 1512 2367 1574 martyres
2397 1505 2671 1562 obierunt.

2163 1594 2249 1649 59.
2292 1595 2523 1651 Historia
2575 1598 2643 1654 de
2672 1599 2910 1655 Danielis
2945 1599 3152 1672 Stylitae
3191 1603 3322 1669 vita,
3370 1603 3462 1674 qui
3494 1605 3674 1661 Meso-

2098 1687 2347 1755 potamia
2375 1687 2554 1743 vicum
2592 1691 2820 1760 patriam
2852 1702 3067 1757 nactus,
3116 1695 3217 1748 sub
3254 1693 3678 1765 imperatoribus

2098 1775 2304 1844 Leone,
2333 1779 2574 1847 Zenone,
2604 1780 2864 1838 Basilisco
2894 1784 3222 1841 monachum
3256 1788 3388 1858 egit.

418 1884 524 1938 ma
550 1892 603 1937 ει
632 1882 934 1955 ιηπψίο,
984 1850 1135 1951 ξηρά
1164 1850 1285 1935 eam
1325 1879 1533 1934 ιυειίιη
1564 1850 1777 1948 virgine:
1796 1850 1991 1932 Antio-
2021 1850 2068 1910 Β
2166 1870 2253 1925 uo.
2294 1869 2530 1926 Historia
2554 1873 2623 1928 de
2648 1874 2938 1946 Acindyni,
2980 1874 3231 1948 Pegasii,
3272 1850 3672 1951 Anempodisti.

412 1977 608 2037 cbcna,
636 1975 740 2029 sub
768 1974 1100 2044 imperatore
1130 1971 1314 2034 Decio,
1342 1971 1529 2025 subiit.

482 2067 571 2120 67.
617 2065 854 2119 Historia
892 2064 959 2119 de
986 2062 1214 2118 Artemii
1245 2062 1522 2133 martyrio,
1571 2074 1732 2131 quem
1762 2058 1998 2129 impera-

409 2165 495 2210 tor
527 2154 886 2210 Constantius
911 2154 1144 2225 Egypto
1172 2152 1494 2223 prafecerat
1512 2192 1525 2214 ,
1569 2150 1866 2220 imperator
1893 2147 1997 2206 Ju-

408 2250 585 2305 lianus
612 2248 967 2303 Antiochiam
988 2259 1266 2313 vocatum,
1304 2245 1510 2301 ibidem
1539 2254 1594 2299 et
1616 2243 1898 2319 provincia
1942 2249 1999 2299 et

407 2344 520 2398 vita
554 2342 807 2412 privarit.

473 2434 569 2490 48.
612 2432 855 2488 Historia
885 2433 954 2488 de
976 2431 1263 2504 Symeonis
1284 2431 1509 2504 Stylita,
1553 2446 1651 2485 seu
1682 2429 1998 2486 Columella

402 2527 671 2591 senioris,
726 2526 951 2580 natione
978 2525 1168 2587 Cilicii,
1202 2527 1331 2590 vita,
1360 2525 1450 2597 qui
1472 2524 1802 2580 monasterio
1821 2539 1998 2595 egres-

404 2634 536 2683 sus,
589 2627 835 2672 montem
867 2616 1223 2671 Antiochena
1272 2615 1495 2670 ditionis
1545 2616 1601 2670 in
1630 2616 1789 2686 Syria
1829 2616 1996 2670 situm

403 2711 682 2776 ascendit,
711 2711 895 2781 ibique
930 2711 1130 2764 multos
1160 2724 1332 2764 annos
1360 2711 1416 2764 in
1455 2708 1724 2763 columnis
1760 2709 1994 2779 primum

408 2802 760 2858 brevioribus
784 2842 798 2868 ,
850 2802 1068 2856 tandem
1107 2801 1176 2856 ad
1205 2802 1273 2856 40
1313 2801 1623 2856 cubitorum
1653 2800 1994 2854 altitudinem

406 2900 593 2949 erecta
650 2895 872 2949 stetisse
914 2893 1117 2947 dicitur
1141 2933 1156 2957 ,
1212 2907 1357 2947 anno
1396 2891 1740 2963 imperatoris
1772 2891 1997 2947 Thracis

407 2992 627 3055 quarto,
656 2982 863 3038 Christi
892 2980 1018 3048 460,
1056 2991 1354 3038 mortuum.

482 3074 578 3129 49.
624 3074 864 3130 Historia
900 3074 967 3130 de
992 3076 1241 3139 Anania,
1275 3074 1436 3128 unius
1460 3088 1491 3128 e
1515 3073 1584 3128 70
1611 3073 1806 3129 Christi
1833 3073 1997 3129 disci-

407 3164 578 3237 pulis,
617 3165 903 3236 martyrio,
953 3166 1099 3235 quod
1137 3165 1191 3219 in
1229 3165 1434 3236 patria,
1488 3165 1545 3221 id
1584 3174 1685 3231 est,
1734 3162 1992 3236 Syrorum
2023 3203 2066 3260 ο

410 3259 548 3311 urbe
569 3257 862 3321 Damasco,
894 3257 1171 3313 sustinuit.

479 3348 570 3404 50.
618 3345 859 3402 Historia
885 3349 951 3401 de
974 3346 1247 3418 Ephrami
1284 3345 1405 3420 Syri
1437 3345 1567 3413 vita,
1616 3344 1709 3415 qui
1736 3345 1994 3400 Edessam

404 3436 674 3509 Syrorum
712 3439 903 3492 urbem
927 3439 1158 3508 patriam
1180 3439 1387 3503 habuit,
1418 3437 1673 3492 Ecdesia
1704 3437 1996 3493 Edessena

408 3528 733 3596 diaconum,
770 3530 873 3584 sub
898 3529 1222 3600 imperatore
1256 3527 1503 3595 Valente,
1541 3539 1788 3584 mortuus
1815 3538 1918 3583 est.

482 3621 573 3675 5!.
618 3621 855 3676 Historia
881 3622 946 3676 de
980 3621 1154 3676 sancti
1174 3621 1409 3677 Danielis
1439 3622 1723 3693 propheta
1749 3630 1805 3676 et
1831 3622 1993 3675 trium

407 3715 533 3781 ejus
560 3714 837 3767 sociorum
881 3713 1008 3769 vita.

489 3804 577 3857 5‘2.
620 3803 854 3859 Historia
886 3805 954 3860 de
982 3804 1291 3861 (Tharitonis
1316 3806 1667 3871 confessoris,
1697 3804 1995 3861 lconiensis

427 3895 680 3964 Lycaoaii
705 3938 719 3961 ,
759 3899 871 3952 vita
898 3939 911 3963 ,
968 3900 1060 3968 qui
1102 3900 1203 3953 sub
1234 3899 1564 3970 imperatore
1590 3899 1883 3955 Aureliano
1907 3898 1995 3954 vix

435 3988 741 4057 martyrium
768 3989 980 4058 effugit,
1014 3999 1208 4061 prater
1249 3994 1353 4047 alia
1372 3994 1488 4049 duo
1515 3993 1840 4049 monasteria
1875 3994 1995 4047 lau-

428 4092 543 4131 ram
597 4095 712 4148 qua
738 4080 951 4136 Pharus
981 4098 1198 4151 quoque
1225 4083 1427 4138 dicitur
1464 4084 1519 4139 in
1547 4084 1830 4140 Palastiua
1859 4099 1995 4139 con-

416 4168 576 4233 didit,
600 4171 656 4225 in
679 4187 789 4242 quo
826 4174 1158 4227 monasterio
1187 4183 1434 4229 mortuus
1458 4185 1559 4231 est.

487 4262 580 4316 53.
618 4263 859 4318 Historia
885 4265 953 4319 de
970 4265 1176 4335 Cyriaci
1207 4266 1554 4322 anachoreta
1580 4267 1707 4335 vita,
1732 4266 1825 4338 qui
1850 4280 1995 4322 anno

412 4355 768 4424 imperatoris
785 4354 1077 4411 Theodosii
1097 4357 1335 4428 iunioris
1365 4374 1453 4420 XL,
1484 4357 1685 4413 Christi
1711 4359 1837 4422 447,
1885 4358 1994 4413 Co-

410 4445 589 4498 rinthi
617 4453 819 4510 natus,
875 4460 998 4501 cum
1034 4446 1090 4501 in
1135 4448 1383 4516 pluribus
1415 4449 1763 4504 monasteriis
1795 4450 1995 4522 egisset

2096 1958 2416 2031 Aphthonii,
2444 1963 2781 2034 Elpidipbori
2806 1969 3087 2039 martyrio,
3112 1972 3256 2040 quod
3284 1971 3342 2026 in
3362 1971 3545 2029 Persia
3571 1974 3675 2029 sub

2099 2052 2305 2122 Sapore
2337 2054 2620 2111 Persarum
2653 2072 2779 2127 rege
2813 2058 3212 2117 sustinuerunt.

2169 2147 2259 2201 til.
2315 2147 2549 2203 Historia
2592 2149 2660 2204 de
2688 2148 3026 2220 Acepsima,
3072 2151 3299 2224 Iosephi
3340 2164 3394 2211 et
3419 2157 3677 2215 rEitbale

2098 2238 2388 2295 Persarum
2428 2242 2707 2308 martyrio,
2759 2243 2909 2312 quod
2952 2243 3041 2299 ille
3080 2260 3251 2301 senex
3266 2253 3672 2319 octogenarius,

2099 2335 2190 2390 hic
2213 2336 2520 2408 presbyter,
2536 2336 2637 2392 iste
2657 2337 2919 2394 diaconus
2938 2339 2992 2395 in
3011 2339 3215 2410 Persia,
3240 2357 3367 2416 rege
3389 2344 3678 2405 Persarum

2101 2426 2328 2497 Sapore,
2358 2428 2661 2484 subierunt.

2173 2521 2263 2575 62.
2305 2520 2540 2577 Historia
2570 2523 2637 2578 de
2671 2523 2944 2581 Anastasii
2971 2523 3149 2582 Persa
3177 2527 3308 2593 vita,
3334 2530 3427 2602 qui
3454 2545 3522 2586 ex
3549 2531 3679 2587 Pcr-

2099 2611 2181 2666 sia
2207 2611 2261 2664 in
2280 2610 2619 2667 Palaestinam
2643 2614 2941 2683 profectus,
2969 2614 3025 2668 in
3049 2616 3321 2673 Anastasii
3346 2621 3678 2677 monasterio

2098 2715 2270 2772 prope
2305 2700 2730 2773 Hierosolymam
2763 2690 2989 2767 urbem,
3035 2720 3181 2760 anno
3203 2706 3549 2778 imperatoris
3573 2711 3680 2765 lle-

2099 2791 2248 2846 raclii
2285 2808 2339 2856 x,
2372 2791 2570 2847 Christi
2597 2792 2720 2859 620,
2751 2794 2916 2849 vitam
2931 2788 3458 2865 monasticaminiit;
3490 2809 3678 2870 postea

2098 2882 2155 2937 in
2179 2882 2417 2938 Persium
2447 2899 2716 2952 reversus,
2769 2886 2871 2941 sub
2898 2885 3139 2941 Chosroe
3186 2888 3472 2945 Persarum
3526 2908 3674 2963 rege,

2099 2982 2323 3045 martyr,
2379 2991 2523 3031 anno
2571 2976 2914 3046 imperatoris
2972 2977 3204 3034 llcraclii
3262 2996 3413 3048 xvm,
3473 2980 3674 3039 Christi

2100 3068 2223 3134 628,
2252 3068 2416 3124 vitam
2447 3069 2659 3125 clausit.

2170 3160 2253 3214 65.
2298 3159 2592 3214 Historiam
2633 3160 2702 3216 de
2746 3159 2942 3217 Bacchi
2986 3169 3043 3217 et
3087 3161 3261 3234 Sergii
3302 3163 3674 3222 Romanorum

2099 3251 2395 3323 martyrio,
2445 3252 2593 3321 quod
2638 3252 2966 3323 imperatore
3018 3253 3344 3311 Maximiano
3376 3256 3431 3311 in
3470 3258 3675 3322 Alrica.

2098 3346 2202 3400 sub
2236 3344 2357 3414 ejus
2394 3345 2653 3415 prafecto
2685 3346 2981 3410 Antiocho,
3013 3355 3140 3402 sunt
3165 3349 3330 3418 passi.
3445 3412 3455 3424 ι

2168 3436 2255 3492 64.
2300 3436 2536 3492 Historia
2562 3440 2628 3492 de
2670 3437 2793 3492 Vari
2825 3438 3206 3509 sociorumque
3233 3442 3513 3512 martyrio,
3533 3445 3678 3513 quod

2100 3528 2153 3583 in
2183 3527 2440 3600 JEgypto,
2474 3530 2576 3586 sub
2626 3531 2952 3600 imperatore
2983 3530 3308 3590 Maximiano
3329 3571 3343 3598 ,
3396 3535 3674 3591 sustinucv

2100 3629 2248 3674 runt.

2166 3712 2256 3766 65.
2300 3711 2535 3769 Historia
2565 3713 2634 3769 de
2661 3712 2933 3769 Caterina
2961 3714 3117 3783 (alias
3145 3715 3522 3789 Hacaterinae)
3572 3722 3676 3773 vir-

2099 3806 2238 3876 ginis
2280 3806 2563 3874 martyrio,
2612 3807 2757 3876 quod
2795 3806 2848 3860 in
2891 3806 3146 3877 Egypto,
3200 3810 3303 3865 sub
3344 3810 3675 3881 imperatore

2098 3898 2389 3963 Maxentio,
2425 3897 2764 3953 Alexandria
2794 3899 2979 3954 subiit.

2170 3989 2258 4045 66.
2302 3990 2535 4046 Historia
2562 3993 2629 4048 de
2657 3992 2861 4055 Mena,
2914 3992 3275 4065 Hermogenis
3310 4004 3366 4051 et
3401 3995 3673 4069 Engraphi

2100 4082 2382 4153 martyrio,
2442 4084 2590 4153 quod
2624 4084 2678 4137 in
2717 4083 2970 4155 Egypto,
3010 4085 3112 4140 sub
3141 4087 3471 4159 imperatore
3505 4089 3677 4145 Maxi-

2100 4175 2270 4240 mino,
2308 4176 2647 4231 Alexandria
2679 4178 3077 4234 sustinuerunt.

2166 4266 2255 4321 67.
2298 4264 2532 4321 Historia
2555 4267 2622 4322 de
2651 4268 2930 4338 Epimacbi
2958 4269 3196 4343 A‘ngptii
3220 4275 3498 4346 martyrio,
3529 4282 3674 4348 quoi

2104 4359 2337 4413 Pelusini
2389 4361 2591 4414 montis
2623 4362 2852 4419 eremitr.
2904 4363 2960 4418 in
2988 4365 3482 4423 Alexandrinorum
3510 4370 3677 4445 Egy.

2099 4450 2339 4519 ptiorum
2370 4451 2504 4506 urbe
2529 4451 2713 4507 subiit.

412 4539 753 4592 monachum
778 4580 791 4603 ,
839 4554 937 4609 per
976 4541 1417 4614 quinquennium
1458 4545 1709 4608 eremita,
1763 4544 1997 4614 denique
2029 4555 2078 4613 ε)
2176 4540 2265 4596 68.
2302 4539 2539 4597 Historia
2566 4543 2636 4598 de
2678 4542 2963 4600 Athanasii
3017 4546 3257 4620 episcopi
3293 4551 3673 4626 Egyptiorum

408 4627 468 4682 in
490 4629 810 4684 Cbaritonis
833 4632 1246 4698 monasterium,
1281 4634 1429 4704 quod
1462 4641 1580 4689 erat
1611 4636 1666 4689 in
1684 4634 1993 4700 Palastina,

409 4733 702 4786 reversus,
752 4722 928 4776 atatis
953 4724 1053 4776 107
1092 4725 1249 4778 annis
1284 4725 1593 4789 transactis,
1631 4740 1780 4780 anno
1818 4726 1994 4797 impe-

408 4813 614 4866 ratoris
637 4809 932 4868 Iustiniani
967 4815 1128 4886 primi
1154 4831 1305 4882 xxix,
1343 4817 1552 4874 Christi
1591 4818 1718 4883 555,
1739 4820 1903 4874 vitam
1937 4820 1993 4874 in

406 4902 605 4958 eodem
637 4907 970 4962 monasterio
1005 4907 1221 4962 clausit.

480 4996 573 5051 54.
612 4996 851 5057 Historia
875 5001 943 5056 de
973 4999 1243 5071 Theodori
1276 5000 1491 5073 Grapta
1519 5003 1650 5067 vita,
1694 5003 1785 5073 qui
1819 5002 1994 5074 patria

406 5088 942 5161 Hierosolymitanus
960 5095 1102 5150 intra
1117 5094 1458 5151 Palaestinam
1477 5095 1529 5149 in
1549 5094 1703 5152 Saba
1727 5107 1995 5152 monaste-

406 5180 492 5235 rio
510 5182 834 5248 monachus,
852 5185 1017 5239 multa
1036 5194 1258 5259 pr0pter
1277 5187 1573 5260 imaginum
1600 5188 1809 5243 cultum
1830 5202 1993 5257 quem

405 5271 767 5340 defendebat,
810 5277 879 5331 ab
908 5278 1328 5348 imperatoribus
1354 5280 1735 5337 lconomacbis
1755 5319 1771 5345 ,
1810 5278 1994 5335 Leone

402 5367 689 5434 Armeuo,
712 5368 971 5426 Hicbaele
1002 5370 1172 5427 Balbo
1204 5381 1259 5426 et
1280 5372 1586 5443 TbeOphilo
1621 5388 1833 5443 passus,
1870 5384 1993 5430 tan-

404 5457 535 5513 dem
559 5460 705 5530 apud
739 5459 996 5530 Bithynos
1032 5462 1189 5517 exsul
1221 5463 1275 5516 in
1306 5479 1524 5520 carcere
1549 5474 1797 5521 mortuus
1829 5473 1933 5521 est.

482 5552 577 5606 55.
633 5552 867 5609 Historia
908 5553 976 5609 de
1038 5553 1260 5609 Melana
1305 5556 1567 5610 Romana
1613 5556 1753 5624 vita,
1829 5573 2003 5626 quam,

408 5644 694 5708 feminam,
749 5645 885 5700 inito
917 5645 1062 5699 inter
1091 5647 1262 5716 ipsam
1295 5656 1352 5702 et
1401 5648 1656 5706 maritum
1704 5649 1993 5704 continen-

409 5736 499 5789 tiae
532 5744 710 5803 pacto,
755 5735 808 5789 in
834 5734 1115 5791 Orientem
1145 5737 1442 5809 digressam
1465 5778 1480 5800 ,
1527 5739 1760 5795 conditis
1788 5740 1994 5809 aliquot

407 5828 465 5884 in
496 5826 782 5887 Patastina
812 5828 1180 5892 monasteriis,
1205 5829 1410 5885 ibidem
1441 5839 1710 5887 mortuam
1742 5832 1927 5888 refert.

616 5922 892 5983 ΡΑτιωι.
930 5923 976 5982 G
991 5938 1052 5983 lt.
1100 5922 1310 5983 CXIV.

2101 4632 2455 4687 Alexandrini
2484 4633 2630 4698 vita,
2675 4634 2767 4703 qui
2820 4634 3072 4692 Ecclesiae
3113 4639 3495 4702 Alexandrina
3543 4664 3673 4719 pre-

2102 4722 2289 4793 sbyter
2314 4762 2328 4786 ,
2383 4722 2447 4777 A.
2480 4724 2544 4779 C.
2572 4724 2711 4789 525,
2761 4726 2991 4781 concilio
3011 4726 3235 4786 Nicano
3276 4733 3558 4803 interfuit,
3621 4741 3677 4799 in

2102 4816 2394 4873 Alexandri
2422 4816 2912 4874 Alexandrinarum
2961 4819 3199 4890 episcopi
3229 4829 3429 4883 mortui
3473 4830 3674 4893 locum.

2099 4906 2165 4963 A.
2203 4907 2264 4964 C.
2295 4906 2430 4972 326,
2478 4908 2767 4978 episcopus
2808 4920 3044 4978 creatus,
3090 4929 3215 4970 cum
3263 4917 3353 4972 diu
3389 4936 3576 4990 graves
3607 4928 3676 4979 ab

2101 4998 2317 5054 Arianis
2359 4999 2685 5056 afﬂictiones
2721 5017 2934 5072 passus,
2981 5006 3358 5077 episcopatum
3410 5013 3570 5070 annis
3605 5017 3674 5070 46

2102 5092 2394 5162 gessisset,
2453 5093 2555 5148 sub
2597 5094 2924 5165 imperatore
2950 5096 3380 5159 Valentiniano!
3426 5118 3677 5166 mortuus

2100 5193 2204 5248 est,
2237 5184 2300 5239 A.
2332 5183 2395 5241 Ο.
2433 5186 2560 5241 575.

2171 5278 2260 5334 69.
2303 5279 2539 5336 Historia
2586 5282 2654 5337 de
2698 5280 3079 5358 Euphrosyne,
3139 5289 3518 5351 Alexandrina
3565 5299 3674 5355 vir-

2101 5371 2242 5441 ginis
2265 5370 2601 5444 .Egyptiaca:
2637 5368 2783 5442 vita,
2830 5393 2952 5448 qua
2992 5380 3144 5451 virgo
3194 5384 3296 5438 sub
3343 5387 3673 5455 imperatore

2101 5460 2426 5528 Theodosio,
2451 5466 2668 5521 Arcadii
2709 5467 2840 5534 filio,
2874 5480 3022 5535 nata,
3061 5473 3225 5528 vitam
3254 5474 3309 5530 in
3339 5477 3547 5533 adibus
3576 5496 3677 5550 pa-

2098 5555 2272 5611 ternis
2312 5571 2412 5626 per
2449 5571 2624 5613 annos
2680 5559 2767 5623 18,
2800 5560 2856 5617 in
2888 5566 3222 5622 monasterio
3255 5581 3353 5637 per
3379 5582 3554 5624 annos
3583 5571 3672 5634 58,

2098 5648 2151 5702 in
2180 5650 2343 5703 terris
2367 5664 2464 5718 per
2491 5664 2665 5705 annos
2697 5652 2763 5707 56
2797 5657 2928 5725 egit.
2962 5655 3181 5713 circiter
3199 5658 3264 5712 A.
3290 5657 3353 5714 C.
3378 5658 3484 5713 470
3513 5661 3666 5716 obiit.

2167 5741 2255 5796 70.
2297 5740 2535 5797 Historia
2574 5744 2642 5799 de
2674 5745 2975 5803 Theodora
3017 5750 3159 5815 vita,
3215 5767 3376 5822 quam
3409 5752 3670 5809 feminam

2095 5835 2237 5905 apud
2288 5836 2688 5894 Alexandrinos
2730 5838 2785 5893 in
2822 5838 3053 5913 Egypto
3097 5855 3281 5901 natam
3330 5848 3672 5916 imperatoris

3322 5940 3392 6000 10
