  <div class='ocr_page' id='page_1' title='image "/cluster/home/n/w/nwhite01/storage/ocr_20150623/114:no.1/coo.31924054870187/157.png"; bbox 0 0 4156 6478; ppageno 0'>
   <div class='ocr_carea' id='block_1_1' title="bbox 417 429 524 495">
    <p class='ocr_par' dir='ltr' id='par_1_1' title="bbox 417 429 524 495">
     <span class='ocr_line' id='line_1_1' title="bbox 417 429 524 495; baseline 0 0"><span class='ocrx_word' id='word_1_1' title='bbox 417 429 524 495; x_wconf 73' lang='grc' dir='ltr'><strong>Ξ99</strong></span> 
     </span>
    </p>
   </div>
   <div class='ocr_carea' id='block_1_2' title="bbox 1545 428 2539 493">
    <p class='ocr_par' dir='ltr' id='par_1_2' title="bbox 1545 428 2539 493">
     <span class='ocr_line' id='line_1_2' title="bbox 1545 428 2539 493; baseline -0.001 0"><span class='ocrx_word' id='word_1_2' title='bbox 1545 430 1921 493; x_wconf 86' lang='lat' dir='ltr'><strong>SYMEONIS</strong></span> <span class='ocrx_word' id='word_1_3' title='bbox 1958 428 2539 492; x_wconf 65' lang='grc' dir='ltr'><strong>ΜΕΤΑΡΠΒΑΞΤᾸΞ</strong></span> 
     </span>
    </p>
   </div>
   <div class='ocr_carea' id='block_1_3' title="bbox 3572 430 3689 493">
    <p class='ocr_par' dir='ltr' id='par_1_3' title="bbox 3572 430 3689 493">
     <span class='ocr_line' id='line_1_3' title="bbox 3572 430 3689 493; baseline 0 -1"><span class='ocrx_word' id='word_1_4' title='bbox 3572 430 3689 493; x_wconf 85' lang='grc'><strong>300</strong></span> 
     </span>
    </p>
   </div>
   <div class='ocr_carea' id='block_1_4' title="bbox 423 542 3692 618">
    <p class='ocr_par' dir='ltr' id='par_1_4' title="bbox 423 542 3692 618">
     <span class='ocr_line' id='line_1_4' title="bbox 423 542 3692 618; baseline -0.002 -14"><span class='ocrx_word' id='word_1_5' title='bbox 423 548 661 604; x_wconf 78' lang='lat' dir='ltr'><strong>Zenonis</strong></span> <span class='ocrx_word' id='word_1_6' title='bbox 692 548 1030 618; x_wconf 68' lang='lat' dir='ltr'><strong>temporibus</strong></span> <span class='ocrx_word' id='word_1_7' title='bbox 1064 546 1267 602; x_wconf 80' lang='lat' dir='ltr'><strong>ibidem</strong></span> <span class='ocrx_word' id='word_1_8' title='bbox 1301 544 1595 602; x_wconf 77' lang='lat' dir='ltr'><strong>virtutibus</strong></span> <span class='ocrx_word' id='word_1_9' title='bbox 1623 547 1847 611; x_wconf 89' lang='lat' dir='ltr'><strong>claram,</strong></span> <span class='ocrx_word' id='word_1_10' title='bbox 1886 552 2011 614; x_wconf 78' lang='lat' dir='ltr'><strong>pust</strong></span> <span class='ocrx_word' id='word_1_11' title='bbox 2041 548 2086 600; x_wconf 71' lang='grc' dir='ltr'><strong>Α</strong></span> <span class='ocrx_word' id='word_1_12' title='bbox 2188 543 2272 599; x_wconf 80' lang='grc'>79.</span> <span class='ocrx_word' id='word_1_13' title='bbox 2316 545 2556 600; x_wconf 87' lang='lat' dir='ltr'><strong>Historia</strong></span> <span class='ocrx_word' id='word_1_14' title='bbox 2591 545 2660 601; x_wconf 92' lang='lat' dir='ltr'><strong>de</strong></span> <span class='ocrx_word' id='word_1_15' title='bbox 2688 545 2988 601; x_wconf 73' lang='lat' dir='ltr'><strong>Anastasiae</strong></span> <span class='ocrx_word' id='word_1_16' title='bbox 3014 542 3271 601; x_wconf 66' lang='lat' dir='ltr'><strong>Romamn</strong></span> <span class='ocrx_word' id='word_1_17' title='bbox 3293 544 3517 617; x_wconf 75' lang='lat' dir='ltr'><strong>virginis</strong></span> <span class='ocrx_word' id='word_1_18' title='bbox 3544 561 3692 597; x_wconf 63' lang='lat' dir='ltr'><strong>rixar-</strong></span> 
     </span>
    </p>
   </div>
   <div class='ocr_carea' id='block_1_5' title="bbox 423 634 2005 697">
    <p class='ocr_par' dir='ltr' id='par_1_5' title="bbox 423 634 2005 697">
     <span class='ocr_line' id='line_1_5' title="bbox 423 634 2005 697; baseline -0.005 -2"><span class='ocrx_word' id='word_1_19' title='bbox 423 639 753 695; x_wconf 88' lang='lat' dir='ltr'><strong>adulterium</strong></span> <span class='ocrx_word' id='word_1_20' title='bbox 800 654 830 694; x_wconf 88' lang='lat' dir='ltr'><strong>a</strong></span> <span class='ocrx_word' id='word_1_21' title='bbox 872 638 1310 694; x_wconf 88' lang='lat' dir='ltr'><strong>se-commissum</strong></span> <span class='ocrx_word' id='word_1_22' title='bbox 1339 637 1559 691; x_wconf 87' lang='lat' dir='ltr'><strong>deserto</strong></span> <span class='ocrx_word' id='word_1_23' title='bbox 1590 635 1809 697; x_wconf 90' lang='lat' dir='ltr'><strong>marito,</strong></span> <span class='ocrx_word' id='word_1_24' title='bbox 1861 634 2005 688; x_wconf 84' lang='lat' dir='ltr'><strong>intra</strong></span> 
     </span>
    </p>
   </div>
   <div class='ocr_carea' id='block_1_6' title="bbox 427 726 2010 787">
    <p class='ocr_par' dir='ltr' id='par_1_6' title="bbox 427 726 2010 787">
     <span class='ocr_line' id='line_1_6' title="bbox 427 726 2010 787; baseline -0.005 -1"><span class='ocrx_word' id='word_1_25' title='bbox 427 732 818 787; x_wconf 77' lang='lat' dir='ltr'><strong>monasterium</strong></span> <span class='ocrx_word' id='word_1_26' title='bbox 845 731 933 786; x_wconf 77' lang='lat' dir='ltr'><strong>.ab</strong></span> <span class='ocrx_word' id='word_1_27' title='bbox 962 728 1289 787; x_wconf 74' lang='lat' dir='ltr'><strong>Alexandria</strong></span> <span class='ocrx_word' id='word_1_28' title='bbox 1330 728 1655 782; x_wconf 89' lang='lat' dir='ltr'><strong>milliaribus</strong></span> <span class='ocrx_word' id='word_1_29' title='bbox 1699 726 2010 782; x_wconf 78' lang='lat' dir='ltr'><strong>octodecim</strong></span> 
     </span>
    </p>
   </div>
   <div class='ocr_carea' id='block_1_7' title="bbox 429 818 2008 891">
    <p class='ocr_par' dir='ltr' id='par_1_7' title="bbox 429 818 2008 891">
     <span class='ocr_line' id='line_1_7' title="bbox 429 818 2008 891; baseline -0.004 -12"><span class='ocrx_word' id='word_1_30' title='bbox 429 833 718 886; x_wconf 83' lang='lat' dir='ltr'><strong>remotum,</strong></span> <span class='ocrx_word' id='word_1_31' title='bbox 752 824 896 878; x_wconf 84' lang='lat' dir='ltr'><strong>inter</strong></span> <span class='ocrx_word' id='word_1_32' title='bbox 931 821 1233 878; x_wconf 82' lang='lat' dir='ltr'><strong>monachos</strong></span> <span class='ocrx_word' id='word_1_33' title='bbox 1272 836 1373 891; x_wconf 92' lang='lat' dir='ltr'><strong>pro</strong></span> <span class='ocrx_word' id='word_1_34' title='bbox 1416 820 1535 874; x_wconf 87' lang='lat' dir='ltr'><strong>viro</strong></span> <span class='ocrx_word' id='word_1_35' title='bbox 1567 819 1830 886; x_wconf 81' lang='lat' dir='ltr'><strong>habitam,</strong></span> <span class='ocrx_word' id='word_1_36' title='bbox 1876 818 2008 872; x_wconf 88' lang='lat' dir='ltr'><strong>reli-</strong></span> 
     </span>
    </p>
   </div>
   <div class='ocr_carea' id='block_1_8' title="bbox 431 914 1400 986">
    <p class='ocr_par' dir='ltr' id='par_1_8' title="bbox 431 914 1400 986">
     <span class='ocr_line' id='line_1_8' title="bbox 431 914 1400 986; baseline -0.001 -17"><span class='ocrx_word' id='word_1_37' title='bbox 431 930 596 986; x_wconf 88' lang='lat' dir='ltr'><strong>quum</strong></span> <span class='ocrx_word' id='word_1_38' title='bbox 629 930 804 969; x_wconf 58' lang='lat' dir='ltr'><strong>avum</strong></span> <span class='ocrx_word' id='word_1_39' title='bbox 834 914 1167 985; x_wconf 83' lang='lat' dir='ltr'><strong>transegisse</strong></span> <span class='ocrx_word' id='word_1_40' title='bbox 1193 921 1400 968; x_wconf 87' lang='lat' dir='ltr'><strong>narrat.</strong></span> 
     </span>
    </p>
   </div>
   <div class='ocr_carea' id='block_1_9' title="bbox 500 1000 2010 1068">
    <p class='ocr_par' dir='ltr' id='par_1_9' title="bbox 500 1000 2010 1068">
     <span class='ocr_line' id='line_1_9' title="bbox 500 1000 2010 1068; baseline -0.003 -11"><span class='ocrx_word' id='word_1_41' title='bbox 500 1006 590 1059; x_wconf 86' lang='lat'><strong>7|.</strong></span> <span class='ocrx_word' id='word_1_42' title='bbox 630 1004 867 1059; x_wconf 86' lang='lat' dir='ltr'><strong>Historia</strong></span> <span class='ocrx_word' id='word_1_43' title='bbox 902 1006 967 1060; x_wconf 85' lang='lat' dir='ltr'><strong>de</strong></span> <span class='ocrx_word' id='word_1_44' title='bbox 999 1003 1226 1059; x_wconf 82' lang='lat' dir='ltr'><strong>Joannis</strong></span> <span class='ocrx_word' id='word_1_45' title='bbox 1252 1002 1582 1068; x_wconf 87' lang='lat' dir='ltr'><strong>Eleemonis,</strong></span> <span class='ocrx_word' id='word_1_46' title='bbox 1610 1002 1663 1058; x_wconf 94' lang='lat' dir='ltr'><strong>id</strong></span> <span class='ocrx_word' id='word_1_47' title='bbox 1685 1010 1769 1057; x_wconf 90' lang='lat' dir='ltr'><strong>est</strong></span> <span class='ocrx_word' id='word_1_48' title='bbox 1797 1000 2010 1055; x_wconf 85' lang='lat' dir='ltr'><strong>miseri-</strong></span> 
     </span>
    </p>
   </div>
   <div class='ocr_carea' id='block_1_10' title="bbox 2110 637 3564 709">
    <p class='ocr_par' dir='ltr' id='par_1_10' title="bbox 2110 637 3564 709">
     <span class='ocr_line' id='line_1_10' title="bbox 2110 637 3564 709; baseline 0.001 -19"><span class='ocrx_word' id='word_1_49' title='bbox 2110 637 2272 707; x_wconf 88' lang='lat' dir='ltr'><strong>tyrio,</strong></span> <span class='ocrx_word' id='word_1_50' title='bbox 2304 638 2448 706; x_wconf 91' lang='lat' dir='ltr'><strong>quod</strong></span> <span class='ocrx_word' id='word_1_51' title='bbox 2477 639 2581 693; x_wconf 92' lang='lat' dir='ltr'><strong>sub</strong></span> <span class='ocrx_word' id='word_1_52' title='bbox 2603 639 2930 709; x_wconf 84' lang='lat' dir='ltr'><strong>imperatore</strong></span> <span class='ocrx_word' id='word_1_53' title='bbox 2959 638 3297 695; x_wconf 81' lang='lat' dir='ltr'><strong>Diocletiano</strong></span> <span class='ocrx_word' id='word_1_54' title='bbox 3369 638 3564 699; x_wconf 85' lang='lat' dir='ltr'><strong>subiit.</strong></span> 
     </span>
    </p>
   </div>
   <div class='ocr_carea' id='block_1_11' title="bbox 2182 728 3702 803">
    <p class='ocr_par' dir='ltr' id='par_1_11' title="bbox 2182 728 3702 803">
     <span class='ocr_line' id='line_1_11' title="bbox 2182 728 3702 803; baseline -0.003 -17"><span class='ocrx_word' id='word_1_55' title='bbox 2182 732 2272 786; x_wconf 91' lang='lat'><strong>80.</strong></span> <span class='ocrx_word' id='word_1_56' title='bbox 2312 730 2549 787; x_wconf 82' lang='lat' dir='ltr'><strong>Historia</strong></span> <span class='ocrx_word' id='word_1_57' title='bbox 2575 733 2643 788; x_wconf 87' lang='lat' dir='ltr'><strong>de</strong></span> <span class='ocrx_word' id='word_1_58' title='bbox 2686 733 2983 789; x_wconf 87' lang='lat' dir='ltr'><strong>Eleutherii</strong></span> <span class='ocrx_word' id='word_1_59' title='bbox 3005 776 3020 801; x_wconf 93' lang='lat'><strong>,</strong></span> <span class='ocrx_word' id='word_1_60' title='bbox 3053 734 3225 803; x_wconf 85' lang='lat' dir='ltr'><strong>patria</strong></span> <span class='ocrx_word' id='word_1_61' title='bbox 3261 731 3491 787; x_wconf 82' lang='lat' dir='ltr'><strong>Romani</strong></span> <span class='ocrx_word' id='word_1_62' title='bbox 3519 771 3534 796; x_wconf 92' lang='lat'><strong>,</strong></span> <span class='ocrx_word' id='word_1_63' title='bbox 3571 728 3702 799; x_wconf 83' lang='lat' dir='ltr'><strong>Illy-</strong></span> 
     </span>
    </p>
   </div>
   <div class='ocr_carea' id='block_1_12' title="bbox 2114 816 3701 896">
    <p class='ocr_par' dir='ltr' id='par_1_12' title="bbox 2114 816 3701 896">
     <span class='ocr_line' id='line_1_12' title="bbox 2114 816 3701 896; baseline -0.001 -20"><span class='ocrx_word' id='word_1_64' title='bbox 2114 822 2355 877; x_wconf 91' lang='lat' dir='ltr'><strong>ricorum</strong></span> <span class='ocrx_word' id='word_1_65' title='bbox 2389 824 2628 894; x_wconf 87' lang='lat' dir='ltr'><strong>episcopi</strong></span> <span class='ocrx_word' id='word_1_66' title='bbox 2672 824 2951 896; x_wconf 75' lang='lat' dir='ltr'><strong>martyrio,</strong></span> <span class='ocrx_word' id='word_1_67' title='bbox 3004 824 3149 894; x_wconf 85' lang='lat' dir='ltr'><strong>quod</strong></span> <span class='ocrx_word' id='word_1_68' title='bbox 3212 839 3338 878; x_wconf 91' lang='lat' dir='ltr'><strong>cum</strong></span> <span class='ocrx_word' id='word_1_69' title='bbox 3379 816 3701 890; x_wconf 53' lang='lat' dir='ltr'><strong>&#39;Evamphia</strong></span> 
     </span>
    </p>
   </div>
   <div class='ocr_carea' id='block_1_13' title="bbox 2116 913 3416 986">
    <p class='ocr_par' dir='ltr' id='par_1_13' title="bbox 2116 913 3416 986">
     <span class='ocr_line' id='line_1_13' title="bbox 2116 913 3416 986; baseline -0.001 -16"><span class='ocrx_word' id='word_1_70' title='bbox 2116 925 2311 980; x_wconf 80' lang='lat' dir='ltr'><strong>matre,</strong></span> <span class='ocrx_word' id='word_1_71' title='bbox 2344 916 2446 970; x_wconf 86' lang='lat' dir='ltr'><strong>sub</strong></span> <span class='ocrx_word' id='word_1_72' title='bbox 2473 916 2803 986; x_wconf 87' lang='lat' dir='ltr'><strong>imperatore</strong></span> <span class='ocrx_word' id='word_1_73' title='bbox 2833 916 3096 980; x_wconf 81' lang='lat' dir='ltr'><strong>Adriano,</strong></span> <span class='ocrx_word' id='word_1_74' title='bbox 3135 913 3416 971; x_wconf 84' lang='lat' dir='ltr'><strong>sustinuit.</strong></span> 
     </span>
    </p>
   </div>
   <div class='ocr_carea' id='block_1_14' title="bbox 2192 1003 3707 1078">
    <p class='ocr_par' dir='ltr' id='par_1_14' title="bbox 2192 1003 3707 1078">
     <span class='ocr_line' id='line_1_14' title="bbox 2192 1003 3707 1078; baseline -0.004 -14"><span class='ocrx_word' id='word_1_75' title='bbox 2192 1011 2281 1064; x_wconf 82' lang='lat' dir='ltr'><strong>8i.</strong></span> <span class='ocrx_word' id='word_1_76' title='bbox 2330 1009 2567 1064; x_wconf 81' lang='lat' dir='ltr'><strong>Historia</strong></span> <span class='ocrx_word' id='word_1_77' title='bbox 2615 1010 2685 1064; x_wconf 76' lang='lat' dir='ltr'><strong>de</strong></span> <span class='ocrx_word' id='word_1_78' title='bbox 2740 1010 2941 1066; x_wconf 75' lang='lat' dir='ltr'><strong>Niceta:</strong></span> <span class='ocrx_word' id='word_1_79' title='bbox 2991 1009 3155 1065; x_wconf 83' lang='lat' dir='ltr'><strong>Gothi</strong></span> <span class='ocrx_word' id='word_1_80' title='bbox 3219 1006 3515 1078; x_wconf 78' lang='lat' dir='ltr'><strong>martyrio,</strong></span> <span class='ocrx_word' id='word_1_81' title='bbox 3561 1003 3707 1074; x_wconf 83' lang='lat' dir='ltr'><strong>quod</strong></span> 
     </span>
    </p>
   </div>
   <div class='ocr_carea' id='block_1_15' title="bbox 432 1095 3712 1172">
    <p class='ocr_par' dir='ltr' id='par_1_15' title="bbox 432 1095 3712 1172">
     <span class='ocr_line' id='line_1_15' title="bbox 432 1095 3712 1172; baseline -0.001 -22"><span class='ocrx_word' id='word_1_82' title='bbox 432 1098 631 1164; x_wconf 85' lang='lat' dir='ltr'><strong>cordis,</strong></span> <span class='ocrx_word' id='word_1_83' title='bbox 672 1097 1168 1153; x_wconf 70' lang='lat' dir='ltr'><strong>Alexandrinorum</strong></span> <span class='ocrx_word' id='word_1_84' title='bbox 1196 1096 1436 1167; x_wconf 88' lang='lat' dir='ltr'><strong>episcopi</strong></span> <span class='ocrx_word' id='word_1_85' title='bbox 1462 1096 1607 1163; x_wconf 89' lang='lat' dir='ltr'><strong>vita,</strong></span> <span class='ocrx_word' id='word_1_86' title='bbox 1650 1095 1742 1165; x_wconf 87' lang='lat' dir='ltr'><strong>qui</strong></span> <span class='ocrx_word' id='word_1_87' title='bbox 1776 1095 2011 1165; x_wconf 70' lang='lat' dir='ltr'><strong>patriam</strong></span> <span class='ocrx_word' id='word_1_88' title='bbox 2121 1101 2492 1156; x_wconf 78' lang='lat' dir='ltr'><strong>Romanorum</strong></span> <span class='ocrx_word' id='word_1_89' title='bbox 2528 1102 2854 1172; x_wconf 80' lang='lat' dir='ltr'><strong>imperatore</strong></span> <span class='ocrx_word' id='word_1_90' title='bbox 2901 1100 3183 1167; x_wconf 88' lang='lat' dir='ltr'><strong>Gratiano,</strong></span> <span class='ocrx_word' id='word_1_91' title='bbox 3216 1100 3528 1155; x_wconf 86' lang='lat' dir='ltr'><strong>Gothorum</strong></span> <span class='ocrx_word' id='word_1_92' title='bbox 3582 1110 3712 1165; x_wconf 86' lang='lat' dir='ltr'><strong>rege</strong></span> 
     </span>
    </p>
   </div>
   <div class='ocr_carea' id='block_1_16' title="bbox 436 1184 2039 1263">
    <p class='ocr_par' dir='ltr' id='par_1_16' title="bbox 436 1184 2017 1260">
     <span class='ocr_line' id='line_1_16' title="bbox 436 1184 2017 1260; baseline -0.001 -19"><span class='ocrx_word' id='word_1_93' title='bbox 436 1189 493 1241; x_wconf 89' lang='lat' dir='ltr'><strong>in</strong></span> <span class='ocrx_word' id='word_1_94' title='bbox 522 1187 757 1260; x_wconf 66' lang='lat' dir='ltr'><strong>Egypto</strong></span> <span class='ocrx_word' id='word_1_95' title='bbox 794 1189 1208 1253; x_wconf 82' lang='lat' dir='ltr'><strong>Amathuntem,</strong></span> <span class='ocrx_word' id='word_1_96' title='bbox 1247 1189 1672 1259; x_wconf 89' lang='lat' dir='ltr'><strong>patriarchatum</strong></span> <span class='ocrx_word' id='word_1_97' title='bbox 1700 1186 1753 1241; x_wconf 90' lang='lat' dir='ltr'><strong>in</strong></span> <span class='ocrx_word' id='word_1_98' title='bbox 1783 1184 2017 1256; x_wconf 62' lang='lat' dir='ltr'><strong>Egypto</strong></span> 
     </span>
    </p>
   </div>
   <div class='ocr_carea' id='block_1_17' title="bbox 2145 1184 3710 1263">
    <p class='ocr_par' dir='ltr' id='par_1_17' title="bbox 2145 1189 3710 1263">
     <span class='ocr_line' id='line_1_17' title="bbox 2145 1189 3710 1263; baseline -0.006 -13"><span class='ocrx_word' id='word_1_99' title='bbox 2145 1195 2475 1263; x_wconf 69' lang='lat' dir='ltr'><strong>ithanarico,</strong></span> <span class='ocrx_word' id='word_1_100' title='bbox 2509 1194 2854 1250; x_wconf 88' lang='lat' dir='ltr'><strong>Christianos</strong></span> <span class='ocrx_word' id='word_1_101' title='bbox 2895 1193 3104 1249; x_wconf 85' lang='lat' dir='ltr'><strong>Gothos</strong></span> <span class='ocrx_word' id='word_1_102' title='bbox 3144 1202 3259 1247; x_wconf 89' lang='lat' dir='ltr'><strong>tum</strong></span> <span class='ocrx_word' id='word_1_103' title='bbox 3295 1189 3522 1246; x_wconf 84' lang='lat' dir='ltr'><strong>Danubii</strong></span> <span class='ocrx_word' id='word_1_104' title='bbox 3552 1203 3710 1244; x_wconf 83' lang='lat' dir='ltr'><strong>acco-</strong></span> 
     </span>
    </p>
   </div>
   <div class='ocr_carea' id='block_1_18' title="bbox 438 1279 2016 1351">
    <p class='ocr_par' dir='ltr' id='par_1_18' title="bbox 438 1279 2016 1351">
     <span class='ocr_line' id='line_1_18' title="bbox 438 1279 2016 1351; baseline -0.003 -16"><span class='ocrx_word' id='word_1_105' title='bbox 438 1281 909 1347; x_wconf 82' lang='lat' dir='ltr'><strong>Alexandrinum,</strong></span> <span class='ocrx_word' id='word_1_106' title='bbox 973 1296 1119 1337; x_wconf 90' lang='lat' dir='ltr'><strong>anno</strong></span> <span class='ocrx_word' id='word_1_107' title='bbox 1174 1280 1518 1351; x_wconf 81' lang='lat' dir='ltr'><strong>imperatoris</strong></span> <span class='ocrx_word' id='word_1_108' title='bbox 1571 1279 1771 1333; x_wconf 68' lang='lat' dir='ltr'><strong>Phoce:</strong></span> <span class='ocrx_word' id='word_1_109' title='bbox 1802 1279 2016 1347; x_wconf 89' lang='lat' dir='ltr'><strong>quinto,</strong></span> 
     </span>
    </p>
   </div>
   <div class='ocr_carea' id='block_1_19' title="bbox 441 1369 2021 1443">
    <p class='ocr_par' dir='ltr' id='par_1_19' title="bbox 441 1369 2021 1443">
     <span class='ocr_line' id='line_1_19' title="bbox 441 1369 2021 1443; baseline -0.003 -16"><span class='ocrx_word' id='word_1_110' title='bbox 441 1372 642 1428; x_wconf 87' lang='lat' dir='ltr'><strong>Christi</strong></span> <span class='ocrx_word' id='word_1_111' title='bbox 665 1372 802 1440; x_wconf 68' lang='lat'><strong>606,</strong></span> <span class='ocrx_word' id='word_1_112' title='bbox 846 1382 1063 1439; x_wconf 89' lang='lat' dir='ltr'><strong>nactus,</strong></span> <span class='ocrx_word' id='word_1_113' title='bbox 1101 1373 1155 1428; x_wconf 91' lang='lat' dir='ltr'><strong>in</strong></span> <span class='ocrx_word' id='word_1_114' title='bbox 1196 1375 1367 1443; x_wconf 84' lang='lat' dir='ltr'><strong>patria</strong></span> <span class='ocrx_word' id='word_1_115' title='bbox 1397 1387 1505 1443; x_wconf 90' lang='lat' dir='ltr'><strong>quo</strong></span> <span class='ocrx_word' id='word_1_116' title='bbox 1533 1372 1638 1427; x_wconf 88' lang='lat' dir='ltr'><strong>iter</strong></span> <span class='ocrx_word' id='word_1_117' title='bbox 1663 1386 1790 1425; x_wconf 82' lang='lat' dir='ltr'><strong>mox</strong></span> <span class='ocrx_word' id='word_1_118' title='bbox 1822 1385 1854 1424; x_wconf 90' lang='lat' dir='ltr'><strong>e</strong></span> <span class='ocrx_word' id='word_1_119' title='bbox 1879 1369 2021 1424; x_wconf 82' lang='lat' dir='ltr'><strong>vivis</strong></span> 
     </span>
    </p>
   </div>
   <div class='ocr_carea' id='block_1_20' title="bbox 442 1462 2025 1536">
    <p class='ocr_par' dir='ltr' id='par_1_20' title="bbox 442 1462 2025 1536">
     <span class='ocr_line' id='line_1_20' title="bbox 442 1462 2025 1536; baseline -0.002 -16"><span class='ocrx_word' id='word_1_120' title='bbox 442 1466 693 1521; x_wconf 83' lang='lat' dir='ltr'><strong>abiturus</strong></span> <span class='ocrx_word' id='word_1_121' title='bbox 721 1475 1057 1536; x_wconf 86' lang='lat' dir='ltr'><strong>susceperat,</strong></span> <span class='ocrx_word' id='word_1_122' title='bbox 1100 1467 1243 1521; x_wconf 87' lang='lat' dir='ltr'><strong>diem</strong></span> <span class='ocrx_word' id='word_1_123' title='bbox 1271 1481 1431 1520; x_wconf 88' lang='lat' dir='ltr'><strong>suum</strong></span> <span class='ocrx_word' id='word_1_124' title='bbox 1471 1465 1632 1531; x_wconf 91' lang='lat' dir='ltr'><strong>obiit,</strong></span> <span class='ocrx_word' id='word_1_125' title='bbox 1674 1478 1820 1519; x_wconf 89' lang='lat' dir='ltr'><strong>anno</strong></span> <span class='ocrx_word' id='word_1_126' title='bbox 1849 1462 2025 1532; x_wconf 74' lang='lat' dir='ltr'><strong>impe~</strong></span> 
     </span>
    </p>
   </div>
   <div class='ocr_carea' id='block_1_21' title="bbox 445 1557 1419 1621">
    <p class='ocr_par' dir='ltr' id='par_1_21' title="bbox 445 1557 1419 1621">
     <span class='ocr_line' id='line_1_21' title="bbox 445 1557 1419 1621; baseline 0.001 -10"><span class='ocrx_word' id='word_1_127' title='bbox 445 1559 641 1612; x_wconf 69' lang='lat' dir='ltr'><strong>ratoris</strong></span> <span class='ocrx_word' id='word_1_128' title='bbox 673 1557 903 1613; x_wconf 87' lang='lat' dir='ltr'><strong>Heraclii</strong></span> <span class='ocrx_word' id='word_1_129' title='bbox 934 1573 1033 1621; x_wconf 87' lang='lat' dir='ltr'><strong>vn,</strong></span> <span class='ocrx_word' id='word_1_130' title='bbox 1061 1557 1261 1614; x_wconf 88' lang='lat' dir='ltr'><strong>Christi</strong></span> <span class='ocrx_word' id='word_1_131' title='bbox 1293 1558 1419 1612; x_wconf 78' lang='lat'><strong>616.</strong></span> 
     </span>
    </p>
   </div>
   <div class='ocr_carea' id='block_1_22' title="bbox 519 1651 2028 1724">
    <p class='ocr_par' dir='ltr' id='par_1_22' title="bbox 519 1651 2028 1724">
     <span class='ocr_line' id='line_1_22' title="bbox 519 1651 2028 1724; baseline 0.003 -20"><span class='ocrx_word' id='word_1_132' title='bbox 519 1652 605 1706; x_wconf 73' lang='grc'>72.</span> <span class='ocrx_word' id='word_1_133' title='bbox 649 1651 882 1706; x_wconf 90' lang='lat' dir='ltr'><strong>Historia</strong></span> <span class='ocrx_word' id='word_1_134' title='bbox 911 1651 982 1707; x_wconf 90' lang='lat' dir='ltr'><strong>de</strong></span> <span class='ocrx_word' id='word_1_135' title='bbox 1003 1652 1208 1722; x_wconf 86' lang='lat' dir='ltr'><strong>Patapii</strong></span> <span class='ocrx_word' id='word_1_136' title='bbox 1235 1653 1479 1709; x_wconf 76' lang='lat' dir='ltr'><strong>eremita:</strong></span> <span class='ocrx_word' id='word_1_137' title='bbox 1512 1652 1647 1721; x_wconf 85' lang='lat' dir='ltr'><strong>vita,</strong></span> <span class='ocrx_word' id='word_1_138' title='bbox 1695 1653 1786 1724; x_wconf 91' lang='lat' dir='ltr'><strong>qui</strong></span> <span class='ocrx_word' id='word_1_139' title='bbox 1811 1651 2028 1709; x_wconf 84' lang='lat' dir='ltr'><strong>Thebas</strong></span> 
     </span>
    </p>
   </div>
   <div class='ocr_carea' id='block_1_23' title="bbox 447 1743 1389 1815">
    <p class='ocr_par' dir='ltr' id='par_1_23' title="bbox 447 1743 1389 1815">
     <span class='ocr_line' id='line_1_23' title="bbox 447 1743 1389 1815; baseline -0.005 -12"><span class='ocrx_word' id='word_1_140' title='bbox 447 1743 667 1815; x_wconf 66' lang='lat' dir='ltr'><strong>Egypti</strong></span> <span class='ocrx_word' id='word_1_141' title='bbox 696 1743 886 1800; x_wconf 82' lang='lat' dir='ltr'><strong>urbem</strong></span> <span class='ocrx_word' id='word_1_142' title='bbox 922 1744 1152 1814; x_wconf 89' lang='lat' dir='ltr'><strong>patriam</strong></span> <span class='ocrx_word' id='word_1_143' title='bbox 1182 1744 1389 1800; x_wconf 90' lang='lat' dir='ltr'><strong>habuit.</strong></span> 
     </span>
    </p>
   </div>
   <div class='ocr_carea' id='block_1_24' title="bbox 521 1834 2024 1908">
    <p class='ocr_par' dir='ltr' id='par_1_24' title="bbox 521 1834 2024 1908">
     <span class='ocr_line' id='line_1_24' title="bbox 521 1834 2024 1908; baseline 0.004 -21"><span class='ocrx_word' id='word_1_144' title='bbox 521 1835 607 1889; x_wconf 77' lang='lat'><strong>7&#39;5.</strong></span> <span class='ocrx_word' id='word_1_145' title='bbox 647 1834 882 1899; x_wconf 78' lang='lat' dir='ltr'><strong>Historia</strong></span> <span class='ocrx_word' id='word_1_146' title='bbox 914 1835 982 1890; x_wconf 88' lang='lat' dir='ltr'><strong>de</strong></span> <span class='ocrx_word' id='word_1_147' title='bbox 1005 1834 1224 1891; x_wconf 78' lang='lat' dir='ltr'><strong>Arethae</strong></span> <span class='ocrx_word' id='word_1_148' title='bbox 1246 1836 1526 1907; x_wconf 83' lang='lat' dir='ltr'><strong>martyrio,</strong></span> <span class='ocrx_word' id='word_1_149' title='bbox 1557 1838 1701 1908; x_wconf 83' lang='lat' dir='ltr'><strong>quod</strong></span> <span class='ocrx_word' id='word_1_150' title='bbox 1734 1839 1836 1893; x_wconf 89' lang='lat' dir='ltr'><strong>sub</strong></span> <span class='ocrx_word' id='word_1_151' title='bbox 1860 1836 2024 1893; x_wconf 87' lang='lat' dir='ltr'><strong>Eles-</strong></span> 
     </span>
    </p>
   </div>
   <div class='ocr_carea' id='block_1_25' title="bbox 2126 1284 2929 1355">
    <p class='ocr_par' dir='ltr' id='par_1_25' title="bbox 2126 1284 2929 1355">
     <span class='ocr_line' id='line_1_25' title="bbox 2126 1284 2929 1355; baseline -0.005 -14"><span class='ocrx_word' id='word_1_152' title='bbox 2126 1287 2205 1341; x_wconf 90' lang='lat' dir='ltr'><strong>las</strong></span> <span class='ocrx_word' id='word_1_153' title='bbox 2237 1293 2623 1355; x_wconf 88' lang='lat' dir='ltr'><strong>persequente,</strong></span> <span class='ocrx_word' id='word_1_154' title='bbox 2649 1284 2929 1339; x_wconf 88' lang='lat' dir='ltr'><strong>sustinuit.</strong></span> 
     </span>
    </p>
   </div>
   <div class='ocr_carea' id='block_1_26' title="bbox 2197 1367 3706 1449">
    <p class='ocr_par' dir='ltr' id='par_1_26' title="bbox 2197 1367 3706 1449">
     <span class='ocr_line' id='line_1_26' title="bbox 2197 1367 3706 1449; baseline -0.007 -18"><span class='ocrx_word' id='word_1_155' title='bbox 2197 1377 2287 1431; x_wconf 76' lang='lat'><strong>82.</strong></span> <span class='ocrx_word' id='word_1_156' title='bbox 2316 1377 2549 1433; x_wconf 88' lang='lat' dir='ltr'><strong>Historia</strong></span> <span class='ocrx_word' id='word_1_157' title='bbox 2568 1377 2634 1433; x_wconf 91' lang='lat' dir='ltr'><strong>de</strong></span> <span class='ocrx_word' id='word_1_158' title='bbox 2663 1376 2905 1449; x_wconf 78' lang='lat' dir='ltr'><strong>Gregorii</strong></span> <span class='ocrx_word' id='word_1_159' title='bbox 2932 1374 3174 1446; x_wconf 83' lang='lat' dir='ltr'><strong>episcopi</strong></span> <span class='ocrx_word' id='word_1_160' title='bbox 3205 1372 3514 1430; x_wconf 84' lang='lat' dir='ltr'><strong>Siculorum</strong></span> <span class='ocrx_word' id='word_1_161' title='bbox 3542 1367 3706 1439; x_wconf 75' lang='lat' dir='ltr'><strong>Agri-</strong></span> 
     </span>
    </p>
   </div>
   <div class='ocr_carea' id='block_1_27' title="bbox 2131 1460 3715 1541">
    <p class='ocr_par' dir='ltr' id='par_1_27' title="bbox 2131 1460 3715 1541">
     <span class='ocr_line' id='line_1_27' title="bbox 2131 1460 3715 1541; baseline -0.008 -17"><span class='ocrx_word' id='word_1_162' title='bbox 2131 1468 2339 1541; x_wconf 87' lang='lat' dir='ltr'><strong>gentini</strong></span> <span class='ocrx_word' id='word_1_163' title='bbox 2399 1467 2531 1531; x_wconf 89' lang='lat' dir='ltr'><strong>vita,</strong></span> <span class='ocrx_word' id='word_1_164' title='bbox 2582 1467 2672 1537; x_wconf 89' lang='lat' dir='ltr'><strong>qui</strong></span> <span class='ocrx_word' id='word_1_165' title='bbox 2729 1482 2797 1521; x_wconf 82' lang='lat' dir='ltr'><strong>ex</strong></span> <span class='ocrx_word' id='word_1_166' title='bbox 2830 1465 2949 1521; x_wconf 90' lang='lat' dir='ltr'><strong>vico</strong></span> <span class='ocrx_word' id='word_1_167' title='bbox 3003 1465 3071 1520; x_wconf 87' lang='lat' dir='ltr'><strong>ad</strong></span> <span class='ocrx_word' id='word_1_168' title='bbox 3115 1464 3471 1535; x_wconf 77' lang='lat' dir='ltr'><strong>Agrigentum</strong></span> <span class='ocrx_word' id='word_1_169' title='bbox 3520 1460 3715 1514; x_wconf 78' lang='lat' dir='ltr'><strong>urbem</strong></span> 
     </span>
    </p>
   </div>
   <div class='ocr_carea' id='block_1_28' title="bbox 2132 1553 3714 1630">
    <p class='ocr_par' dir='ltr' id='par_1_28' title="bbox 2132 1553 3714 1630">
     <span class='ocr_line' id='line_1_28' title="bbox 2132 1553 3714 1630; baseline -0.008 -13"><span class='ocrx_word' id='word_1_170' title='bbox 2132 1571 2308 1628; x_wconf 90' lang='lat' dir='ltr'><strong>ortus,</strong></span> <span class='ocrx_word' id='word_1_171' title='bbox 2360 1575 2390 1615; x_wconf 91' lang='lat' dir='ltr'><strong>a</strong></span> <span class='ocrx_word' id='word_1_172' title='bbox 2419 1559 2658 1615; x_wconf 83' lang='lat' dir='ltr'><strong>Macario</strong></span> <span class='ocrx_word' id='word_1_173' title='bbox 2684 1559 2973 1630; x_wconf 90' lang='lat' dir='ltr'><strong>episcopus</strong></span> <span class='ocrx_word' id='word_1_174' title='bbox 3005 1555 3497 1622; x_wconf 82' lang='lat' dir='ltr'><strong>Hierosolymitano</strong></span> <span class='ocrx_word' id='word_1_175' title='bbox 3528 1553 3714 1608; x_wconf 83' lang='lat' dir='ltr'><strong>diaco—</strong></span> 
     </span>
    </p>
   </div>
   <div class='ocr_carea' id='block_1_29' title="bbox 2134 1643 3720 1722">
    <p class='ocr_par' dir='ltr' id='par_1_29' title="bbox 2134 1643 3720 1722">
     <span class='ocr_line' id='line_1_29' title="bbox 2134 1643 3720 1722; baseline -0.009 -13"><span class='ocrx_word' id='word_1_176' title='bbox 2134 1668 2239 1709; x_wconf 88' lang='lat' dir='ltr'><strong>nus</strong></span> <span class='ocrx_word' id='word_1_177' title='bbox 2272 1651 2818 1722; x_wconf 85' lang='lat' dir='ltr'><strong>Hierosolymitanus,</strong></span> <span class='ocrx_word' id='word_1_178' title='bbox 2837 1650 3051 1705; x_wconf 90' lang='lat' dir='ltr'><strong>tandem</strong></span> <span class='ocrx_word' id='word_1_179' title='bbox 3081 1648 3150 1704; x_wconf 89' lang='lat' dir='ltr'><strong>ab</strong></span> <span class='ocrx_word' id='word_1_180' title='bbox 3179 1648 3437 1717; x_wconf 89' lang='lat' dir='ltr'><strong>episcopo</strong></span> <span class='ocrx_word' id='word_1_181' title='bbox 3472 1643 3720 1701; x_wconf 83' lang='lat' dir='ltr'><strong>Romano</strong></span> 
     </span>
    </p>
   </div>
   <div class='ocr_carea' id='block_1_30' title="bbox 2138 1740 3724 1815">
    <p class='ocr_par' dir='ltr' id='par_1_30' title="bbox 2138 1740 3724 1815">
     <span class='ocr_line' id='line_1_30' title="bbox 2138 1740 3724 1815; baseline -0.006 -15"><span class='ocrx_word' id='word_1_182' title='bbox 2138 1745 2432 1815; x_wconf 87' lang='lat' dir='ltr'><strong>episcopus</strong></span> <span class='ocrx_word' id='word_1_183' title='bbox 2475 1742 2861 1814; x_wconf 87' lang='lat' dir='ltr'><strong>Agrigentinus</strong></span> <span class='ocrx_word' id='word_1_184' title='bbox 2912 1740 3184 1796; x_wconf 87' lang='lat' dir='ltr'><strong>Theodori</strong></span> <span class='ocrx_word' id='word_1_185' title='bbox 3232 1753 3521 1794; x_wconf 87' lang='lat' dir='ltr'><strong>successor</strong></span> <span class='ocrx_word' id='word_1_186' title='bbox 3566 1751 3724 1792; x_wconf 75' lang='lat' dir='ltr'><strong>crea-</strong></span> 
     </span>
    </p>
   </div>
   <div class='ocr_carea' id='block_1_31' title="bbox 2141 1846 2364 1893">
    <p class='ocr_par' dir='ltr' id='par_1_31' title="bbox 2141 1846 2364 1893">
     <span class='ocr_line' id='line_1_31' title="bbox 2141 1846 2364 1893; baseline -0.009 0"><span class='ocrx_word' id='word_1_187' title='bbox 2141 1846 2230 1893; x_wconf 88' lang='lat' dir='ltr'><strong>tus</strong></span> <span class='ocrx_word' id='word_1_188' title='bbox 2260 1846 2364 1892; x_wconf 89' lang='lat' dir='ltr'><strong>est.</strong></span> 
     </span>
    </p>
   </div>
   <div class='ocr_carea' id='block_1_32' title="bbox 462 1901 3719 1999">
    <p class='ocr_par' dir='ltr' id='par_1_32' title="bbox 462 1901 3719 1999">
     <span class='ocr_line' id='line_1_32' title="bbox 462 1901 3719 1999; baseline -0.002 -18"><span class='ocrx_word' id='word_1_189' title='bbox 462 1927 652 1981; x_wconf 77' lang='lat' dir='ltr'><strong>baanrc</strong></span> <span class='ocrx_word' id='word_1_190' title='bbox 728 1924 1052 1997; x_wconf 64' lang='lat' dir='ltr'><strong>Ethiopum</strong></span> <span class='ocrx_word' id='word_1_191' title='bbox 1103 1943 1232 1999; x_wconf 85' lang='lat' dir='ltr'><strong>rege</strong></span> <span class='ocrx_word' id='word_1_192' title='bbox 1280 1901 1638 1996; x_wconf 77' lang='lat' dir='ltr'><strong>Christiano,</strong></span> <span class='ocrx_word' id='word_1_193' title='bbox 1685 1931 1924 1987; x_wconf 82' lang='lat' dir='ltr'><strong>civitatis</strong></span> <span class='ocrx_word' id='word_1_194' title='bbox 1979 1931 2036 1986; x_wconf 91' lang='lat' dir='ltr'><strong>in</strong></span> <span class='ocrx_word' id='word_1_195' title='bbox 2067 1901 2109 1957; x_wconf 71' lang='grc' dir='ltr'><strong>Β</strong></span> <span class='ocrx_word' id='word_1_196' title='bbox 2211 1928 2301 1984; x_wconf 81' lang='lat'><strong>8&#39;5.</strong></span> <span class='ocrx_word' id='word_1_197' title='bbox 2343 1926 2577 1983; x_wconf 82' lang='lat' dir='ltr'><strong>Historia</strong></span> <span class='ocrx_word' id='word_1_198' title='bbox 2610 1927 2678 1983; x_wconf 90' lang='lat' dir='ltr'><strong>de</strong></span> <span class='ocrx_word' id='word_1_199' title='bbox 2708 1924 2934 1999; x_wconf 83' lang='lat' dir='ltr'><strong>Agathae</strong></span> <span class='ocrx_word' id='word_1_200' title='bbox 2956 1924 3201 1997; x_wconf 86' lang='lat' dir='ltr'><strong>virginis,</strong></span> <span class='ocrx_word' id='word_1_201' title='bbox 3225 1922 3398 1994; x_wconf 82' lang='lat' dir='ltr'><strong>patria</strong></span> <span class='ocrx_word' id='word_1_202' title='bbox 3429 1922 3719 1986; x_wconf 72' lang='lat' dir='ltr'><strong>Catanaare,</strong></span> 
     </span>
    </p>
   </div>
   <div class='ocr_carea' id='block_1_33' title="bbox 456 2018 2042 2091">
    <p class='ocr_par' dir='ltr' id='par_1_33' title="bbox 456 2018 2042 2091">
     <span class='ocr_line' id='line_1_33' title="bbox 456 2018 2042 2091; baseline 0.004 -17"><span class='ocrx_word' id='word_1_203' title='bbox 456 2018 741 2088; x_wconf 64' lang='lat' dir='ltr'><strong>Ethiopia</strong></span> <span class='ocrx_word' id='word_1_204' title='bbox 782 2018 1049 2091; x_wconf 70' lang='lat' dir='ltr'><strong>Nagranae</strong></span> <span class='ocrx_word' id='word_1_205' title='bbox 1097 2034 1340 2089; x_wconf 66' lang='lat' dir='ltr'><strong>praeses,</strong></span> <span class='ocrx_word' id='word_1_206' title='bbox 1400 2036 1529 2076; x_wconf 89' lang='lat' dir='ltr'><strong>cum</strong></span> <span class='ocrx_word' id='word_1_207' title='bbox 1577 2036 1698 2077; x_wconf 89' lang='lat' dir='ltr'><strong>eam</strong></span> <span class='ocrx_word' id='word_1_208' title='bbox 1745 2022 2042 2081; x_wconf 88' lang='lat' dir='ltr'><strong>Dunaanus</strong></span> 
     </span>
    </p>
   </div>
   <div class='ocr_carea' id='block_1_34' title="bbox 458 2110 2041 2187">
    <p class='ocr_par' dir='ltr' id='par_1_34' title="bbox 458 2110 2041 2187">
     <span class='ocr_line' id='line_1_34' title="bbox 458 2110 2041 2187; baseline 0.005 -22"><span class='ocrx_word' id='word_1_209' title='bbox 458 2111 696 2165; x_wconf 73' lang='lat' dir='ltr'><strong>Arabum</strong></span> <span class='ocrx_word' id='word_1_210' title='bbox 730 2125 821 2165; x_wconf 78' lang='lat' dir='ltr'><strong>rex</strong></span> <span class='ocrx_word' id='word_1_211' title='bbox 853 2110 1179 2168; x_wconf 84' lang='lat' dir='ltr'><strong>Christianis</strong></span> <span class='ocrx_word' id='word_1_212' title='bbox 1210 2112 1465 2169; x_wconf 90' lang='lat' dir='ltr'><strong>inimicus</strong></span> <span class='ocrx_word' id='word_1_213' title='bbox 1493 2115 1890 2187; x_wconf 81' lang='lat' dir='ltr'><strong>occupavisset,</strong></span> <span class='ocrx_word' id='word_1_214' title='bbox 1916 2133 2041 2173; x_wconf 89' lang='lat' dir='ltr'><strong>cum</strong></span> 
     </span>
    </p>
   </div>
   <div class='ocr_carea' id='block_1_35' title="bbox 457 2202 1132 2272">
    <p class='ocr_par' dir='ltr' id='par_1_35' title="bbox 457 2202 1132 2272">
     <span class='ocr_line' id='line_1_35' title="bbox 457 2202 1132 2272; baseline 0.001 -15"><span class='ocrx_word' id='word_1_215' title='bbox 457 2202 580 2257; x_wconf 89' lang='lat' dir='ltr'><strong>aliis</strong></span> <span class='ocrx_word' id='word_1_216' title='bbox 612 2202 947 2272; x_wconf 84' lang='lat' dir='ltr'><strong>martyribus</strong></span> <span class='ocrx_word' id='word_1_217' title='bbox 974 2203 1132 2258; x_wconf 90' lang='lat' dir='ltr'><strong>obiit.</strong></span> 
     </span>
    </p>
   </div>
   <div class='ocr_carea' id='block_1_36' title="bbox 531 2293 2046 2376">
    <p class='ocr_par' dir='ltr' id='par_1_36' title="bbox 531 2293 2046 2376">
     <span class='ocr_line' id='line_1_36' title="bbox 531 2293 2046 2376; baseline 0.004 -27"><span class='ocrx_word' id='word_1_218' title='bbox 531 2294 619 2350; x_wconf 73' lang='grc'>74.</span> <span class='ocrx_word' id='word_1_219' title='bbox 648 2293 884 2349; x_wconf 86' lang='lat' dir='ltr'><strong>Historia</strong></span> <span class='ocrx_word' id='word_1_220' title='bbox 904 2295 971 2349; x_wconf 90' lang='lat' dir='ltr'><strong>de</strong></span> <span class='ocrx_word' id='word_1_221' title='bbox 986 2295 1256 2376; x_wconf 78' lang='lat' dir='ltr'><strong>Eustathii</strong></span> <span class='ocrx_word' id='word_1_222' title='bbox 1275 2296 1555 2368; x_wconf 79' lang='lat' dir='ltr'><strong>martyrio,</strong></span> <span class='ocrx_word' id='word_1_223' title='bbox 1577 2298 1722 2369; x_wconf 91' lang='lat' dir='ltr'><strong>quod</strong></span> <span class='ocrx_word' id='word_1_224' title='bbox 1747 2299 1848 2355; x_wconf 87' lang='lat' dir='ltr'><strong>sub</strong></span> <span class='ocrx_word' id='word_1_225' title='bbox 1871 2299 2046 2370; x_wconf 84' lang='lat' dir='ltr'><strong>impe-</strong></span> 
     </span>
    </p>
   </div>
   <div class='ocr_carea' id='block_1_37' title="bbox 460 2383 2043 2462">
    <p class='ocr_par' dir='ltr' id='par_1_37' title="bbox 460 2383 2043 2462">
     <span class='ocr_line' id='line_1_37' title="bbox 460 2383 2043 2462; baseline 0.003 -21"><span class='ocrx_word' id='word_1_226' title='bbox 460 2394 641 2441; x_wconf 82' lang='lat' dir='ltr'><strong>ratore</strong></span> <span class='ocrx_word' id='word_1_227' title='bbox 674 2383 907 2456; x_wconf 78' lang='lat' dir='ltr'><strong>Trojano</strong></span> <span class='ocrx_word' id='word_1_228' title='bbox 931 2384 1040 2440; x_wconf 80' lang='lat' dir='ltr'><strong>dux</strong></span> <span class='ocrx_word' id='word_1_229' title='bbox 1074 2386 1329 2454; x_wconf 89' lang='lat' dir='ltr'><strong>militum,</strong></span> <span class='ocrx_word' id='word_1_230' title='bbox 1360 2388 1463 2443; x_wconf 92' lang='lat' dir='ltr'><strong>sub</strong></span> <span class='ocrx_word' id='word_1_231' title='bbox 1486 2390 1679 2444; x_wconf 89' lang='lat' dir='ltr'><strong>eodem</strong></span> <span class='ocrx_word' id='word_1_232' title='bbox 1714 2390 1784 2444; x_wconf 90' lang='lat' dir='ltr'><strong>ad</strong></span> <span class='ocrx_word' id='word_1_233' title='bbox 1824 2392 2043 2462; x_wconf 84' lang='lat' dir='ltr'><strong>religio-</strong></span> 
     </span>
    </p>
   </div>
   <div class='ocr_carea' id='block_1_38' title="bbox 463 2475 2046 2547">
    <p class='ocr_par' dir='ltr' id='par_1_38' title="bbox 463 2475 2046 2547">
     <span class='ocr_line' id='line_1_38' title="bbox 463 2475 2046 2547; baseline 0.005 -18"><span class='ocrx_word' id='word_1_234' title='bbox 463 2492 588 2531; x_wconf 86' lang='lat' dir='ltr'><strong>nem</strong></span> <span class='ocrx_word' id='word_1_235' title='bbox 621 2475 989 2532; x_wconf 86' lang='lat' dir='ltr'><strong>Christianam</strong></span> <span class='ocrx_word' id='word_1_236' title='bbox 1023 2493 1149 2532; x_wconf 90' lang='lat' dir='ltr'><strong>cum</strong></span> <span class='ocrx_word' id='word_1_237' title='bbox 1174 2478 1288 2533; x_wconf 91' lang='lat' dir='ltr'><strong>suis</strong></span> <span class='ocrx_word' id='word_1_238' title='bbox 1317 2494 1649 2547; x_wconf 89' lang='lat' dir='ltr'><strong>conversus,</strong></span> <span class='ocrx_word' id='word_1_239' title='bbox 1710 2496 1833 2536; x_wconf 91' lang='lat' dir='ltr'><strong>cum</strong></span> <span class='ocrx_word' id='word_1_240' title='bbox 1866 2481 2046 2537; x_wconf 88' lang='lat' dir='ltr'><strong>Theo-</strong></span> 
     </span>
    </p>
   </div>
   <div class='ocr_carea' id='block_1_39' title="bbox 464 2566 2044 2643">
    <p class='ocr_par' dir='ltr' id='par_1_39' title="bbox 464 2566 2044 2643">
     <span class='ocr_line' id='line_1_39' title="bbox 464 2566 2044 2643; baseline 0.004 -23"><span class='ocrx_word' id='word_1_241' title='bbox 464 2566 605 2637; x_wconf 88' lang='lat' dir='ltr'><strong>piste</strong></span> <span class='ocrx_word' id='word_1_242' title='bbox 639 2582 829 2634; x_wconf 81' lang='lat' dir='ltr'><strong>uxore,</strong></span> <span class='ocrx_word' id='word_1_243' title='bbox 858 2567 1065 2639; x_wconf 87' lang='lat' dir='ltr'><strong>Agapio</strong></span> <span class='ocrx_word' id='word_1_244' title='bbox 1095 2577 1151 2623; x_wconf 90' lang='lat' dir='ltr'><strong>et</strong></span> <span class='ocrx_word' id='word_1_245' title='bbox 1172 2568 1471 2640; x_wconf 90' lang='lat' dir='ltr'><strong>Theopisto</strong></span> <span class='ocrx_word' id='word_1_246' title='bbox 1500 2569 1646 2639; x_wconf 80' lang='lat' dir='ltr'><strong>ﬁliis,</strong></span> <span class='ocrx_word' id='word_1_247' title='bbox 1677 2572 1779 2627; x_wconf 89' lang='lat' dir='ltr'><strong>sub</strong></span> <span class='ocrx_word' id='word_1_248' title='bbox 1807 2573 2044 2643; x_wconf 84' lang='lat' dir='ltr'><strong>impera-</strong></span> 
     </span>
    </p>
   </div>
   <div class='ocr_carea' id='block_1_40' title="bbox 469 2658 1552 2726">
    <p class='ocr_par' dir='ltr' id='par_1_40' title="bbox 469 2658 1552 2726">
     <span class='ocr_line' id='line_1_40' title="bbox 469 2658 1552 2726; baseline 0.006 -15"><span class='ocrx_word' id='word_1_249' title='bbox 469 2666 588 2712; x_wconf 66' lang='lat' dir='ltr'><strong>tore</strong></span> <span class='ocrx_word' id='word_1_250' title='bbox 616 2658 872 2723; x_wconf 85' lang='lat' dir='ltr'><strong>Adriano,</strong></span> <span class='ocrx_word' id='word_1_251' title='bbox 899 2659 953 2713; x_wconf 92' lang='lat' dir='ltr'><strong>in</strong></span> <span class='ocrx_word' id='word_1_252' title='bbox 983 2661 1117 2716; x_wconf 90' lang='lat' dir='ltr'><strong>urbe</strong></span> <span class='ocrx_word' id='word_1_253' title='bbox 1145 2660 1335 2726; x_wconf 83' lang='lat' dir='ltr'><strong>Roma,</strong></span> <span class='ocrx_word' id='word_1_254' title='bbox 1364 2662 1552 2719; x_wconf 88' lang='lat' dir='ltr'><strong>subiit.</strong></span> 
     </span>
    </p>
   </div>
   <div class='ocr_carea' id='block_1_41' title="bbox 536 2750 2047 2826">
    <p class='ocr_par' dir='ltr' id='par_1_41' title="bbox 536 2750 2047 2826">
     <span class='ocr_line' id='line_1_41' title="bbox 536 2750 2047 2826; baseline 0.007 -24"><span class='ocrx_word' id='word_1_255' title='bbox 536 2750 626 2804; x_wconf 81' lang='lat'><strong>75.</strong></span> <span class='ocrx_word' id='word_1_256' title='bbox 672 2750 910 2805; x_wconf 81' lang='lat' dir='ltr'><strong>Historia</strong></span> <span class='ocrx_word' id='word_1_257' title='bbox 934 2750 1003 2806; x_wconf 87' lang='lat' dir='ltr'><strong>de</strong></span> <span class='ocrx_word' id='word_1_258' title='bbox 1028 2750 1246 2822; x_wconf 66' lang='lat' dir='ltr'><strong>Sophia:</strong></span> <span class='ocrx_word' id='word_1_259' title='bbox 1270 2754 1418 2808; x_wconf 72' lang='lat' dir='ltr'><strong>itala:</strong></span> <span class='ocrx_word' id='word_1_260' title='bbox 1445 2756 1726 2826; x_wconf 87' lang='lat' dir='ltr'><strong>martyrio,</strong></span> <span class='ocrx_word' id='word_1_261' title='bbox 1752 2756 1895 2826; x_wconf 90' lang='lat' dir='ltr'><strong>quod</strong></span> <span class='ocrx_word' id='word_1_262' title='bbox 1922 2772 2047 2812; x_wconf 87' lang='lat' dir='ltr'><strong>cum</strong></span> 
     </span>
    </p>
   </div>
   <div class='ocr_carea' id='block_1_42' title="bbox 468 2842 2050 2920">
    <p class='ocr_par' dir='ltr' id='par_1_42' title="bbox 468 2842 2050 2920">
     <span class='ocr_line' id='line_1_42' title="bbox 468 2842 2050 2920; baseline 0.004 -24"><span class='ocrx_word' id='word_1_263' title='bbox 468 2842 643 2897; x_wconf 87' lang='lat' dir='ltr'><strong>tribus</strong></span> <span class='ocrx_word' id='word_1_264' title='bbox 683 2842 825 2909; x_wconf 79' lang='lat' dir='ltr'><strong>(iliis,</strong></span> <span class='ocrx_word' id='word_1_265' title='bbox 869 2844 997 2911; x_wconf 84' lang='lat' dir='ltr'><strong>ﬁde,</strong></span> <span class='ocrx_word' id='word_1_266' title='bbox 1047 2860 1144 2915; x_wconf 90' lang='lat' dir='ltr'><strong>spe</strong></span> <span class='ocrx_word' id='word_1_267' title='bbox 1170 2854 1228 2901; x_wconf 89' lang='lat' dir='ltr'><strong>et</strong></span> <span class='ocrx_word' id='word_1_268' title='bbox 1253 2846 1539 2914; x_wconf 90' lang='lat' dir='ltr'><strong>charitate,</strong></span> <span class='ocrx_word' id='word_1_269' title='bbox 1589 2849 1692 2905; x_wconf 90' lang='lat' dir='ltr'><strong>sub</strong></span> <span class='ocrx_word' id='word_1_270' title='bbox 1723 2849 2050 2920; x_wconf 85' lang='lat' dir='ltr'><strong>imperatore</strong></span> 
     </span>
    </p>
   </div>
   <div class='ocr_carea' id='block_1_43' title="bbox 469 2935 1426 3005">
    <p class='ocr_par' dir='ltr' id='par_1_43' title="bbox 469 2935 1426 3005">
     <span class='ocr_line' id='line_1_43' title="bbox 469 2935 1426 3005; baseline 0.005 -16"><span class='ocrx_word' id='word_1_271' title='bbox 469 2935 731 3000; x_wconf 86' lang='lat' dir='ltr'><strong>Adriano,</strong></span> <span class='ocrx_word' id='word_1_272' title='bbox 760 2936 816 2990; x_wconf 89' lang='lat' dir='ltr'><strong>in</strong></span> <span class='ocrx_word' id='word_1_273' title='bbox 847 2936 981 2993; x_wconf 87' lang='lat' dir='ltr'><strong>urbe</strong></span> <span class='ocrx_word' id='word_1_274' title='bbox 1007 2937 1199 3005; x_wconf 75' lang='lat' dir='ltr'><strong>Bonna,</strong></span> <span class='ocrx_word' id='word_1_275' title='bbox 1237 2939 1426 2995; x_wconf 90' lang='lat' dir='ltr'><strong>subiit.</strong></span> 
     </span>
    </p>
   </div>
   <div class='ocr_carea' id='block_1_44' title="bbox 541 3028 2049 3106">
    <p class='ocr_par' dir='ltr' id='par_1_44' title="bbox 541 3028 2049 3106">
     <span class='ocr_line' id='line_1_44' title="bbox 541 3028 2049 3106; baseline 0.005 -23"><span class='ocrx_word' id='word_1_276' title='bbox 541 3028 626 3083; x_wconf 79' lang='lat'><strong>76.</strong></span> <span class='ocrx_word' id='word_1_277' title='bbox 671 3029 909 3085; x_wconf 88' lang='lat' dir='ltr'><strong>Historia</strong></span> <span class='ocrx_word' id='word_1_278' title='bbox 958 3030 1027 3086; x_wconf 89' lang='lat' dir='ltr'><strong>de</strong></span> <span class='ocrx_word' id='word_1_279' title='bbox 1068 3031 1323 3102; x_wconf 69' lang='lat' dir='ltr'><strong>Eugeniae</strong></span> <span class='ocrx_word' id='word_1_280' title='bbox 1355 3032 1614 3089; x_wconf 69' lang='lat' dir='ltr'><strong>Romana“:</strong></span> <span class='ocrx_word' id='word_1_281' title='bbox 1653 3034 1879 3106; x_wconf 83' lang='lat' dir='ltr'><strong>virginis</strong></span> <span class='ocrx_word' id='word_1_282' title='bbox 1905 3051 2049 3090; x_wconf 85' lang='lat' dir='ltr'><strong>mar—</strong></span> 
     </span>
    </p>
   </div>
   <div class='ocr_carea' id='block_1_45' title="bbox 477 3116 2051 3198">
    <p class='ocr_par' dir='ltr' id='par_1_45' title="bbox 477 3116 2051 3198">
     <span class='ocr_line' id='line_1_45' title="bbox 477 3116 2051 3198; baseline 0.008 -26"><span class='ocrx_word' id='word_1_283' title='bbox 477 3116 636 3190; x_wconf 81' lang='lat' dir='ltr'><strong>tyrio,</strong></span> <span class='ocrx_word' id='word_1_284' title='bbox 667 3121 810 3190; x_wconf 65' lang='lat' dir='ltr'><strong>quiid</strong></span> <span class='ocrx_word' id='word_1_285' title='bbox 843 3122 894 3176; x_wconf 88' lang='lat' dir='ltr'><strong>in</strong></span> <span class='ocrx_word' id='word_1_286' title='bbox 931 3122 1064 3177; x_wconf 90' lang='lat' dir='ltr'><strong>urbe</strong></span> <span class='ocrx_word' id='word_1_287' title='bbox 1101 3122 1270 3178; x_wconf 79' lang='lat' dir='ltr'><strong>Roma</strong></span> <span class='ocrx_word' id='word_1_288' title='bbox 1296 3164 1312 3190; x_wconf 97' lang='lat'><strong>,</strong></span> <span class='ocrx_word' id='word_1_289' title='bbox 1364 3127 1465 3182; x_wconf 88' lang='lat' dir='ltr'><strong>sub</strong></span> <span class='ocrx_word' id='word_1_290' title='bbox 1496 3127 1920 3198; x_wconf 89' lang='lat' dir='ltr'><strong>imperatoribus</strong></span> <span class='ocrx_word' id='word_1_291' title='bbox 1945 3128 2051 3184; x_wconf 78' lang='lat' dir='ltr'><strong>Va-</strong></span> 
     </span>
    </p>
   </div>
   <div class='ocr_carea' id='block_1_46' title="bbox 476 3209 1319 3269">
    <p class='ocr_par' dir='ltr' id='par_1_46' title="bbox 476 3209 1319 3269">
     <span class='ocr_line' id='line_1_46' title="bbox 476 3209 1319 3269; baseline 0.008 -8"><span class='ocrx_word' id='word_1_292' title='bbox 476 3209 683 3263; x_wconf 86' lang='lat' dir='ltr'><strong>leriano</strong></span> <span class='ocrx_word' id='word_1_293' title='bbox 710 3218 763 3266; x_wconf 90' lang='lat' dir='ltr'><strong>et</strong></span> <span class='ocrx_word' id='word_1_294' title='bbox 786 3209 1010 3266; x_wconf 86' lang='lat' dir='ltr'><strong>Galieno</strong></span> <span class='ocrx_word' id='word_1_295' title='bbox 1037 3214 1319 3269; x_wconf 88' lang='lat' dir='ltr'><strong>sustinuit.</strong></span> 
     </span>
    </p>
   </div>
   <div class='ocr_carea' id='block_1_47' title="bbox 2143 2014 3721 2091">
    <p class='ocr_par' dir='ltr' id='par_1_47' title="bbox 2143 2014 3721 2091">
     <span class='ocr_line' id='line_1_47' title="bbox 2143 2014 3721 2091; baseline -0.004 -17"><span class='ocrx_word' id='word_1_296' title='bbox 2143 2020 2425 2091; x_wconf 87' lang='lat' dir='ltr'><strong>martyrio,</strong></span> <span class='ocrx_word' id='word_1_297' title='bbox 2458 2021 2602 2090; x_wconf 85' lang='lat' dir='ltr'><strong>quod</strong></span> <span class='ocrx_word' id='word_1_298' title='bbox 2631 2020 2772 2073; x_wconf 87' lang='lat' dir='ltr'><strong>intra</strong></span> <span class='ocrx_word' id='word_1_299' title='bbox 2818 2017 3057 2073; x_wconf 88' lang='lat' dir='ltr'><strong>Siciliam</strong></span> <span class='ocrx_word' id='word_1_300' title='bbox 3089 2017 3142 2070; x_wconf 92' lang='lat' dir='ltr'><strong>in</strong></span> <span class='ocrx_word' id='word_1_301' title='bbox 3184 2017 3319 2071; x_wconf 88' lang='lat' dir='ltr'><strong>urbe</strong></span> <span class='ocrx_word' id='word_1_302' title='bbox 3351 2014 3578 2078; x_wconf 87' lang='lat' dir='ltr'><strong>Catana,</strong></span> <span class='ocrx_word' id='word_1_303' title='bbox 3616 2015 3721 2068; x_wconf 87' lang='lat' dir='ltr'><strong>sub</strong></span> 
     </span>
    </p>
   </div>
   <div class='ocr_carea' id='block_1_48' title="bbox 2144 2108 3721 2183">
    <p class='ocr_par' dir='ltr' id='par_1_48' title="bbox 2144 2108 3721 2183">
     <span class='ocr_line' id='line_1_48' title="bbox 2144 2108 3721 2183; baseline -0.005 -16"><span class='ocrx_word' id='word_1_304' title='bbox 2144 2113 2471 2183; x_wconf 84' lang='lat' dir='ltr'><strong>imperatore</strong></span> <span class='ocrx_word' id='word_1_305' title='bbox 2541 2112 2704 2167; x_wconf 83' lang='lat' dir='ltr'><strong>Decio</strong></span> <span class='ocrx_word' id='word_1_306' title='bbox 2771 2113 2991 2166; x_wconf 89' lang='lat' dir='ltr'><strong>tertium</strong></span> <span class='ocrx_word' id='word_1_307' title='bbox 3049 2108 3395 2165; x_wconf 89' lang='lat' dir='ltr'><strong>consulatum</strong></span> <span class='ocrx_word' id='word_1_308' title='bbox 3456 2117 3721 2178; x_wconf 76' lang='lat' dir='ltr'><strong>gerente;</strong></span> 
     </span>
    </p>
   </div>
   <div class='ocr_carea' id='block_1_49' title="bbox 2143 2204 2769 2270">
    <p class='ocr_par' dir='ltr' id='par_1_49' title="bbox 2143 2204 2769 2270">
     <span class='ocr_line' id='line_1_49' title="bbox 2143 2204 2769 2270; baseline -0.002 -10"><span class='ocrx_word' id='word_1_309' title='bbox 2143 2205 2210 2262; x_wconf 86' lang='lat' dir='ltr'><strong>A.</strong></span> <span class='ocrx_word' id='word_1_310' title='bbox 2239 2205 2299 2260; x_wconf 89' lang='lat' dir='ltr'><strong>G.</strong></span> <span class='ocrx_word' id='word_1_311' title='bbox 2329 2205 2458 2270; x_wconf 75' lang='lat'><strong>25!,</strong></span> <span class='ocrx_word' id='word_1_312' title='bbox 2487 2204 2769 2260; x_wconf 83' lang='lat' dir='ltr'><strong>sustinuit.</strong></span> 
     </span>
    </p>
   </div>
   <div class='ocr_carea' id='block_1_50' title="bbox 2215 2288 3732 2367">
    <p class='ocr_par' dir='ltr' id='par_1_50' title="bbox 2215 2288 3732 2367">
     <span class='ocr_line' id='line_1_50' title="bbox 2215 2288 3732 2367; baseline -0.01 -13"><span class='ocrx_word' id='word_1_313' title='bbox 2215 2299 2305 2354; x_wconf 70' lang='grc'>86.</span> <span class='ocrx_word' id='word_1_314' title='bbox 2345 2297 2579 2354; x_wconf 88' lang='lat' dir='ltr'><strong>Historia</strong></span> <span class='ocrx_word' id='word_1_315' title='bbox 2619 2297 2687 2353; x_wconf 87' lang='lat' dir='ltr'><strong>de</strong></span> <span class='ocrx_word' id='word_1_316' title='bbox 2733 2295 2972 2367; x_wconf 87' lang='lat' dir='ltr'><strong>Dionysii</strong></span> <span class='ocrx_word' id='word_1_317' title='bbox 3027 2292 3376 2365; x_wconf 61' lang='lat' dir='ltr'><strong>Areopagitas</strong></span> <span class='ocrx_word' id='word_1_318' title='bbox 3419 2288 3732 2345; x_wconf 88' lang='lat' dir='ltr'><strong>Athenien-</strong></span> 
     </span>
    </p>
   </div>
   <div class='ocr_carea' id='block_1_51' title="bbox 2146 2383 3734 2463">
    <p class='ocr_par' dir='ltr' id='par_1_51' title="bbox 2146 2383 3734 2463">
     <span class='ocr_line' id='line_1_51' title="bbox 2146 2383 3734 2463; baseline -0.009 -15"><span class='ocrx_word' id='word_1_319' title='bbox 2146 2391 2245 2457; x_wconf 85' lang='lat' dir='ltr'><strong>sis.</strong></span> <span class='ocrx_word' id='word_1_320' title='bbox 2281 2408 2444 2463; x_wconf 88' lang='lat' dir='ltr'><strong>quem</strong></span> <span class='ocrx_word' id='word_1_321' title='bbox 2490 2400 2713 2447; x_wconf 90' lang='lat' dir='ltr'><strong>sanctus</strong></span> <span class='ocrx_word' id='word_1_322' title='bbox 2744 2390 2945 2445; x_wconf 88' lang='lat' dir='ltr'><strong>Paulus</strong></span> <span class='ocrx_word' id='word_1_323' title='bbox 2975 2389 3255 2460; x_wconf 91' lang='lat' dir='ltr'><strong>apostolus</strong></span> <span class='ocrx_word' id='word_1_324' title='bbox 3301 2386 3366 2440; x_wconf 89' lang='lat' dir='ltr'><strong>ad</strong></span> <span class='ocrx_word' id='word_1_325' title='bbox 3414 2383 3734 2453; x_wconf 84' lang='lat' dir='ltr'><strong>religionem</strong></span> 
     </span>
    </p>
   </div>
   <div class='ocr_carea' id='block_1_52' title="bbox 2146 2475 3737 2550">
    <p class='ocr_par' dir='ltr' id='par_1_52' title="bbox 2146 2475 3737 2550">
     <span class='ocr_line' id='line_1_52' title="bbox 2146 2475 3737 2550; baseline -0.011 -7"><span class='ocrx_word' id='word_1_326' title='bbox 2146 2488 2511 2544; x_wconf 89' lang='lat' dir='ltr'><strong>Christianam</strong></span> <span class='ocrx_word' id='word_1_327' title='bbox 2572 2485 2864 2547; x_wconf 87' lang='lat' dir='ltr'><strong>convertit,</strong></span> <span class='ocrx_word' id='word_1_328' title='bbox 2923 2483 3033 2536; x_wconf 90' lang='lat' dir='ltr'><strong>vita</strong></span> <span class='ocrx_word' id='word_1_329' title='bbox 3079 2492 3136 2536; x_wconf 91' lang='lat' dir='ltr'><strong>et</strong></span> <span class='ocrx_word' id='word_1_330' title='bbox 3173 2477 3455 2550; x_wconf 87' lang='lat' dir='ltr'><strong>martyrio.</strong></span> <span class='ocrx_word' id='word_1_331' title='bbox 3511 2475 3737 2529; x_wconf 87' lang='lat' dir='ltr'><strong>Primus</strong></span> 
     </span>
    </p>
   </div>
   <div class='ocr_carea' id='block_1_53' title="bbox 2147 2566 3735 2647">
    <p class='ocr_par' dir='ltr' id='par_1_53' title="bbox 2147 2566 3735 2647">
     <span class='ocr_line' id='line_1_53' title="bbox 2147 2566 3735 2647; baseline -0.014 -10"><span class='ocrx_word' id='word_1_332' title='bbox 2147 2578 2563 2637; x_wconf 84' lang='lat' dir='ltr'><strong>Atheniensium</strong></span> <span class='ocrx_word' id='word_1_333' title='bbox 2582 2576 2888 2647; x_wconf 87' lang='lat' dir='ltr'><strong>cpiscopus,</strong></span> <span class='ocrx_word' id='word_1_334' title='bbox 2904 2587 3066 2643; x_wconf 86' lang='lat' dir='ltr'><strong>quem</strong></span> <span class='ocrx_word' id='word_1_335' title='bbox 3087 2579 3271 2643; x_wconf 87' lang='lat' dir='ltr'><strong>postea</strong></span> <span class='ocrx_word' id='word_1_336' title='bbox 3288 2569 3473 2639; x_wconf 89' lang='lat' dir='ltr'><strong>plures</strong></span> <span class='ocrx_word' id='word_1_337' title='bbox 3498 2566 3735 2635; x_wconf 88' lang='lat' dir='ltr'><strong>primum</strong></span> 
     </span>
    </p>
   </div>
   <div class='ocr_carea' id='block_1_54' title="bbox 2149 2659 3741 2740">
    <p class='ocr_par' dir='ltr' id='par_1_54' title="bbox 2149 2659 3741 2740">
     <span class='ocr_line' id='line_1_54' title="bbox 2149 2659 3741 2740; baseline -0.014 -9"><span class='ocrx_word' id='word_1_338' title='bbox 2149 2672 2534 2731; x_wconf 87' lang='lat' dir='ltr'><strong>Parisiensium</strong></span> <span class='ocrx_word' id='word_1_339' title='bbox 2549 2671 2864 2740; x_wconf 81' lang='lat' dir='ltr'><strong>episcopum</strong></span> <span class='ocrx_word' id='word_1_340' title='bbox 2886 2666 3055 2721; x_wconf 81' lang='lat' dir='ltr'><strong>fuisse</strong></span> <span class='ocrx_word' id='word_1_341' title='bbox 3086 2670 3338 2727; x_wconf 86' lang='lat' dir='ltr'><strong>narrant,</strong></span> <span class='ocrx_word' id='word_1_342' title='bbox 3359 2661 3462 2717; x_wconf 91' lang='lat' dir='ltr'><strong>sub</strong></span> <span class='ocrx_word' id='word_1_343' title='bbox 3496 2659 3741 2731; x_wconf 84' lang='lat' dir='ltr'><strong>impera-</strong></span> 
     </span>
    </p>
   </div>
   <div class='ocr_carea' id='block_1_55' title="bbox 2152 2761 3053 2834">
    <p class='ocr_par' dir='ltr' id='par_1_55' title="bbox 2152 2761 3053 2834">
     <span class='ocr_line' id='line_1_55' title="bbox 2152 2761 3053 2834; baseline -0.013 -8"><span class='ocrx_word' id='word_1_344' title='bbox 2152 2780 2269 2826; x_wconf 88' lang='lat' dir='ltr'><strong>tore</strong></span> <span class='ocrx_word' id='word_1_345' title='bbox 2308 2767 2634 2828; x_wconf 84' lang='lat' dir='ltr'><strong>Domitiano,</strong></span> <span class='ocrx_word' id='word_1_346' title='bbox 2667 2772 2869 2834; x_wconf 86' lang='lat' dir='ltr'><strong>martyr</strong></span> <span class='ocrx_word' id='word_1_347' title='bbox 2898 2761 3053 2815; x_wconf 87' lang='lat' dir='ltr'><strong>obiit.</strong></span> 
     </span>
    </p>
   </div>
   <div class='ocr_carea' id='block_1_56' title="bbox 2221 2843 3741 2918">
    <p class='ocr_par' dir='ltr' id='par_1_56' title="bbox 2221 2843 3741 2918">
     <span class='ocr_line' id='line_1_56' title="bbox 2221 2843 3741 2918; baseline -0.014 -2"><span class='ocrx_word' id='word_1_348' title='bbox 2221 2862 2310 2916; x_wconf 77' lang='lat'><strong>85.</strong></span> <span class='ocrx_word' id='word_1_349' title='bbox 2333 2858 2564 2913; x_wconf 87' lang='lat' dir='ltr'><strong>Historia</strong></span> <span class='ocrx_word' id='word_1_350' title='bbox 2577 2857 2644 2912; x_wconf 85' lang='lat' dir='ltr'><strong>de</strong></span> <span class='ocrx_word' id='word_1_351' title='bbox 2661 2853 2988 2909; x_wconf 71' lang='lat' dir='ltr'><strong>Thcoctistte</strong></span> <span class='ocrx_word' id='word_1_352' title='bbox 3006 2848 3217 2904; x_wconf 60' lang='lat' dir='ltr'><strong>Lesbia:</strong></span> <span class='ocrx_word' id='word_1_353' title='bbox 3231 2846 3455 2918; x_wconf 86' lang='lat' dir='ltr'><strong>virginis</strong></span> <span class='ocrx_word' id='word_1_354' title='bbox 3472 2843 3600 2906; x_wconf 85' lang='lat' dir='ltr'><strong>vita,</strong></span> <span class='ocrx_word' id='word_1_355' title='bbox 3618 2859 3741 2912; x_wconf 74' lang='lat' dir='ltr'><strong>quae</strong></span> 
     </span>
    </p>
   </div>
   <div class='ocr_carea' id='block_1_57' title="bbox 2151 2933 3738 3024">
    <p class='ocr_par' dir='ltr' id='par_1_57' title="bbox 2151 2933 3738 3024">
     <span class='ocr_line' id='line_1_57' title="bbox 2151 2933 3738 3024; baseline -0.014 -15"><span class='ocrx_word' id='word_1_356' title='bbox 2151 2955 2304 3024; x_wconf 82' lang='lat' dir='ltr'><strong>virgo</strong></span> <span class='ocrx_word' id='word_1_357' title='bbox 2337 2951 2568 3023; x_wconf 85' lang='lat' dir='ltr'><strong>patriam</strong></span> <span class='ocrx_word' id='word_1_358' title='bbox 2602 2947 2794 3002; x_wconf 79' lang='lat' dir='ltr'><strong>habuit</strong></span> <span class='ocrx_word' id='word_1_359' title='bbox 2840 2944 3207 3013; x_wconf 86' lang='lat' dir='ltr'><strong>Methymnam</strong></span> <span class='ocrx_word' id='word_1_360' title='bbox 3239 2939 3433 2994; x_wconf 89' lang='lat' dir='ltr'><strong>urbem</strong></span> <span class='ocrx_word' id='word_1_361' title='bbox 3478 2937 3537 2989; x_wconf 90' lang='lat' dir='ltr'><strong>in</strong></span> <span class='ocrx_word' id='word_1_362' title='bbox 3581 2933 3738 3005; x_wconf 53' lang='grc' dir='ltr'><strong>ΑΞξή</strong></span> 
     </span>
    </p>
   </div>
   <div class='ocr_carea' id='block_1_58' title="bbox 2153 3029 3740 3115">
    <p class='ocr_par' dir='ltr' id='par_1_58' title="bbox 2153 3029 3740 3115">
     <span class='ocr_line' id='line_1_58' title="bbox 2153 3029 3740 3115; baseline -0.013 -14"><span class='ocrx_word' id='word_1_363' title='bbox 2153 3046 2320 3102; x_wconf 87' lang='lat' dir='ltr'><strong>maris</strong></span> <span class='ocrx_word' id='word_1_364' title='bbox 2360 3058 2529 3115; x_wconf 89' lang='lat' dir='ltr'><strong>prope</strong></span> <span class='ocrx_word' id='word_1_365' title='bbox 2561 3039 2845 3112; x_wconf 85' lang='lat' dir='ltr'><strong>Phrygiam</strong></span> <span class='ocrx_word' id='word_1_366' title='bbox 2876 3035 3017 3091; x_wconf 64' lang='lat' dir='ltr'><strong>Asiae</strong></span> <span class='ocrx_word' id='word_1_367' title='bbox 3051 3032 3388 3106; x_wconf 84' lang='lat' dir='ltr'><strong>provinciam</strong></span> <span class='ocrx_word' id='word_1_368' title='bbox 3422 3029 3740 3085; x_wconf 65' lang='lat' dir='ltr'><strong>Grtccorum</strong></span> 
     </span>
    </p>
   </div>
   <div class='ocr_carea' id='block_1_59' title="bbox 2160 3121 3746 3204">
    <p class='ocr_par' dir='ltr' id='par_1_59' title="bbox 2160 3121 3746 3204">
     <span class='ocr_line' id='line_1_59' title="bbox 2160 3121 3746 3204; baseline -0.015 -9"><span class='ocrx_word' id='word_1_369' title='bbox 2160 3139 2339 3195; x_wconf 89' lang='lat' dir='ltr'><strong>insula</strong></span> <span class='ocrx_word' id='word_1_370' title='bbox 2386 3137 2582 3201; x_wconf 83' lang='lat' dir='ltr'><strong>Lesbo,</strong></span> <span class='ocrx_word' id='word_1_371' title='bbox 2630 3150 2753 3204; x_wconf 78' lang='lat' dir='ltr'><strong>qua:</strong></span> <span class='ocrx_word' id='word_1_372' title='bbox 2801 3129 3079 3186; x_wconf 83' lang='lat' dir='ltr'><strong>nonnullis</strong></span> <span class='ocrx_word' id='word_1_373' title='bbox 3119 3127 3284 3182; x_wconf 85' lang='lat' dir='ltr'><strong>etiam</strong></span> <span class='ocrx_word' id='word_1_374' title='bbox 3323 3123 3577 3195; x_wconf 82' lang='lat' dir='ltr'><strong>Mytilene</strong></span> <span class='ocrx_word' id='word_1_375' title='bbox 3606 3121 3746 3177; x_wconf 81' lang='lat' dir='ltr'><strong>dci-</strong></span> 
     </span>
    </p>
   </div>
   <div class='ocr_carea' id='block_1_60' title="bbox 2081 3215 3746 3301">
    <p class='ocr_par' dir='ltr' id='par_1_60' title="bbox 2081 3215 3746 3301">
     <span class='ocr_line' id='line_1_60' title="bbox 2081 3215 3746 3301; baseline -0.013 -11"><span class='ocrx_word' id='word_1_376' title='bbox 2081 3239 2128 3301; x_wconf 71' lang='grc' dir='ltr'><strong>(ι</strong></span> <span class='ocrx_word' id='word_1_377' title='bbox 2163 3244 2269 3299; x_wconf 89' lang='lat' dir='ltr'><strong>tur,</strong></span> <span class='ocrx_word' id='word_1_378' title='bbox 2301 3233 2470 3286; x_wconf 83' lang='lat' dir='ltr'><strong>vitam</strong></span> <span class='ocrx_word' id='word_1_379' title='bbox 2501 3227 2855 3285; x_wconf 86' lang='lat' dir='ltr'><strong>monasticam</strong></span> <span class='ocrx_word' id='word_1_380' title='bbox 2903 3224 2959 3279; x_wconf 91' lang='lat' dir='ltr'><strong>in</strong></span> <span class='ocrx_word' id='word_1_381' title='bbox 3012 3221 3151 3276; x_wconf 89' lang='lat' dir='ltr'><strong>Paro</strong></span> <span class='ocrx_word' id='word_1_382' title='bbox 3201 3220 3516 3275; x_wconf 63' lang='lat' dir='ltr'><strong>Graecorum</strong></span> <span class='ocrx_word' id='word_1_383' title='bbox 3564 3215 3746 3271; x_wconf 89' lang='lat' dir='ltr'><strong>insula</strong></span> 
     </span>
    </p>
   </div>
   <div class='ocr_carea' id='block_1_61' title="bbox 540 3299 2348 3382">
    <p class='ocr_par' dir='ltr' id='par_1_61' title="bbox 540 3299 2348 3382">
     <span class='ocr_line' id='line_1_61' title="bbox 540 3299 2348 3382; baseline 0.01 -29"><span class='ocrx_word' id='word_1_384' title='bbox 540 3300 629 3355; x_wconf 91' lang='grc'><strong>77.</strong></span> <span class='ocrx_word' id='word_1_385' title='bbox 672 3299 909 3361; x_wconf 84' lang='lat' dir='ltr'><strong>Historia</strong></span> <span class='ocrx_word' id='word_1_386' title='bbox 931 3302 998 3358; x_wconf 90' lang='lat' dir='ltr'><strong>de</strong></span> <span class='ocrx_word' id='word_1_387' title='bbox 1017 3302 1232 3376; x_wconf 87' lang='lat' dir='ltr'><strong>Georgii</strong></span> <span class='ocrx_word' id='word_1_388' title='bbox 1253 3305 1554 3376; x_wconf 89' lang='lat' dir='ltr'><strong>Capadocis</strong></span> <span class='ocrx_word' id='word_1_389' title='bbox 1589 3310 1874 3381; x_wconf 88' lang='lat' dir='ltr'><strong>martyrio,</strong></span> <span class='ocrx_word' id='word_1_390' title='bbox 1898 3326 2059 3382; x_wconf 89' lang='lat' dir='ltr'><strong>quem</strong></span> <span class='ocrx_word' id='word_1_391' title='bbox 2099 3299 2111 3301; x_wconf 16' lang='grc' dir='ltr'><em>ἡ</em></span> <span class='ocrx_word' id='word_1_392' title='bbox 2162 3324 2348 3382; x_wconf 70' lang='lat' dir='ltr'><strong>coluit.</strong></span> 
     </span>
    </p>
   </div>
   <div class='ocr_carea' id='block_1_62' title="bbox 478 3391 2065 3475">
    <p class='ocr_par' dir='ltr' id='par_1_62' title="bbox 478 3391 2065 3475">
     <span class='ocr_line' id='line_1_62' title="bbox 478 3391 2065 3475; baseline 0.009 -30"><span class='ocrx_word' id='word_1_393' title='bbox 478 3391 675 3463; x_wconf 87' lang='lat' dir='ltr'><strong>vulgus</strong></span> <span class='ocrx_word' id='word_1_394' title='bbox 705 3408 832 3448; x_wconf 92' lang='lat' dir='ltr'><strong>cum</strong></span> <span class='ocrx_word' id='word_1_395' title='bbox 864 3394 1111 3453; x_wconf 88' lang='lat' dir='ltr'><strong>Dracone</strong></span> <span class='ocrx_word' id='word_1_396' title='bbox 1144 3413 1381 3469; x_wconf 83' lang='lat' dir='ltr'><strong>pugnam</strong></span> <span class='ocrx_word' id='word_1_397' title='bbox 1417 3399 1608 3457; x_wconf 90' lang='lat' dir='ltr'><strong>iniisse</strong></span> <span class='ocrx_word' id='word_1_398' title='bbox 1640 3412 1815 3471; x_wconf 85' lang='lat' dir='ltr'><strong>putat,</strong></span> <span class='ocrx_word' id='word_1_399' title='bbox 1891 3403 2065 3475; x_wconf 90' lang='lat' dir='ltr'><strong>impe-</strong></span> 
     </span>
    </p>
   </div>
   <div class='ocr_carea' id='block_1_63' title="bbox 2236 3396 3748 3476">
    <p class='ocr_par' dir='ltr' id='par_1_63' title="bbox 2236 3396 3748 3476">
     <span class='ocr_line' id='line_1_63' title="bbox 2236 3396 3748 3476; baseline -0.015 -3"><span class='ocrx_word' id='word_1_400' title='bbox 2236 3418 2325 3475; x_wconf 85' lang='lat'><strong>86.</strong></span> <span class='ocrx_word' id='word_1_401' title='bbox 2367 3414 2605 3471; x_wconf 87' lang='lat' dir='ltr'><strong>Historia</strong></span> <span class='ocrx_word' id='word_1_402' title='bbox 2628 3412 2696 3467; x_wconf 92' lang='lat' dir='ltr'><strong>de</strong></span> <span class='ocrx_word' id='word_1_403' title='bbox 2729 3410 2920 3467; x_wconf 87' lang='lat' dir='ltr'><strong>decem</strong></span> <span class='ocrx_word' id='word_1_404' title='bbox 2951 3414 3250 3476; x_wconf 82' lang='lat' dir='ltr'><strong>martyrum</strong></span> <span class='ocrx_word' id='word_1_405' title='bbox 3284 3399 3566 3472; x_wconf 89' lang='lat' dir='ltr'><strong>martyrio,</strong></span> <span class='ocrx_word' id='word_1_406' title='bbox 3596 3396 3748 3467; x_wconf 83' lang='lat' dir='ltr'><strong>quod</strong></span> 
     </span>
    </p>
   </div>
   <div class='ocr_carea' id='block_1_64' title="bbox 483 3485 3751 3568">
    <p class='ocr_par' dir='ltr' id='par_1_64' title="bbox 483 3485 3751 3568">
     <span class='ocr_line' id='line_1_64' title="bbox 483 3485 3751 3568; baseline 0.005 -30"><span class='ocrx_word' id='word_1_407' title='bbox 483 3494 628 3540; x_wconf 90' lang='lat' dir='ltr'><strong>rator</strong></span> <span class='ocrx_word' id='word_1_408' title='bbox 650 3485 1018 3547; x_wconf 86' lang='lat' dir='ltr'><strong>Diocletianus</strong></span> <span class='ocrx_word' id='word_1_409' title='bbox 1043 3505 1168 3546; x_wconf 90' lang='lat' dir='ltr'><strong>cum</strong></span> <span class='ocrx_word' id='word_1_410' title='bbox 1209 3492 1488 3553; x_wconf 84' lang='lat' dir='ltr'><strong>tribunum</strong></span> <span class='ocrx_word' id='word_1_411' title='bbox 1528 3495 1786 3561; x_wconf 91' lang='lat' dir='ltr'><strong>militum,</strong></span> <span class='ocrx_word' id='word_1_412' title='bbox 1828 3497 2065 3568; x_wconf 72' lang='lat' dir='ltr'><strong>denique</strong></span> <span class='ocrx_word' id='word_1_413' title='bbox 2166 3513 2220 3568; x_wconf 68' lang='lat' dir='ltr'><strong>in</strong></span> <span class='ocrx_word' id='word_1_414' title='bbox 2270 3511 2585 3567; x_wconf 64' lang='grc' dir='ltr'><strong>(ςτωεοι-ωη</strong></span> <span class='ocrx_word' id='word_1_415' title='bbox 2632 3503 2808 3560; x_wconf 83' lang='lat' dir='ltr'><strong>insula</strong></span> <span class='ocrx_word' id='word_1_416' title='bbox 2847 3501 3011 3557; x_wconf 86' lang='lat' dir='ltr'><strong>Creta</strong></span> <span class='ocrx_word' id='word_1_417' title='bbox 3057 3494 3159 3555; x_wconf 90' lang='lat' dir='ltr'><strong>sub</strong></span> <span class='ocrx_word' id='word_1_418' title='bbox 3197 3497 3530 3567; x_wconf 80' lang='lat' dir='ltr'><strong>imperatore</strong></span> <span class='ocrx_word' id='word_1_419' title='bbox 3581 3489 3751 3543; x_wconf 63' lang='lat' dir='ltr'><strong>Decio</strong></span> 
     </span>
    </p>
   </div>
   <div class='ocr_carea' id='block_1_65' title="bbox 482 3575 2067 3658">
    <p class='ocr_par' dir='ltr' id='par_1_65' title="bbox 482 3575 2067 3658">
     <span class='ocr_line' id='line_1_65' title="bbox 482 3575 2067 3658; baseline 0.009 -29"><span class='ocrx_word' id='word_1_420' title='bbox 482 3575 740 3631; x_wconf 90' lang='lat' dir='ltr'><strong>comitem</strong></span> <span class='ocrx_word' id='word_1_421' title='bbox 789 3579 1109 3644; x_wconf 86' lang='lat' dir='ltr'><strong>creavisset,</strong></span> <span class='ocrx_word' id='word_1_422' title='bbox 1162 3581 1218 3636; x_wconf 90' lang='lat' dir='ltr'><strong>in</strong></span> <span class='ocrx_word' id='word_1_423' title='bbox 1255 3583 1391 3642; x_wconf 85' lang='lat' dir='ltr'><strong>urbe</strong></span> <span class='ocrx_word' id='word_1_424' title='bbox 1416 3581 1609 3649; x_wconf 81' lang='lat' dir='ltr'><strong>Roma,</strong></span> <span class='ocrx_word' id='word_1_425' title='bbox 1655 3597 1878 3658; x_wconf 90' lang='lat' dir='ltr'><strong>propter</strong></span> <span class='ocrx_word' id='word_1_426' title='bbox 1898 3587 2067 3658; x_wconf 87' lang='lat' dir='ltr'><strong>Chri-</strong></span> 
     </span>
    </p>
   </div>
   <div class='ocr_carea' id='block_1_66' title="bbox 482 3670 1481 3748">
    <p class='ocr_par' dir='ltr' id='par_1_66' title="bbox 482 3670 1481 3748">
     <span class='ocr_line' id='line_1_66' title="bbox 482 3670 1481 3748; baseline 0.012 -26"><span class='ocrx_word' id='word_1_427' title='bbox 482 3670 713 3725; x_wconf 87' lang='lat' dir='ltr'><strong>stianam</strong></span> <span class='ocrx_word' id='word_1_428' title='bbox 751 3672 1065 3745; x_wconf 82' lang='lat' dir='ltr'><strong>religionem</strong></span> <span class='ocrx_word' id='word_1_429' title='bbox 1095 3675 1267 3731; x_wconf 84' lang='lat' dir='ltr'><strong>occidi</strong></span> <span class='ocrx_word' id='word_1_430' title='bbox 1294 3675 1481 3748; x_wconf 84' lang='lat' dir='ltr'><strong>jussit.</strong></span> 
     </span>
    </p>
   </div>
   <div class='ocr_carea' id='block_1_67' title="bbox 559 3764 2063 3845">
    <p class='ocr_par' dir='ltr' id='par_1_67' title="bbox 559 3764 2063 3845">
     <span class='ocr_line' id='line_1_67' title="bbox 559 3764 2063 3845; baseline 0.009 -30"><span class='ocrx_word' id='word_1_431' title='bbox 559 3764 647 3820; x_wconf 88' lang='grc'><strong>78.</strong></span> <span class='ocrx_word' id='word_1_432' title='bbox 685 3764 921 3822; x_wconf 80' lang='lat' dir='ltr'><strong>Historia</strong></span> <span class='ocrx_word' id='word_1_433' title='bbox 949 3767 1018 3824; x_wconf 88' lang='lat' dir='ltr'><strong>de</strong></span> <span class='ocrx_word' id='word_1_434' title='bbox 1046 3768 1347 3827; x_wconf 69' lang='lat' dir='ltr'><strong>Anastasis:</strong></span> <span class='ocrx_word' id='word_1_435' title='bbox 1366 3770 1627 3828; x_wconf 62' lang='lat' dir='ltr'><strong>Romanis</strong></span> <span class='ocrx_word' id='word_1_436' title='bbox 1658 3773 1837 3829; x_wconf 60' lang='lat' dir='ltr'><strong>vidua;</strong></span> <span class='ocrx_word' id='word_1_437' title='bbox 1859 3785 2063 3845; x_wconf 84' lang='lat' dir='ltr'><strong>marty-</strong></span> 
     </span>
    </p>
   </div>
   <div class='ocr_carea' id='block_1_68' title="bbox 487 3854 2065 3937">
    <p class='ocr_par' dir='ltr' id='par_1_68' title="bbox 487 3854 2065 3937">
     <span class='ocr_line' id='line_1_68' title="bbox 487 3854 2065 3937; baseline 0.01 -29"><span class='ocrx_word' id='word_1_438' title='bbox 487 3854 591 3919; x_wconf 88' lang='lat' dir='ltr'><strong>rio,</strong></span> <span class='ocrx_word' id='word_1_439' title='bbox 621 3858 844 3927; x_wconf 88' lang='lat' dir='ltr'><strong>quodin</strong></span> <span class='ocrx_word' id='word_1_440' title='bbox 877 3861 1010 3917; x_wconf 89' lang='lat' dir='ltr'><strong>urbe</strong></span> <span class='ocrx_word' id='word_1_441' title='bbox 1027 3860 1199 3919; x_wconf 82' lang='lat' dir='ltr'><strong>Roma</strong></span> <span class='ocrx_word' id='word_1_442' title='bbox 1223 3863 1326 3920; x_wconf 90' lang='lat' dir='ltr'><strong>sub</strong></span> <span class='ocrx_word' id='word_1_443' title='bbox 1352 3863 1681 3937; x_wconf 85' lang='lat' dir='ltr'><strong>imperatore</strong></span> <span class='ocrx_word' id='word_1_444' title='bbox 1728 3865 2065 3924; x_wconf 80' lang='lat' dir='ltr'><strong>Diocletiano</strong></span> 
     </span>
    </p>
   </div>
   <div class='ocr_carea' id='block_1_69' title="bbox 487 3949 767 4008">
    <p class='ocr_par' dir='ltr' id='par_1_69' title="bbox 487 3949 767 4008">
     <span class='ocr_line' id='line_1_69' title="bbox 487 3949 767 4008; baseline 0 0"><span class='ocrx_word' id='word_1_445' title='bbox 487 3949 767 4008; x_wconf 73' lang='lat' dir='ltr'><strong>Sustinuit.</strong></span> 
     </span>
    </p>
   </div>
   <div class='ocr_carea' id='block_1_70' title="bbox 2164 3603 2571 3661">
    <p class='ocr_par' dir='ltr' id='par_1_70' title="bbox 2164 3603 2571 3661">
     <span class='ocr_line' id='line_1_70' title="bbox 2164 3603 2571 3661; baseline -0.02 0"><span class='ocrx_word' id='word_1_446' title='bbox 2164 3603 2571 3661; x_wconf 82' lang='lat' dir='ltr'><strong>sustinuerunt.</strong></span> 
     </span>
    </p>
   </div>
   <div class='ocr_carea' id='block_1_71' title="bbox 2234 3674 3755 3751">
    <p class='ocr_par' dir='ltr' id='par_1_71' title="bbox 2234 3674 3755 3751">
     <span class='ocr_line' id='line_1_71' title="bbox 2234 3674 3755 3751; baseline -0.016 -1"><span class='ocrx_word' id='word_1_447' title='bbox 2234 3695 2325 3751; x_wconf 89' lang='grc'>87.</span> <span class='ocrx_word' id='word_1_448' title='bbox 2353 3692 2591 3748; x_wconf 89' lang='lat' dir='ltr'><strong>Historia</strong></span> <span class='ocrx_word' id='word_1_449' title='bbox 2613 3689 2680 3745; x_wconf 89' lang='lat' dir='ltr'><strong>de</strong></span> <span class='ocrx_word' id='word_1_450' title='bbox 2702 3686 2933 3742; x_wconf 64' lang='lat' dir='ltr'><strong>Andreae</strong></span> <span class='ocrx_word' id='word_1_451' title='bbox 2958 3680 3241 3740; x_wconf 82' lang='lat' dir='ltr'><strong>Cretensis</strong></span> <span class='ocrx_word' id='word_1_452' title='bbox 3266 3680 3399 3741; x_wconf 87' lang='lat' dir='ltr'><strong>vita,</strong></span> <span class='ocrx_word' id='word_1_453' title='bbox 3421 3677 3513 3748; x_wconf 90' lang='lat' dir='ltr'><strong>qui</strong></span> <span class='ocrx_word' id='word_1_454' title='bbox 3530 3674 3631 3731; x_wconf 85' lang='lat' dir='ltr'><strong>sub</strong></span> <span class='ocrx_word' id='word_1_455' title='bbox 3648 3675 3755 3727; x_wconf 88' lang='lat' dir='ltr'><strong>im-</strong></span> 
     </span>
    </p>
   </div>
   <div class='ocr_carea' id='block_1_72' title="bbox 2163 3768 3757 3860">
    <p class='ocr_par' dir='ltr' id='par_1_72' title="bbox 2163 3768 3757 3860">
     <span class='ocr_line' id='line_1_72' title="bbox 2163 3768 3757 3860; baseline -0.012 -17"><span class='ocrx_word' id='word_1_456' title='bbox 2163 3796 2419 3860; x_wconf 89' lang='lat' dir='ltr'><strong>peratore</strong></span> <span class='ocrx_word' id='word_1_457' title='bbox 2453 3781 2817 3839; x_wconf 88' lang='lat' dir='ltr'><strong>Constantino</strong></span> <span class='ocrx_word' id='word_1_458' title='bbox 2846 3777 3192 3848; x_wconf 87' lang='lat' dir='ltr'><strong>Copronymo</strong></span> <span class='ocrx_word' id='word_1_459' title='bbox 3224 3768 3584 3829; x_wconf 87' lang='lat' dir='ltr'><strong>lconomacho</strong></span> <span class='ocrx_word' id='word_1_460' title='bbox 3612 3768 3757 3824; x_wconf 71' lang='lat' dir='ltr'><strong>mori</strong></span> 
     </span>
    </p>
   </div>
   <div class='ocr_carea' id='block_1_73' title="bbox 2165 3866 3413 3957">
    <p class='ocr_par' dir='ltr' id='par_1_73' title="bbox 2165 3866 3413 3957">
     <span class='ocr_line' id='line_1_73' title="bbox 2165 3866 3413 3957; baseline -0.014 -19"><span class='ocrx_word' id='word_1_461' title='bbox 2165 3896 2326 3957; x_wconf 86' lang='lat' dir='ltr'><strong>quam</strong></span> <span class='ocrx_word' id='word_1_462' title='bbox 2360 3880 2654 3952; x_wconf 88' lang='lat' dir='ltr'><strong>imaginum</strong></span> <span class='ocrx_word' id='word_1_463' title='bbox 2681 3877 2887 3932; x_wconf 90' lang='lat' dir='ltr'><strong>cultum</strong></span> <span class='ocrx_word' id='word_1_464' title='bbox 2916 3872 3179 3929; x_wconf 88' lang='lat' dir='ltr'><strong>damnare</strong></span> <span class='ocrx_word' id='word_1_465' title='bbox 3202 3866 3413 3923; x_wconf 90' lang='lat' dir='ltr'><strong>maluit.</strong></span> 
     </span>
    </p>
   </div>
   <div class='ocr_carea' id='block_1_74' title="bbox 1679 4294 2552 4361">
    <p class='ocr_par' dir='ltr' id='par_1_74' title="bbox 1679 4294 2552 4361">
     <span class='ocr_line' id='line_1_74' title="bbox 1679 4294 2552 4361; baseline -0.006 -2"><span class='ocrx_word' id='word_1_466' title='bbox 1679 4300 2057 4361; x_wconf 82' lang='lat' dir='ltr'><strong>DANIELIS</strong></span> <span class='ocrx_word' id='word_1_467' title='bbox 2100 4299 2209 4359; x_wconf 86' lang='lat' dir='ltr'><strong>DE</strong></span> <span class='ocrx_word' id='word_1_468' title='bbox 2255 4294 2552 4358; x_wconf 82' lang='lat' dir='ltr'><strong>NESSEL</strong></span> 
     </span>
    </p>
   </div>
   <div class='ocr_carea' id='block_1_75' title="bbox 1037 4434 3198 4527">
    <p class='ocr_par' dir='ltr' id='par_1_75' title="bbox 1037 4434 3198 4527">
     <span class='ocr_line' id='line_1_75' title="bbox 1037 4434 3198 4527; baseline -0.005 -18"><span class='ocrx_word' id='word_1_469' title='bbox 1037 4443 1373 4525; x_wconf 76' lang='lat' dir='ltr'><strong>Catalogus</strong></span> <span class='ocrx_word' id='word_1_470' title='bbox 1422 4446 1709 4509; x_wconf 83' lang='lat' dir='ltr'><strong>Vitarum</strong></span> <span class='ocrx_word' id='word_1_471' title='bbox 1756 4465 1916 4527; x_wconf 87' lang='lat' dir='ltr'><strong>quas</strong></span> <span class='ocrx_word' id='word_1_472' title='bbox 1962 4450 2241 4527; x_wconf 87' lang='lat' dir='ltr'><strong>Symeon</strong></span> <span class='ocrx_word' id='word_1_473' title='bbox 2289 4443 2760 4522; x_wconf 83' lang='lat' dir='ltr'><strong>Metaphrastes</strong></span> <span class='ocrx_word' id='word_1_474' title='bbox 2805 4434 3198 4516; x_wconf 89' lang='lat' dir='ltr'><strong>composuit.</strong></span> 
     </span>
    </p>
   </div>
   <div class='ocr_carea' id='block_1_76' title="bbox 1099 4581 3147 4663">
    <p class='ocr_par' dir='ltr' id='par_1_76' title="bbox 1099 4581 3147 4663">
     <span class='ocr_line' id='line_1_76' title="bbox 1099 4581 3147 4663; baseline -0.01 -10"><span class='ocrx_word' id='word_1_475' title='bbox 1099 4597 1193 4661; x_wconf 81' lang='lat' dir='ltr'><strong>(Ex</strong></span> <span class='ocrx_word' id='word_1_476' title='bbox 1219 4597 1452 4663; x_wconf 85' lang='lat' dir='ltr'><strong>Catalogo</strong></span> <span class='ocrx_word' id='word_1_477' title='bbox 1482 4598 1723 4649; x_wconf 84' lang='lat' dir='ltr'><strong>Bibliotb.</strong></span> <span class='ocrx_word' id='word_1_478' title='bbox 1760 4597 2043 4647; x_wconf 83' lang='lat' dir='ltr'><strong>Vindobon.</strong></span> <span class='ocrx_word' id='word_1_479' title='bbox 2080 4608 2197 4644; x_wconf 79' lang='lat' dir='ltr'><strong>mss.</strong></span> <span class='ocrx_word' id='word_1_480' title='bbox 2238 4594 2394 4643; x_wconf 70' lang='lat' dir='ltr'><strong>Gneo.</strong></span> <span class='ocrx_word' id='word_1_481' title='bbox 2422 4595 2472 4641; x_wconf 88' lang='lat' dir='ltr'><strong>in</strong></span> <span class='ocrx_word' id='word_1_482' title='bbox 2503 4591 2583 4641; x_wconf 88' lang='lat' dir='ltr'><strong>l&#39;ol.</strong></span> <span class='ocrx_word' id='word_1_483' title='bbox 2612 4588 2792 4640; x_wconf 83' lang='lat' dir='ltr'><strong>Indicis</strong></span> <span class='ocrx_word' id='word_1_484' title='bbox 2816 4588 2836 4637; x_wconf 89' lang='grc' dir='ltr'>ῐ</span> <span class='ocrx_word' id='word_1_485' title='bbox 2863 4598 2957 4649; x_wconf 84' lang='lat' dir='ltr'><strong>pag</strong></span> <span class='ocrx_word' id='word_1_486' title='bbox 3012 4581 3147 4644; x_wconf 81' lang='grc'><strong>109.)</strong></span> 
     </span>
    </p>
   </div>
   <div class='ocr_carea' id='block_1_77' title="bbox 2083 4756 2156 4772">
    <p class='ocr_par' dir='ltr' id='par_1_77' title="bbox 2083 4756 2156 4772">
     <span class='ocr_line' id='line_1_77' title="bbox 2083 4756 2156 4772; baseline -0.027 0"><span class='ocrx_word' id='word_1_487' title='bbox 2083 4756 2156 4772; x_wconf 59' lang='grc'><strong><em>*</em></strong></span> 
     </span>
    </p>
   </div>
   <div class='ocr_carea' id='block_1_78' title="bbox 568 4833 3768 4941">
    <p class='ocr_par' dir='ltr' id='par_1_78' title="bbox 568 4833 3768 4941">
     <span class='ocr_line' id='line_1_78' title="bbox 568 4833 3768 4941; baseline -0.011 -19"><span class='ocrx_word' id='word_1_488' title='bbox 568 4865 873 4941; x_wconf 82' lang='lat' dir='ltr'><strong>Symeouis,</strong></span> <span class='ocrx_word' id='word_1_489' title='bbox 905 4868 1234 4940; x_wconf 87' lang='lat' dir='ltr'><strong>cognomine</strong></span> <span class='ocrx_word' id='word_1_490' title='bbox 1257 4857 1661 4939; x_wconf 81' lang='lat' dir='ltr'><strong>Metaphrastae,</strong></span> <span class='ocrx_word' id='word_1_491' title='bbox 1692 4868 1784 4938; x_wconf 88' lang='lat' dir='ltr'><strong>qui</strong></span> <span class='ocrx_word' id='word_1_492' title='bbox 1825 4867 1927 4923; x_wconf 79' lang='lat' dir='ltr'><strong>init</strong></span> <span class='ocrx_word' id='word_1_493' title='bbox 1957 4883 2076 4923; x_wconf 84' lang='lat' dir='ltr'><strong>ma—</strong></span> <span class='ocrx_word' id='word_1_494' title='bbox 2110 4871 2153 4927; x_wconf 83' lang='grc' dir='ltr'><strong>Ι)</strong></span> <span class='ocrx_word' id='word_1_495' title='bbox 2253 4861 2491 4918; x_wconf 89' lang='lat' dir='ltr'><strong>Historia</strong></span> <span class='ocrx_word' id='word_1_496' title='bbox 2544 4853 2787 4927; x_wconf 87' lang='lat' dir='ltr'><strong>martyrii</strong></span> <span class='ocrx_word' id='word_1_497' title='bbox 2817 4848 2994 4908; x_wconf 88' lang='lat' dir='ltr'><strong>sancti</strong></span> <span class='ocrx_word' id='word_1_498' title='bbox 3021 4840 3325 4941; x_wconf 70' lang='lat' dir='ltr'><strong>Eleutherii</strong></span> <span class='ocrx_word' id='word_1_499' title='bbox 3359 4836 3601 4941; x_wconf 86' lang='lat' dir='ltr'><strong>episcopi</strong></span> <span class='ocrx_word' id='word_1_500' title='bbox 3635 4833 3768 4905; x_wconf 86' lang='lat' dir='ltr'><strong>lily-</strong></span> 
     </span>
    </p>
   </div>
   <div class='ocr_carea' id='block_1_79' title="bbox 498 4957 2080 5029">
    <p class='ocr_par' dir='ltr' id='par_1_79' title="bbox 498 4957 2080 5029">
     <span class='ocr_line' id='line_1_79' title="bbox 498 4957 2080 5029; baseline 0.001 -17"><span class='ocrx_word' id='word_1_501' title='bbox 498 4958 664 5029; x_wconf 81' lang='lat' dir='ltr'><strong>gister</strong></span> <span class='ocrx_word' id='word_1_502' title='bbox 697 4966 752 5013; x_wconf 92' lang='lat' dir='ltr'><strong>et</strong></span> <span class='ocrx_word' id='word_1_503' title='bbox 769 4958 1078 5027; x_wconf 81' lang='lat' dir='ltr'><strong>logothetes</strong></span> <span class='ocrx_word' id='word_1_504' title='bbox 1116 4959 1170 5012; x_wconf 90' lang='lat' dir='ltr'><strong>in</strong></span> <span class='ocrx_word' id='word_1_505' title='bbox 1192 4958 1314 5015; x_wconf 88' lang='lat' dir='ltr'><strong>aula</strong></span> <span class='ocrx_word' id='word_1_506' title='bbox 1334 4957 1954 5029; x_wconf 82' lang='lat' dir='ltr'><strong>Constantinopolitana,</strong></span> <span class='ocrx_word' id='word_1_507' title='bbox 1986 4959 2080 5013; x_wconf 84' lang='lat' dir='ltr'><strong>de-</strong></span> 
     </span>
    </p>
   </div>
   <div class='ocr_carea' id='block_1_80' title="bbox 498 5049 1681 5121">
    <p class='ocr_par' dir='ltr' id='par_1_80' title="bbox 498 5049 1681 5121">
     <span class='ocr_line' id='line_1_80' title="bbox 498 5049 1681 5121; baseline 0.002 -16"><span class='ocrx_word' id='word_1_508' title='bbox 498 5053 750 5121; x_wconf 87' lang='lat' dir='ltr'><strong>cimoque</strong></span> <span class='ocrx_word' id='word_1_509' title='bbox 786 5060 908 5121; x_wconf 86' lang='lat' dir='ltr'><strong>post</strong></span> <span class='ocrx_word' id='word_1_510' title='bbox 944 5049 1228 5106; x_wconf 89' lang='lat' dir='ltr'><strong>Christum</strong></span> <span class='ocrx_word' id='word_1_511' title='bbox 1256 5050 1455 5106; x_wconf 70' lang='lat' dir='ltr'><strong>saeculo</strong></span> <span class='ocrx_word' id='word_1_512' title='bbox 1477 5050 1681 5118; x_wconf 87' lang='lat' dir='ltr'><strong>ﬂoruit,</strong></span> 
     </span>
    </p>
   </div>
   <div class='ocr_carea' id='block_1_81' title="bbox 574 5142 1306 5211">
    <p class='ocr_par' dir='ltr' id='par_1_81' title="bbox 574 5142 1306 5211">
     <span class='ocr_line' id='line_1_81' title="bbox 574 5142 1306 5211; baseline 0.001 -14"><span class='ocrx_word' id='word_1_513' title='bbox 574 5145 808 5199; x_wconf 88' lang='lat' dir='ltr'><strong>Historia</strong></span> <span class='ocrx_word' id='word_1_514' title='bbox 841 5145 968 5199; x_wconf 71' lang='lat' dir='ltr'><strong>vita:</strong></span> <span class='ocrx_word' id='word_1_515' title='bbox 998 5143 1057 5199; x_wconf 91' lang='lat' dir='ltr'><strong>S.</strong></span> <span class='ocrx_word' id='word_1_516' title='bbox 1095 5142 1306 5211; x_wconf 79' lang='lat' dir='ltr'><strong>Alexii;</strong></span> 
     </span>
    </p>
   </div>
   <div class='ocr_carea' id='block_1_82' title="bbox 488 5234 1692 5304">
    <p class='ocr_par' dir='ltr' id='par_1_82' title="bbox 488 5234 1692 5304">
     <span class='ocr_line' id='line_1_82' title="bbox 488 5234 1692 5304; baseline -0.002 -12"><span class='ocrx_word' id='word_1_517' title='bbox 488 5283 497 5292; x_wconf 95' lang='lat'><strong>.</strong></span> <span class='ocrx_word' id='word_1_518' title='bbox 575 5234 808 5291; x_wconf 87' lang='lat' dir='ltr'><strong>Historia</strong></span> <span class='ocrx_word' id='word_1_519' title='bbox 839 5235 1081 5304; x_wconf 89' lang='lat' dir='ltr'><strong>martyrii</strong></span> <span class='ocrx_word' id='word_1_520' title='bbox 1115 5234 1173 5290; x_wconf 90' lang='lat' dir='ltr'><strong>S.</strong></span> <span class='ocrx_word' id='word_1_521' title='bbox 1210 5234 1646 5289; x_wconf 84' lang='lat' dir='ltr'><strong>Panteleemonis</strong></span> <span class='ocrx_word' id='word_1_522' title='bbox 1677 5251 1692 5301; x_wconf 89' lang='lat'><strong>;</strong></span> 
     </span>
    </p>
   </div>
   <div class='ocr_carea' id='block_1_83' title="bbox 573 5326 1896 5397">
    <p class='ocr_par' dir='ltr' id='par_1_83' title="bbox 573 5326 1896 5397">
     <span class='ocr_line' id='line_1_83' title="bbox 573 5326 1896 5397; baseline -0.002 -16"><span class='ocrx_word' id='word_1_523' title='bbox 573 5327 821 5384; x_wconf 64' lang='lat' dir='ltr'><strong>Historia</strong></span> <span class='ocrx_word' id='word_1_524' title='bbox 837 5328 965 5382; x_wconf 63' lang='lat' dir='ltr'><strong>vitae</strong></span> <span class='ocrx_word' id='word_1_525' title='bbox 988 5327 1045 5382; x_wconf 84' lang='lat' dir='ltr'><strong>S.</strong></span> <span class='ocrx_word' id='word_1_526' title='bbox 1073 5326 1303 5395; x_wconf 85' lang='lat' dir='ltr'><strong>Nicolai,</strong></span> <span class='ocrx_word' id='word_1_527' title='bbox 1324 5327 1566 5397; x_wconf 79' lang='lat' dir='ltr'><strong>episcopi</strong></span> <span class='ocrx_word' id='word_1_528' title='bbox 1595 5326 1896 5394; x_wconf 74' lang='lat' dir='ltr'><strong>Myrcnsis;</strong></span> 
     </span>
    </p>
   </div>
   <div class='ocr_carea' id='block_1_84' title="bbox 572 5418 2084 5490">
    <p class='ocr_par' dir='ltr' id='par_1_84' title="bbox 572 5418 2084 5490">
     <span class='ocr_line' id='line_1_84' title="bbox 572 5418 2084 5490; baseline -0.002 -15"><span class='ocrx_word' id='word_1_529' title='bbox 572 5418 776 5475; x_wconf 85' lang='lat' dir='ltr'><strong>Versus</strong></span> <span class='ocrx_word' id='word_1_530' title='bbox 830 5419 1227 5490; x_wconf 89' lang='lat' dir='ltr'><strong>compunctori-i</strong></span> <span class='ocrx_word' id='word_1_531' title='bbox 1273 5419 1449 5476; x_wconf 76' lang='lat' dir='ltr'><strong>forma</strong></span> <span class='ocrx_word' id='word_1_532' title='bbox 1481 5418 1846 5476; x_wconf 78' lang='lat' dir='ltr'><strong>confessionis</strong></span> <span class='ocrx_word' id='word_1_533' title='bbox 1887 5432 2084 5474; x_wconf 80' lang='lat' dir='ltr'><strong>secun-</strong></span> 
     </span>
    </p>
   </div>
   <div class='ocr_carea' id='block_1_85' title="bbox 503 5511 1374 5584">
    <p class='ocr_par' dir='ltr' id='par_1_85' title="bbox 503 5511 1374 5584">
     <span class='ocr_line' id='line_1_85' title="bbox 503 5511 1374 5584; baseline 0.001 -18"><span class='ocrx_word' id='word_1_534' title='bbox 503 5511 632 5566; x_wconf 86' lang='lat' dir='ltr'><strong>dum</strong></span> <span class='ocrx_word' id='word_1_535' title='bbox 656 5512 903 5568; x_wconf 88' lang='lat' dir='ltr'><strong>ordinem</strong></span> <span class='ocrx_word' id='word_1_536' title='bbox 934 5512 1374 5584; x_wconf 85' lang='lat' dir='ltr'><strong>alphabeticum;</strong></span> 
     </span>
    </p>
   </div>
   <div class='ocr_carea' id='block_1_86' title="bbox 579 5604 1731 5674">
    <p class='ocr_par' dir='ltr' id='par_1_86' title="bbox 579 5604 1731 5674">
     <span class='ocr_line' id='line_1_86' title="bbox 579 5604 1731 5674; baseline 0 -17"><span class='ocrx_word' id='word_1_537' title='bbox 579 5604 861 5659; x_wconf 90' lang='lat' dir='ltr'><strong>Canticum</strong></span> <span class='ocrx_word' id='word_1_538' title='bbox 896 5620 1113 5660; x_wconf 86' lang='lat' dir='ltr'><strong>sacrum</strong></span> <span class='ocrx_word' id='word_1_539' title='bbox 1134 5605 1325 5660; x_wconf 85' lang='lat' dir='ltr'><strong>ordine</strong></span> <span class='ocrx_word' id='word_1_540' title='bbox 1345 5604 1690 5674; x_wconf 89' lang='lat' dir='ltr'><strong>alphabetico</strong></span> <span class='ocrx_word' id='word_1_541' title='bbox 1716 5622 1731 5669; x_wconf 83' lang='lat'><strong>;</strong></span> 
     </span>
    </p>
   </div>
   <div class='ocr_carea' id='block_1_87' title="bbox 580 5694 2092 5767">
    <p class='ocr_par' dir='ltr' id='par_1_87' title="bbox 580 5694 2092 5767">
     <span class='ocr_line' id='line_1_87' title="bbox 580 5694 2092 5767; baseline 0.002 -20"><span class='ocrx_word' id='word_1_542' title='bbox 580 5694 939 5766; x_wconf 80' lang='lat' dir='ltr'><strong>Synaxarium</strong></span> <span class='ocrx_word' id='word_1_543' title='bbox 971 5697 1028 5752; x_wconf 90' lang='lat' dir='ltr'><strong>in</strong></span> <span class='ocrx_word' id='word_1_544' title='bbox 1045 5698 1456 5753; x_wconf 76' lang='lat' dir='ltr'><strong>cruciﬁxionem</strong></span> <span class='ocrx_word' id='word_1_545' title='bbox 1478 5695 1685 5751; x_wconf 88' lang='lat' dir='ltr'><strong>Christi</strong></span> <span class='ocrx_word' id='word_1_546' title='bbox 1720 5696 1971 5752; x_wconf 74' lang='lat' dir='ltr'><strong>versibus</strong></span> <span class='ocrx_word' id='word_1_547' title='bbox 1991 5710 2092 5767; x_wconf 78' lang='lat' dir='ltr'><strong>po-</strong></span> 
     </span>
    </p>
   </div>
   <div class='ocr_carea' id='block_1_88' title="bbox 510 5787 702 5854">
    <p class='ocr_par' dir='ltr' id='par_1_88' title="bbox 510 5787 702 5854">
     <span class='ocr_line' id='line_1_88' title="bbox 510 5787 702 5854; baseline 0.016 -16"><span class='ocrx_word' id='word_1_548' title='bbox 510 5787 702 5854; x_wconf 85' lang='lat' dir='ltr'><strong>iiticis;</strong></span> 
     </span>
    </p>
   </div>
   <div class='ocr_carea' id='block_1_89' title="bbox 580 5878 1757 5950">
    <p class='ocr_par' dir='ltr' id='par_1_89' title="bbox 580 5878 1757 5950">
     <span class='ocr_line' id='line_1_89' title="bbox 580 5878 1757 5950; baseline 0.002 -19"><span class='ocrx_word' id='word_1_549' title='bbox 580 5878 817 5936; x_wconf 76' lang='lat' dir='ltr'><strong>Historia</strong></span> <span class='ocrx_word' id='word_1_550' title='bbox 844 5881 1087 5950; x_wconf 85' lang='lat' dir='ltr'><strong>martyrii</strong></span> <span class='ocrx_word' id='word_1_551' title='bbox 1120 5881 1293 5937; x_wconf 87' lang='lat' dir='ltr'><strong>sancti</strong></span> <span class='ocrx_word' id='word_1_552' title='bbox 1324 5881 1521 5937; x_wconf 81' lang='lat' dir='ltr'><strong>Nicetae</strong></span> <span class='ocrx_word' id='word_1_553' title='bbox 1559 5880 1757 5948; x_wconf 87' lang='lat' dir='ltr'><strong>Gothi;</strong></span> 
     </span>
    </p>
   </div>
   <div class='ocr_carea' id='block_1_90' title="bbox 2184 4933 3448 5022">
    <p class='ocr_par' dir='ltr' id='par_1_90' title="bbox 2184 4933 3448 5022">
     <span class='ocr_line' id='line_1_90' title="bbox 2184 4933 3448 5022; baseline -0.021 -9"><span class='ocrx_word' id='word_1_554' title='bbox 2184 4956 2302 5022; x_wconf 90' lang='lat' dir='ltr'><strong>rici,</strong></span> <span class='ocrx_word' id='word_1_555' title='bbox 2326 4963 2381 5010; x_wconf 90' lang='lat' dir='ltr'><strong>et</strong></span> <span class='ocrx_word' id='word_1_556' title='bbox 2411 4949 2635 5007; x_wconf 92' lang='lat' dir='ltr'><strong>historia</strong></span> <span class='ocrx_word' id='word_1_557' title='bbox 2662 4942 2904 5015; x_wconf 88' lang='lat' dir='ltr'><strong>martyrii</strong></span> <span class='ocrx_word' id='word_1_558' title='bbox 2930 4938 3104 4995; x_wconf 88' lang='lat' dir='ltr'><strong>sancti</strong></span> <span class='ocrx_word' id='word_1_559' title='bbox 3134 4933 3448 5006; x_wconf 86' lang='lat' dir='ltr'><strong>Polyeucti;</strong></span> 
     </span>
    </p>
   </div>
   <div class='ocr_carea' id='block_1_91' title="bbox 2256 5018 3661 5110">
    <p class='ocr_par' dir='ltr' id='par_1_91' title="bbox 2256 5018 3661 5110">
     <span class='ocr_line' id='line_1_91' title="bbox 2256 5018 3661 5110; baseline -0.021 -8"><span class='ocrx_word' id='word_1_560' title='bbox 2256 5018 2493 5103; x_wconf 86' lang='lat' dir='ltr'><strong>Historia</strong></span> <span class='ocrx_word' id='word_1_561' title='bbox 2523 5036 2765 5110; x_wconf 86' lang='lat' dir='ltr'><strong>martyrii</strong></span> <span class='ocrx_word' id='word_1_562' title='bbox 2795 5032 2971 5090; x_wconf 89' lang='lat' dir='ltr'><strong>sancti</strong></span> <span class='ocrx_word' id='word_1_563' title='bbox 2994 5027 3254 5085; x_wconf 89' lang='lat' dir='ltr'><strong>Demetrii</strong></span> <span class='ocrx_word' id='word_1_564' title='bbox 3290 5018 3661 5096; x_wconf 89' lang='lat' dir='ltr'><strong>proconsulis;</strong></span> 
     </span>
    </p>
   </div>
   <div class='ocr_carea' id='block_1_92' title="bbox 2264 5108 3781 5196">
    <p class='ocr_par' dir='ltr' id='par_1_92' title="bbox 2264 5108 3781 5196">
     <span class='ocr_line' id='line_1_92' title="bbox 2264 5108 3781 5196; baseline -0.024 0"><span class='ocrx_word' id='word_1_565' title='bbox 2264 5141 2385 5196; x_wconf 83' lang='lat' dir='ltr'><strong>Vita</strong></span> <span class='ocrx_word' id='word_1_566' title='bbox 2426 5143 2628 5193; x_wconf 68' lang='lat' dir='ltr'><strong>sanctae</strong></span> <span class='ocrx_word' id='word_1_567' title='bbox 2669 5108 2883 5193; x_wconf 72' lang='lat' dir='ltr'><strong>Mariae,</strong></span> <span class='ocrx_word' id='word_1_568' title='bbox 2930 5140 3052 5195; x_wconf 72' lang='lat' dir='ltr'><strong>quae</strong></span> <span class='ocrx_word' id='word_1_569' title='bbox 3080 5123 3136 5177; x_wconf 92' lang='lat' dir='ltr'><strong>in</strong></span> <span class='ocrx_word' id='word_1_570' title='bbox 3175 5118 3321 5176; x_wconf 88' lang='lat' dir='ltr'><strong>virili</strong></span> <span class='ocrx_word' id='word_1_571' title='bbox 3364 5112 3638 5177; x_wconf 72' lang='lat' dir='ltr'><strong>emnobio,</strong></span> <span class='ocrx_word' id='word_1_572' title='bbox 3666 5108 3781 5162; x_wconf 90' lang='lat' dir='ltr'><strong>sub</strong></span> 
     </span>
    </p>
   </div>
   <div class='ocr_carea' id='block_1_93' title="bbox 2188 5204 3779 5293">
    <p class='ocr_par' dir='ltr' id='par_1_93' title="bbox 2188 5204 3779 5293">
     <span class='ocr_line' id='line_1_93' title="bbox 2188 5204 3779 5293; baseline -0.024 -1"><span class='ocrx_word' id='word_1_573' title='bbox 2188 5235 2376 5293; x_wconf 86' lang='lat' dir='ltr'><strong>habitu</strong></span> <span class='ocrx_word' id='word_1_574' title='bbox 2414 5229 2555 5287; x_wconf 90' lang='lat' dir='ltr'><strong>virili</strong></span> <span class='ocrx_word' id='word_1_575' title='bbox 2582 5237 2636 5283; x_wconf 87' lang='lat' dir='ltr'><strong>et</strong></span> <span class='ocrx_word' id='word_1_576' title='bbox 2683 5223 2906 5280; x_wconf 91' lang='lat' dir='ltr'><strong>nomine</strong></span> <span class='ocrx_word' id='word_1_577' title='bbox 2962 5216 3177 5283; x_wconf 80' lang='lat' dir='ltr'><strong>Marini,</strong></span> <span class='ocrx_word' id='word_1_578' title='bbox 3219 5209 3564 5269; x_wconf 85' lang='lat' dir='ltr'><strong>sanctissime</strong></span> <span class='ocrx_word' id='word_1_579' title='bbox 3611 5204 3779 5267; x_wconf 73' lang='lat' dir='ltr'><strong>vixit,</strong></span> 
     </span>
    </p>
   </div>
   <div class='ocr_carea' id='block_1_94' title="bbox 2191 5302 3594 5391">
    <p class='ocr_par' dir='ltr' id='par_1_94' title="bbox 2191 5302 3594 5391">
     <span class='ocr_line' id='line_1_94' title="bbox 2191 5302 3594 5391; baseline -0.022 -9"><span class='ocrx_word' id='word_1_580' title='bbox 2191 5340 2293 5382; x_wconf 88' lang='lat' dir='ltr'><strong>nec</strong></span> <span class='ocrx_word' id='word_1_581' title='bbox 2332 5323 2433 5377; x_wconf 86' lang='lat' dir='ltr'><strong>nisi</strong></span> <span class='ocrx_word' id='word_1_582' title='bbox 2468 5327 2588 5391; x_wconf 81' lang='lat' dir='ltr'><strong>post</strong></span> <span class='ocrx_word' id='word_1_583' title='bbox 2615 5315 2824 5372; x_wconf 89' lang='lat' dir='ltr'><strong>obitum</strong></span> <span class='ocrx_word' id='word_1_584' title='bbox 2855 5311 3057 5367; x_wconf 80' lang='lat' dir='ltr'><strong>femina</strong></span> <span class='ocrx_word' id='word_1_585' title='bbox 3092 5302 3435 5378; x_wconf 84' lang='lat' dir='ltr'><strong>deprehensa</strong></span> <span class='ocrx_word' id='word_1_586' title='bbox 3463 5307 3546 5353; x_wconf 88' lang='lat' dir='ltr'><strong>est</strong></span> <span class='ocrx_word' id='word_1_587' title='bbox 3579 5314 3594 5361; x_wconf 89' lang='lat'><strong>;</strong></span> 
     </span>
    </p>
   </div>
   <div class='ocr_carea' id='block_1_95' title="bbox 2260 5384 3787 5469">
    <p class='ocr_par' dir='ltr' id='par_1_95' title="bbox 2260 5384 3787 5469">
     <span class='ocr_line' id='line_1_95' title="bbox 2260 5384 3787 5469; baseline -0.02 0"><span class='ocrx_word' id='word_1_588' title='bbox 2260 5384 2516 5469; x_wconf 67' lang='lat' dir='ltr'><strong>Historiae</strong></span> <span class='ocrx_word' id='word_1_589' title='bbox 2562 5408 2691 5464; x_wconf 69' lang='lat' dir='ltr'><strong>vitae</strong></span> <span class='ocrx_word' id='word_1_590' title='bbox 2718 5402 2901 5461; x_wconf 87' lang='lat' dir='ltr'><strong>sancti</strong></span> <span class='ocrx_word' id='word_1_591' title='bbox 2962 5398 3195 5455; x_wconf 83' lang='lat' dir='ltr'><strong>Joannis</strong></span> <span class='ocrx_word' id='word_1_592' title='bbox 3240 5387 3615 5464; x_wconf 86' lang='lat' dir='ltr'><strong>Chrysostomi</strong></span> <span class='ocrx_word' id='word_1_593' title='bbox 3669 5384 3787 5439; x_wconf 81' lang='lat' dir='ltr'><strong>fra-</strong></span> 
     </span>
    </p>
   </div>
   <div class='ocr_carea' id='block_1_96' title="bbox 2188 5517 2508 5581">
    <p class='ocr_par' dir='ltr' id='par_1_96' title="bbox 2188 5517 2508 5581">
     <span class='ocr_line' id='line_1_96' title="bbox 2188 5517 2508 5581; baseline -0.013 -19"><span class='ocrx_word' id='word_1_594' title='bbox 2188 5517 2468 5581; x_wconf 86' lang='lat' dir='ltr'><strong>gmentum</strong></span> <span class='ocrx_word' id='word_1_595' title='bbox 2491 5521 2508 5568; x_wconf 84' lang='lat'><strong>;</strong></span> 
     </span>
    </p>
   </div>
   <div class='ocr_carea' id='block_1_97' title="bbox 2262 5568 3786 5660">
    <p class='ocr_par' dir='ltr' id='par_1_97' title="bbox 2262 5568 3786 5660">
     <span class='ocr_line' id='line_1_97' title="bbox 2262 5568 3786 5660; baseline -0.022 -8"><span class='ocrx_word' id='word_1_596' title='bbox 2262 5597 2382 5651; x_wconf 76' lang='lat' dir='ltr'><strong>Vita</strong></span> <span class='ocrx_word' id='word_1_597' title='bbox 2414 5592 2584 5651; x_wconf 91' lang='lat' dir='ltr'><strong>sancti</strong></span> <span class='ocrx_word' id='word_1_598' title='bbox 2611 5585 2919 5660; x_wconf 84' lang='lat' dir='ltr'><strong>Tryphonis</strong></span> <span class='ocrx_word' id='word_1_599' title='bbox 2970 5582 3245 5653; x_wconf 84' lang='lat' dir='ltr'><strong>martyris,</strong></span> <span class='ocrx_word' id='word_1_600' title='bbox 3300 5575 3476 5648; x_wconf 88' lang='lat' dir='ltr'><strong>patria</strong></span> <span class='ocrx_word' id='word_1_601' title='bbox 3519 5568 3786 5660; x_wconf 75' lang='lat' dir='ltr'><strong>Camhsa-</strong></span> 
     </span>
    </p>
   </div>
   <div class='ocr_carea' id='block_1_98' title="bbox 2193 5658 3781 5752">
    <p class='ocr_par' dir='ltr' id='par_1_98' title="bbox 2193 5658 3781 5752">
     <span class='ocr_line' id='line_1_98' title="bbox 2193 5658 3781 5752; baseline -0.022 -7"><span class='ocrx_word' id='word_1_602' title='bbox 2193 5687 2383 5745; x_wconf 86' lang='lat' dir='ltr'><strong>densis</strong></span> <span class='ocrx_word' id='word_1_603' title='bbox 2405 5686 2461 5739; x_wconf 92' lang='lat' dir='ltr'><strong>in</strong></span> <span class='ocrx_word' id='word_1_604' title='bbox 2489 5658 2741 5752; x_wconf 76' lang='lat' dir='ltr'><strong>Phrygia,</strong></span> <span class='ocrx_word' id='word_1_605' title='bbox 2776 5677 2970 5731; x_wconf 69' lang='lat' dir='ltr'><strong>Nicaeae</strong></span> <span class='ocrx_word' id='word_1_606' title='bbox 3004 5682 3186 5727; x_wconf 84' lang='lat' dir='ltr'><strong>autem</strong></span> <span class='ocrx_word' id='word_1_607' title='bbox 3219 5671 3275 5722; x_wconf 88' lang='lat' dir='ltr'><strong>in</strong></span> <span class='ocrx_word' id='word_1_608' title='bbox 3317 5663 3568 5736; x_wconf 86' lang='lat' dir='ltr'><strong>Bithynia</strong></span> <span class='ocrx_word' id='word_1_609' title='bbox 3612 5662 3677 5714; x_wconf 86' lang='lat' dir='ltr'><strong>A.</strong></span> <span class='ocrx_word' id='word_1_610' title='bbox 3710 5658 3781 5711; x_wconf 82' lang='lat' dir='ltr'><strong>C.</strong></span> 
     </span>
    </p>
   </div>
   <div class='ocr_carea' id='block_1_99' title="bbox 2192 5766 3601 5856">
    <p class='ocr_par' dir='ltr' id='par_1_99' title="bbox 2192 5766 3601 5856">
     <span class='ocr_line' id='line_1_99' title="bbox 2192 5766 3601 5856; baseline -0.013 -20"><span class='ocrx_word' id='word_1_611' title='bbox 2192 5780 2299 5836; x_wconf 69' lang='lat'><strong>250</strong></span> <span class='ocrx_word' id='word_1_612' title='bbox 2330 5779 2431 5833; x_wconf 87' lang='lat' dir='ltr'><strong>sub</strong></span> <span class='ocrx_word' id='word_1_613' title='bbox 2462 5776 2595 5843; x_wconf 85' lang='lat' dir='ltr'><strong>imp.</strong></span> <span class='ocrx_word' id='word_1_614' title='bbox 2630 5770 2794 5826; x_wconf 85' lang='lat' dir='ltr'><strong>Decio</strong></span> <span class='ocrx_word' id='word_1_615' title='bbox 2818 5766 3000 5837; x_wconf 87' lang='lat' dir='ltr'><strong>passi;</strong></span> <span class='ocrx_word' id='word_1_616' title='bbox 3239 5853 3253 5856; x_wconf 66' lang='lat'>_</span> <span class='ocrx_word' id='word_1_617' title='bbox 3288 5852 3299 5856; x_wconf 59' lang='lat'><em>_</em></span> <span class='ocrx_word' id='word_1_618' title='bbox 3348 5850 3359 5856; x_wconf 28' lang='lat' dir='ltr'><strong>A</strong></span> <span class='ocrx_word' id='word_1_619' title='bbox 3590 5844 3601 5856; x_wconf 43' lang='lat'><strong><em>.</em></strong></span> 
     </span>
    </p>
   </div>
   <div class='ocr_carea' id='block_1_100' title="bbox 2272 5850 3653 5942">
    <p class='ocr_par' dir='ltr' id='par_1_100' title="bbox 2272 5850 3653 5942">
     <span class='ocr_line' id='line_1_100' title="bbox 2272 5850 3653 5942; baseline -0.022 -16"><span class='ocrx_word' id='word_1_620' title='bbox 2272 5872 2580 5942; x_wconf 71' lang='lat' dir='ltr'><strong>Martyrium</strong></span> <span class='ocrx_word' id='word_1_621' title='bbox 2608 5865 2779 5922; x_wconf 88' lang='lat' dir='ltr'><strong>sancti</strong></span> <span class='ocrx_word' id='word_1_622' title='bbox 2801 5858 2991 5917; x_wconf 86' lang='lat' dir='ltr'><strong>lsidori</strong></span> <span class='ocrx_word' id='word_1_623' title='bbox 3016 5850 3362 5911; x_wconf 81' lang='lat' dir='ltr'><strong>Alexandrini</strong></span> <span class='ocrx_word' id='word_1_624' title='bbox 3381 5850 3653 5918; x_wconf 84' lang='lat' dir='ltr'><strong>martyris.</strong></span> 
     </span>
    </p>
   </div>
  </div>
