4156 6408
451 363 555 427 30!

1665 384 2016 447 VITARUM
2053 385 2394 446 CATALOG
2406 387 2522 447 US.

3610 394 3641 457 6

3645 395 3717 469 0%

520 482 842 575 Martyrium
874 495 1080 542 canone
1108 486 1331 561 Agathe
1356 491 1585 564 virginis
1616 505 1671 552 et
1691 498 1984 567 martyris;
2066 502 2111 558 Α
2212 496 2525 567 Martyrium
2551 510 2758 556 sancta:
2787 499 3096 558 Catliarinae
3123 501 3352 575 virginis
3381 523 3404 572 ;

514 574 842 647 Martyrium
881 588 1201 636 sanctorum
1228 592 1546 656 martyrum,
1577 586 1808 653 Faustae,
1844 588 2035 643 Evcia-

436 664 507 719 sii
534 675 593 720 et
623 665 911 723 Maximini
940 689 954 735 ;
1557 693 1565 699 -

519 755 640 813 Vita
670 758 821 814 beati
856 759 1081 833 Eugenii
1132 773 1190 821 et
1236 765 1414 822 Mariae
1442 767 1562 838 ejus
1594 767 1718 825 tiliae
1758 769 1812 824 in
1844 784 2034 827 ctcno-

433 847 533 904 bio
558 851 666 906 sub
696 852 889 908 habitu
913 854 1053 909 virili
1083 856 1240 913 dicta:
1268 857 1495 928 Marini;
1778 840 1785 847 ’

512 942 834 1014 Martyrium
860 948 1038 1002 sancti
1089 930 1397 1021 Nicephort.
1436 953 1688 1026 martyris
1711 953 2030 1011 Antiochiae

442 1030 497 1085 in
529 1031 684 1103 Syria
708 1050 724 1100 ;

518 1120 639 1177 Vita
670 1133 730 1178 ct
759 1128 1077 1197 martyrium
1135 1132 1306 1188 sancti
1362 1136 1613 1207 martyris
1660 1134 1843 1201 Blasii,
1911 1139 2032 1208 cpi-

445 1215 598 1282 scapi
622 1213 892 1272 Sebastize
916 1218 970 1272 in
990 1218 1351 1292 Cappadocia,
1377 1233 1432 1280 et
1451 1226 1723 1281 sociorum
1746 1228 1865 1296 ejus
1885 1245 1902 1291 ;

518 1307 839 1379 Martyrium
879 1321 1194 1368 sanctorum
1252 1314 1542 1387 Pamphili,
1571 1317 1827 1385 Valentii,
1858 1318 2030 1383 Pauli,

450 1396 691 1465 Seleuci,
733 1398 1047 1474 Porphyrii,
1089 1404 1379 1473 Theoduli,
1425 1407 1625 1463 Juliani
1671 1417 1726 1464 et
1759 1409 2033 1465 sociorum

455 1489 476 1556 (
506 1490 662 1545 initio
705 1492 927 1561 quidem
957 1495 1027 1550 ab
1055 1495 1288 1553 EUSPbiO
1342 1500 1512 1569 ipsius
1538 1501 1723 1565 fsancti
1761 1501 2032 1572 Pamphili

465 1583 638 1636 amico
661 1584 869 1651 intimo,
906 1594 964 1641 et
1003 1587 1266 1643 Caesarem
1312 1590 1367 1647 in
1421 1591 1720 1648 Palaestina
1775 1593 2032 1665 episcopo

474 1677 842 1744 conscriptum,
874 1679 1066 1735 multis
1097 1690 1278 1735 autem
1303 1690 1427 1752 post
1461 1684 1674 1739 saeculis
1700 1698 1731 1740 a
1759 1685 2031 1758 Symeone

466 1764 819 1838 Metapbraste
850 1770 1290 1843 interpolatum);

532 1853 649 1911 Vita
680 1860 852 1914 sancti
883 1860 1179 1917 Andronici
1208 1871 1263 1918 et
1314 1864 1498 1920 uxoris
1523 1864 1643 1935 ejus
1662 1864 1978 1921 Athanasizc
2011 1885 2026 1935 ;

528 1949 848 2022 Martyrium
876 1956 1048 2009 sancti
1089 1953 1301 2011 Orestis
1341 1956 1538 2028 Tyana:
1585 1958 1640 2013 in
1691 1958 2032 2030 Cappadocia

451 2042 555 2097 sub
582 2042 716 2115 imp.
750 2043 1118 2113 Diocletiano;

522 2135 845 2208 Martyrium
876 2141 1053 2195 sancti
1088 2137 1321 2193 Victoris
1355 2147 1412 2194 et
1439 2139 1615 2195 sancti
1637 2140 2027 2215 Stcphanidis;

518 2228 838 2303 Martyrium
869 2231 1042 2289 sancti
1071 2230 1360 2297 Vincentii,
1392 2231 1797 2291 archiadiaconi
1816 2236 2029 2293 Caesar-

444 2326 739 2395 augustam
758 2343 775 2393 ;

518 2418 775 2473 Narratio
805 2420 1051 2477 miraculi
1076 2438 1106 2477 a
1138 2423 1590 2499 SS.fmartyribus
1614 2419 1805 2487 Curia,
1838 2420 2035 2477 Samo-

443 2524 516 2564 na
546 2520 606 2564 et
628 2511 825 2578 Abibo,
851 2511 1067 2568 Edessa:
1091 2514 1257 2583 editi;

518 2600 838 2672 Martyrium
870 2605 1043 2659 sancti
1072 2604 1345 2672 Platonis;

523 2693 811 2766 Martyria,
843 2692 981 2751 Vitae
996 2703 1054 2753 et
1089 2696 1349 2754 Encomia
1390 2696 1486 2753 SS.
1526 2697 1731 2754 mensis
1761 2693 2032 2761 Octobris,

444 2805 656 2860 nempe
690 2806 705 2844 :

521 2881 844 2953 Martyrium
877 2890 1081 2940 sanctae
1108 2883 1335 2939 Ananiae
1362 2902 1379 2951 ;

518 2974 843 3047 Martyrium
883 2976 982 3032 SS.
1015 2976 1267 3048 Cypriani
1296 2985 1351 3031 et
1383 2974 1647 3042 Justinae;

521 3067 847 3138 Martyrium
874 3068 1047 3123 sancti
1076 3067 1315 3138 Dionysii
1340 3065 1678 3138 Areopagitas
1705 3082 1719 3132 ;

515 3161 842 3231 Martyrium
869 3169 1069 3216 sanctae
1090 3159 1395 3216 Charitines
1421 3178 1435 3227 ;

520 3252 970 3308 Commentarius
994 3252 1050 3307 in
1087 3262 1333 3307 sanctum
1381 3249 1685 3321 apostolum
1719 3247 1981 3305 Thomam
2014 3266 2028 3315 ;

519 3342 848 3412 Martyrium
889 3341 987 3396 SS.
1014 3341 1188 3411 Sergii
1227 3353 1281 3398 et
1305 3340 1502 3395 Bacchi
1542 3355 1559 3404 ;

519 3436 645 3492 Vita
676 3444 880 3491 sanctae
907 3435 1134 3507 Pelagia:
1164 3435 1559 3501 Antiochenam;

523 3531 842 3602 Martyrium
884 3528 984 3585 SS.
1022 3529 1286 3600 Eulampii
1308 3539 1363 3586 et
1396 3532 1733 3602 Eulampie;

524 3625 841 3695 Martyrium
872 3621 974 3677 SS.
1003 3621 1186 3685 Probi,
1214 3622 1445 3678 Tarachi
1479 3634 1533 3679 et
1562 3621 1854 3678 Andronici
1879 3638 1893 3686 ;

526 3716 844 3787 Martyrium
872 3713 970 3769 SS.
1002 3713 1186 3783 Carpi,
1217 3713 1396 3786 Papyli
1429 3723 1484 3769 et
1510 3715 1785 3770 sociorum
1821 3729 1835 3775 ;

534 3806 848 3877 Martyrium
903 3804 1003 3860 SS.
1053 3803 1311 3872 Nazarii,
1357 3803 1646 3871 Gervasii,
1698 3800 1931 3859 Protasii
1985 3807 2039 3854 et

475 3896 616 3952 Celsi
641 3917 658 3963 ς

549 3989 846 4061 Martyrium
870 3989 1040 4045 sancti
1071 3988 1332 4053 Luciani;

536 4080 844 4153 Martyrium
872 4082 1042 4137 sancti
1073 4080 1298 4152 Longini
1325 4078 1671 4137 Centurionis
1704 4096 1719 4146 ;

536 4176 978 4231 Commentarius
1006 4176 1057 4228 in
1097 4182 1345 4229 sanctum
1374 4171 1762 4245 evangelistam
1786 4169 1986 4225 Lucam
2023 4185 2040 4235 ;

534 4264 851 4334 Martyrium
872 4262 1044 4318 sancti
1086 4260 1210 4317 Vari
1250 4279 1265 4327 ;

530 4356 847 4427 Martyrium
881 4354 1053 4409 sancti
1082 4354 1311 4409 Andreae
1335 4353 1390 4409 in
1415 4353 1556 4411 Crisi
1588 4370 1604 4419 ;

533 4446 856 4518 Martyrium
886 4445 1059 4500 sancti
1078 4443 1301 4500 Artemii
1335 4461 1353 4512 ;

538 4536 664 4590 Vita
694 4537 869 4590 sancti
896 4533 1189 4591 Hilarionis
1213 4552 1229 4601 ;

538 4632 665 4685 Vita
684 4629 856 4685 sancti
894 4628 1163 4695 Abericii;

538 4721 981 4780 Commentarius
1028 4722 1081 4776 in
1126 4729 1372 4775 sanctum
1415 4718 1722 4791 apostolum
1774 4696 2043 4775 Jacobum

463 4819 698 4874 fratrem
722 4814 934 4870 Domini
965 4814 1169 4869 dictum
1196 4829 1211 4879 ;

538 4907 857 4979 Martyrium
895 4906 954 4960 S.
985 4906 1200 4960 Aretltai
1232 4920 1247 4969 ;

538 5000 857 5072 Martyrium
923 4997 1027 5053 SS.
1074 4996 1330 5053 Marciani
1386 5004 1445 5053 et
1499 4994 1745 5065 martyrii
1798 4993 2046 5049 notario-

462 5108 638 5153 rum;

543 5180 854 5252 Martyrium
889 5178 1062 5235 sancti
1094 5176 1351 5234 Demetrii
1386 5196 1398 5231 :

543 5273 861 5344 Martyrium
885 5279 1087 5334 sanctae
1105 5269 1398 5327 Anastasiaz
1424 5268 1683 5325 Romanae
1713 5265 1943 5324 senioris
1968 5282 1984 5331 ;

542 5364 668 5419 Vita
700 5348 870 5423 sancti
904 5362 1401 5419 Abramiieremitze
1434 5379 1451 5429 ;

547 5458 862 5530 Martyrium
883 5456 983 5511 SS.
1004 5454 1230 5510 Zenobii
1257 5464 1310 5508 et
1333 5452 1628 5518 Zenobiae;

545 5549 860 5620 Martyrium
891 5546 1071 5603 sancti
1097 5544 1379 5617 Epimachi
1414 5560 1429 5609 ;

2211 586 2334 642 Vita
2355 591 2531 645 sancti
2555 592 2729 663 Alypii
2759 593 2966 663 Stylitaz
2992 611 3007 659 ;

2209 677 2527 752 Martyrium
2563 684 2738 738 sancti
2766 683 2950 740 Jacobi
2978 684 3156 742 Persa:
3187 704 3202 752 ;

2209 769 2329 826 Vita
2352 781 2404 827 et
2428 775 2742 845 martyrium
2762 776 2936 832 sancti
2966 777 3257 848 Stephanis
3279 777 3523 835 Junioris
3559 797 3574 843 ;

2206 862 2648 922 Commentarius
2683 867 2736 923 in
2757 867 2814 922 S.
2840 869 3116 925 Andream
3166 871 3472 940 apostolum
3508 887 3525 936 ;

2204 943 2456 1006 Narratio
2491 952 2739 1009 miraculi
2790 972 2821 1010 a
2861 965 3048 1012 sancto
3089 956 3352 1013 Michaelc
3387 959 3712 1030 archangclo

2133 1042 2329 1104 Chonii
2350 1044 2466 1099 sive
2490 1045 2719 1102 Colossii
2753 1046 2806 1102 in
2831 1048 3061 1120 Phrygia
3084 1049 3215 1105 editi
3244 1065 3260 1115 ;

2205 1135 2457 1191 Narratio
2501 1138 2647 1201 vitae,
2679 1154 2862 1192 rerum
2910 1149 3186 1211 gestarum
3227 1148 3284 1194 et
3322 1139 3706 1196 miraculorum

2140 1228 2318 1283 sancti
2357 1227 2568 1283 Nicolai
2604 1228 2869 1302 Myrensis
2896 1230 2951 1284 in
2975 1229 3136 1302 Lycia
3161 1230 3402 1301 episcopi
3441 1246 3457 1296 ;

2204 1320 2520 1392 Martyrium
2543 1322 2716 1377 sancti
2748 1320 2951 1377 Nicetae
2984 1322 3148 1378 Gothi
3184 1340 3200 1390 ;

2201 1411 2516 1484 Martyrium
2548 1423 2750 1467 sanctae
2779 1412 3095 1482 Euphemia:
3126 1414 3391 1485 virginis;

2203 1502 2326 1560 Vita
2358 1505 2529 1558 sancti
2557 1504 2847 1567 Ambrosii,
2880 1504 3119 1575 episcopi
3144 1504 3558 1562 Mediolanensis
3589 1522 3605 1571 ;

2202 1593 2510 1667 Martyrium
2574 1595 2673 1655 SS.
2723 1594 3005 1662 Eustratii,
3065 1595 3361 1665 Auxentii,
3417 1594 3706 1668 Fulgctitii,

2131 1684 2339 1742 Orestis
2370 1696 2425 1742 et
2452 1687 2702 1742 Mardarii
2730 1706 2744 1752 ;

2201 1780 2326 1836 Vita
2350 1789 2551 1837 sancta:
2579 1779 2879 1836 Theodorte
2914 1779 3296 1835 Alexandrinae
3330 1796 3346 1846 ;

2203 1874 2324 1930 Vita
2372 1874 2545 1928 sancti
2600 1873 2827 1929 Joannis
2872 1872 3336 1944 Elcemosynarii,
3383 1870 3708 1942 patriarchas

2131 1962 2457 2018 Antiocheni
2484 1979 2499 2027 ;

2203 2053 2439 2111 Historia
2469 2055 2708 2127 martyrii
2738 2055 2910 2111 sancti
2942 2053 3220 2127 Polycucti
3262 2053 3454 2109 militis
3484 2061 3540 2109 et
3563 2068 3709 2107 mare

2134 2148 2268 2220 tyris
2290 2165 2305 2215 ;

2208 2238 2528 2311 Martyrium
2552 2246 2754 2294 sanctae
2786 2237 3093 2292 Catharinae
3118 2235 3347 2308 virginis
3372 2252 3388 2301 ;

2202 2330 2325 2385 Vita
2352 2330 2524 2385 sancti
2555 2318 2844 2408 Symeonis
2876 2328 3081 2399 Stylitae
3123 2326 3283 2397 primi
3308 2325 3423 2383 sive
3449 2323 3707 2390 senioris,

2133 2421 2226 2493 qui
2256 2423 2321 2475 Α.
2354 2420 2417 2481 C.
2450 2420 2556 2476 460
2589 2418 2910 2475 centenario
2936 2417 3111 2487 major
3140 2416 3278 2473 obiit
3306 2434 3322 2484 ;

2202 2511 2492 2567 Certamen
2521 2510 2696 2566 sancti
2727 2508 2967 2580 martyrii
2990 2506 3309 2574 Mamantis;

2203 2603 2492 2660 Certamen
2526 2600 2698 2656 sancti
2745 2596 3001 2671 martyris
3026 2598 3278 2654 Authimi
3326 2594 3568 2668 episcopi
3619 2592 3713 2648 Ni.-

2133 2695 2415 2759 comediac,
2443 2692 2619 2763 quiA.
2658 2691 2722 2747 C.
2756 2691 2862 2746 502
2888 2704 3080 2760 passus
3110 2697 3197 2745 est
3222 2705 3236 2755 ;

2206 2781 2520 2853 Martyrium
2570 2778 2744 2835 sancti
2793 2778 3027 2849 Babylac,
3059 2775 3301 2848 episcopi
3341 2773 3706 2839 Antioclieni;

2205 2874 2456 2930 Narratio
2480 2872 2726 2928 miraculi
2753 2887 2783 2928 a
2809 2880 3000 2926 sancto
3062 2869 3321 2927 Michaele
3370 2868 3713 2939 archangclo

2135 2969 2333 3024 Chonii
2364 2969 2477 3023 sive
2506 2966 2746 3023 Colossis
2771 2967 2824 3021 in
2852 2965 3083 3037 Phrygia
3110 2957 3244 3020 editi
3276 2981 3292 3030 ;

2208 3058 2521 3131 Martyrium
2559 3056 2655 3113 SS.
2690 3055 2939 3121 Eudoxii,
2980 3053 3220 3119 Romuli,
3257 3050 3497 3109 Zenonis
3525 3054 3578 3103 ct
3601 3046 3714 3107 Ma-

2065 3169 2111 3231 c
2142 3151 2273 3208 carii
2299 3168 2316 3219 ;

2208 3242 2523 3314 Martyrium
2554 3240 2726 3296 sancti
2755 3239 3009 3295 Sozontis
3034 3256 3050 3303 ;

2209 3334 2523 3405 Martyrium
2556 3332 2730 3388 sancti
2759 3330 3045 3387 Severiani
3078 3347 3093 3394 ;

2213 3426 2525 3499 Martyrium
2556 3426 2662 3479 SS.
2699 3432 2995 3495 martyrum
3031 3420 3360 3484 Menedorae,
3391 3414 3717 3478 Metrodore;

2137 3528 2192 3572 ct
2223 3517 2625 3590 Nymphodocae
2654 3533 2670 3582 ;

2211 3608 2333 3663 Vita
2361 3616 2563 3662 sanctae
2589 3605 2895 3661 Thcodocze
2917 3604 3299 3665 Alexandrinae
3324 3620 3340 3669 ;

2210 3698 2522 3769 Martyrium
2560 3697 2732 3752 sancti
2764 3695 3081 3750 Autonomii
3107 3694 3349 3765 episcopi
3378 3712 3394 3760 ;

2211 3790 2322 3844 Res
2336 3800 2500 3859 gestae
2534 3791 2708 3843 sancti
2752 3787 2989 3842 Cornelii
3020 3786 3395 3853 centurionis;

2212 3876 2528 3947 Martyrium
2559 3874 2733 3929 sancti
2758 3873 2963 3929 Nicette
2989 3872 3151 3928 Gothi
3185 3888 3200 3938 ;

2214 3970 2528 4043 Martyrium
2557 3976 2762 4024 sanctas
2784 3966 3105 4038 Euphemiae
3141 3983 3154 4033 ;

2216 4063 2529 4134 Martyrium
2562 4069 2764 4116 sanetae
2814 4059 3049 4130 Sophia:
3080 4067 3136 4113 et
3172 4056 3403 4112 ﬁliarum
3445 4056 3588 4129 eius,
3634 4056 3723 4113 Pir

2145 4167 2312 4220 steos,
2340 4155 2549 4226 Elpidis
2585 4162 2642 4208 et
2664 4152 2877 4223 Agapes
2906 4169 2922 4217 ;

2218 4248 2535 4319 Martyrium
2575 4243 2680 4299 SS.
2734 4252 3030 4315 martyrum
3088 4240 3374 4312 Trophini,
3401 4240 3638 4298 Sabbatii
3670 4250 3726 4303 et

2148 4338 2549 4396 Dorimedontii
2576 4353 2592 4404 ;

2218 4432 2537 4505 Martyrium
2578 4430 2752 4486 sancti
2789 4425 3058 4484 Eustatliii
3084 4434 3140 4480 et
3171 4425 3363 4480 uxoris
3395 4425 3515 4495 ejus
3544 4423 3725 4480 Theo,

2077 4515 2123 4571 Ι)
2153 4526 2342 4598 pistes.
2374 4533 2430 4579 et
2452 4523 2684 4579 duorum
2718 4521 2976 4584 filiorum,
3009 4518 3193 4590 Agapii
3215 4526 3270 4573 et
3299 4516 3581 4588 Theopisti
3609 4534 3626 4582 ;

2222 4616 2537 4689 Martyrium
2567 4623 2770 4670 sanctae
2798 4612 3015 4667 Theclac
3036 4610 3262 4682 virginis
3287 4627 3302 4674 ;

2224 4709 2344 4763 Vita
2393 4716 2596 4763 sanctae
2633 4704 3010 4775 Euphrosynae
3043 4701 3271 4772 virginis
3301 4701 3721 4768 Alexandrinae;

2220 4797 2686 4863 Commentarius,
2723 4797 2781 4850 in
2812 4801 3061 4851 sanctum
3102 4792 3369 4848 Joannem
3421 4792 3724 4864 apostolum

2150 4902 2208 4951 et
2238 4893 2627 4966 evangelistam
2662 4906 2678 4957 ;

2225 4984 2536 5057 Martyrium
2572 4979 2745 5036 sancti
2766 4977 3057 5034 Caliistrati
3092 4985 3148 5034 et
3172 4977 3444 5034 sociorum
3481 4994 3498 5043 ;

2222 5076 2345 5132 Vita
2374 5075 2546 5132 sancti
2589 5071 2903 5129 Charitonis
2934 5068 3264 5126 confessoris
3294 5084 3311 5136 ;

2223 5167 2347 5225 Vita
2377 5166 2549 5223 sancti
2581 5164 2795 5237 Cyriaci
2854 5162 3199 5218 anachoreta:
3228 5179 3244 5228 ;

2224 5260 2348 5315 Vita
2374 5268 2429 5314 et
2455 5256 2774 5328 martyrium
2811 5252 2984 5316 sancti
3024 5250 3296 5323 Gregorii,
3334 5248 3577 5321 episcopi
3609 5264 3727 5303 ma.

2153 5370 2272 5426 gnae
2301 5352 2574 5408 Armeniae
2604 5367 2620 5417 ;

2226 5445 2536 5516 Martyrium
2592 5443 2765 5499 sancti
2817 5440 3051 5511 apostoli
3096 5446 3152 5495 et
3192 5436 3444 5509 martyris
3482 5433 3727 5496 Ananim,

2157 5540 2278 5595 Vita
2302 5545 2359 5592 et
2378 5535 2695 5605 martyrium
2717 5532 2814 5590 SS.
2832 5541 3132 5606 martyrum
3160 5530 3414 5604 Cypriani
3432 5527 3733 5591 etJustinat

553 5641 673 5696 Vita
722 5640 897 5696 sancti
956 5636 1187 5693 Joannis
1233 5633 1605 5708 Chrysostomi
1658 5630 2051 5703 archiepiscopi
2156 5630 2424 5701 virginis;

472 5728 1066 5800 Constantinopolitani
1101 5744 1117 5793 ;

545 5823 861 5897 Martyrium
893 5819 1064 5878 sancti
1095 5818 1337 5879 Platonis
1362 5835 1379 5888 ;

2228 5722 2541 5791 Martyrium
2561 5718 2735 5774 sancti
2752 5714 2989 5788 Dionysii
3018 5712 3353 5785 Areopagitas
3387 5729 3402 5779 ;

2229 5812 2542 5885 Martyrium
2572 5819 2773 5869 sanctae
2797 5807 3124 5866 Cbaristinte
3150 5805 3377 5883 virginis
3406 5822 3425 5879 ε
