  <div class='ocr_page' id='page_1' title='image "/cluster/home/n/w/nwhite01/storage/ocr_20150623/114:no.1/coo.31924054870187/159.png"; bbox 0 0 4156 6476; ppageno 0'>
   <div class='ocr_carea' id='block_1_1' title="bbox 401 376 3662 453">
    <p class='ocr_par' dir='ltr' id='par_1_1' title="bbox 401 376 3662 453">
     <span class='ocr_line' id='line_1_1' title="bbox 401 376 3662 453; baseline -0.004 -2"><span class='ocrx_word' id='word_1_1' title='bbox 401 388 506 453; x_wconf 74' lang='lat'><strong>303</strong></span> <span class='ocrx_word' id='word_1_2' title='bbox 1043 381 1422 444; x_wconf 74' lang='lat' dir='ltr'><strong>SYMEONIS</strong></span> <span class='ocrx_word' id='word_1_3' title='bbox 1461 381 2040 443; x_wconf 74' lang='lat' dir='ltr'><strong>METAPHRAST/E</strong></span> <span class='ocrx_word' id='word_1_4' title='bbox 2077 380 2434 444; x_wconf 79' lang='lat' dir='ltr'><strong>VITARUM</strong></span> <span class='ocrx_word' id='word_1_5' title='bbox 2473 377 2942 442; x_wconf 82' lang='lat' dir='ltr'><strong>CATALOGUS.</strong></span> <span class='ocrx_word' id='word_1_6' title='bbox 3553 376 3662 440; x_wconf 70' lang='grc'><strong>304</strong></span> 
     </span>
    </p>
   </div>
   <div class='ocr_carea' id='block_1_2' title="bbox 461 488 3343 563">
    <p class='ocr_par' dir='ltr' id='par_1_2' title="bbox 461 488 3343 563">
     <span class='ocr_line' id='line_1_2' title="bbox 461 488 3343 563; baseline -0.002 -14"><span class='ocrx_word' id='word_1_7' title='bbox 461 491 920 549; x_wconf 61' lang='lat' dir='ltr'><strong>Commentarius</strong></span> <span class='ocrx_word' id='word_1_8' title='bbox 946 489 1000 544; x_wconf 90' lang='lat' dir='ltr'><strong>in</strong></span> <span class='ocrx_word' id='word_1_9' title='bbox 1027 499 1275 545; x_wconf 88' lang='lat' dir='ltr'><strong>sanctum</strong></span> <span class='ocrx_word' id='word_1_10' title='bbox 1333 491 1640 560; x_wconf 78' lang='lat' dir='ltr'><strong>apostolum</strong></span> <span class='ocrx_word' id='word_1_11' title='bbox 1677 490 1939 545; x_wconf 86' lang='lat' dir='ltr'><strong>Thomam</strong></span> <span class='ocrx_word' id='word_1_12' title='bbox 1967 509 1979 559; x_wconf 93' lang='lat'><strong>;</strong></span> <span class='ocrx_word' id='word_1_13' title='bbox 2009 502 2062 561; x_wconf 75' lang='grc' dir='ltr'><strong>Α</strong></span> <span class='ocrx_word' id='word_1_14' title='bbox 2162 491 2481 562; x_wconf 70' lang='lat' dir='ltr'><strong>Martyrium</strong></span> <span class='ocrx_word' id='word_1_15' title='bbox 2506 499 2708 548; x_wconf 71' lang='lat' dir='ltr'><strong>sanctae</strong></span> <span class='ocrx_word' id='word_1_16' title='bbox 2733 491 2958 563; x_wconf 82' lang='lat' dir='ltr'><strong>virginis</strong></span> <span class='ocrx_word' id='word_1_17' title='bbox 2988 488 3299 546; x_wconf 86' lang='lat' dir='ltr'><strong>Charitines</strong></span> <span class='ocrx_word' id='word_1_18' title='bbox 3329 507 3343 555; x_wconf 92' lang='lat'><strong>;</strong></span> 
     </span>
    </p>
   </div>
   <div class='ocr_carea' id='block_1_3' title="bbox 468 580 3631 657">
    <p class='ocr_par' dir='ltr' id='par_1_3' title="bbox 468 580 3631 657">
     <span class='ocr_line' id='line_1_3' title="bbox 468 580 3631 657; baseline -0.001 -17"><span class='ocrx_word' id='word_1_19' title='bbox 468 585 783 657; x_wconf 72' lang='lat' dir='ltr'><strong>Martyrium</strong></span> <span class='ocrx_word' id='word_1_20' title='bbox 814 583 916 637; x_wconf 86' lang='lat' dir='ltr'><strong>SS.</strong></span> <span class='ocrx_word' id='word_1_21' title='bbox 954 580 1129 651; x_wconf 77' lang='lat' dir='ltr'><strong>Sergii</strong></span> <span class='ocrx_word' id='word_1_22' title='bbox 1166 592 1220 636; x_wconf 90' lang='lat' dir='ltr'><strong>et</strong></span> <span class='ocrx_word' id='word_1_23' title='bbox 1251 581 1451 636; x_wconf 81' lang='lat' dir='ltr'><strong>Bacchi</strong></span> <span class='ocrx_word' id='word_1_24' title='bbox 1492 601 1506 648; x_wconf 90' lang='lat'><strong>;</strong></span> <span class='ocrx_word' id='word_1_25' title='bbox 2160 580 2276 635; x_wconf 77' lang='lat' dir='ltr'><strong>Vita</strong></span> <span class='ocrx_word' id='word_1_26' title='bbox 2305 592 2361 636; x_wconf 85' lang='lat' dir='ltr'><strong>et</strong></span> <span class='ocrx_word' id='word_1_27' title='bbox 2389 583 2706 652; x_wconf 70' lang='lat' dir='ltr'><strong>pmnitentia</strong></span> <span class='ocrx_word' id='word_1_28' title='bbox 2737 591 2938 637; x_wconf 66' lang='lat' dir='ltr'><strong>sanctae</strong></span> <span class='ocrx_word' id='word_1_29' title='bbox 2966 580 3197 652; x_wconf 61' lang='lat' dir='ltr'><strong>Pelagia</strong></span> <span class='ocrx_word' id='word_1_30' title='bbox 3220 581 3587 637; x_wconf 73' lang='lat' dir='ltr'><strong>Antiochena&#39;.</strong></span> <span class='ocrx_word' id='word_1_31' title='bbox 3615 599 3631 652; x_wconf 90' lang='lat'><strong>;</strong></span> 
     </span>
    </p>
   </div>
   <div class='ocr_carea' id='block_1_4' title="bbox 466 670 3360 744">
    <p class='ocr_par' dir='ltr' id='par_1_4' title="bbox 466 670 3360 744">
     <span class='ocr_line' id='line_1_4' title="bbox 466 670 3360 744; baseline -0.002 -14"><span class='ocrx_word' id='word_1_32' title='bbox 466 677 589 732; x_wconf 82' lang='lat' dir='ltr'><strong>Vita</strong></span> <span class='ocrx_word' id='word_1_33' title='bbox 617 683 818 732; x_wconf 76' lang='lat' dir='ltr'><strong>sanctas</strong></span> <span class='ocrx_word' id='word_1_34' title='bbox 852 674 1082 744; x_wconf 73' lang='lat' dir='ltr'><strong>Pelagia:</strong></span> <span class='ocrx_word' id='word_1_35' title='bbox 1107 675 1471 728; x_wconf 71' lang='lat' dir='ltr'><strong>Antiochensi:</strong></span> <span class='ocrx_word' id='word_1_36' title='bbox 1502 691 1516 739; x_wconf 93' lang='lat'><strong>;</strong></span> <span class='ocrx_word' id='word_1_37' title='bbox 2151 671 2464 740; x_wconf 80' lang='lat' dir='ltr'><strong>Martyrium</strong></span> <span class='ocrx_word' id='word_1_38' title='bbox 2499 671 2598 724; x_wconf 90' lang='lat' dir='ltr'><strong>SS.</strong></span> <span class='ocrx_word' id='word_1_39' title='bbox 2627 671 2892 741; x_wconf 89' lang='lat' dir='ltr'><strong>Eulampii</strong></span> <span class='ocrx_word' id='word_1_40' title='bbox 2928 674 2980 725; x_wconf 85' lang='lat' dir='ltr'><strong>et</strong></span> <span class='ocrx_word' id='word_1_41' title='bbox 3013 670 3312 741; x_wconf 71' lang='lat' dir='ltr'><strong>Eulampiae</strong></span> <span class='ocrx_word' id='word_1_42' title='bbox 3345 686 3360 737; x_wconf 95' lang='lat'><strong>;</strong></span> 
     </span>
    </p>
   </div>
   <div class='ocr_carea' id='block_1_5' title="bbox 467 762 3162 841">
    <p class='ocr_par' dir='ltr' id='par_1_5' title="bbox 467 762 3162 841">
     <span class='ocr_line' id='line_1_5' title="bbox 467 762 3162 841; baseline -0.002 -17"><span class='ocrx_word' id='word_1_43' title='bbox 467 769 784 841; x_wconf 76' lang='lat' dir='ltr'><strong>Martyrium</strong></span> <span class='ocrx_word' id='word_1_44' title='bbox 819 767 916 821; x_wconf 84' lang='lat' dir='ltr'><strong>SS.</strong></span> <span class='ocrx_word' id='word_1_45' title='bbox 955 766 1226 836; x_wconf 87' lang='lat' dir='ltr'><strong>Eulampii</strong></span> <span class='ocrx_word' id='word_1_46' title='bbox 1255 775 1310 820; x_wconf 88' lang='lat' dir='ltr'><strong>et</strong></span> <span class='ocrx_word' id='word_1_47' title='bbox 1337 767 1634 836; x_wconf 68' lang='lat' dir='ltr'><strong>Eulampim</strong></span> <span class='ocrx_word' id='word_1_48' title='bbox 1664 785 1678 834; x_wconf 94' lang='lat'><strong>;</strong></span> <span class='ocrx_word' id='word_1_49' title='bbox 2152 762 2471 833; x_wconf 79' lang='lat' dir='ltr'><strong>Martyrium</strong></span> <span class='ocrx_word' id='word_1_50' title='bbox 2503 763 2735 834; x_wconf 79' lang='lat' dir='ltr'><strong>Longini</strong></span> <span class='ocrx_word' id='word_1_51' title='bbox 2775 765 3115 820; x_wconf 82' lang='lat' dir='ltr'><strong>centurionis</strong></span> <span class='ocrx_word' id='word_1_52' title='bbox 3149 782 3162 830; x_wconf 90' lang='lat'><strong>;</strong></span> 
     </span>
    </p>
   </div>
   <div class='ocr_carea' id='block_1_6' title="bbox 469 855 3662 933">
    <p class='ocr_par' dir='ltr' id='par_1_6' title="bbox 469 855 3662 933">
     <span class='ocr_line' id='line_1_6' title="bbox 469 855 3662 933; baseline -0.001 -17"><span class='ocrx_word' id='word_1_53' title='bbox 469 862 782 933; x_wconf 73' lang='lat' dir='ltr'><strong>Martyrium</strong></span> <span class='ocrx_word' id='word_1_54' title='bbox 817 859 916 914; x_wconf 88' lang='lat' dir='ltr'><strong>SS.</strong></span> <span class='ocrx_word' id='word_1_55' title='bbox 953 860 1134 924; x_wconf 84' lang='lat' dir='ltr'><strong>Probi,</strong></span> <span class='ocrx_word' id='word_1_56' title='bbox 1178 857 1442 928; x_wconf 60' lang='lat' dir='ltr'><strong>Taraechi</strong></span> <span class='ocrx_word' id='word_1_57' title='bbox 1475 869 1530 913; x_wconf 91' lang='lat' dir='ltr'><strong>et</strong></span> <span class='ocrx_word' id='word_1_58' title='bbox 1577 859 1869 914; x_wconf 88' lang='lat' dir='ltr'><strong>Andronici</strong></span> <span class='ocrx_word' id='word_1_59' title='bbox 1904 876 1918 924; x_wconf 92' lang='lat'><strong>;</strong></span> <span class='ocrx_word' id='word_1_60' title='bbox 2149 855 2592 911; x_wconf 59' lang='lat' dir='ltr'><strong>Conmmenlarius</strong></span> <span class='ocrx_word' id='word_1_61' title='bbox 2623 858 2675 910; x_wconf 90' lang='lat' dir='ltr'><strong>in</strong></span> <span class='ocrx_word' id='word_1_62' title='bbox 2713 868 2962 912; x_wconf 88' lang='lat' dir='ltr'><strong>sanctum</strong></span> <span class='ocrx_word' id='word_1_63' title='bbox 3014 857 3319 928; x_wconf 82' lang='lat' dir='ltr'><strong>apostolum</strong></span> <span class='ocrx_word' id='word_1_64' title='bbox 3347 865 3404 912; x_wconf 89' lang='lat' dir='ltr'><strong>et</strong></span> <span class='ocrx_word' id='word_1_65' title='bbox 3425 871 3662 925; x_wconf 76' lang='lat' dir='ltr'><strong>evange-</strong></span> 
     </span>
    </p>
   </div>
   <div class='ocr_carea' id='block_1_7' title="bbox 476 946 2549 1024">
    <p class='ocr_par' dir='ltr' id='par_1_7' title="bbox 476 946 2549 1024">
     <span class='ocr_line' id='line_1_7' title="bbox 476 946 2549 1024; baseline -0.002 -17"><span class='ocrx_word' id='word_1_66' title='bbox 476 955 789 1024; x_wconf 82' lang='lat' dir='ltr'><strong>Martyrium</strong></span> <span class='ocrx_word' id='word_1_67' title='bbox 823 952 921 1007; x_wconf 85' lang='lat' dir='ltr'><strong>SS.</strong></span> <span class='ocrx_word' id='word_1_68' title='bbox 953 952 1115 1021; x_wconf 87' lang='lat' dir='ltr'><strong>Carpi</strong></span> <span class='ocrx_word' id='word_1_69' title='bbox 1148 952 1393 1022; x_wconf 86' lang='lat' dir='ltr'><strong>episcopi</strong></span> <span class='ocrx_word' id='word_1_70' title='bbox 1443 951 1837 1023; x_wconf 87' lang='lat' dir='ltr'><strong>Thyatirensis,</strong></span> <span class='ocrx_word' id='word_1_71' title='bbox 1872 952 1977 1005; x_wconf 80' lang='lat' dir='ltr'><strong>Pa-</strong></span> <span class='ocrx_word' id='word_1_72' title='bbox 2080 946 2261 1002; x_wconf 90' lang='lat' dir='ltr'><strong>listam</strong></span> <span class='ocrx_word' id='word_1_73' title='bbox 2296 947 2496 1002; x_wconf 86' lang='lat' dir='ltr'><strong>Lucam</strong></span> <span class='ocrx_word' id='word_1_74' title='bbox 2536 967 2549 1014; x_wconf 94' lang='lat'><strong>;</strong></span> 
     </span>
    </p>
   </div>
   <div class='ocr_carea' id='block_1_8' title="bbox 396 1036 2980 1116">
    <p class='ocr_par' dir='ltr' id='par_1_8' title="bbox 396 1036 2980 1116">
     <span class='ocr_line' id='line_1_8' title="bbox 396 1036 2980 1116; baseline -0.003 -17"><span class='ocrx_word' id='word_1_75' title='bbox 396 1046 501 1116; x_wconf 85' lang='lat' dir='ltr'><strong>pyli</strong></span> <span class='ocrx_word' id='word_1_76' title='bbox 551 1043 763 1099; x_wconf 87' lang='lat' dir='ltr'><strong>diaconi</strong></span> <span class='ocrx_word' id='word_1_77' title='bbox 784 1052 837 1098; x_wconf 93' lang='lat' dir='ltr'><strong>et</strong></span> <span class='ocrx_word' id='word_1_78' title='bbox 862 1043 1140 1098; x_wconf 83' lang='lat' dir='ltr'><strong>&#39;sociorum</strong></span> <span class='ocrx_word' id='word_1_79' title='bbox 1171 1059 1186 1106; x_wconf 89' lang='lat'><strong>;</strong></span> <span class='ocrx_word' id='word_1_80' title='bbox 2152 1036 2462 1108; x_wconf 78' lang='lat' dir='ltr'><strong>Martyrium</strong></span> <span class='ocrx_word' id='word_1_81' title='bbox 2486 1039 2654 1092; x_wconf 88' lang='lat' dir='ltr'><strong>sancti</strong></span> <span class='ocrx_word' id='word_1_82' title='bbox 2680 1039 2936 1092; x_wconf 79' lang='lat' dir='ltr'><strong>Demetrii</strong></span> <span class='ocrx_word' id='word_1_83' title='bbox 2967 1056 2980 1104; x_wconf 94' lang='lat'><strong>;</strong></span> 
     </span>
    </p>
   </div>
   <div class='ocr_carea' id='block_1_9' title="bbox 470 1126 3049 1204">
    <p class='ocr_par' dir='ltr' id='par_1_9' title="bbox 470 1126 3049 1204">
     <span class='ocr_line' id='line_1_9' title="bbox 470 1126 3049 1204; baseline -0.001 -15"><span class='ocrx_word' id='word_1_84' title='bbox 470 1135 591 1189; x_wconf 82' lang='lat' dir='ltr'><strong>Vita</strong></span> <span class='ocrx_word' id='word_1_85' title='bbox 626 1142 680 1188; x_wconf 91' lang='lat' dir='ltr'><strong>ct</strong></span> <span class='ocrx_word' id='word_1_86' title='bbox 715 1142 996 1188; x_wconf 80' lang='lat' dir='ltr'><strong>certamen</strong></span> <span class='ocrx_word' id='word_1_87' title='bbox 1027 1130 1130 1186; x_wconf 87' lang='lat' dir='ltr'><strong>SS.</strong></span> <span class='ocrx_word' id='word_1_88' title='bbox 1163 1139 1461 1203; x_wconf 84' lang='lat' dir='ltr'><strong>martyrum</strong></span> <span class='ocrx_word' id='word_1_89' title='bbox 1510 1127 1743 1194; x_wconf 84' lang='lat' dir='ltr'><strong>Nazarii,</strong></span> <span class='ocrx_word' id='word_1_90' title='bbox 1773 1126 1979 1183; x_wconf 83' lang='lat' dir='ltr'><strong>Cerva-</strong></span> <span class='ocrx_word' id='word_1_91' title='bbox 2151 1128 2271 1182; x_wconf 83' lang='lat' dir='ltr'><strong>Vita</strong></span> <span class='ocrx_word' id='word_1_92' title='bbox 2309 1131 2479 1184; x_wconf 86' lang='lat' dir='ltr'><strong>sancti</strong></span> <span class='ocrx_word' id='word_1_93' title='bbox 2508 1129 2732 1185; x_wconf 89' lang='lat' dir='ltr'><strong>Luciani</strong></span> <span class='ocrx_word' id='word_1_94' title='bbox 2767 1133 3049 1204; x_wconf 87' lang='lat' dir='ltr'><strong>martyris;</strong></span> 
     </span>
    </p>
   </div>
   <div class='ocr_carea' id='block_1_10' title="bbox 401 1219 3664 1298">
    <p class='ocr_par' dir='ltr' id='par_1_10' title="bbox 401 1219 3664 1298">
     <span class='ocr_line' id='line_1_10' title="bbox 401 1219 3664 1298; baseline 0.001 -19"><span class='ocrx_word' id='word_1_95' title='bbox 401 1227 488 1289; x_wconf 88' lang='lat' dir='ltr'><strong>sii,</strong></span> <span class='ocrx_word' id='word_1_96' title='bbox 526 1224 756 1280; x_wconf 83' lang='lat' dir='ltr'><strong>Protasii</strong></span> <span class='ocrx_word' id='word_1_97' title='bbox 789 1233 842 1279; x_wconf 91' lang='lat' dir='ltr'><strong>et</strong></span> <span class='ocrx_word' id='word_1_98' title='bbox 873 1223 1015 1278; x_wconf 82' lang='lat' dir='ltr'><strong>Celsi</strong></span> <span class='ocrx_word' id='word_1_99' title='bbox 1044 1240 1058 1288; x_wconf 89' lang='lat'><strong>;</strong></span> <span class='ocrx_word' id='word_1_100' title='bbox 2153 1219 2274 1274; x_wconf 86' lang='lat' dir='ltr'><strong>Vita</strong></span> <span class='ocrx_word' id='word_1_101' title='bbox 2307 1231 2361 1275; x_wconf 87' lang='lat' dir='ltr'><strong>et</strong></span> <span class='ocrx_word' id='word_1_102' title='bbox 2395 1225 2708 1294; x_wconf 88' lang='lat' dir='ltr'><strong>martyrium</strong></span> <span class='ocrx_word' id='word_1_103' title='bbox 2739 1227 2912 1280; x_wconf 88' lang='lat' dir='ltr'><strong>sancti</strong></span> <span class='ocrx_word' id='word_1_104' title='bbox 2959 1226 3220 1296; x_wconf 89' lang='lat' dir='ltr'><strong>Stephani</strong></span> <span class='ocrx_word' id='word_1_105' title='bbox 3262 1226 3528 1298; x_wconf 83' lang='lat' dir='ltr'><strong>junioris,</strong></span> <span class='ocrx_word' id='word_1_106' title='bbox 3559 1227 3664 1282; x_wconf 86' lang='lat' dir='ltr'><strong>ab-</strong></span> 
     </span>
    </p>
   </div>
   <div class='ocr_carea' id='block_1_11' title="bbox 469 1311 3661 1391">
    <p class='ocr_par' dir='ltr' id='par_1_11' title="bbox 469 1311 3661 1391">
     <span class='ocr_line' id='line_1_11' title="bbox 469 1311 3661 1391; baseline 0 -21"><span class='ocrx_word' id='word_1_107' title='bbox 469 1317 590 1370; x_wconf 90' lang='lat' dir='ltr'><strong>Vita</strong></span> <span class='ocrx_word' id='word_1_108' title='bbox 613 1325 668 1370; x_wconf 88' lang='lat' dir='ltr'><strong>et</strong></span> <span class='ocrx_word' id='word_1_109' title='bbox 697 1315 1013 1386; x_wconf 89' lang='lat' dir='ltr'><strong>martyrium</strong></span> <span class='ocrx_word' id='word_1_110' title='bbox 1043 1313 1215 1367; x_wconf 84' lang='lat' dir='ltr'><strong>sancti</strong></span> <span class='ocrx_word' id='word_1_111' title='bbox 1246 1311 1473 1367; x_wconf 90' lang='lat' dir='ltr'><strong>Luciani</strong></span> <span class='ocrx_word' id='word_1_112' title='bbox 1505 1328 1520 1375; x_wconf 89' lang='lat'><strong>;</strong></span> <span class='ocrx_word' id='word_1_113' title='bbox 2082 1312 2224 1367; x_wconf 86' lang='lat' dir='ltr'><strong>batis</strong></span> <span class='ocrx_word' id='word_1_114' title='bbox 2281 1315 2483 1369; x_wconf 91' lang='lat' dir='ltr'><strong>montis</strong></span> <span class='ocrx_word' id='word_1_115' title='bbox 2549 1315 2733 1371; x_wconf 89' lang='lat' dir='ltr'><strong>Sancti</strong></span> <span class='ocrx_word' id='word_1_116' title='bbox 2773 1318 3050 1382; x_wconf 77' lang='lat' dir='ltr'><strong>Auxentii,</strong></span> <span class='ocrx_word' id='word_1_117' title='bbox 3079 1333 3110 1373; x_wconf 86' lang='lat' dir='ltr'><strong>e</strong></span> <span class='ocrx_word' id='word_1_118' title='bbox 3143 1319 3362 1389; x_wconf 80' lang='lat' dir='ltr'><strong>regione</strong></span> <span class='ocrx_word' id='word_1_119' title='bbox 3413 1318 3661 1391; x_wconf 83' lang='lat' dir='ltr'><strong>Byzantii</strong></span> 
     </span>
    </p>
   </div>
   <div class='ocr_carea' id='block_1_12' title="bbox 474 1400 3663 1477">
    <p class='ocr_par' dir='ltr' id='par_1_12' title="bbox 474 1400 3663 1477">
     <span class='ocr_line' id='line_1_12' title="bbox 474 1400 3663 1477; baseline 0.002 -19"><span class='ocrx_word' id='word_1_120' title='bbox 474 1406 789 1476; x_wconf 83' lang='lat' dir='ltr'><strong>Martyrium</strong></span> <span class='ocrx_word' id='word_1_121' title='bbox 837 1404 1011 1458; x_wconf 90' lang='lat' dir='ltr'><strong>sancti</strong></span> <span class='ocrx_word' id='word_1_122' title='bbox 1041 1403 1268 1472; x_wconf 82' lang='lat' dir='ltr'><strong>Longini</strong></span> <span class='ocrx_word' id='word_1_123' title='bbox 1291 1400 1631 1456; x_wconf 88' lang='lat' dir='ltr'><strong>centurionis</strong></span> <span class='ocrx_word' id='word_1_124' title='bbox 1663 1417 1677 1467; x_wconf 93' lang='lat'><strong>;</strong></span> <span class='ocrx_word' id='word_1_125' title='bbox 2083 1402 2230 1457; x_wconf 88' lang='lat' dir='ltr'><strong>circa</strong></span> <span class='ocrx_word' id='word_1_126' title='bbox 2262 1404 2567 1474; x_wconf 85' lang='lat' dir='ltr'><strong>Bithyniam</strong></span> <span class='ocrx_word' id='word_1_127' title='bbox 2610 1407 2723 1472; x_wconf 89' lang='lat' dir='ltr'><strong>siti,</strong></span> <span class='ocrx_word' id='word_1_128' title='bbox 2769 1409 2859 1477; x_wconf 88' lang='lat' dir='ltr'><strong>qui</strong></span> <span class='ocrx_word' id='word_1_129' title='bbox 2897 1408 2961 1462; x_wconf 80' lang='grc' dir='ltr'><strong>Α.</strong></span> <span class='ocrx_word' id='word_1_130' title='bbox 2990 1409 3053 1462; x_wconf 90' lang='lat' dir='ltr'><strong>C.</strong></span> <span class='ocrx_word' id='word_1_131' title='bbox 3085 1409 3211 1470; x_wconf 82' lang='lat'><strong>767,</strong></span> <span class='ocrx_word' id='word_1_132' title='bbox 3241 1410 3311 1464; x_wconf 84' lang='lat' dir='ltr'><strong>ob</strong></span> <span class='ocrx_word' id='word_1_133' title='bbox 3348 1419 3663 1464; x_wconf 88' lang='lat' dir='ltr'><strong>sanctarum</strong></span> 
     </span>
    </p>
   </div>
   <div class='ocr_carea' id='block_1_13' title="bbox 468 1478 3666 1574">
    <p class='ocr_par' dir='ltr' id='par_1_13' title="bbox 468 1478 3666 1574">
     <span class='ocr_line' id='line_1_13' title="bbox 468 1478 3666 1574; baseline 0.001 -25"><span class='ocrx_word' id='word_1_134' title='bbox 468 1496 780 1567; x_wconf 86' lang='lat' dir='ltr'><strong>Martyrium</strong></span> <span class='ocrx_word' id='word_1_135' title='bbox 813 1478 1244 1548; x_wconf 49' lang='lat' dir='ltr'><strong>sancti&#39;Andreaa</strong></span> <span class='ocrx_word' id='word_1_136' title='bbox 1284 1493 1338 1546; x_wconf 91' lang='lat' dir='ltr'><strong>in</strong></span> <span class='ocrx_word' id='word_1_137' title='bbox 1369 1493 1530 1547; x_wconf 87' lang='lat' dir='ltr'><strong>Crisi.</strong></span> <span class='ocrx_word' id='word_1_138' title='bbox 2085 1491 2380 1564; x_wconf 81' lang='lat' dir='ltr'><strong>imaginum</strong></span> <span class='ocrx_word' id='word_1_139' title='bbox 2411 1496 2639 1562; x_wconf 90' lang='lat' dir='ltr'><strong>cultum,</strong></span> <span class='ocrx_word' id='word_1_140' title='bbox 2669 1498 2772 1552; x_wconf 89' lang='lat' dir='ltr'><strong>sub</strong></span> <span class='ocrx_word' id='word_1_141' title='bbox 2827 1499 2960 1569; x_wconf 91' lang='lat' dir='ltr'><strong>imp.</strong></span> <span class='ocrx_word' id='word_1_142' title='bbox 2988 1497 3350 1555; x_wconf 90' lang='lat' dir='ltr'><strong>Constantino</strong></span> <span class='ocrx_word' id='word_1_143' title='bbox 3377 1500 3666 1574; x_wconf 83' lang='lat' dir='ltr'><strong>Coprony-</strong></span> 
     </span>
    </p>
   </div>
   <div class='ocr_carea' id='block_1_14' title="bbox 477 1581 2562 1654">
    <p class='ocr_par' dir='ltr' id='par_1_14' title="bbox 477 1581 2562 1654">
     <span class='ocr_line' id='line_1_14' title="bbox 477 1581 2562 1654; baseline 0 -14"><span class='ocrx_word' id='word_1_144' title='bbox 477 1584 914 1641; x_wconf 85' lang='lat' dir='ltr'><strong>Commentarius</strong></span> <span class='ocrx_word' id='word_1_145' title='bbox 957 1583 1011 1636; x_wconf 89' lang='lat' dir='ltr'><strong>in</strong></span> <span class='ocrx_word' id='word_1_146' title='bbox 1043 1591 1290 1636; x_wconf 87' lang='lat' dir='ltr'><strong>sanctum</strong></span> <span class='ocrx_word' id='word_1_147' title='bbox 1315 1581 1623 1652; x_wconf 87' lang='lat' dir='ltr'><strong>apostolum</strong></span> <span class='ocrx_word' id='word_1_148' title='bbox 1653 1592 1709 1638; x_wconf 89' lang='lat' dir='ltr'><strong>et</strong></span> <span class='ocrx_word' id='word_1_149' title='bbox 1740 1595 1982 1654; x_wconf 81' lang='lat' dir='ltr'><strong>evange-</strong></span> <span class='ocrx_word' id='word_1_150' title='bbox 2085 1599 2176 1638; x_wconf 90' lang='lat' dir='ltr'><strong>mo</strong></span> <span class='ocrx_word' id='word_1_151' title='bbox 2209 1600 2404 1654; x_wconf 91' lang='lat' dir='ltr'><strong>passus</strong></span> <span class='ocrx_word' id='word_1_152' title='bbox 2435 1596 2517 1641; x_wconf 85' lang='lat' dir='ltr'><strong>est</strong></span> <span class='ocrx_word' id='word_1_153' title='bbox 2548 1605 2562 1652; x_wconf 87' lang='lat'><strong>;</strong></span> 
     </span>
    </p>
   </div>
   <div class='ocr_carea' id='block_1_15' title="bbox 406 1674 3580 1752">
    <p class='ocr_par' dir='ltr' id='par_1_15' title="bbox 406 1674 3580 1752">
     <span class='ocr_line' id='line_1_15' title="bbox 406 1674 3580 1752; baseline 0.002 -19"><span class='ocrx_word' id='word_1_154' title='bbox 406 1681 586 1734; x_wconf 90' lang='lat' dir='ltr'><strong>listam</strong></span> <span class='ocrx_word' id='word_1_155' title='bbox 621 1677 821 1731; x_wconf 89' lang='lat' dir='ltr'><strong>Lucam</strong></span> <span class='ocrx_word' id='word_1_156' title='bbox 855 1692 868 1740; x_wconf 93' lang='lat'><strong>;</strong></span> <span class='ocrx_word' id='word_1_157' title='bbox 2155 1674 2471 1746; x_wconf 86' lang='lat' dir='ltr'><strong>Martyrium</strong></span> <span class='ocrx_word' id='word_1_158' title='bbox 2495 1689 2699 1735; x_wconf 71' lang='lat' dir='ltr'><strong>sanctae</strong></span> <span class='ocrx_word' id='word_1_159' title='bbox 2735 1679 3047 1736; x_wconf 74' lang='lat' dir='ltr'><strong>Catharinaa</strong></span> <span class='ocrx_word' id='word_1_160' title='bbox 3075 1682 3297 1752; x_wconf 77' lang='lat' dir='ltr'><strong>virginis</strong></span> <span class='ocrx_word' id='word_1_161' title='bbox 3334 1701 3350 1750; x_wconf 89' lang='lat'><strong>;</strong></span> <span class='ocrx_word' id='word_1_162' title='bbox 3560 1741 3580 1748; x_wconf 82' lang='lat'><strong><em>_</em></strong></span> 
     </span>
    </p>
   </div>
   <div class='ocr_carea' id='block_1_16' title="bbox 470 1763 3534 1842">
    <p class='ocr_par' dir='ltr' id='par_1_16' title="bbox 470 1763 3534 1842">
     <span class='ocr_line' id='line_1_16' title="bbox 470 1763 3534 1842; baseline 0.001 -18"><span class='ocrx_word' id='word_1_163' title='bbox 470 1770 783 1841; x_wconf 90' lang='lat' dir='ltr'><strong>Martyrium</strong></span> <span class='ocrx_word' id='word_1_164' title='bbox 822 1769 995 1824; x_wconf 87' lang='lat' dir='ltr'><strong>sancti</strong></span> <span class='ocrx_word' id='word_1_165' title='bbox 1021 1767 1148 1823; x_wconf 86' lang='lat' dir='ltr'><strong>Vari</strong></span> <span class='ocrx_word' id='word_1_166' title='bbox 1183 1778 1239 1825; x_wconf 87' lang='lat' dir='ltr'><strong>et</strong></span> <span class='ocrx_word' id='word_1_167' title='bbox 1264 1771 1538 1825; x_wconf 85' lang='lat' dir='ltr'><strong>sociorum</strong></span> <span class='ocrx_word' id='word_1_168' title='bbox 1567 1784 1585 1836; x_wconf 90' lang='lat'><strong>;</strong></span> <span class='ocrx_word' id='word_1_169' title='bbox 2158 1763 2279 1820; x_wconf 89' lang='lat' dir='ltr'><strong>Vita</strong></span> <span class='ocrx_word' id='word_1_170' title='bbox 2312 1769 2487 1823; x_wconf 90' lang='lat' dir='ltr'><strong>sancti</strong></span> <span class='ocrx_word' id='word_1_171' title='bbox 2509 1770 2801 1834; x_wconf 82' lang='lat' dir='ltr'><strong>Ambrosii,</strong></span> <span class='ocrx_word' id='word_1_172' title='bbox 2826 1771 3065 1842; x_wconf 90' lang='lat' dir='ltr'><strong>episcopi</strong></span> <span class='ocrx_word' id='word_1_173' title='bbox 3088 1771 3534 1827; x_wconf 85' lang='lat' dir='ltr'><strong>Mediolanensls.</strong></span> 
     </span>
    </p>
   </div>
   <div class='ocr_carea' id='block_1_17' title="bbox 471 1857 3666 1935">
    <p class='ocr_par' dir='ltr' id='par_1_17' title="bbox 471 1857 3666 1935">
     <span class='ocr_line' id='line_1_17' title="bbox 471 1857 3666 1935; baseline 0.001 -19"><span class='ocrx_word' id='word_1_174' title='bbox 471 1862 784 1934; x_wconf 86' lang='lat' dir='ltr'><strong>Martyrium</strong></span> <span class='ocrx_word' id='word_1_175' title='bbox 817 1861 991 1916; x_wconf 91' lang='lat' dir='ltr'><strong>sancti</strong></span> <span class='ocrx_word' id='word_1_176' title='bbox 1018 1860 1245 1916; x_wconf 89' lang='lat' dir='ltr'><strong>Artemii</strong></span> <span class='ocrx_word' id='word_1_177' title='bbox 1276 1879 1292 1927; x_wconf 93' lang='lat'><strong>;</strong></span> <span class='ocrx_word' id='word_1_178' title='bbox 2009 1857 2057 1916; x_wconf 83' lang='grc' dir='ltr'><strong>Β</strong></span> <span class='ocrx_word' id='word_1_179' title='bbox 2158 1858 2470 1930; x_wconf 85' lang='lat' dir='ltr'><strong>Martyrium</strong></span> <span class='ocrx_word' id='word_1_180' title='bbox 2533 1860 2634 1916; x_wconf 89' lang='lat' dir='ltr'><strong>SS.</strong></span> <span class='ocrx_word' id='word_1_181' title='bbox 2667 1872 2961 1935; x_wconf 88' lang='lat' dir='ltr'><strong>martyrum</strong></span> <span class='ocrx_word' id='word_1_182' title='bbox 2993 1863 3172 1931; x_wconf 64' lang='lat' dir='ltr'><strong>Mense</strong></span> <span class='ocrx_word' id='word_1_183' title='bbox 3229 1863 3571 1935; x_wconf 79' lang='lat' dir='ltr'><strong>llermogenii</strong></span> <span class='ocrx_word' id='word_1_184' title='bbox 3606 1874 3666 1920; x_wconf 91' lang='lat' dir='ltr'><strong>et</strong></span> 
     </span>
    </p>
   </div>
   <div class='ocr_carea' id='block_1_18' title="bbox 467 1940 2399 2019">
    <p class='ocr_par' dir='ltr' id='par_1_18' title="bbox 467 1940 2399 2019">
     <span class='ocr_line' id='line_1_18' title="bbox 467 1940 2399 2019; baseline -0.003 -10"><span class='ocrx_word' id='word_1_185' title='bbox 467 1955 589 2009; x_wconf 89' lang='lat' dir='ltr'><strong>Vita</strong></span> <span class='ocrx_word' id='word_1_186' title='bbox 629 1963 684 2008; x_wconf 90' lang='lat' dir='ltr'><strong>et</strong></span> <span class='ocrx_word' id='word_1_187' title='bbox 713 1953 1056 2008; x_wconf 86' lang='lat' dir='ltr'><strong>conversatio</strong></span> <span class='ocrx_word' id='word_1_188' title='bbox 1084 1940 1258 2008; x_wconf 87' lang='lat' dir='ltr'><strong>sancti</strong></span> <span class='ocrx_word' id='word_1_189' title='bbox 1287 1951 1578 2008; x_wconf 77' lang='lat' dir='ltr'><strong>Hilarionis</strong></span> <span class='ocrx_word' id='word_1_190' title='bbox 1611 1968 1628 2018; x_wconf 92' lang='lat'><strong>;</strong></span> <span class='ocrx_word' id='word_1_191' title='bbox 2085 1945 2358 2019; x_wconf 83' lang='lat' dir='ltr'><strong>Eugraphi</strong></span> <span class='ocrx_word' id='word_1_192' title='bbox 2385 1967 2399 2016; x_wconf 91' lang='lat'><strong>;</strong></span> 
     </span>
    </p>
   </div>
   <div class='ocr_carea' id='block_1_19' title="bbox 470 2037 3666 2116">
    <p class='ocr_par' dir='ltr' id='par_1_19' title="bbox 470 2037 3666 2116">
     <span class='ocr_line' id='line_1_19' title="bbox 470 2037 3666 2116; baseline 0 -18"><span class='ocrx_word' id='word_1_193' title='bbox 470 2044 594 2099; x_wconf 86' lang='lat' dir='ltr'><strong>Vita</strong></span> <span class='ocrx_word' id='word_1_194' title='bbox 622 2045 794 2099; x_wconf 90' lang='lat' dir='ltr'><strong>sancti</strong></span> <span class='ocrx_word' id='word_1_195' title='bbox 819 2041 1062 2100; x_wconf 84' lang='lat' dir='ltr'><strong>Aber&#39;cii.</strong></span> <span class='ocrx_word' id='word_1_196' title='bbox 2157 2037 2470 2110; x_wconf 84' lang='lat' dir='ltr'><strong>Martyrium</strong></span> <span class='ocrx_word' id='word_1_197' title='bbox 2503 2040 2603 2097; x_wconf 93' lang='lat' dir='ltr'>SS.</span> <span class='ocrx_word' id='word_1_198' title='bbox 2624 2041 2906 2109; x_wconf 83' lang='lat' dir='ltr'><strong>Eustratii,</strong></span> <span class='ocrx_word' id='word_1_199' title='bbox 2931 2042 3210 2111; x_wconf 78' lang='lat' dir='ltr'><strong>Auxentii,</strong></span> <span class='ocrx_word' id='word_1_200' title='bbox 3243 2043 3492 2116; x_wconf 87' lang='lat' dir='ltr'><strong>Eugenii,</strong></span> <span class='ocrx_word' id='word_1_201' title='bbox 3524 2043 3666 2098; x_wconf 84' lang='lat' dir='ltr'><strong>Mar-</strong></span> 
     </span>
    </p>
   </div>
   <div class='ocr_carea' id='block_1_20' title="bbox 471 2123 2590 2207">
    <p class='ocr_par' dir='ltr' id='par_1_20' title="bbox 471 2123 2590 2207">
     <span class='ocr_line' id='line_1_20' title="bbox 471 2123 2590 2207; baseline 0 -17"><span class='ocrx_word' id='word_1_202' title='bbox 471 2123 922 2190; x_wconf 72' lang='lat' dir='ltr'><strong>Commcntarius</strong></span> <span class='ocrx_word' id='word_1_203' title='bbox 959 2136 1010 2188; x_wconf 93' lang='lat' dir='ltr'><strong>in</strong></span> <span class='ocrx_word' id='word_1_204' title='bbox 1064 2145 1314 2190; x_wconf 91' lang='lat' dir='ltr'><strong>sanctum</strong></span> <span class='ocrx_word' id='word_1_205' title='bbox 1369 2134 1676 2207; x_wconf 88' lang='lat' dir='ltr'><strong>apostolum</strong></span> <span class='ocrx_word' id='word_1_206' title='bbox 1723 2133 1984 2191; x_wconf 86' lang='lat' dir='ltr'><strong>Jacobum</strong></span> <span class='ocrx_word' id='word_1_207' title='bbox 2085 2131 2221 2187; x_wconf 89' lang='lat' dir='ltr'><strong>darii</strong></span> <span class='ocrx_word' id='word_1_208' title='bbox 2245 2142 2301 2187; x_wconf 86' lang='lat' dir='ltr'><strong>et</strong></span> <span class='ocrx_word' id='word_1_209' title='bbox 2332 2132 2590 2202; x_wconf 88' lang='lat' dir='ltr'><strong>Orestis;</strong></span> 
     </span>
    </p>
   </div>
   <div class='ocr_carea' id='block_1_21' title="bbox 402 2219 3664 2299">
    <p class='ocr_par' dir='ltr' id='par_1_21' title="bbox 402 2219 3664 2299">
     <span class='ocr_line' id='line_1_21' title="bbox 402 2219 3664 2299; baseline 0 -17"><span class='ocrx_word' id='word_1_210' title='bbox 402 2226 848 2297; x_wconf 80' lang='lat' dir='ltr'><strong>cognominatum</strong></span> <span class='ocrx_word' id='word_1_211' title='bbox 878 2225 1100 2280; x_wconf 78' lang='lat' dir='ltr'><strong>fratrem</strong></span> <span class='ocrx_word' id='word_1_212' title='bbox 1139 2225 1394 2292; x_wconf 88' lang='lat' dir='ltr'><strong>Domini;</strong></span> <span class='ocrx_word' id='word_1_213' title='bbox 2155 2219 2472 2294; x_wconf 88' lang='lat' dir='ltr'><strong>Martyrium</strong></span> <span class='ocrx_word' id='word_1_214' title='bbox 2506 2225 2678 2280; x_wconf 89' lang='lat' dir='ltr'><strong>sancti</strong></span> <span class='ocrx_word' id='word_1_215' title='bbox 2713 2225 3027 2298; x_wconf 89' lang='lat' dir='ltr'><strong>Nicephori,</strong></span> <span class='ocrx_word' id='word_1_216' title='bbox 3058 2227 3314 2299; x_wconf 88' lang='lat' dir='ltr'><strong>martyris</strong></span> <span class='ocrx_word' id='word_1_217' title='bbox 3357 2226 3664 2282; x_wconf 73' lang='lat' dir='ltr'><strong>Antiochia:</strong></span> 
     </span>
    </p>
   </div>
   <div class='ocr_carea' id='block_1_22' title="bbox 470 2306 3157 2390">
    <p class='ocr_par' dir='ltr' id='par_1_22' title="bbox 470 2306 3157 2390">
     <span class='ocr_line' id='line_1_22' title="bbox 470 2306 3157 2390; baseline -0.004 -17"><span class='ocrx_word' id='word_1_218' title='bbox 470 2319 788 2390; x_wconf 85' lang='lat' dir='ltr'><strong>Martyrium</strong></span> <span class='ocrx_word' id='word_1_219' title='bbox 820 2318 995 2374; x_wconf 88' lang='lat' dir='ltr'><strong>sancti</strong></span> <span class='ocrx_word' id='word_1_220' title='bbox 1026 2318 1252 2373; x_wconf 83' lang='lat' dir='ltr'><strong>Arethae</strong></span> <span class='ocrx_word' id='word_1_221' title='bbox 1283 2327 1337 2374; x_wconf 91' lang='lat' dir='ltr'><strong>et</strong></span> <span class='ocrx_word' id='word_1_222' title='bbox 1358 2319 1629 2374; x_wconf 91' lang='lat' dir='ltr'><strong>sociorum</strong></span> <span class='ocrx_word' id='word_1_223' title='bbox 1663 2335 1680 2384; x_wconf 93' lang='lat'><strong>;</strong></span> <span class='ocrx_word' id='word_1_224' title='bbox 2085 2311 2140 2365; x_wconf 92' lang='lat' dir='ltr'><strong>in</strong></span> <span class='ocrx_word' id='word_1_225' title='bbox 2174 2309 2329 2382; x_wconf 86' lang='lat' dir='ltr'><strong>Syria</strong></span> <span class='ocrx_word' id='word_1_226' title='bbox 2357 2329 2372 2380; x_wconf 93' lang='lat'><strong>;</strong></span> <span class='ocrx_word' id='word_1_227' title='bbox 3127 2306 3157 2319; x_wconf 76' lang='grc'><em>““</em></span> 
     </span>
    </p>
   </div>
   <div class='ocr_carea' id='block_1_23' title="bbox 476 2406 2924 2482">
    <p class='ocr_par' dir='ltr' id='par_1_23' title="bbox 476 2406 2924 2482">
     <span class='ocr_line' id='line_1_23' title="bbox 476 2406 2924 2482; baseline 0.001 -18"><span class='ocrx_word' id='word_1_228' title='bbox 476 2411 790 2482; x_wconf 88' lang='lat' dir='ltr'><strong>Martyrium</strong></span> <span class='ocrx_word' id='word_1_229' title='bbox 827 2408 927 2464; x_wconf 90' lang='lat' dir='ltr'><strong>SS.</strong></span> <span class='ocrx_word' id='word_1_230' title='bbox 961 2408 1218 2464; x_wconf 85' lang='lat' dir='ltr'><strong>Marciani</strong></span> <span class='ocrx_word' id='word_1_231' title='bbox 1244 2420 1299 2464; x_wconf 90' lang='lat' dir='ltr'><strong>et</strong></span> <span class='ocrx_word' id='word_1_232' title='bbox 1324 2410 1564 2482; x_wconf 88' lang='lat' dir='ltr'><strong>martyrii</strong></span> <span class='ocrx_word' id='word_1_233' title='bbox 1609 2408 1982 2474; x_wconf 89' lang='lat' dir='ltr'><strong>notariorum;</strong></span> <span class='ocrx_word' id='word_1_234' title='bbox 2157 2406 2482 2480; x_wconf 90' lang='lat' dir='ltr'><strong>Martyrium</strong></span> <span class='ocrx_word' id='word_1_235' title='bbox 2505 2409 2677 2465; x_wconf 87' lang='lat' dir='ltr'><strong>sancti</strong></span> <span class='ocrx_word' id='word_1_236' title='bbox 2711 2409 2874 2466; x_wconf 90' lang='lat' dir='ltr'><strong>Blasii</strong></span> <span class='ocrx_word' id='word_1_237' title='bbox 2908 2429 2924 2478; x_wconf 88' lang='lat'><strong>;</strong></span> 
     </span>
    </p>
   </div>
   <div class='ocr_carea' id='block_1_24' title="bbox 476 2497 3133 2574">
    <p class='ocr_par' dir='ltr' id='par_1_24' title="bbox 476 2497 3133 2574">
     <span class='ocr_line' id='line_1_24' title="bbox 476 2497 3133 2574; baseline 0 -17"><span class='ocrx_word' id='word_1_238' title='bbox 476 2503 794 2574; x_wconf 89' lang='lat' dir='ltr'><strong>Martyrium</strong></span> <span class='ocrx_word' id='word_1_239' title='bbox 825 2501 1000 2556; x_wconf 89' lang='lat' dir='ltr'><strong>sancti</strong></span> <span class='ocrx_word' id='word_1_240' title='bbox 1035 2502 1317 2558; x_wconf 89' lang='lat' dir='ltr'><strong>Demetrii.</strong></span> <span class='ocrx_word' id='word_1_241' title='bbox 2157 2497 2472 2572; x_wconf 83' lang='lat' dir='ltr'><strong>Martyrium</strong></span> <span class='ocrx_word' id='word_1_242' title='bbox 2503 2502 2674 2557; x_wconf 89' lang='lat' dir='ltr'><strong>sancti</strong></span> <span class='ocrx_word' id='word_1_243' title='bbox 2694 2501 2898 2557; x_wconf 72' lang='lat' dir='ltr'><strong>Niceta:</strong></span> <span class='ocrx_word' id='word_1_244' title='bbox 2926 2502 3092 2558; x_wconf 89' lang='lat' dir='ltr'><strong>Gothi</strong></span> <span class='ocrx_word' id='word_1_245' title='bbox 3118 2521 3133 2571; x_wconf 93' lang='lat'><strong>;</strong></span> 
     </span>
    </p>
   </div>
   <div class='ocr_carea' id='block_1_25' title="bbox 475 2593 2975 2669">
    <p class='ocr_par' dir='ltr' id='par_1_25' title="bbox 475 2593 2975 2669">
     <span class='ocr_line' id='line_1_25' title="bbox 475 2593 2975 2669; baseline 0.006 -21"><span class='ocrx_word' id='word_1_246' title='bbox 475 2595 595 2650; x_wconf 85' lang='lat' dir='ltr'><strong>Vita</strong></span> <span class='ocrx_word' id='word_1_247' title='bbox 617 2602 672 2650; x_wconf 91' lang='lat' dir='ltr'><strong>et</strong></span> <span class='ocrx_word' id='word_1_248' title='bbox 699 2593 1016 2666; x_wconf 89' lang='lat' dir='ltr'><strong>martyrium</strong></span> <span class='ocrx_word' id='word_1_249' title='bbox 1048 2604 1251 2653; x_wconf 61' lang='lat' dir='ltr'><strong>sancta</strong></span> <span class='ocrx_word' id='word_1_250' title='bbox 1277 2597 1531 2669; x_wconf 89' lang='lat' dir='ltr'><strong>martyris</strong></span> <span class='ocrx_word' id='word_1_251' title='bbox 1548 2598 1849 2657; x_wconf 71' lang='lat' dir='ltr'><strong>Anastasia:</strong></span> <span class='ocrx_word' id='word_1_252' title='bbox 1872 2602 1982 2658; x_wconf 79' lang='lat' dir='ltr'><strong>Ro-</strong></span> <span class='ocrx_word' id='word_1_253' title='bbox 2159 2593 2472 2666; x_wconf 73' lang='lat' dir='ltr'><strong>Martyrium</strong></span> <span class='ocrx_word' id='word_1_254' title='bbox 2501 2595 2675 2650; x_wconf 68' lang='lat' dir='ltr'><strong>sancti</strong></span> <span class='ocrx_word' id='word_1_255' title='bbox 2702 2595 2930 2651; x_wconf 66' lang='lat' dir='ltr'><strong>Ananiae</strong></span> <span class='ocrx_word' id='word_1_256' title='bbox 2959 2613 2975 2663; x_wconf 82' lang='grc'>;</span> 
     </span>
    </p>
   </div>
   <div class='ocr_carea' id='block_1_26' title="bbox 405 2687 3620 2761">
    <p class='ocr_par' dir='ltr' id='par_1_26' title="bbox 405 2687 3620 2761">
     <span class='ocr_line' id='line_1_26' title="bbox 405 2687 3620 2761; baseline 0.001 -20"><span class='ocrx_word' id='word_1_257' title='bbox 405 2702 580 2742; x_wconf 72' lang='lat' dir='ltr'><strong>mana:</strong></span> <span class='ocrx_word' id='word_1_258' title='bbox 607 2705 624 2754; x_wconf 92' lang='lat'><strong>;</strong></span> <span class='ocrx_word' id='word_1_259' title='bbox 2157 2687 2599 2744; x_wconf 88' lang='lat' dir='ltr'><strong>Commentarius</strong></span> <span class='ocrx_word' id='word_1_260' title='bbox 2631 2691 2684 2743; x_wconf 88' lang='lat' dir='ltr'><strong>in</strong></span> <span class='ocrx_word' id='word_1_261' title='bbox 2714 2697 2963 2744; x_wconf 88' lang='lat' dir='ltr'><strong>sanctum</strong></span> <span class='ocrx_word' id='word_1_262' title='bbox 2987 2689 3294 2761; x_wconf 85' lang='lat' dir='ltr'><strong>apostolum</strong></span> <span class='ocrx_word' id='word_1_263' title='bbox 3331 2689 3620 2758; x_wconf 85' lang='lat' dir='ltr'><strong>Thomam;</strong></span> 
     </span>
    </p>
   </div>
   <div class='ocr_carea' id='block_1_27' title="bbox 477 2778 2994 2860">
    <p class='ocr_par' dir='ltr' id='par_1_27' title="bbox 477 2778 2994 2860">
     <span class='ocr_line' id='line_1_27' title="bbox 477 2778 2994 2860; baseline 0.002 -28"><span class='ocrx_word' id='word_1_264' title='bbox 477 2778 594 2834; x_wconf 82' lang='lat' dir='ltr'><strong>Vita</strong></span> <span class='ocrx_word' id='word_1_265' title='bbox 623 2781 793 2836; x_wconf 89' lang='lat' dir='ltr'><strong>sancti</strong></span> <span class='ocrx_word' id='word_1_266' title='bbox 826 2781 1067 2839; x_wconf 86' lang='lat' dir='ltr'><strong>Abramii</strong></span> <span class='ocrx_word' id='word_1_267' title='bbox 1096 2791 1151 2840; x_wconf 92' lang='lat' dir='ltr'><strong>et</strong></span> <span class='ocrx_word' id='word_1_268' title='bbox 1172 2791 1375 2840; x_wconf 65' lang='lat' dir='ltr'><strong>sanctae</strong></span> <span class='ocrx_word' id='word_1_269' title='bbox 1402 2781 1587 2840; x_wconf 68' lang='lat' dir='ltr'><strong>Mariae</strong></span> <span class='ocrx_word' id='word_1_270' title='bbox 1628 2785 1808 2856; x_wconf 89' lang='lat' dir='ltr'><strong>neptis</strong></span> <span class='ocrx_word' id='word_1_271' title='bbox 1829 2787 1981 2860; x_wconf 86' lang='lat' dir='ltr'><strong>ejus;</strong></span> <span class='ocrx_word' id='word_1_272' title='bbox 2156 2783 2472 2854; x_wconf 85' lang='lat' dir='ltr'><strong>Martyrium</strong></span> <span class='ocrx_word' id='word_1_273' title='bbox 2497 2784 2666 2838; x_wconf 91' lang='lat' dir='ltr'><strong>sancti</strong></span> <span class='ocrx_word' id='word_1_274' title='bbox 2700 2783 2954 2838; x_wconf 87' lang='lat' dir='ltr'><strong>Demetrii</strong></span> <span class='ocrx_word' id='word_1_275' title='bbox 2980 2800 2994 2850; x_wconf 93' lang='lat'><strong>;</strong></span> 
     </span>
    </p>
   </div>
   <div class='ocr_carea' id='block_1_28' title="bbox 484 2871 3664 2950">
    <p class='ocr_par' dir='ltr' id='par_1_28' title="bbox 484 2871 3664 2950">
     <span class='ocr_line' id='line_1_28' title="bbox 484 2871 3664 2950; baseline 0.003 -26"><span class='ocrx_word' id='word_1_276' title='bbox 484 2871 801 2945; x_wconf 85' lang='lat' dir='ltr'><strong>Martyrium</strong></span> <span class='ocrx_word' id='word_1_277' title='bbox 829 2876 1006 2933; x_wconf 87' lang='lat' dir='ltr'><strong>sancti</strong></span> <span class='ocrx_word' id='word_1_278' title='bbox 1031 2877 1255 2933; x_wconf 86' lang='lat' dir='ltr'><strong>Zenobii</strong></span> <span class='ocrx_word' id='word_1_279' title='bbox 1281 2885 1336 2933; x_wconf 91' lang='lat' dir='ltr'><strong>et</strong></span> <span class='ocrx_word' id='word_1_280' title='bbox 1363 2878 1572 2935; x_wconf 86' lang='lat' dir='ltr'><strong>sororis</strong></span> <span class='ocrx_word' id='word_1_281' title='bbox 1605 2878 1727 2950; x_wconf 87' lang='lat' dir='ltr'><strong>ejus</strong></span> <span class='ocrx_word' id='word_1_282' title='bbox 1759 2895 1776 2948; x_wconf 90' lang='lat'><strong>;</strong></span> <span class='ocrx_word' id='word_1_283' title='bbox 2158 2872 2283 2928; x_wconf 88' lang='lat' dir='ltr'><strong>Vita</strong></span> <span class='ocrx_word' id='word_1_284' title='bbox 2317 2875 2490 2928; x_wconf 89' lang='lat' dir='ltr'><strong>sancti</strong></span> <span class='ocrx_word' id='word_1_285' title='bbox 2513 2872 2800 2946; x_wconf 89' lang='lat' dir='ltr'><strong>Symeonis</strong></span> <span class='ocrx_word' id='word_1_286' title='bbox 2819 2873 3026 2946; x_wconf 72' lang='lat' dir='ltr'><strong>Stylitaa</strong></span> <span class='ocrx_word' id='word_1_287' title='bbox 3043 2875 3204 2946; x_wconf 88' lang='lat' dir='ltr'><strong>primi</strong></span> <span class='ocrx_word' id='word_1_288' title='bbox 3241 2874 3354 2930; x_wconf 88' lang='lat' dir='ltr'><strong>sive</strong></span> <span class='ocrx_word' id='word_1_289' title='bbox 3393 2875 3664 2946; x_wconf 88' lang='lat' dir='ltr'><strong>senioris;</strong></span> 
     </span>
    </p>
   </div>
   <div class='ocr_carea' id='block_1_29' title="bbox 480 2961 3473 3040">
    <p class='ocr_par' dir='ltr' id='par_1_29' title="bbox 480 2961 3473 3040">
     <span class='ocr_line' id='line_1_29' title="bbox 480 2961 3473 3040; baseline 0.003 -26"><span class='ocrx_word' id='word_1_290' title='bbox 480 2961 794 3036; x_wconf 88' lang='lat' dir='ltr'><strong>Martyrium</strong></span> <span class='ocrx_word' id='word_1_291' title='bbox 817 2967 990 3025; x_wconf 83' lang='lat' dir='ltr'><strong>sancti</strong></span> <span class='ocrx_word' id='word_1_292' title='bbox 1021 2968 1304 3040; x_wconf 70' lang='lat' dir='ltr'><strong>Epimachi</strong></span> <span class='ocrx_word' id='word_1_293' title='bbox 1331 2987 1352 3037; x_wconf 88' lang='lat'><strong>;</strong></span> <span class='ocrx_word' id='word_1_294' title='bbox 1746 2963 1756 2969; x_wconf 75' lang='grc'><strong>’</strong></span> <span class='ocrx_word' id='word_1_295' title='bbox 2161 2966 2475 3038; x_wconf 90' lang='lat' dir='ltr'><strong>Martyrium</strong></span> <span class='ocrx_word' id='word_1_296' title='bbox 2500 2967 2678 3022; x_wconf 90' lang='lat' dir='ltr'><strong>sancti</strong></span> <span class='ocrx_word' id='word_1_297' title='bbox 2710 2968 2889 3038; x_wconf 85' lang='lat' dir='ltr'><strong>magni</strong></span> <span class='ocrx_word' id='word_1_298' title='bbox 2917 2968 3171 3039; x_wconf 88' lang='lat' dir='ltr'><strong>martyris</strong></span> <span class='ocrx_word' id='word_1_299' title='bbox 3209 2967 3422 3039; x_wconf 89' lang='lat' dir='ltr'><strong>Georgii</strong></span> <span class='ocrx_word' id='word_1_300' title='bbox 3456 2986 3473 3038; x_wconf 95' lang='lat'><strong>;</strong></span> 
     </span>
    </p>
   </div>
   <div class='ocr_carea' id='block_1_30' title="bbox 479 3049 3364 3134">
    <p class='ocr_par' dir='ltr' id='par_1_30' title="bbox 479 3049 3364 3134">
     <span class='ocr_line' id='line_1_30' title="bbox 479 3049 3364 3134; baseline 0.003 -29"><span class='ocrx_word' id='word_1_301' title='bbox 479 3049 794 3127; x_wconf 80' lang='lat' dir='ltr'><strong>Martyrium</strong></span> <span class='ocrx_word' id='word_1_302' title='bbox 823 3056 996 3115; x_wconf 88' lang='lat' dir='ltr'><strong>sancti</strong></span> <span class='ocrx_word' id='word_1_303' title='bbox 1034 3058 1275 3133; x_wconf 90' lang='lat' dir='ltr'><strong>Dionysii</strong></span> <span class='ocrx_word' id='word_1_304' title='bbox 1311 3059 1648 3134; x_wconf 70' lang='lat' dir='ltr'><strong>Areopagitae</strong></span> <span class='ocrx_word' id='word_1_305' title='bbox 1678 3077 1694 3127; x_wconf 89' lang='lat'><strong>;</strong></span> <span class='ocrx_word' id='word_1_306' title='bbox 2109 3118 2116 3123; x_wconf 85' lang='grc' dir='ltr'><strong> </strong></span> <span class='ocrx_word' id='word_1_307' title='bbox 2160 3058 2476 3132; x_wconf 88' lang='lat' dir='ltr'><strong>Martyrium</strong></span> <span class='ocrx_word' id='word_1_308' title='bbox 2509 3060 2684 3118; x_wconf 85' lang='lat' dir='ltr'><strong>sancti</strong></span> <span class='ocrx_word' id='word_1_309' title='bbox 2715 3061 2976 3118; x_wconf 89' lang='lat' dir='ltr'><strong>Eustratii</strong></span> <span class='ocrx_word' id='word_1_310' title='bbox 2995 3070 3050 3120; x_wconf 83' lang='lat' dir='ltr'><strong>et</strong></span> <span class='ocrx_word' id='word_1_311' title='bbox 3069 3061 3364 3119; x_wconf 88' lang='lat' dir='ltr'><strong>sociorum.</strong></span> 
     </span>
    </p>
   </div>
  </div>
