4156 6464
2630 516 3645 555 m

2137 530 3065 543 ,_______________

370 732 385 750 δ

1024 713 1743 875 MENSlS.
1864 702 3005 868 JANUARIUS.

1682 1138 1840 1195 ΒῙΟΣ
1868 1136 1993 1193 ΚΑΙ
2023 1134 2352 1191 ΠΟΛΙΤΕΙΑ

637 1313 873 1403 ΤΗΣ
932 1303 1251 1399 ΟΣΙΑΣ
1310 1301 2049 1395 ΕΥΦΡΟΣΥΝΗΣ
2105 1298 2325 1387 ΤΗΣ
2390 1299 2533 1384 ΕΝ
2580 1290 3380 1385 ΑΛΕΧΑΝΔΡΕΙΑ.

1555 1636 1747 1701 νιΤΑ
1790 1636 1892 1697 ΕΤ
1949 1629 2519 1697 CONVERSATIO

804 1823 1290 1919 SANCTIE
1366 1821 1430 1910 E
1452 1822 1512 1912 U
1534 1819 1691 1908 PH
1712 1813 2248 1908 BOSYNES
2310 1808 3261 1902 ALEXANDB‘INIE.

1805 1992 2018 2069 (Auno
2048 1988 2213 2069 ιεο.)

413 2154 618 2222 [Graec
648 2164 789 2203 nunc
821 2147 1039 2213 primum
1078 2143 1242 2197 editur
1270 2157 1336 2198 ex
1357 2143 1468 2195 cod.
1503 2141 1832 2254 negligi?
1848 2140 2116 2252 εὲἓὶιιιέὧι,
2467 2152 2520 2190 n.
2548 2137 2689 2199 1536,
2711 2135 2754 2189 τ’
2774 2137 2903 2201 215;
2924 2134 3101 2190 Latine
3119 2150 3184 2190 ex
3206 2136 3357 2191 Suria
3376 2139 3441 2190 ad
3461 2139 3596 2191 diem
3634 2138 3671 2189 llr

1612 2201 1833 2263 anuarii;
1882 2198 2128 2263 Bollaud.‘,
2152 2198 2413 2266 111%er

457 2524 545 2582 Α»,
591 2522 757 2592 ’Δρτι
808 2515 880 2569 τὰ
920 2511 1210 2584 Ῥωμαίων
1263 2511 1517 2581 σκῆπτρα
1547 2508 1828 2563 θεοδοσίου
1879 2506 1976 2563 τοῦ

2153 2507 2196 2563 ι.
2245 2506 2383 2564 Cum
2428 2505 2807 2563 Romanorum
2828 2514 3043 2578 sceptra
3080 2504 3424 2562 Theodosius
3449 2503 3669 2561 Arcadii

384 2618 591 2679 παιδὸς
645 2609 939 2684 ’Δρκαδίου
975 2604 1216 2668 εὐσεϐῶς
1266 2601 1635 2666 διιθύνοντος,
1675 2601 1819 2672 ἁνήρ
1873 2615 1985 2664 τις,

382 2708 743 2778 Παφνούτιος
766 2703 963 2772 ὄνομα,
1002 2696 1143 2751 κατὰ
1168 2696 1267 2766 τὴν
1316 2692 1713 2764 Ἀλεξανδρέων
1749 2689 1987 2762 μεγαλό-

387 2802 558 2856 πολιν
603 2794 931 2868 ὲγνωρίζετο
961 2788 1179 2858 πλούτῳ
1225 2803 1284 2840 τε
1313 2784 1566 2854 δαψιλὴς,
1612 2784 1707 2837 καὶ
1736 2781 1988 2852 εὐγενείᾳ

389 2895 466 2961 τῇ
496 2887 645 2944 κατὰ
666 2887 871 2954 κόσμον
902 2876 1227 2949 περιφανὴς,
1262 2874 1442 2945 πολλῷ
1466 2874 1524 2926 δὲ
1552 2873 1755 2943 μᾶλλον
1784 2870 1988 2941 ἀρετῆς

394 2975 621 3046 ⁸πλούτῳ
669 2971 879 3042 κομῶν,
915 2968 1010 3023 καὶ
1043 2962 1296 3034 εὐγενείᾳ
1339 2965 1521 3033 ψυχῆς
1559 2962 1993 3033 σεμνυνόμενος.

396 3067 630 3121 Γυναικὶ
685 3059 841 3126 οὗτος
891 3059 1244 3123 συνέζευκται
1289 3053 1584 3125 φιλαρέτῳ,
1634 3052 1733 3107 καὶ
1784 3050 1989 3122 πολλὴν

402 3158 608 3229 ἐχούσῃ
651 3157 791 3227 πρὸς
831 3152 965 3206 Θεὸν
1018 3150 1116 3220 τὴν
1166 3147 1467 3211 εὐσέϐειαν,
1500 3146 1575 3208 ὡς
1613 3140 1753 3199 εἶναι
1781 3143 1991 3215 ταύτην

399 3254 499 3323 τὴν
530 3250 803 3318 συζυγίαν
838 3245 1052 3315 ἀψευδῆ
1087 3244 1166 3315 τῷ
1195 3243 1330 3310 ὃντι,
1360 3240 1455 3295 καὶ
1483 3239 1696 3303 οἰκείως
1722 3239 1785 3305 ἐξ
1812 3239 1998 3310 ἀμφο-

397 3345 581 3415 τέρων
611 3343 867 3412 ἐχουσαν.
904 3337 1122 3407 Ταύτην
1160 3331 1514 3403 ⁴ἀτεκνοΰσαν
1562 3330 1706 3403 ὀρῶν
1762 3332 1794 3385 ὁ
1843 3330 1988 3404 ἀνὴρ

398 3433 614 3503 ἠνιᾶτοο
635 3433 733 3485 καὶ
766 3430 884 3493 πῶς
909 3429 1019 3499 γὰρ
1042 3426 1142 3493 οΰ;
1172 3426 1296 3479 ἐπεὶ
1335 3424 1434 3479 καὶ
1458 3423 1662 3494 γάμοις
1691 3422 1991 3494 ὡμιληκὼς

397 3524 566 3579 τοῦτο
604 3521 858 3594 βούλεται
912 3517 1341 3591 προήγουμένως
1391 3515 1454 3569 τὸ
1498 3514 1703 3570 παίδων
1733 3513 1994 3583 γενέσθαι

404 3620 615 3686 πατήρ.
674 3614 895 3685 Ἐζήτει
922 3612 1104 3666 τοίνυν
1136 3610 1231 3666 τοῦ
1279 3608 1580 3671 λυποῦντος
1609 3607 1762 3661 λύσιν
1786 3608 1991 3678 εὑρεῖν,

405 3704 507 3758 καὶ
537 3706 604 3774 τῇ
661 3700 908 3773 κοινωνῷ
934 3699 1027 3754 τοῦ
1060 3700 1177 3771 βίου
1227 3698 1292 3753 τὸ
1321 3701 1556 3770 πρᾶγμα
1582 3695 1765 3760 καλῶς
1792 3713 1992 3751 κοινω-

413 3795 676 3863 σάμενος,
724 3793 863 3864 πρὸς
917 3792 1011 3847 τὸν
1076 3792 1257 3847 πάντα
1303 3789 1602 3861 δυνάμενον
1655 3790 1994 3858 καταφυγεῖν

2091 2601 2234 2657 ﬁlius
2266 2608 2501 2672 regeret,
2532 2599 2617 2654 vir
2651 2598 2892 2670 quidam,
2922 2598 3146 2654 nomine
3177 2597 3538 2668 Paphnutius,
3569 2611 3669 2652 co-

2090 2693 2453 2766 gnoscebatur
2482 2692 2538 2747 in
2572 2706 2766 2763 magna
2792 2691 3015 2746 civitate
3044 2691 3431 2756 Alexandrina,
3464 2689 3671 2746 divitiis

2091 2785 2313 2856 quidem
2342 2784 2607 2855 locuples,
2657 2785 2752 2840 sed
2781 2784 2956 2839 multo
3006 2782 3179 2854 magis
3213 2782 3432 2838 virtutis
3463 2780 3672 2837 divitiis

2094 2886 2150 2932 et
2175 2876 2346 2932 animi
2372 2875 2655 2932 nobilitate
2684 2874 3000 2946 splendidus
3031 2888 3094 2929 ac
3125 2872 3435 2944 praeclarus.
3465 2873 3519 2926 ls
3554 2886 3674 2927 ma.

2094 2968 2352 3025 trimonio
2374 2976 2493 3023 erat
2530 2968 2858 3037 conjunctus
2890 2966 3105 3021 mulieri
3146 2965 3361 3020 virtutis
3389 2964 3670 3031 studiosa},

2093 3070 2151 3115 et
2181 3075 2302 3130 quae
2329 3075 2524 3132 magna
2554 3066 2672 3114 erat
2716 3059 2773 3113 in
2806 3057 2978 3113 Deum
3010 3057 3232 3129 pietate,
3260 3058 3397 3114 adeo
3430 3067 3491 3113 ut
3527 3066 3675 3113 esset

2094 3150 2202 3207 hoc
2240 3165 2432 3206 revera
2484 3149 2710 3205 minime
2753 3148 2912 3205 fallas
2947 3148 3278 3221 conjugium,
3311 3157 3367 3204 et
3392 3148 3537 3219 quod
3576 3149 3676 3205 be-

2093 3242 2405 3299 nevolentia
2432 3244 2692 3314 utrinque
2723 3242 3034 3297 tenebatur.
3076 3240 3228 3297 Hanc
3257 3240 3398 3299 ﬁlios
3430 3256 3539 3297 non
3573 3242 3673 3297 ha-

2094 3335 2316 3391 bentem
2375 3350 2501 3390 cum
2554 3334 2766 3391 videret
2819 3335 3070 3402 maritus,
3125 3333 3424 3405 angebatur
3466 3334 3671 3389 animo.

2097 3427 2298 3496 Quidni
2330 3427 2517 3482 enim?
2544 3426 2682 3482 Nam
2728 3425 3044 3497 quicunque
3081 3427 3307 3496 junctus
3354 3435 3439 3482 est
3470 3427 3677 3481 matri-

2097 3518 2306 3582 monio,
2341 3517 2447 3572 hoc
2475 3516 2847 3588 principaliter
2871 3517 3043 3588 cupit,
3076 3534 3135 3574 se
3167 3519 3400 3573 ﬁliorum
3430 3532 3552 3573 esse
3578 3534 3679 3588 pa-

2097 3618 2258 3669 trem.
2281 3610 2569 3676 Quaerebat
2598 3624 2727 3681 ergo
2757 3610 3004 3666 invenire
3032 3611 3319 3675 rationem,
3346 3624 3452 3680 qua
3477 3610 3548 3665 ab
3573 3609 3686 3665 bno

2095 3702 2422 3758 liberaretur
2467 3702 2717 3758 molestia
2751 3718 2766 3759 :
2800 3709 2855 3757 et
2884 3716 3006 3757 cum
3051 3716 3165 3756 rem
3193 3703 3320 3756 vitae
3366 3716 3478 3756 sua;
3514 3701 3679 3757 sociae

2095 3803 2246 3849 recte
2292 3795 2770 3859 communicasset,
2802 3794 3120 3849 consulebat
3161 3803 3222 3849 ut
3255 3793 3571 3865 confugeret
3607 3796 3677 3851 ad

421 3884 853 3938 συνεδουλεύετο.
875 3884 1047 3938 Ὅθεν
1068 3884 1100 3953 ἡ
1135 3884 1233 3955 μὲν
1257 3882 1534 3952 νηστείαις
1560 3881 1654 3935 καὶ
1666 3882 1997 3951 προσευχαῖς

2099 3898 2223 3939 eum
2278 3883 2369 3954 qui
2403 3892 2584 3953 potest
2620 3884 2826 3939 omnia.
2877 3884 3140 3949 Quocirca
3184 3884 3273 3939 illa
3317 3885 3535 3956 quidem
3576 3902 3676 3942 va-

431 3977 828 4046 προσκειμένῃ,
883 3978 1087 4030 ’Ἄνναν
1142 3976 1431 4047 ὲμιμεῖτοξ,
1495 3974 1592 4028 καὶ⁸
1646 3973 1713 4027 τὰ
1781 3973 1999 4043 ἐκείνης

429 4067 736 4137 ἐφθέγγετο’
773 4069 1037 4136 Ἄδων-αἳ,
1073 4068 1328 4137 λέγουσα,
1368 4068 1548 4134 Κύριε
1581 4065 1846 4131 Σαϐαὼθ,
1889 4066 1999 4120 ἐὰν·

423 4159 758 4214 ἐπιϐλέπων
787 4161 1127 4229 mauu-pc
1167 4159 1267 4214 ἐπὶ
1315 4157 1431 4225 τὴν
1452 4158 1686 4225 δούλην
1728 4171 1869 4222 σου,
1894 4155 1995 4210 καί

414 4249 577 4318 δῲης
609 4271 715 4322 μοι
748 4252 969 4307 τέκνον
1008 4253 1079 4306 ἐκ
1126 4252 1363 4323 μήτρας
1395 4249 1568 4321 ἐμῆς,
1612 4248 1693 4315 τῷ
1725 4249 1996 4319 δωρησαρ

408 4345 577 4415 μένῳ
596 4360 699 4400 σοι
734 4344 1020 4414 προσὰξω
1045 4345 1224 4399 τοῦτο
1247 4341 1394 4409 Θεῷ.
1426 4343 1487 4396 '0
1519 4341 1575 4395 δὲ
1596 4343 1665 4397 τὰ
1691 4341 1810 4411 ίερὰ
1832 4358 1998 4411 φρον-

412 4439 674 4505 τιστήρια
729 4437 948 4509 περιῄει
997 4437 1124 4500 τούς
1160 4439 1219 4490 ὲν
1269 4436 1454 4498 αὐτοῖς
1495 4433 1868 4506 ἀσκουμένους
1920 4433 2000 4497 είς

415 4527 633 4580 ἱκεσίαν
663 4527 801 4582 Θεοῦ
826 4527 1252 4597 ἐκκαλούμενος.

486 4621 566 4673 B’.
604 4621 717 4673 Καὶ
744 4621 808 4691 δὴ
839 4622 982 4674 κατά
1011 4638 1062 4673 τι
1092 4622 1344 4691 σεμνεῖον
1372 4618 1516 4690 ἱερὸν
1548 4614 1689 4673 εἶναι
1731 4621 2000 4675 πυνθάνε-

414 4727 507 4765 ται
541 4714 800 4781 γέροντα,
854 4705 900 4781 ᾧ
949 4713 1150 4784 πολλὴν
1197 4715 1230 4784 ἡ
1269 4712 1364 4766 τοῦ
1407 4711 1523 4782 βίου
1557 4712 1869 4782 καθαρότης
1902 4712 2000 4784 τὴν

418 4803 556 4872 πρὸς
581 4802 716 4857 Θεὸν
742 4804 1107 4873 ἐμνηστεύετο
1137 4805 1453 4875 παρρησίαν
1480 4822 1493 4837 ο
1529 4805 1704 4876 τούτῳ
1747 4808 2003 4877 παραϐα-

416 4894 524 4947 λὼν
558 4896 589 4948 ὁ
631 4897 987 4963 Παφνούτιος,
1026 4897 1214 4951 καὶτὰ
1250 4895 1596 4967 προσήκοντα
1614 4896 2004 4968 διομιλησάμεο

416 5004 530 5052 νος,
560 4984 683 5039 εἶτα
717 4988 815 5041 καὶ
845 4988 973 5059 περὶ
999 4988 1109 5041 τῶν
1137 4988 1519 5058 προκειμένων
1543 4988 1716 5059 ἠξίου·
1749 4989 1999 5043 Ἐπίϐλε-

413 5077 518 5146 ψον
550 5079 638 5130 ἐπ’
666 5078 792 5148 ἐμὲ,
821 5078 1027 5146 λέγων,
1074 5080 1172 5133 καὶ
1219 5080 1319 5150 τὴν
1349 5080 1488 5152 ἐμὴν
1535 5080 1633 5146 ἴδε,
1670 5081 1870 5149 Πάτερ,
1906 5098 2072 5173 raro

418 5168 708 5231 πείνωσιν,
754 5168 849 5223 καὶ
878 5169 940 5222 τὸ
976 5169 1202 5240 συνέχον
1226 5172 1325 5240 τῆς
1350 5169 1590 5240 ἀθυμίας
1633 5188 1721 5240 μοι
1756 5171 2003 5225 διάλυσον

416 5262 583 5328 νέφος
604 5260 685 5330 τῷ
710 5262 853 5330 φωτὶ
889 5262 999 5316 τῶν
1033 5261 1142 5314 σῶν
1166 5261 1508 5333 προσευχῶν.
1542 5262 1746 5331 Χρόνος
1776 5262 1886 5332 γὰρ
1903 5262 2005 5334 ἤδη

410 5354 617 5424 συχνὸς
641 5392 658 5417 ,
698 5354 790 5424 ἀφ’
815 5347 879 5408 οὗ
914 5353 1091 5408 συνὼν
1139 5353 1366 5421 γυναικὶ
1411 5352 1678 5425 νεαξούσῃ
1714 5370 1774 5407 τε
1817 5353 2008 5425 ὥσπερ

417 5444 558 5513 ἐγὼ,
594 5445 689 5498 καὶ
711 5447 821 5500 τῶν
850 5448 916 5499 ὲκ
950 5444 1048 5499 τοῦ
1088 5446 1268 5516 γάμου
1298 5444 1544 5514 μετέχων
1570 5445 1871 5514 ὀχλήσεων,
1896 5444 2007 5497 τῶν

418 5537 489 5590 ὲκ
513 5535 705 5590 τούτου
754 5537 957 5603 καλῶν,
1005 5537 1165 5607 εἴπερ
1213 5535 1371 5589 τοῦτο
1398 5536 1561 5591 καλὸν
1597 5537 1630 5607 ἡ
1670 5535 2001 5601 παιδοποιία,

422 5627 672 5692 ἐλεεινῶς
703 5628 1117 5701 ἀπεστέρημαν
1162 5626 1255 5680 καὶ
1280 5628 1349 5697 τῇ
1394 5625 1692 5681 ἁτεκνώσει
1720 5625 1840 5689 ὅλος
1869 5626 2002 5680 a90-

427 5717 528 5791 μία
575 5724 892 5793 συνέχομαι,
931 5721 982 5774 εί
1036 5720 1114 5791 μή
1149 5735 1202 5773 τι
1249 5719 1378 5775 ἄλλο
1418 5721 1548 5783 τοὺς
1588 5721 1653 5774 ὲκ
1686 5720 1796 5775 τῶν
1827 5721 2005 5789 γειτό-

497 5862 512 5892 ¹
551 5862 725 5937 liicg.
763 5883 799 5933 ι,
844 5865 929 5918 ll.

2100 3991 2235 4031 cans
2259 3975 2499 4045 jejuniis
2528 3984 2584 4031 et
2612 3976 2881 4046 precibus,
2908 3975 3121 4031 Annam
3154 3977 3487 4044 imitabatur,
3512 3987 3568 4034 et
3589 3995 3674 4045 ea,

2099 4086 2221 4142 quae
2249 4071 2360 4135 illa,
2393 4070 2715 4140 loquebatur
2746 4088 2760 4125 :
2792 4070 3022 4136 Adonai,
3058 4071 3266 4138 dicens,
3308 4072 3527 4128 Domine
3558 4072 3678 4128 Elei

2101 4161 2356 4229 Sabaoth,
2389 4164 2435 4217 si
2464 4163 2724 4232 aspiciens
2748 4164 3013 4233 aspexeris
3032 4180 3188 4234 super
3204 4164 3481 4233 ancillam,
3508 4175 3556 4220 et
3584 4165 3679 4221 de—

2099 4253 2396 4307 derismihi
2422 4253 2591 4322 ﬁlium
2627 4270 2692 4308 ex
2715 4262 2864 4309 utero
2895 4271 3032 4319 meo,
3064 4257 3279 4325 oﬁ'eram
3306 4256 3400 4310 tibi
3423 4255 3549 4322 Deo,
3587 4258 3678 4329 qui

2102 4361 2154 4400 es
2180 4345 2449 4401 daturus‘.
2482 4344 2571 4400 Ille
2591 4354 2773 4400 autem
2796 4361 2948 4400 sacra
2975 4346 3162 4402 obibat
3184 4349 3534 4416 monasteria,
3558 4363 3675 4417 eos,

2100 4437 2193 4506 qui
2223 4436 2280 4492 in
2303 4437 2436 4509 ipsis
2463 4438 2885 4507 exercebantur,
2905 4453 3207 4511 provocans
3234 4441 3303 4496 ad
3339 4440 3532 4496 Deum.

2176 4617 2241 4673 ll.
2275 4618 2444 4675 Porro
2469 4627 2653 4674 autem
2688 4634 2812 4675 cum
2858 4619 3119 4675 audilsset
3147 4619 3200 4673 in
3245 4618 3477 4688 quodam
3524 4633 3689 4677 sacro

2102 4711 2436 4765 monasterio
2461 4725 2581 4766 esse
2608 4726 2817 4773 senem,
2839 4710 2926 4765 cui
2956 4724 3149 4781 magna
3170 4709 3293 4764 vitae
3315 4711 3524 4779 puritas
3543 4726 3681 4766 con-

2104 4801 2321 4858 ciliabat
2347 4801 2492 4871 apud
2520 4802 2690 4855 Deum
2715 4798 2987 4863 ﬁduciam,
3021 4814 3144 4854 eum
3193 4799 3384 4854 adiens
3418 4800 3681 4869 Paphnu-

2102 4894 2234 4960 tius,
2260 4908 2405 4958 cum,
2429 4908 2550 4963 quae
2574 4890 2951 4957 conveniebat,
2972 4900 3117 4946 esset
3142 4890 3459 4958 collocutus,
3482 4893 3682 4948 deinde

2105 5000 2231 5040 eum
2281 4985 2489 5057 rogavit
2519 4985 2588 5039 de
2633 4987 2720 5044 iis.
2753 4999 2874 5054 quae
2915 4990 3074 5039 erant
3108 4982 3379 5054 proposita
3415 5001 3429 5038 :
3460 4984 3678 5055 Aspice,

2105 5076 2315 5141 dicens,
2348 5077 2416 5132 ad
2442 5092 2551 5139 me,
2581 5074 2765 5141 Pater,
2788 5084 2841 5131 et
2861 5075 2983 5130 vide
3008 5091 3182 5131 meam
3211 5075 3594 5139 humilitatem.
3626 5088 3691 5133 et

2105 5168 2227 5224 luce
2257 5176 2470 5223 tuarum
2490 5168 2796 5224 orationum
2822 5168 3033 5223 discute
3055 5169 3254 5224 nubem
3271 5169 3544 5233 mmroris,
3562 5185 3684 5239 quae

2104 5277 2193 5316 me
2227 5261 2447 5332 premit.
2482 5261 2580 5317 Est
2624 5261 2767 5317 enim
2804 5262 2914 5332 jam
2944 5262 3161 5333 longum
3203 5272 3439 5331 tempus,
3476 5276 3541 5317 ex
3575 5278 3685 5330 quo

2105 5368 2333 5409 versans
2371 5369 2495 5409 cum
2524 5370 2714 5421 uxore,
2741 5370 2861 5426 qua:
2883 5354 3159 5424 lestaequc
3201 5361 3362 5424 atque
3393 5369 3493 5425 ego
3527 5353 3688 5421 juve-

2105 5445 2213 5511 nis,
2244 5455 2301 5501 et
2330 5446 2701 5501 molestiarum
2745 5446 3074 5502 matrimonii
3119 5445 3405 5516 particeps,
3433 5445 3519 5509 iis,
3562 5460 3686 5514 qua:

2111 5546 2316 5594 suntex
2338 5539 2617 5605 eo,bonis,
2635 5539 2680 5595 si
2710 5539 3039 5595 matrimonii
3056 5540 3260 5596 bonum
3285 5548 3364 5595 est
3387 5537 3682 5593 liberorum

2111 5629 2406 5700 susceptio,
2440 5644 2561 5684 sum
2592 5630 2837 5699 privatus
2884 5630 3265 5686 miserabiliter
3296 5647 3310 5685 :
3343 5637 3401 5685 et
3428 5632 3682 5700 propter-

2111 5736 2173 5778 ea
2209 5721 2354 5792 quod
2399 5736 2615 5782 caream
2643 5720 2845 5793 liberis,
2876 5722 3042 5783 totius
3071 5740 3287 5797 premor
3314 5722 3478 5782 animi
3522 5720 3681 5794 eugri-
