4156 6408
494 438 598 510 301

1716 426 2002 498 MENSIS
2038 428 2340 498 JANUAB
2356 429 2501 499 [US.
2568 438 2577 447 “

3652 436 3767 500 308

494 518 719 623 tudine,
732 557 776 614 si
812 548 947 611 nihil
974 547 1140 620 aliud,
1166 552 1362 625 probra
1389 565 1499 605 non
1526 548 1715 604 ferens
1745 547 2074 611 vicinorum,

2192 566 2286 602 νων
2314 551 2375 603 ού
2404 549 2588 618 φέρων
2620 548 2981 617 ὀνειδισμοὺς,
3007 537 3065 600 οἵ
3101 564 3168 618 με
3198 544 3295 602 καὶ
3318 545 3766 611 ύποτωθάζοντες

490 649 585 719 qui
613 661 699 702 me
726 644 1037 709 irridentes,
1070 652 1328 711 tanquam
1381 638 1627 695 sterilem
1668 646 1725 693 et
1779 635 2075 691 infertilem

491 737 757 795 conviciis
788 742 1072 806 appetunt.
1129 732 1258 788 Haec
1304 731 1395 785 ille
1439 728 1661 800 quidem
1697 726 1912 783 dicebat
1952 741 2076 781 cum

490 826 767 899 lacrymis,
797 825 1142 897 prehensans
1167 821 1334 892 pedes
1365 819 1700 875 sacrosancti
1730 818 1876 872 illius
1907 817 2074 872 senis.

494 918 589 977 Ille
629 929 810 976 autem
849 920 998 991 (sunt
1043 918 1190 974 enim
1235 916 1634 982 misericordes,
1666 915 1757 986 qui
1790 914 1979 970 virtuti
2024 924 2080 969 et

493 1014 607 1069 Deo
636 1014 768 1069 dant
803 1013 1047 1083 operam)
1073 1010 1258 1065 verbis
1305 1008 1543 1065 ﬂectitur
1580 1007 1893 1079 Paphnutii,
1935 1015 1990 1061 et
2019 1020 2079 1062 se

495 1110 673 1156 totum
703 1100 914 1157 confert
959 1100 1030 1156 ad
1083 1100 1408 1155 orationem.
1468 1098 1606 1154 Justi
1646 1098 1830 1167 itaque
1881 1097 2075 1160 oratio,

495 1202 760 1264 operante
793 1193 938 1263 apud
974 1193 1143 1247 Deum
1183 1190 1235 1244 vi
1263 1205 1476 1255 eorum,
1508 1206 1628 1260 qua:
1662 1189 1840 1260 ipsum
1880 1190 1948 1245 ad
1975 1191 2079 1244 hoc

497 1284 889 1353 provocabant,
925 1282 1149 1353 jejuniis
1187 1288 1244 1337 et
1292 1281 1570 1352 precibus,
1602 1290 1660 1337 et
1708 1280 2079 1336 communica-

501 1376 648 1430 tione
676 1388 740 1429 ac
765 1374 1099 1445 benignitate
1142 1373 1196 1427 in
1247 1387 1537 1442 pauperes,
1584 1372 1689 1427 fuit
1725 1372 1974 1427 exaudita
2010 1372 2080 1427 ab

498 1483 586 1533 eo,
609 1467 701 1538 qui
735 1467 889 1523 audit
916 1480 1109 1537 preces
1147 1479 1359 1529 eorum,
1392 1466 1485 1535 qui
1518 1465 1700 1535 ipsum
1739 1465 1997 1520 invocant
2024 1464 2080 1519 in

497 1560 729 1615 veritate
757 1577 768 1613 :
799 1567 856 1615 et
899 1556 1208 1629 Paphnutio
1239 1558 1482 1612 nascitur
1509 1557 1696 1623 ﬁliola,
1731 1573 1853 1628 qua:
1881 1558 1952 1612 ab
2000 1557 2083 1610 in-

497 1650 666 1705 fantia
694 1665 804 1719 prae
843 1663 902 1703 se
954 1648 1167 1704 ferebat
1201 1647 1456 1703 eximiam
1495 1648 1739 1717 corporis
1770 1647 2080 1718 pulchritu-

497 1740 683 1794 dinem
714 1756 727 1793 :
760 1753 883 1809 quae
908 1737 1072 1792 etiam
1112 1737 1301 1806 utique
1350 1736 1734 1792 subindicabat
1779 1738 2082 1808 elegantem

499 1838 556 1885 et
580 1829 799 1894 scitum,
828 1828 922 1899 qui
953 1827 1009 1882 in
1036 1843 1100 1883 ea
1140 1836 1328 1898 postea
1364 1827 1497 1891 fuit;
1521 1829 1762 1882 animum
1798 1846 1812 1883 :
1852 1837 1907 1883 et
1950 1844 2081 1900 proa-

2181 639 2254 703 ὡς
2281 639 2477 708 ἄγονόν
2518 654 2580 691 τε
2622 639 2720 692 καὶ
2767 640 3016 708 ἄκαρπον
3060 640 3175 702 τοῖς
3216 637 3443 691 ὀνείδεσι
3485 636 3762 708 βάλλουσι.

2181 728 2364 785 Ταῦτα
2420 732 2450 785 ό
2496 730 2595 802 μὲν
2644 732 2742 785 σύν
2782 729 3050 802 δάκρυσιν
3096 728 3254 799 ἔλεγε
3283 728 3393 784 τῶν
3441 729 3536 783 τοῦ
3599 730 3754 784 θείου

2181 820 2437 895 γέροντος
2469 824 2693 895 ἐκείνου,
2718 823 2897 877 ποδῶν
2948 820 3278 892 ἁπτόμενος.
3320 821 3379 875 '0
3421 819 3481 873 δὲ
3515 821 3765 893 (συμπα-

2181 917 2292 978 θεῖς
2326 916 2436 987 γάρ
2462 914 2558 970 καὶ
2588 913 3027 986 φιλοικτίρμονες
3057 909 3106 969 οἱ
3129 915 3297 987 ἀρετῇ
3331 917 3424 969 καὶ
3451 914 3570 986 Θεῷ
3593 932 3765 987 προσ-

2180 1004 2492 1076 ανέχοντες)
2531 1007 2644 1069 τοῖς
2678 1005 2770 1060 τοῦ
2795 1006 3132 1076 Παφνουτίου
3184 1007 3496 1077 κάμπτεται
3528 1009 3763 1079 ῥήμασι,

2181 1097 2278 1148 καὶ
2330 1095 2447 1149 ὅλον
2484 1096 2678 1149 ἑαυτὸν
2737 1095 2926 1168 φέρων
2975 1098 3041 1167 τῇ
3098 1099 3375 1168 προσευχῇ
3421 1097 3656 1152 δίδωσιν.
3700 1097 3765 1150 Ή

2179 1186 2273 1241 τοῦ
2327 1187 2540 1242 δικαίου
2590 1188 2769 1241 τοίνυν
2813 1186 3039 1257 δέησις,
3075 1187 3446 1258 ἐνεργουμένη
3502 1189 3570 1257 τῇ
3627 1187 3766 1257 πρὸς

2181 1277 2316 1332 Θεὸν
2351 1278 2532 1331 νεύσει
2586 1278 2695 1332 τῶν
2735 1279 2816 1342 είς
2873 1277 3031 1333 τοῦτο
3087 1278 3545 1349 προὸαλλομένων
3578 1277 3764 1342 αὐτὸν,

2181 1373 2302 1435 ταῖς
2323 1370 2604 1442 νηστείαις
2632 1387 2691 1423 τε
2727 1372 2822 1425 καὶ
2847 1373 2965 1434 ταῖς
3005 1373 3361 1441 προσευχαῖς,
3388 1369 3484 1423 καὶ
3514 1369 3590 1440 τῷ
3627 1370 3765 1439 πρὶς

2181 1464 2310 1526 τοὺς
2387 1462 2680 1533 δεομένους
2751 1445 3058 1533 κοινωνίκῷ
3105 1480 3165 1516 τε
3215 1462 3311 1516 καὶ
3377 1462 3763 1532 φιλανθρώπῳ,

2184 1555 2526 1609 ἐπακούοντα
2571 1554 2697 1625 ἔσχε
2724 1554 2816 1609 τὸν
2843 1556 2932 1609 ἀεὶ
2982 1558 3080 1626 τῆς
3131 1554 3368 1625 δεήσεως
3407 1555 3767 1607 είσακούοντα

2182 1645 2292 1701 τῶν
2320 1649 2377 1700 ὲν
2421 1645 2649 1718 ἀληθείᾳ
2674 1646 3120 1717 ἐπικαλουμένων
3151 1647 3331 1700 αὐτόν.
3368 1646 3479 1699 Καὶ
3505 1647 3767 1715 γεννᾶται

2182 1740 2262 1811 τῷ
2293 1739 2616 1811 Παφνουτίῳ
2646 1740 2941 1811 θυγάτριον
2971 1740 3174 1811 πολλὴν
3197 1741 3261 1792 ὲκ
3293 1738 3531 1809 βρέφους
3564 1740 3769 1808 ὲμφαῖσῖ

2185 1850 2275 1887 νον
2296 1833 2395 1902 τὴν
2426 1833 2746 1902 σωματικὴν
2779 1831 3114 1901 ὡραιότητα,
3152 1831 3273 1900 ἥτις
3316 1830 3458 1901 τάχα
3496 1830 3597 1898 τὴν
3628 1830 3769 1899 μετὰ

499 1918 650 1976 tinus
679 1919 896 1990 quidem
932 1919 1093 1975 solvit
1122 1919 1311 1975 matris
1344 1919 1579 1974 ﬁliorum
1625 1928 1940 1990 egestatem,
1973 1919 2082 1975 solo

2192 1923 2357 1977 ταῦτα
2406 1926 2505 1993 τῆς
2545 1922 2721 1993 ψυχῆς
2754 1922 3098 1992 ύπέμφαινεν
3128 1921 3472 1992 ἁστειότητα’
3506 1922 3600 1974 καὶ
3648 1920 3768 1987 λύει

496 2013 578 2068 vit
592 2022 774 2068 autem
795 2012 966 2083 patris
977 2028 1195 2083 quoque
1211 2012 1509 2066 tristitiam.
1528 2010 1599 2066 Ut
1615 2026 1744 2083 ergo
1762 2012 1925 2067 etiam
1941 2022 2096 2079 esset

500 2117 702 2161 nomen
725 2105 1059 2161 conveniens
1085 2104 1159 2159 illi
1180 2104 1280 2169 rei,
1304 2119 1466 2175 quam
1496 2105 1928 2167 erantassecuti,
1963 2120 2082 2159 eam

503 2188 752 2268 protinus
772 2197 1056 2252 nominant
1084 2195 1519 2268 Euplirosynem,
1550 2196 1655 2251 hoc
1684 2206 1788 2264 est,
1815 2196 2080 2251 lmtitiam.

573 2460 666 2517 ΠΙ.
702 2459 859 2515 llanc
890 2473 1021 2531 ergo
1052 2457 1415 2530 Paphnutius,
1456 2474 1580 2514 eum
1616 2467 1763 2514 esset
1809 2458 1930 2514 lldci
1971 2458 2085 2513 frn-

503 2563 645 2621 ctus,
663 2552 841 2608 alebat
857 2550 1038 2622 potius
1059 2550 1279 2615 virtute,
1300 2565 1462 2619 quam
1483 2550 1550 2605 iis
1577 2566 1697 2621 quae
1718 2566 1946 2617 carnem
1966 2550 2089 2620 pin-

503 2644 816 2717 guelaciunt
842 2651 929 2696 :ct
957 2642 1021 2697 iis
1055 2656 1177 2712 quae
1214 2651 1443 2697 stantac
1471 2651 1713 2707 manent,
1736 2641 1903 2713 magis
1925 2658 2084 2711 quam

503 2737 572 2793 iis
618 2750 738 2805 qua:
773 2732 1144 2797 efﬂorescunt,
1188 2732 1480 2801 persuadet
1517 2733 1763 2788 animum
1805 2733 2085 2801 adhibere,

505 2837 562 2886 et
584 2829 778 2883 anima:
806 2842 993 2883 curam
1027 2830 1234 2899 gerere:
1248 2828 1323 2883 rei
1356 2828 1702 2892 immortalis,
1727 2828 1899 2900 magis
1923 2843 2088 2898 quam

503 2922 623 2991 ejus
659 2921 803 2992 quod
831 2921 941 2977 cito
969 2922 1277 2984 marcescit,
1301 2921 1530 2977 docebat
1561 2921 1827 2990 corporis.
1859 2920 2088 2990 Ipsaque

504 3013 774 3085 aspiciens
798 3014 866 3069 ad
902 3013 1160 3070 virtutem
1203 3021 1509 3081 parentum,
1542 3020 1599 3067 et
1624 3012 1694 3067 ab
1721 3011 1937 3067 illorum
1959 3026 2090 3081 pro-

504 3105 672 3164 bitate
697 3107 943 3162 animum
967 3121 1077 3161 non
1102 3106 1313 3162 habens
1338 3106 1763 3176 discrepantem.
1787 3106 2088 3172 crescebat,

503 3204 567 3254 ut
594 3212 846 3269 corpore,
888 3197 964 3252 ita
990 3196 1163 3261 etiam,
1200 3195 1395 3252 animae
1421 3197 1849 3267 pulchritudine.
1882 3196 2011 3252 Erat
2038 3197 2089 3253 ei

498 3294 613 3359 jam
658 3305 837 3346 annus
882 3288 1259 3354 duodecimus,
1295 3295 1352 3343 et
1391 3295 1566 3342 mater
1614 3303 1646 3342 e
1676 3288 1784 3343 vita
1834 3287 2091 3358 praesenti

505 3386 835 3436 excesserat.
891 3376 1028 3432 Filia
1071 3386 1252 3432 autem
1303 3375 1382 3432 sic
1430 3376 1682 3444 formata,
1732 3387 1789 3433 et
1840 3377 1891 3433 ei
1933 3385 2092 3432 aetate

503 3473 838 3544 procedente
871 3471 1127 3526 virtutem
1160 3470 1333 3539 magis
1363 3470 1574 3527 habens
1603 3470 1979 3535 accedentem,
2002 3470 2093 3526 de-

504 3566 781 3623 siderabat
824 3581 1013 3620 verum
1085 3580 1367 3636 sponsum,
1415 3574 1492 3632 et,
1546 3581 1709 3636 quam
1762 3565 1851 3621 ille
1896 3564 2090 3635 diligit,

508 3672 696 3713 curam
730 3657 953 3727 gerebat
979 3657 1179 3713 animae
1204 3657 1647 3728 pulchritudinis.
1673 3655 1777 3724 Qui
1800 3667 1983 3713 autem
2008 3665 2094 3712 at-

508 3747 807 3803 tendebant
836 3763 925 3804 res
972 3749 1115 3805 solas
1157 3764 1469 3819 corporeas,
1499 3758 1556 3805 et
1592 3750 1910 3821 spectabant
1948 3749 2095 3804 illius

508 3837 743 3893 formam
774 3838 1035 3909 corporis,
1066 3846 1122 3894 et
1164 3849 1311 3894 recte
1337 3838 1602 3902 sciebant,
1625 3853 1788 3909 quam
1818 3848 1965 3894 esset
1990 3853 2093 3892 no-

507 3925 608 3980 bili
631 3925 754 3982 loco
784 3935 930 3992 nata,
962 3936 1215 3983 octavum
1242 3928 1516 3983 decimum
1545 3928 1657 3998 jam
1689 3944 1895 3983 annum
1930 3944 2096 4000 agen-

510 4027 643 4078 tem.
695 4027 906 4088 patrem
957 4019 1369 4085 convenientes,
1398 4021 1657 4090 petebant
1703 4020 1761 4075 in
1810 4022 2094 4077 matrimo-

508 4106 684 4162 nium.
718 4107 768 4163 ls
797 4118 1001 4175 autem,
1033 4126 1159 4165 cum
1202 4126 1313 4165 non
1362 4121 1548 4180 posset
1589 4126 1779 4165 eorum
1827 4114 2095 4181 postulata

511 4197 800 4268 repellere,
820 4198 935 4265 uni,
960 4199 1049 4268 qui
1081 4200 1374 4270 praestabat
1403 4201 1657 4256 omnibus
1686 4202 1904 4271 opibus,
1923 4202 2096 4273 gloria

511 4301 568 4349 ct
609 4294 828 4360 virtute,
882 4293 1187 4365 deSpoudet
1237 4295 1488 4364 puellam,
1539 4296 1827 4351 consilium
1868 4298 2094 4367 capiens

511 4384 637 4454 ejus
686 4384 889 4440 virtute
942 4385 1102 4456 longe
1178 4385 1632 4456 indignissimum,
1713 4399 1772 4442 ut
1829 4388 1924 4458 qui
1984 4404 2094 4444 non

510 4474 787 4542 aspexerit
819 4475 888 4527 ad
936 4472 1058 4527 lilia:
1107 4489 1219 4528 suae
1257 4483 1481 4540 statum,
1530 4483 1587 4531 et
1636 4476 1781 4532 illius
1822 4478 1874 4531 in
1925 4478 2095 4535 Deum

2118 3254 2161 3313 ϐ

2191 2015 2291 2086 μὲν
2320 2013 2480 2078 εὐθὺς
2517 2013 2724 2084 μητρὸς
2759 2014 3037 2079 ἀτεκνίαν,
3071 2011 3189 2065 λύει
3233 2012 3289 2066 δὲ
3316 2013 3410 2065 καὶ
3440 2011 3645 2080 πατρὸς
3665 2011 3769 2079 τὴν

2196 2105 2523 2175 κατήφειαν.
2559 2103 2678 2157 Ἵνα
2722 2097 2817 2156 οὖν
2865 2103 3065 2155 οἰκεῖον
3098 2100 3237 2170 αὐτῇ
3286 2099 3382 2153 καὶ
3413 2099 3477 2152 τὸ
3507 2098 3678 2165 ὄνομα
3707 2092 3770 2170 ᾗ,

2187 2191 2360 2267 οὗπερ
2414 2194 2569 2249 αὐτοὶ
2611 2194 2938 2264 πράγματος
2971 2192 3265 2254 ἀπέλαυον,
3318 2188 3413 2243 τοῦ
3453 2189 3505 2258 γ’
3549 2190 3775 2255 ἐκείνην

2189 2287 2471 2341 καλεῖσθαι
2513 2285 2812 2354 διέγνωσαν
2838 2322 2854 2348 ,
2887 2282 2981 2335 καὶ
3027 2278 3381 2351 Εὐφροσύνην
3431 2277 3592 2339 εὐθὺς
3648 2276 3774 2328 ὀνο-

2193 2377 2446 2449 μὰζουσι.

2264 2467 2342 2524 Γ’.
2367 2466 2585 2537 Ταύτην
2613 2462 2707 2520 οὖν
2740 2468 2767 2519 ὁ
2789 2463 3126 2533 Παφνούτιος
3170 2460 3334 2531 εὐχῆς
3365 2454 3532 2513 οὖσαν
3559 2455 3773 2527 καρπὸν

2189 2562 2363 2633 ἀρετῇ
2397 2559 2600 2631 μᾶλλον
2624 2558 2658 2627 ἢ
2689 2558 2802 2619 τοῖς
2826 2554 2928 2625 τὴν
2984 2554 3165 2622 σάρκα
3194 2549 3505 2603 πιαίνουσιν
3549 2546 3770 2615 ἔτρεφε,

2194 2655 2290 2708 καὶ
2355 2654 2470 2714 τοῖς
2518 2649 2718 2703 ἑστῶσι
2766 2647 2859 2701 καὶ
2918 2643 3261 2716 μένουσιν,ἥ
3310 2644 3424 2704 τοῖς
3470 2637 3776 2695 ἀπανθοῦσι

2194 2745 2552 2816 προσανέχειν
2569 2742 2848 2806 ἀνέπειθε,
2877 2740 2975 2793 καὶ
2993 2739 3170 2809 ψυχῆς
3200 2732 3777 2806 ὲπιμελεῖσθαιπράγ-

2196 2855 2365 2911 ματος
2396 2836 2688 2899 ἀθανάτου,
2732 2830 2766 2904 ἦ
2798 2832 2892 2885 τοῦ
2924 2832 3060 2901 ταχύ
3097 2827 3498 2901 μαραινομένου
3526 2823 3775 2877 ἐδίδασκε

2196 2930 2465 3000 σώματος.
2514 2928 2624 2982 Καὶ
2670 2924 2809 2996 αὐτὴ
2838 2924 2974 2995 πρός
3022 2940 3080 2977 τε
3130 2922 3229 2994 τὴν
3281 2920 3393 2974 τῶν
3430 2917 3775 2987 γεννητόρων

2194 3025 2394 3098 ἀρετὴν
2411 3022 2697 3094 ἅφορῶσα,
2722 3020 2818 3073 καὶ
2839 3019 2937 3087 τῆς
2967 3016 3194 3071 ἐκείνων
3233 3008 3644 3079 καλοκαγαθίας
3671 3008 3773 3077 τὴν

2194 3116 2420 3187 γνώμην
2472 3114 2573 3166 οὐκ
2613 3110 2928 3182 άπᾲδουσαν
2970 3108 3170 3177 ἔχουσα
3200 3104 3435 3175 ηὐξανεν
3466 3101 3656 3170 ὥσπερ
3705 3098 3773 3168 δὴ

2197 3212 2437 3280 σώματι,
2471 3204 2615 3260 οὓτω
2670 3203 2765 3257 καὶ
2802 3199 2985 3273 ψυχῆς
3036 3198 3357 3269 ὡραιότητι.
3391 3195 3554 3257 Ἔτος
3599 3192 3782 3263 ταύτῃ

2195 3302 2495 3356 δωδέκατον
2520 3293 2611 3370 ἦν,
2640 3296 2734 3351 καὶ
2756 3295 2789 3363 ἡ
2828 3296 3013 3365 μήτηρ
3037 3291 3155 3363 βίου
3181 3288 3275 3343 τοῦ
3308 3288 3573 3358 παρόντος
3602 3283 3774 3353 ἀπῆν·

2194 3394 2228 3464 ἡ
2256 3395 2382 3455 παῖς
2414 3391 2473 3444 δὲ
2519 3387 2663 3443 οὕτω
2711 3382 3182 3457 διαπραττομένη,
3232 3380 3330 3434 καὶ
3403 3377 3505 3448 τῆς
3553 3375 3780 3447 ἡλικίας·

2195 3484 2333 3555 αὐτῇ
2382 3478 2826 3553 προκοπτούσης,
2856 3479 2951 3531 καὶ
2969 3477 3070 3547 τὴν
3102 3473 3306 3546 ἀρετὴν
3344 3472 3543 3542 ἔχουσα
3574 3468 3781 3555 μᾶλλον

2194 3551 2627 3643 προστιθεμένην
2653 3611 2668 3636 ,
2694 3567 2786 3621 τὸν
2831 3564 3007 3636 ἀληθῆ
3057 3562 3310 3633 Νυμφίον
3341 3561 3549 3627 ἐπόθει,
3583 3560 3675 3613 καὶ
3713 3551 3782 3612 οὗ

2195 3665 2400 3727 ὶκεῖνος
2441 3662 2545 3733 ἐρᾷ
2570 3658 2804 3730 ψυχικοῦ
2839 3657 3073 3719 κάλλους
3096 3654 3442 3726 ἐπεμελεῖτο.
3470 3654 3534 3706 Ol
3576 3652 3634 3706 δὲ
3662 3652 3784 3713 τοῖς

2196 3757 2531 3827 σωματικοῖς
2566 3753 2755 3823 μόνοις
2800 3750 3208 3822 προσκείμενοι,
3242 3748 3342 3818 τήν
3366 3763 3426 3799 τε
3459 3743 3554 3798 τοῦ
3591 3743 3784 3813 σώμαι

2195 3864 2287 3913 τος
2314 3848 2464 3918 ὥραν
2490 3842 2751 3917 ὁρῶντες,
2785 3845 2883 3897 καὶ
2912 3844 3061 3906 ὅπως
3103 3839 3384 3909 εὐγενείας
3421 3831 3566 3908 εἶχεν
3618 3837 3786 3905 ἀκρι-

2197 3940 2308 4004 ϐῶς
2355 3938 2734 4009 ἐπιστάμενοι,
2774 3933 2918 3988 ὀκτὼ
2959 3933 3054 3987 καὶ
3097 3932 3327 3985 δέκατον
3361 3929 3478 3993 ἔτος
3521 3945 3622 3981 που
3656 3927 3783 3980 δια·

2196 4030 2452 4093 νύουσαν,
2480 4031 2559 4090 εἰς
2582 4026 2781 4093 λόγους
2814 4023 3100 4093 ἐρχόμενοι
3122 4020 3199 4090 τῷ
3229 4021 3608 4089 γεγεννηκότι,
3640 4017 3786 4087 πρὶς

2199 4120 2497 4191 μνηστείαν
2524 4116 2730 4187 ταύτην
2771 4115 3020 4187 ᾐτοῦντο.
3066 4111 3125 4166 Ὀ
3148 4110 3323 4174 δὲτὰς
3345 4110 3562 4163 τούτων’
3591 4106 3787 4159 ἐντεύιδ

2199 4210 2310 4278 ﬁet;
2357 4210 2456 4280 οὐχ
2501 4203 2614 4270 οἷός
2661 4224 2727 4260 τε
2788 4207 2864 4260 ὢν
2899 4203 3244 4270 ἀπώσασθαι,
3287 4204 3367 4258 ἑνὶ
3405 4203 3511 4256 τῶν
3561 4202 3788 4255 πάντων

2197 4301 2414 4372 πλούτῳ
2441 4317 2501 4353 τε
2530 4300 2626 4353 καὶ
2654 4298 2782 4371 δόξῃ
2813 4298 2909 4351 καὶ
2939 4300 3109 4368 ἀρετῇ
3129 4296 3459 4366 διαφέροντι,
3487 4293 3585 4365 τὴν
3613 4292 3790 4346 παῖδα.

2198 4394 2592 4463 κατεγγυᾶται·
2620 4392 2888 4462 πολὺπῆς
2916 4390 3139 4463 ,οἰκείας
3172 4389 3376 4460 ἀρετῆς
3410 4386 3628 4451 ἀνάξιον
3653 4385 3792 4455 βου-

2198 4488 2555 4558 λευσάμενος,
2588 4485 2687 4538 διτε
2726 4482 2802 4555 μὴ
2846 4483 2984 4553 πρὸς
3014 4482 3115 4554 τὴν
3156 4482 3255 4550 τῆς
3288 4481 3478 4541 παιδὸς
3508 4477 3793 4532 κατάσταο

510 4563 771 4634 pietatem
814 4580 826 4616 :
859 4578 964 4619 nec
1000 4563 1145 4634 quod
1179 4572 1291 4619 tota
1329 4565 1595 4648 evasisset
1637 4566 1750 4622 Deo
1789 4566 2088 4631 familiaris,

2203 4599 2288 4635 σιν
2318 4576 2551 4644 ἀπιδὼν,
2580 4577 2677 4630 καὶ
2708 4577 2772 4628 τὸ
2822 4574 3038 4644 ἐκείνης
3068 4573 3336 4641 φιλόθεον,
3380 4573 3472 4625 καὶ
3502 4572 3649 4633 ὅπως
3683 4569 3792 4640 ὅλη

511 4655 671 4725 eique
712 4655 810 4710 soli
857 4655 1095 4725 placere,
1156 4668 1213 4712 et
1257 4659 1376 4729 ejus
1418 4673 1539 4714 esse
1584 4675 1784 4729 sponsa
1831 4672 2098 4733 perpetuo

510 4757 658 4803 esset
687 4748 959 4804 meditata.
994 4747 1199 4806 Horum
1242 4767 1370 4824 ergo
1400 4752 1491 4808 ille
1520 4753 1660 4807 nihil
1690 4762 1970 4824 reputans,
1999 4771 2096 4825 pa-

509 4847 668 4902 rabat
698 4847 919 4918 nuptias
945 4848 1070 4904 tiliae
1093 4850 1318 4905 minime
1340 4851 1753 4907 convenientes.
1781 4852 1886 4909 Sed
1916 4854 2098 4909 zelans

510 4939 709 4996 zelavit
738 4940 1005 4996 Dominus
1032 4942 1153 5010 ejus
1184 4957 1348 4997 verus
1376 4958 1629 5013 sponsus,
1665 4952 1721 4998 et
1749 4944 1947 5015 abripit
1974 4947 2097 5015 qui-

509 5035 634 5090 dem
681 5050 712 5088 a
742 5036 1116 5101 matrimonio,
1148 5045 1204 5090 et
1248 5036 1339 5101 iis,
1367 5053 1488 5106 qua:
1523 5053 1934 5108 consequuntur
1979 5058 2097 5095 ma-

509 5128 851 5194 trimonium,
884 5137 944 5183 ut
972 5129 1278 5198 procedens
1308 5131 1563 5186 ostendet
1589 5132 1764 5187 oratio
1797 5151 1810 5187 :
1844 5149 1964 5189 eam
1996 5150 2099 5190 au-

509 5228 619 5276 tem
647 5219 715 5275 ad
742 5220 905 5275 vitam
928 5220 1206 5290 compellit
1232 5220 1823 5292 praestantiorem,qua:
1845 5239 1964 5279 eam
1993 5225 2096 5296 ipsi

509 5313 878 5385 conjungebat
900 5328 999 5384 per
1024 5313 1252 5368 multam
1281 5314 1597 5383 puritatem.

580 5390 671 5458 iV.
702 5402 837 5458 Nam
882 5419 1006 5459 cum
1035 5412 1191 5474 pater
1215 5404 1437 5474 quidem
1482 5405 1588 5460 hoc
1631 5406 1866 5475 cepisset
1909 5406 2096 5462 consi-

508 5491 666 5561 lium,
701 5511 813 5552 non
838 5507 985 5554 esset
1013 5506 1197 5553 autem
1242 5499 1331 5554 illa
1358 5506 1496 5562 tuta,
1524 5499 1570 5554 si
1602 5515 1712 5556 non
1750 5502 1898 5556 senis
1940 5501 2096 5571 prius

510 5601 734 5655 precum
767 5589 1059 5659 particeps,
1091 5605 1320 5659 quarum
1356 5589 1474 5660 ipsa
1501 5600 1617 5646 erat
1643 5590 1875 5656 fructus,
1898 5592 1977 5646 sic
2004 5607 2096 5647 ve-

510 5677 658 5731 niret
687 5678 756 5733 ad
791 5679 1032 5747 nuptias,
1066 5678 1466 5736 benedictionis
1503 5682 1674 5752 gratia
1717 5682 1785 5738 ad
1838 5697 2093 5753 magnum

516 5765 667 5820 llum
699 5782 883 5823 senem
912 5769 1062 5824 venit
1096 5786 1217 5824 cum
1252 5780 1495 5841 parente.
1530 5772 1734 5828 Deinde
1781 5789 1904 5828 cum
1954 5773 2095 5829 illius

516 5857 778 5914 audiissct
828 5873 1129 5928 sermones,
1162 5871 1215 5916 ct
1255 5864 1646 5921 monachorum
1698 5874 1827 5921 tunc
1858 5866 2094 5937 primum

2199 4672 2318 4741 Θεῷ
2357 4669 2766 4741 προσῳκείωτο.
2820 4668 2915 4721 καὶ
2952 4664 3128 4736 τούτῳ
3187 4666 3385 4735 ἀρέσαι
3451 4664 3626 4733 μόνῳ,
3684 4663 3793 4715 καὶ

2200 4763 2348 4832 αὐτῷ
2382 4760 2765 4831 νυμφευθῆναι
2805 4758 2893 4811 διὰ
2925 4757 3153 4827 μελέτης
3183 4757 3410 4809 ἐτίθετο.
3439 4755 3654 4808 Τούτων
3685 4750 3790 4806 οὖν

2200 4856 2407 4917 ἐκεῖνος
2457 4852 2614 4905 οὐδὲν
2650 4848 3144 4919 ὑπολογισάμενος,
3194 4850 3371 4917 γάμον
3409 4847 3683 4917 ἀπᾴδοντα
3711 4848 3787 4917 τῇ

2200 4945 2355 5000 παιδὶ
2386 4942 2826 5012 παρεσκεύαζεν.
2872 4939 3034 4994 Ἀλλὰ
3063 4940 3250 5010 ζηλῶν
3287 4939 3530 5008 ἐζήλωσε
3575 4938 3791 5007 Κύριος

2198 5039 2227 5091 ὁ
2259 5035 2465 5106 ἀληθὴς
2505 5034 2710 5102 ταύτης
2767 5032 3024 5102 νυμφίος,
3071 5034 3163 5085 καὶ
3198 5032 3515 5101 ἀφαρπάζει
3552 5031 3668 5101 μὲν,
3705 5030 3795 5093 ὡς

2199 5128 2405 5200 προῖὼν
2439 5129 2468 5180 ό
2525 5128 2684 5195 λόγος
2725 5125 2980 5197 δηλώσει,
3013 5125 3193 5195 γάμου
3240 5141 3301 5177 τε
3356 5126 3451 5177 καὶ
3496 5125 3603 5176 τῶν
3641 5124 3789 5192 μετὰ

2197 5223 2414 5292 γάμων’
2450 5223 2531 5284 εἰς
2578 5219 2692 5291 βίον
2723 5220 2780 5274 δὲ
2826 5219 3034 5290 ταύτην
3071 5218 3361 5288 κρείττονα
3399 5218 3651 5284 συνωθεῖ,
3691 5215 3792 5269 τὸν

2196 5315 2285 5368 διὰ
2316 5314 2520 5395 πολλῆς
2559 5312 2710 5383 αὐτῷ
2761 5312 3102 5377 συνάπτον-ῃ
3134 5310 3528 5381 καθαρότητος.

2268 5406 2340 5463 Δ’.
2383 5405 2471 5469 Ὠς
2508 5404 2616 5476 γὰρ
2656 5404 2831 5457 ταῦτα
2869 5403 2948 5474 τῷ
2980 5403 3151 5475 πατρὶ
3180 5402 3278 5472 μὲν
3311 5402 3654 5472 βεϐούλευτο,
3680 5401 3793 5454 οὐκ

2197 5492 2264 5568 ἦν
2311 5497 2367 5549 δὲ
2413 5497 2655 5566 ἀσφαλὲς
2706 5496 2815 5566 ἄρα
2851 5497 2926 5567 μὴ
2989 5496 3381 5565 μετειληφυταν
3412 5496 3506 5549 καὶ
3548 5495 3656 5546 τῶν
3684 5493 3789 5547 τοῦ

2196 5590 2449 5659 γέροντος
2483 5589 2658 5659 εὐχῶν
2687 5591 2983 5659 πρότερον,
3009 5582 3083 5641 ὧν
3115 5589 3209 5641 καὶ
3242 5588 3449 5659 καρπὸς
3486 5586 3789 5658 ἐτύγχανεν

2197 5681 2357 5751 αὐτὴ,
2389 5680 2532 5734 οὕτω
2569 5681 2706 5752 πρὸς
2752 5681 2844 5734 τὸν
2874 5680 3054 5751 γάμον
3091 5680 3290 5745 ἐλθεῖν,
3334 5680 3589 5747 εὐλογίας
3617 5679 3785 5748 χάριν

2198 5774 2336 5844 πρὸς
2389 5773 2481 5827 τὸν
2552 5774 2726 5843 μέγαν
2773 5776 2981 5828 ἐκεῖνον
3032 5774 3149 5844 ἅμα
3188 5773 3267 5842 τῷ
3317 5774 3530 5827 τεκόντι
3592 5772 3778 5842 φοιτᾷ.

2201 5863 2332 5924 Εἶτα
2361 5866 2533 5936 λόγων
2568 5865 2777 5921 ἐκείνου
2806 5865 3111 5937 ἀκούσασα,
3146 5867 3237 5921 καὶ
3260 5865 3359 5937 τὴν
3390 5864 3497 5920 τῶν
3520 5865 3777 5935 μοναχῶν
