4156 6442
361 447 473 511 309

1526 440 1702 505 VlTA
1742 444 1805 504 S.
1846 438 2304 503 EUPHROSYN
2311 442 2429 509 ES.

3562 436 3671 501 310

364 561 488 612 τότε
523 553 757 625 πρῶτον
792 553 1080 624 ἑωρακυῖα
1130 550 1485 618 κατάστασιν,
1526 553 1809 619 πολλάκις,
1846 551 1977 624 ἔφη.

2101 552 2314 608 vidisset
2364 558 2588 617 statum,
2640 566 2784 622 saepe
2830 547 2975 608 dixit
3009 568 3025 607 :
3076 550 3233 607 Beati
3262 546 3505 622 qui‘hoc
3550 552 3672 608 vitae

368 641 668 712 Μακάριοι
690 641 746 693 oi
776 640 879 711 τὴν
894 639 1178 696 πολιτείαν
1203 640 1407 711 ταύτην
1430 640 1520 695 διὰ
1545 640 1677 695 Θεὸν
1714 642 1977 713 μετερχό-

372 754 553 810 pavet.
604 735 728 789 Kal.
759 732 790 787 ὃ
821 749 886 802 γε
917 736 1034 796 τοῖς
1069 733 1401 804 διορατικοῖς
1439 736 1537 806 τῆς
1566 733 1748 806 ψυχῆς
1780 734 1980 803 όφθαλ·

369 832 498 903 μοῖς
525 829 669 898 ὅπερ
706 828 744 897 ἡ
779 824 1059 896 παρθένος
1087 824 1340 879 ἐϐούλετο
1375 824 1741 897 θεασάμενος,
1776 825 1982 882 κατάλ-

375 922 543 994 ληλον
590 922 739 991 αὐτῇ
790 923 1035 973 ποιεῖται
1086 919 1182 973 καὶ
1224 919 1324 990 τὴν
1372 919 1560 990 εὐχήν·
1619 920 1678 972 ὐ
1723 918 1878 984 Θεὸς,
1907 919 1985 972 εί-

379 1014 524 1080 ain,
555 1013 621 1066 τὸ
653 1014 911 1065 συνοῖσον
940 1012 1008 1080 τῇ
1041 1012 1131 1082 σῇ,
1159 1009 1373 1075 τέκνον,
1414 1011 1640 1081 ποιήσαι
1684 1008 1854 1081 ψυχῇ,
1890 1008 1986 1063 καὶ

380 1108 524 1178 πρὸς
554 1104 654 1159 τὸν
701 1102 877 1157 αὑτοῦ
922 1101 1088 1171 φόϐον
1140 1101 1436 1173 στηρίξειε,
1475 1101 1708 1155 καὶτῶν
1750 1103 1983 1172 ήτοιμα·

386 1199 608 1268 σμένων
638 1195 873 1265 ἀγαθῶν
920 1193 1173 1259 ἀξιώσειε
1204 1195 1318 1258 τοῖς
1362 1194 1789 1264 εὐηρεστηκόσιν
1813 1193 1984 1265 αὐτῷ.

386 1290 573 1343 Ταῦτα
603 1286 802 1352 είπὼν,
840 1285 936 1339 καὶ
967 1285 1143 1347 οὕτως
1190 1285 1326 1356 αύτῇ
1383 1285 1774 1355 ἐπευξάμενος,
1809 1286 1986 1356 ἐνίησι

387 1380 618 1436 διπλοῦν
648 1382 716 1451 τῇ
760 1378 979 1449 ἐκείνης
1005 1378 1152 1449 ψυχῇ
1198 1379 1290 1431 τὸν
1325 1377 1464 1449 πρὸς
1490 1379 1624 1431 Θεὸν
1663 1377 1863 1447 ἔρωτα,
1892 1379 1987 1432 καὶ

388 1472 624 1525 ἀνάπτει
659 1468 1029 1539 σφοδρότερον
1058 1470 1159 1537 τὴν
1191 1467 1420 1522 ἐνοῦσαν
1453 1469 1590 1538 αὐτῇ
1625 1468 1801 1538 φλόγα
1850 1468 1989 1540 πρὸς

398 1546 730 1616 θεοσέϐειαν.
793 1559 1129 1613 Ἐπανιοῦσα
1173 1558 1352 1613 τοίνυν
1412 1558 1598 1613 οἴκαδε
1628 1576 1642 1589 ⁵
1680 1559 1986 1629 Μακάριοι,

414 1654 577 1707 πάλιν
608 1653 804 1721 Βεγεν,
839 1653 889 1705 οἱ
913 1652 1017 1722 τὴν
1053 1652 1164 1705 τῶν
1190 1652 1439 1722 μοναχῶν
1473 1652 1860 1723 μετερχόμενοι
1888 1666 1989 1731 πο·

414 1745 639 1810 λιτείαν,
682 1745 760 1797 ὅτι
805 1743 1090 1797 κάνταῦθα
1124 1743 1156 1813 ἢ
1188 1740 1341 1797 οὐδὲν
1380 1744 1706 1815 διαφέροντα
1736 1745 1836 1815 τῆς
1877 1743 1989 1797 τῶν

407 1835 654 1903 ἀγγέλων
702 1835 986 1898 πολιτείας
1036 1833 1233 1903 βιοῦσι,
1279 1835 1375 1888 καὶ
1430 1835 1570 1905 μετὰ
1630 1835 1729 1903 τὴν
1778 1833 1988 1888 ἐνθένδε

399 1922 724 1992 ἀπαλλαγὴν
764 1925 862 1992 τῆς
899 1922 1123 1977 αξωνίου
1159 1923 1305 1994 ζωῆς
1335 1923 1725 1978 ἀπολαύσουσι.

470 2013 545 2071 E'.
592 2016 707 2083 Τὴν
757 2015 814 2068 δὲ
858 2014 1038 2068 οίκίαν
1079 2015 1466 2070 καταλαϐοῦσα
1499 2016 1693 2085 ἡμέλει
1743 2017 1840 2087 μὲν
1877 2016 1985 2071 σῶ-

400 2122 573 2176 ματος
602 2104 999 2175 καλλωπισμοῦ
1027 2106 1301 2171 τοσοῦτον,
1327 2106 1403 2170 ὡς
1428 2106 1567 2177 μηδὲ
1612 2107 1809 2178 ψυχρῷ
1838 2106 1989 2163 ὕδατι

396 2198 460 2252 τὺ
492 2199 795 2268 πρόσωπον
814 2195 1230 2261 ἀπονίπτεσθαι,
1259 2197 1489 2269 δάκρυσι
1518 2197 1575 2252 δὲ
1596 2198 1690 2251 καὶ
1711 2198 1990 2267 νηστείαις

396 2292 497 2361 τὴν
527 2290 631 2359 τῆς
672 2290 856 2360 ψυχῆς
892 2290 1216 2361 ὲφαίδρυνεν
1254 2289 1588 2362 ὡραιότητα.
1626 2290 1992 2363 Περιδέῤῥαια

397 2383 454 2437 δὲ
491 2383 594 2436 xui.
623 2381 846 2447 ἐνώτια,
886 2382 981 2435 καὶ
1020 2383 1223 2453 χρυσὸς
1275 2384 1303 2438 ὁ
1348 2385 1536 2455 χεῖρας
1585 2383 1808 2454 κοσμῶν
1855 2384 1994 2456 πρὸς

397 2473 489 2525 τὴν
524 2471 626 2542 τῆς
655 2470 837 2541 ψυχῆς
864 2470 1074 2541 κόσμον
1111 2470 1584 2542 μετερῤυθμίζετο
1618 2473 1731 2534 τοῖς
1763 2471 1993 2541 πένησιν

397 2562 942 2634 ἑπιχορηγούμενος.
998 2564 1114 2617 Οὐκ
1161 2559 1231 2634 ἦν
1275 2563 1412 2633 αὐτῇ
1465 2562 1628 2634 ἐσθὴς
1678 2563 1712 2634 ἡ
1776 2562 1994 2635 μαλακὴ

398 2654 898 2725 περισπούδαστος.
931 2653 1049 2707 ἀλλ’
1082 2654 1199 2708 ἀντ’
1251 2652 1468 2725 ἐκείνης
1519 2655 1553 2724 ἠ
1588 2653 1698 2707 τῶν
1739 2654 1995 2725 τριχίνων

398 2746 679 2815 ing-lact;
741 2746 1126 2810 ἐσπουδάζετο.
1193 2745 1506 2815 Ὀμηλίκων
1580 2744 1642 2797 οὐ
1696 2746 1816 2809 ταῖς
1859 2745 1997 2816 πρὸς

405 2837 610 2907 ἡδονήν
645 2854 698 2889 τι
728 2836 1021 2905 λεγούσαις
1053 2838 1187 2900 ὅλως
1230 2838 1412 2908 ἥδετο,
1464 2836 1603 2892 ἀλλὰ
1656 2839 1777 2901 ταῖς
1808 2838 1996 2908 ὅμοιον

398 2926 663 2999 ἐχούσαις
689 2929 830 2997 αὐτῇ
859 2928 952 2980 τὸν
979 2928 1110 2998 πρδς
1140 2929 1270 2981 Θεὸν
1303 2928 1505 2998 ἔρωτα,
1547 2929 1840 2993 διαπαντὸς
1874 2929 1999 2999 ἐφί-

402 3017 485 3071 λει
539 3018 930 3085 συγγενέσθαι,
966 3018 1158 3090 Γραῶν
1192 3020 1248 3073 δὲ
1283 3018 1478 3083 ὕθλους
1510 3023 1603 3075 καὶ
1639 3021 2001 3091 γυναικώδεις

404 3106 739 3178 κενουργίας
781 3107 934 3160 οὐδὲν
982 3108 1169 3178 ἄκρων
1218 3110 1390 3179 αὐτῆς
1436 3109 1550 3163 τῶν
1602 3111 1757 3164 ὢτων
1804 3110 2001 3182 ψαύειν

404 3197 798 3271 ἠνείχετοῘΗν
828 3200 886 3253 δὲ
910 3202 1048 3273 αὐτῇ
1077 3203 1171 3256 καὶ
1196 3201 1355 3255 τοῦτο
1390 3202 1479 3255 διὰ
1512 3203 1773 3272 σπουδῆς,
1805 3204 1866 3257 τὸ
1886 3207 2000 3269 τοῖς

401 3293 707 3363 ἐνδημοῦσι
740 3294 850 3348 τῶν
897 3271 1167 3364 μοναχῶν,
1204 3296 1323 3364 οἵγε
1371 3295 1513 3349 κατὰ
1559 3271 1762 3349 σκοπδν
1798 3297 2000 3369 εὐσεϐῆ
2027 3271 2069 3329 c

400 3387 483 3457 τῷ
516 3387 689 3457 πατρὶ
721 3386 1149 3456 παρενέϐαλλον,
1178 3386 1524 3457 διαλέγεσθαί
1569 3405 1629 3441 τε
1661 3388 1862 3459 μᾶλλον
1906 3392 2001 3445 καὶ

402 3477 539 3545 παρ’
572 3478 803 3532 ἐκείνων
827 3478 895 3531 τὰ
919 3478 1036 3532 θεῖα
1077 3478 1454 3536 διδάσκεσθαι.

478 3570 571 3639 (τ’.
607 3571 685 3623 Οὐ
720 3570 862 3624 πολὺ
892 3571 954 3623 τὸ
996 3572 1055 3626 ὲν
1089 3572 1241 3642 μέσῳ
1285 3572 1382 3626 καὶ
1407 3574 1803 3644 μετάπεμπτος
1834 3576 1863 3628 ὁ
1894 3591 2001 3629 παι

405 3662 516 3731 τὴρ
547 3664 632 3724 είς
658 3662 721 3715 τὸ
751 3662 1111 3733 ἁσκητήριον,
1150 3661 1237 3716 ἵνα
1263 3665 1293 3716 ὁ
1339 3664 1513 3732 μέγας
1540 3666 1746 3727 ἐκεῖνος
1775 3664 2005 3737 ἐτύγχα-

406 3768 527 3820 νεν,
552 3753 901 3823 ἀφικνεῖται,
929 3754 1029 3824 τὴν
1082 3754 1304 3826 μνήμην
1364 3756 1695 3810 ἐπιτελέσων
1742 3758 1839 3811 σὺν
1892 3760 2004 3821 τοῖς

420 3849 674 3915 novavi;
709 3845 807 3900 τοῦ
841 3847 1174 3917 δειμαμένου
1214 3847 1277 3900 τὸ
1317 3852 1758 3919 φροντιστήριον.
1806 3848 2004 3903 Λύτόθι

425 3936 559 4002 γοῦν
590 3936 681 3989 ἐπὶ
708 3939 858 4008 τρεῖς
881 3937 1009 4000 ὅλας
1043 3938 1257 4009 ἡμέρας
1288 3939 1381 3994 τοῦ
1411 3942 1554 3994 κατὰ
1592 3940 1769 4008 σάρκα
1800 3940 2005 4011 πατρὸς

425 4025 509 4093 τῷ
545 4028 892 4099 μοναστηρίῳ
920 4030 1370 4100 προσμείναντος,
1406 4030 1785 4103 ήΕύφροσύνη
1810 4032 2004 4101 καιροῦ

422 4117 717 4189 λαϐομένη,
757 4120 882 4172 τινὰ
944 4121 1418 4193 μεταστειλαμὲνη
1481 4121 1590 4176 τῶν
1639 4122 1890 4193 μοναχῶν
1941 4125 2007 4178 ὲκ

413 4211 524 4265 τῶν
575 4213 677 4281 τῆς
735 4212 993 4281 Σκήτεως
1049 4213 1337 4284 σεμνείων,
1398 4214 1555 4285 θεῖκῇ
1608 4214 1730 4268 τότε
1776 4216 2007 4288 προνοίᾳ

409 4301 797 4356 καταλαϐόντα
821 4305 922 4371 τὴν
957 4302 1374 4377 Ἀλεξάνδρειαν
1414 4305 1615 4376 (μέγας
1643 4307 1699 4359 δὲ
1729 4302 1882 4371 οὗτος
1909 4308 2008 4379 τὴν

408 4396 619 4465 ἀρετὴν
651 4390 768 4464 ἦν),
795 4392 948 4464 αὐτῷ
983 4394 1258 4450 κοινοῦται
1288 4398 1355 4450 τὰ
1384 4397 1481 4467 τῆς
1513 4397 1728 4468 βουλῆς.
1776 4400 1885 4453 Καὶ
1911 4401 2010 4453 αύ-

409 4486 715 4549 τὺςεῦθύςο
757 4488 1061 4551 Ἤκουσας,
1094 4487 1221 4560 ἔφη.
1253 4490 1350 4543 καὶ
1395 4491 1535 4567 αὑτὴ
1580 4491 1826 4559 φιλόθεος
1877 4491 2010 4546 οῦσα

2014 1912 2063 1971 Β

2081 660 2255 716 genus
2288 653 2513 715 propter
2539 643 2820 700 Christum
2850 644 3176 715 suscipiunt.
3209 643 3304 700 Ille
3334 650 3518 699 autem
3544 661 3668 700 eum

2085 737 2257 793 animi
2294 735 2700 808 perspicacibus
2730 737 2925 804 oculis,
2956 736 3088 807 quid
3116 737 3297 807 puella
3320 736 3505 800 vellet,
3527 745 3675 792 esset

2080 829 2508 899 contemplatus,
2560 843 2754 899 preces
2788 844 3007 899 quoque
3054 828 3199 884 fudit
3235 830 3354 898 eius
3401 827 3676 885 desiderio

2086 920 2477 976 convenientes
2522 938 2536 975 :
2572 919 2738 987 Deus,
2767 935 2801 975 o
2829 918 2960 984 ﬁlia,
2992 919 3201 986 dicens,
3235 919 3401 976 faciat
3427 919 3571 990 quod
3599 919 3674 975 sit

2084 1023 2195 1069 tua:
2227 1013 2425 1069 animae
2466 1013 2712 1068 futurum
2746 1011 3112 1077 conducibile,
3142 1021 3200 1067 et
3228 1013 3281 1067 in
3312 1012 3434 1079 ejus
3480 1012 3675 1067 timore

2085 1109 2392 1174 conﬁrmet,
2420 1117 2477 1165 et
2518 1108 2737 1179 dignam
2782 1116 3005 1163 censeat
3034 1106 3193 1163 bonis
3236 1106 3440 1177 paratis
3467 1106 3565 1171 iis,
3582 1105 3672 1175 qui

2084 1201 2190 1273 ipsi
2224 1202 2568 1272 placuerunt.
2603 1199 2743 1254 Cum
2789 1199 2906 1255 haec
2936 1198 3188 1264 dixisset,
3220 1205 3277 1253 et
3319 1198 3400 1253 sic
3441 1197 3490 1252 ei
3531 1206 3678 1253 esset

2086 1302 2361 1365 precatus,
2382 1292 2524 1348 illius
2548 1292 2744 1346 animae
2765 1291 3039 1361 duplicem
3078 1289 3336 1345 immittit'
3351 1304 3479 1361 erga
3501 1289 3675 1343 Deum

2088 1401 2354 1450 amorem,
2386 1394 2442 1440 et
2464 1384 2844 1440 vehementius
2868 1382 3117 1439 accendit
3145 1398 3288 1447 eam,
3319 1398 3441 1452 quae
3475 1382 3685 1445 ineratr

2087 1472 2369 1544 pietatem.
2402 1472 2631 1527 Domum
2667 1487 2797 1544 ergo
2834 1481 3140 1538 revertens,
3180 1486 3374 1527 rursus
3411 1470 3626 1527 dicebat
3660 1488 3674 1526 :

2089 1562 2237 1620 Beati
2266 1565 2360 1634 qui
2406 1564 2714 1632 suscipiunt
2751 1564 2876 1619 vitae
2909 1578 3082 1635 genus
3118 1564 3506 1625 monasticam.
3541 1579 3680 1633 quo-

2090 1659 2236 1713 niam
2270 1666 2325 1712 et
2353 1657 2442 1712 hic
2472 1656 2550 1712 sic
2591 1656 2804 1722 vivunt,
2836 1665 2898 1711 ut
2932 1671 3124 1726 parum
3168 1665 3262 1711 aut
3303 1655 3441 1710 nihil
3476 1656 3547 1711 ab
3575 1671 3677 1710 an-

2092 1750 2224 1823 gelis
2258 1748 2514 1803 dillerant
2545 1767 2556 1801 :
2584 1757 2640 1802 et
2668 1759 2957 1819 postquam
3009 1747 3138 1803 hinc
3184 1747 3537 1813 excesserint,
3567 1745 3712 1801 vita)

2095 1838 2351 1894 fruuntur
2383 1848 2610 1894 acterna.

2160 2018 2224 2073 ν.
2267 2017 2404 2074 Cum
2434 2017 2654 2078 domum
2684 2024 2865 2073 autem
2897 2014 3158 2080 venisset,
3194 2015 3502 2089 negligebat
3546 2016 3677 2087 qui-

2091 2112 2215 2168 dem
2274 2112 2480 2169 cultum
2539 2112 2807 2182 corporis,
2874 2110 3011 2167 adeo
3060 2118 3120 2164 ut
3177 2125 3281 2165 nec
3339 2125 3478 2180 aqua
3550 2112 3676 2181 qui-

2093 2204 2217 2259 dem
2248 2203 2441 2274 frigida
2473 2202 2668 2259 faciem
2698 2202 2905 2257 lavaret
2938 2220 2951 2256 :
2984 2201 3242 2273 lacrymis
3271 2209 3454 2256 autem
3503 2208 3560 2256 et
3587 2202 3677 2272 je-

2089 2296 2281 2368 juniis.
2314 2297 2511 2351 anima:
2555 2293 2862 2349 la-tificabat
2894 2294 3156 2363 speciem.
3188 2292 3435 2363 Torques
3471 2303 3676 2360 autem,

2095 2388 2335 2452 inaures,
2370 2394 2426 2442 et
2485 2385 2727 2451 monilia,
2761 2394 2816 2439 et
2861 2399 3078 2448 aurum,
3111 2384 3259 2454 quod
3288 2399 3484 2438 manus
3521 2398 3683 2439 exor-

2097 2479 2284 2545 nabat,
2316 2477 2703 2533 traducebatur
2728 2475 2795 2530 ad
2825 2484 3078 2529 ornatum
3119 2474 3337 2540 animae,
3367 2474 3683 2545 suppedita-

2099 2580 2213 2628 tum
2244 2572 2597 2643 pauperibus.
2626 2568 2744 2625 Non
2774 2577 2894 2624 erat
2922 2569 2971 2624 ei
3002 2583 3148 2624 curae
3175 2566 3356 2623 mollis
3379 2567 3565 2631 vestis,
3584 2567 3682 2623 sed

2097 2666 2242 2722 illius
2261 2665 2382 2721 loco
2404 2665 2454 2721 ei
2482 2680 2628 2720 curae
2653 2672 2773 2719 erat
2793 2646 3054 2718 inducere
3078 2660 3335 2716 cilicium.
3355 2660 3437 2715 Ex
3456 2658 3681 2730 aequali-

2097 2758 2202 2814 bus
2226 2773 2336 2812 non
2362 2757 2428 2812 iis
2456 2756 2681 2812 omnino
2728 2756 3127 2819 delectabatur,
3161 2768 3282 2823 quae
3323 2752 3686 2821 loquebantur

2099 2848 2167 2903 ad
2200 2849 2534 2918 voluptatem
2568 2865 2581 2901 :
2619 2847 2716 2903 sed
2746 2862 2868 2901 cum
2898 2846 2984 2910 iis,
3012 2859 3134 2914 quas
3164 2843 3266 2898 sibi
3318 2841 3553 2897 similem
3588 2841 3687 2896 ha-

2101 2941 2303 2996 bebant
2330 2940 2383 2993 in
2406 2939 2575 2995 Deum
2603 2954 2868 3003 amorem,
2900 2952 3118 3007 semper
3147 2935 3401 2991 lubenter
3429 2934 3685 2989 versabac

2103 3039 2211 3085 tur.
2245 3030 2431 3087 Aniles
2470 3037 2652 3085 autem
2711 3043 2906 3100 nugas,
2939 3037 2996 3082 et
3040 3042 3211 3082 vanos
3240 3024 3528 3080 mulierum
3566 3039 3681 3079 sero

2103 3136 2312 3183 mones,
2338 3136 2407 3176 ne
2446 3135 2689 3176 summas
2717 3119 2937 3190 quidem
2970 3133 3097 3173 snas
3128 3131 3286 3171 aures
3315 3114 3532 3170 sinebat
3562 3123 3684 3169 tan-

2105 3227 2249 3285 gere.
2282 3211 2410 3267 Erat
2443 3226 2571 3267 vero
2619 3212 2724 3266 hoc
2749 3225 2965 3282 quoque
2996 3208 3045 3264 ei
3092 3207 3292 3273 studio,
3322 3221 3446 3261 cum
3478 3205 3567 3272 iis,
3593 3206 3688 3274 qui

2106 3304 2214 3357 illic
2243 3303 2623 3367 versabantur,
2668 3300 2975 3366 monachis,
3022 3301 3225 3368 quique
3260 3296 3348 3368 pia
3387 3295 3568 3364 aliqua
3618 3293 3690 3349 de

2103 3409 2265 3451 causa
2294 3393 2362 3448 ad
2395 3402 2606 3464 partem
2651 3391 3007 3456 accedebant,
3045 3390 3336 3455 disserere,
3366 3396 3423 3443 et
3468 3386 3537 3442 ab
3580 3385 3688 3441 illis

2104 3489 2287 3545 divina
2315 3489 2551 3544 discere.

2180 3580 2261 3636 Vl.
2294 3580 2415 3637 Non
2459 3581 2690 3636 multum
2744 3577 3053 3635 intercessit
3100 3575 3385 3642 temporis,
3432 3582 3487 3629 et
3535 3581 3691 3643 pater

2105 3674 2400 3729 accersitus
2428 3672 2578 3727 venit
2621 3672 2675 3726 in
2704 3670 3117 3733 monasterium,
3150 3668 3240 3721 ubi
3273 3675 3391 3721 erat
3434 3664 3522 3720 ille
3558 3680 3690 3719 ma-

2106 3779 2267 3835 gnus,
2296 3762 2458 3818 simul
2503 3777 2627 3817 cum
2672 3759 2956 3816 monachis
3001 3767 3324 3828 peracturus
3367 3754 3688 3810 memoriam

2107 3854 2273 3919 illius,
2303 3851 2393 3922 qui
2424 3858 2765 3907 exstruxerat
2803 3846 3220 3904 monasterium.
3250 3843 3388 3899 Cum
3420 3842 3531 3899 illic
3559 3857 3696 3915 ergo

2109 3950 2219 3997 tres
2246 3948 2389 3997 totos
2412 3939 2530 3995 dies
2561 3938 2852 3993 mansisset
2896 3937 2953 3992 in
2997 3934 3332 3991 monasterio
3378 3941 3533 4004 pater
3571 3932 3693 4003 ejus

2108 4033 2409 4090 secundum
2442 4046 2684 4096 carnem,
2720 4030 3083 4100 Euphrosyne
3126 4035 3352 4097 accepta
3382 4025 3693 4088 occasione,

2109 4136 2165 4182 et
2198 4125 2463 4181 accersito
2498 4126 2733 4196 quodam
2782 4122 3054 4178 monacho
3084 4138 3153 4178 ex
3183 4119 3533 4176 monasteriis
3563 4118 3694 4174 Sce-

2111 4222 2203 4285 tis,
2234 4221 2326 4291 qui
2378 4231 2509 4276 tunc
2546 4219 2732 4274 divina
2786 4215 3132 4287 providentia
3182 4221 3409 4268 venerat
3454 4210 3695 4266 Alexan-

2110 4312 2282 4368 driam
2306 4313 2444 4384 (erat
2462 4319 2643 4370 autem
2675 4309 2721 4364 is
2746 4324 2973 4378 magnus
2998 4304 3251 4375 virtute),
3281 4304 3331 4359 ei
3353 4319 3512 4360 suum
3541 4317 3696 4358 com-

2111 4399 2353 4454 municat
2399 4398 2710 4454 consilium.
2763 4397 2859 4452 llle
2900 4405 3082 4451 autem
3128 4413 3142 4449 :
3193 4393 3448 4458 Audiisti,
3497 4392 3694 4463 inquit,

2114 4492 2229 4562 ipsa
2258 4506 2474 4560 quoque
2525 4505 2649 4545 cum
2688 4489 2763 4543 sis
2810 4488 2898 4558 pia
2932 4488 2987 4541 in
3024 4486 3217 4553 Deum,
3250 4495 3515 4556 quantum
3565 4499 3699 4555 pos-

411 4580 601 4644 καθὼς
649 4576 785 4652 ὁρᾷν
822 4581 953 4650 ἒχω,
986 4582 1084 4634 καὶ
1122 4582 1284 4646 θείοις
1333 4584 1765 4656 ὲνασχολουμένη
1817 4586 2000 4655 διδάγ-

2115 4598 2235 4638 sum
2266 4582 2473 4644 videre,
2497 4591 2553 4636 et
2581 4588 2795 4636 versata
2829 4580 2884 4633 in
2931 4579 3179 4633 doctrina
3210 4576 3414 4640 divina,
3443 4591 3699 4646 quaenam

414 4690 612 4742 μασιν,
653 4668 745 4726 οἷα
779 4675 837 4726 ὲν
868 4677 980 4738 τοῖς
1007 4675 1364 4743 Εὑαγγελίοις
1389 4678 1553 4746 φησὶν
1594 4680 1623 4731 ὁ
1666 4678 1879 4750 Σωτὴρ,
1914 4684 2000 4733 καὶ

2118 4674 2367 4730 Salvator
2393 4674 2525 4730 dicit
2556 4674 2611 4728 in
2661 4672 2988 4742 Evangeliis.
3028 4672 3174 4741 quod
3210 4670 3325 4741 qui.
3354 4679 3562 4740 patrem
3606 4678 3701 4723 aut

410 4765 492 4827 ὡς
520 4765 551 4815 ὁ
586 4764 769 4833 τιμῶν
814 4765 1027 4833 πατέρα
1063 4765 1097 4836 ἢ
1150 4765 1364 4836 μητέρα
1415 4767 1558 4839 ὑπὲρ
1593 4769 1759 4822 αὑτὸν
1788 4770 2011 4835 ἀνάξιος

412 4854 587 4909 αὑτοῦ
612 4854 912 4909 δείκνυται.
945 4857 1130 4928 Ταύτῃ
1160 4859 1227 4929 τῇ
1253 4857 1575 4930 διδασκαλίᾳ
1597 4860 1881 4931 χρωμένη.
1915 4862 2011 4914 καὶ

411 4950 518 5017 τῆς
559 4947 892 5014 ἀποφάσεως
931 4947 1139 5019 ταύτης
1181 4950 1584 5020 ἁπαιωρήσασα
1614 4951 1710 5022 τὴν
1747 4951 2008 5017 διάνοιαν,

410 5040 522 5092 ὅσα
558 5037 927 5109 βεϐούλευσαι
961 5040 1103 5110 ταχὺ
1161 5041 1548 5111 πμθυμὴθητι
1577 5081 1592 5106 ,
1654 5044 1749 5096 καὶ
1794 5042 1906 5114 πῦρ
1955 5047 2012 5098 ὲν

415 5131 637 5201 καρδία
665 5129 909 5186 λαϐοῦσα
949 5131 1043 5185 τοῦ
1084 5133 1175 5185 ἐπὶ
1206 5135 1310 5203 γῆς
1352 5134 1487 5187 αὐτὸ
1523 5134 1850 5205 βεϐληκότος
1886 5138 2021 5203 Χρι-

416 5223 582 5289 στοῦ,
611 5222 849 5277 σπεῦσον
876 5226 953 5298 μὴ
982 5227 1228 5299 ῥᾳθυμίᾳ
1247 5227 1406 5281 τοῦτο
1435 5228 1529 5281 καὶ
1553 5229 1845 5292 ἀναϐολαῖς
1872 5231 2011 5284 ἀπο-

418 5314 646 5376 σϐέσαι,
676 5313 793 5369 ἀλλ’
831 5317 915 5369 ὅτι
960 5319 1127 5387 τάχος
1176 5318 1257 5382 εἰς
1289 5321 1466 5390 πέρας
1491 5320 1555 5373 τὸ
1593 5320 1687 5373 ἐπὶ
1726 5320 1854 5374 νοῦν
1880 5322 2018 5390 ἁγα-

413 5408 563 5474 γεῖν⁶
601 5408 812 5475 Οὐδείς
850 5411 964 5478 γὰρ
1003 5408 1218 5473 βαλὼν
1244 5410 1360 5480 τὴν
1398 5412 1568 5480 χεῖρα
1598 5411 1698 5466 ἐπ’
1733 5413 2013 5481 ἄροτρον,

412 5502 497 5563 ὡς
523 5503 591 5554 τα
616 5501 735 5555 θεῖά
756 5519 896 5574 φησι
923 5503 1118 5571 Δόγια,
1143 5504 1243 5558 καὶ
1271 5510 1567 5574 στραφεὶς
1593 5507 1682 5571 εἰς
1705 5503 1779 5558 τὰ
1798 5506 2015 5571 ὀπίσω,

415 5592 666 5660 εὔθετός
715 5594 893 5650 ἐστιν
940 5593 1013 5648 ἐν
1071 5592 1149 5663 τῇ
1188 5594 1481 5662 βασιλείᾳ
1534 5593 1658 5649 τῶν
1713 5595 2010 5664 οὐρανῶν.

418 5686 609 5742 Ταῦτα
666 5688 957 5759 πυθομένη
1016 5687 1169 5758 παρὰ
1199 5686 1296 5741 τοῦ
1330 5687 1607 5758 γέροντος,
1653 5686 1857 5759 πολλὴν
1902 5687 2009 5740 εἰσ-

490 5873 509 5902 ·
534 5870 725 5926 Matth.
761 5885 814 5939 κ,
850 5868 943 5924 57.
1024 5868 1043 5899 ³
1075 5868 1207 5924 Luc.
1233 5884 1330 5936 χιι,
1358 5867 1446 5926 49.
1524 5867 1543 5900 ³
1584 5868 1716 5925 Luc.
1750 5884 1820 5936 ix,
1857 5867 1942 5923 62.

2116 4777 2345 4824 matrem
2397 4769 2629 4823 honorat
2658 4766 2969 4836 plusquam
3017 4764 3218 4834 ipsum,
3271 4762 3391 4832 ipso
3444 4761 3699 4832 indignus

2116 4846 2394 4917 elﬁcitur'.
2426 4860 2536 4915 Hac
2559 4872 2718 4914 utens
2744 4854 3015 4921 doctrina,
3038 4863 3095 4909 et
3115 4854 3221 4908 hac
3248 4850 3519 4907 sententia
3544 4860 3700 4905 tuum

2116 4954 2333 5024 erigens
2366 4953 2633 5013 animum,
2662 4949 2806 5020 quod
2852 4949 3114 5012 statuisti,
3143 4947 3251 5002 cito
3281 4946 3417 5001 velis
3443 4944 3701 5000 effectum

2119 5046 2351 5100 reddere
2393 5062 2406 5098 :
2450 5052 2506 5098 et
2535 5044 2714 5113 ignem
2767 5042 2825 5096 in
2867 5041 3031 5097 corde
3076 5040 3383 5111 suscipiens
3428 5039 3568 5108 ejus,
3607 5038 3701 5107 qui

2115 5153 2239 5192 eum
2272 5137 2428 5191 misit
2474 5135 2531 5190 in
2582 5135 2829 5201 terram’,
2860 5134 2984 5189 vide
3038 5149 3108 5188 ne
3159 5131 3407 5189 socordia
3456 5140 3513 5185 ct
3549 5145 3701 5184 mora

2111 5245 2239 5285 eum
2269 5230 2585 5299 exstinguas
2612 5245 2626 5282 :
2655 5228 2751 5283 sed
2792 5241 2955 5297 quam
2987 5226 3222 5296 primum
3250 5224 3317 5280 ad
3343 5223 3504 5277 finem
3526 5221 3702 5276 dedu-

2113 5336 2207 5376 cas
2238 5321 2290 5376 id
2321 5320 2467 5389 quod
2497 5319 2683 5374 animo
2727 5318 2919 5389 agitas.
2972 5316 3140 5371 Nemo
3172 5316 3310 5369 enim
3344 5315 3555 5367 mittens
3588 5327 3704 5364 ma-

2115 5428 2238 5466 num
2270 5412 2340 5465 ad
2371 5421 2616 5465 aratrum
2647 5411 2732 5481 (ut
2761 5408 2945 5463 divina
2971 5408 3104 5463 dicit
3132 5403 3461 5477 Scriptura),
3486 5413 3534 5459 et
3561 5411 3702 5456 retro

2113 5521 2410 5570 conversus,
2445 5513 2520 5558 est
2550 5512 2706 5573 aptus
2739 5519 2897 5574 regno
2928 5499 3224 5556 cwlorum‘.
3272 5500 3402 5553 Haec
3431 5510 3556 5552 cum
3598 5509 3703 5548 au-

2126 5597 2352 5654 divisset
2383 5613 2412 5652 a
2438 5612 2589 5664 sene,
2618 5597 2740 5667 ejus
2771 5595 2952 5650 verbis
2977 5600 3130 5664 paret
3159 5592 3431 5663 protinus,
3459 5597 3514 5645 et
3541 5587 3610 5644 ab
3637 5600 3705 5642 eo

2126 5688 2284 5758 petit,
2349 5697 2405 5743 ut
2468 5688 2832 5744 monasticam
2885 5693 3251 5753 consequatur
3298 5684 3564 5740 habitum.
3613 5680 3709 5735 Ille
