4156 6422
501 365 602 434 311

1717 377 2002 438 MENSIS
2037 380 2502 443 JANUARIUS.

3661 385 3776 448 312

499 489 682 536 autem
735 488 992 553 prompto
1058 488 1114 537 et
1166 480 1330 536 alacri
1397 481 1582 537 animo
1637 481 1903 553 implevit,
1939 483 2083 553 quod

2193 489 2342 559 φέρει
2391 490 2484 542 καὶ
2521 489 2636 551 τοῖς
2671 487 2838 542 αὐτοῦ
2879 489 3058 557 λόγοις
3088 487 3249 554 εὐθὺς
3294 487 3394 560 τὴν
3431 488 3770 558 εὐπείθειαν,

501 589 694 644 preces
717 584 1026 638 consuetas,
1053 584 1106 630 et
1131 572 1394 646 quidquid
1421 574 1612 629 eratin
1638 590 1790 630 more
1821 577 2081 646 positum,

501 668 859 739 implerisset,
888 668 1190 722 monastico
1219 682 1340 722 eam
1379 667 1557 723 induit
1601 667 1811 722 habitu.
1844 668 1914 722 Et
1959 683 2084 723 cum

499 755 763 829 precatus
798 766 944 815 esset
993 759 1044 814 ei
1111 759 1273 814 finem
1327 775 1496 830 scopo
1547 759 1986 826 convenientem,
2029 759 2086 814 in

501 867 662 907 suum
701 853 998 907 revertitur
1030 851 1450 907 monasterium.

2191 581 2286 633 καὶ
2337 579 2433 633 τοῦ
2489 580 2599 632 τῶν
2648 580 2900 650 μοναχῶν
2953 579 3254 653 ἀξιωθῆναι
3308 585 3588 651 σχήματος
3636 585 3776 654 παρ’

2193 673 2402 727 ἐκείνου
2433 675 2703 744 ἐπιζητεῖ⁸
2738 675 2832 728 καὶ
2874 674 2969 743 ὅγε
3005 675 3288 744 πρόθυμος
3311 671 3379 745 ἦν
3411 675 3477 728 τὸ
3505 673 3782 745 ζητούμε-

2192 778 2283 817 νον
2328 760 2662 834 ἐκπληροῦν,
2693 765 2787 817 καὶ¹
2818 765 2919 825 τὰς
2960 766 3209 835 συνήθεις
3244 766 3410 837 εὐχὰς
3440 766 3643 820 αὐτίκα
3675 769 3780 821 καὶ

2193 857 2304 909 πᾶν
2352 857 2489 929 ὅπερ
2528 857 2717 930 ἔθιμον
2765 855 2834 931 ἦν
2889 861 3211 928 ἐκτελέσας,
3260 861 3322 914 τὸ
3361 861 3470 914 τῶν
3525 859 3782 932 μοναχῶν

501 947 638 1017 αὐτῇ
677 946 995 1017 περιϐάλλει
1033 945 1241 1017 σχῆμα.
1283 945 1692 1018 Ἐπευξάμενός
1738 965 1795 1001 τε
1828 948 1968 1019 αὐτῇ
2027 947 2181 1014 τέλος
2220 951 2298 1023 τῷ
2341 952 2529 1025 σκοπῷ
2559 955 2862 1028 συμφέρον,
2915 959 2998 1022 εἰς
3049 957 3150 1030 τὴν
3183 957 3392 1012 οῑκείαν
3434 957 3779 1028 ἐπαναστρέ-

503 1059 592 1116 φει
635 1043 826 1113 μονήν.

580 1135 692 1192 VII.
739 1135 1031 1208 Postquam
1076 1145 1257 1192 autem
1304 1137 1428 1208 pius
1478 1136 1566 1192 ille
1617 1152 1782 1192 senex
1825 1139 2083 1195 recessis-
2153 1119 2160 1124 ’

503 1234 608 1294 set,
647 1229 1025 1285 considerabat
1067 1231 1210 1301 apud
1258 1246 1315 1284 se
1361 1229 1720 1300 Eupltrosyne
1745 1270 1760 1293 ,
1807 1231 2083 1300 quomodo

504 1329 562 1376 et
593 1321 682 1375 ubi
715 1321 819 1376 sibi
853 1321 1038 1376 datum
1078 1323 1144 1376 ad
1195 1331 1557 1376 mercaturam
1592 1330 1872 1376 exerceret
1909 1323 2085 1376 talen-

505 1423 646 1477 tum,
677 1413 909 1466 maxime
935 1428 1056 1468 cum
1094 1413 1259 1467 sciret
1294 1419 1504 1482 patrem
1535 1411 1640 1467 sibi
1681 1411 1801 1466 fore
1851 1411 2084 1482 impedi-

505 1515 694 1561 mento
723 1507 789 1560 ad
838 1505 890 1560 id
921 1505 1063 1574 quod
1100 1505 1463 1560 desiderabat.
1493 1503 1626 1558 Cum
1647 1519 1777 1576 ergo
1804 1505 2086 1575 quaesivis-

505 1607 587 1654 set
636 1599 880 1662 modum,
910 1613 1008 1668 per
1030 1613 1190 1668 quem
1223 1606 1406 1668 posset
1433 1597 1660 1653 omnino
1688 1597 1858 1653 latere
1895 1605 1952 1652 et
1991 1595 2086 1651 be-

503 1688 872 1744 nevolentiam
905 1688 1095 1758 patris,
1131 1697 1188 1744 et
1217 1689 1407 1758 sponsi
1439 1704 1706 1752 amorem,
1737 1691 1929 1745 statuit
1965 1690 2086 1759 qui-

2263 1137 2339 1196 Z".
2406 1140 2562 1196 Ἐπεὶ
2613 1141 2671 1195 δὲ
2722 1141 2817 1196 καὶ
2859 1143 2888 1196 ό
2937 1141 3193 1215 θεοφιλὴς
3249 1141 3456 1206 ἐκεῖνος
3505 1141 3783 1212 ἀνεχώρει

2192 1231 2529 1304 πρεσϐύτης,
2602 1233 2824 1288 ἐσκόπει
2877 1234 3000 1288 καθ’
3055 1235 3255 1305 ἑαυτὴν
3323 1235 3358 1306 ἡ
3425 1233 3778 1302 Εὐφροσύνη,

2193 1325 2312 1388 πῶς
2347 1325 2414 1379 ἂν
2445 1326 2540 1380 καὶ
2574 1324 2680 1380 ποῦ
2715 1326 2775 1380 τὸ
2817 1326 2972 1380 δοθὲν
3017 1327 3153 1397 αὐτῇ
3200 1325 3534 1397 ὲμπορεύσοι
3575 1325 3636 1378 τδ
3680 1326 3786 1378 τά-

2189 1416 2402 1477 λαντον,
2448 1416 2626 1480 ἄλλως
2674 1434 2735 1471 τε
2779 1419 2876 1472 καὶ
2924 1419 3017 1472 τὸν
3064 1417 3281 1487 πατέρα
3319 1418 3492 1471 εἰδυῖα
3513 1407 3784 1488 ’ἐμποδὼν

2192 1507 2332 1576 αὐτῇ
2368 1508 2508 1578 πρὸς
2556 1507 2618 1562 τὸ
2670 1508 3006 1579 ποθούμενον
3058 1509 3304 1568 ἔσεσθαι.
3339 1509 3428 1572 Ὠς
3456 1508 3550 1562 οὖν
3589 1510 3781 1579 ἐζήτει

2191 1597 2391 1668 τρόπον
2417 1598 2485 1652 δι’
2515 1593 2578 1654 οὗ
2626 1599 2812 1652 λαθεῖν
2855 1600 2994 1664 ὅλως
3041 1601 3334 1670 δυνήσεται
3363 1601 3687 1672 γεννήτορός
3715 1616 3778 1653 τε

2194 1691 2447 1761 στοργὴν,
2475 1692 2570 1746 καὶ
2599 1693 2907 1762 μνηστῆρος
2936 1691 3169 1764 ἔρωτας,
3201 1691 3506 1746 ἀποθέσθαι
3545 1693 3644 1762 μὲν
3672 1710 3779 1761 γο-

503 1781 627 1836 dem
657 1790 861 1836 vestem
893 1795 1094 1836 exuere
1143 1781 1492 1848 muliebrem,
1523 1782 1736 1838 virilem
1785 1791 1965 1836 autem
1999 1782 2088 1836 in-

2193 1784 2441 1838 ναικείαν
2495 1783 2638 1854 ἔγνω
2674 1785 2888 1857 στολὴν,
2941 1785 3134 1856 ἀνδρὸς
3165 1785 3224 1839 δὲ
3261 1785 3778 1855 μεταμφιάσασθαι.

505 1876 730 1929 ducere.
781 1875 850 1930 Et
875 1876 1132 1944 quoniam
1175 1876 1382 1930 sciebat
1430 1890 1548 1941 eos,
1573 1875 1663 1946 qui
1708 1875 1880 1946 ipsam
1931 1884 2090 1930 erant

506 1967 848 2037 persecuturi
886 1977 1140 2037 tanquam
1187 1968 1469 2033 feminam,
1505 1983 1627 2023 esse
1658 1977 2000 2024 scrutaturos
2031 1967 2087 2022 in

507 2059 857 2114 monasteriis
877 2059 1188 2122 mulierum,
1224 2059 1416 2114 statuit
1449 2059 1684 2130 seipsam
1717 2060 1984 2115 collocare
2033 2058 2089 2112 in

508 2165 742 2205 numero
761 2151 1176 2206 monachorum.
1202 2150 1312 2206 Hoc
1333 2160 1514 2206 autem
1540 2151 1826 2206 consilium
1846 2151 2088 2221 capiens,

508 2249 668 2298 nocte
696 2243 930 2311 quadam
960 2242 1110 2298 exuit
1137 2242 1356 2312 quidem
1403 2258 1557 2298 suam
1595 2252 1800 2298 vestem
1841 2252 1896 2298 et
1927 2243 2089 2297 simul

509 2349 634 2389 cum
666 2335 852 2390 tunica
880 2334 1045 2390 etiam
1093 2335 1414 2390 muliebrem
1445 2335 1596 2390 exuit
1619 2335 2088 2390 imbecillitatem:

509 2427 688 2482 induit
732 2435 914 2482 autem
962 2438 1169 2483 vestem
1217 2428 1530 2495 salutarem,
1581 2436 1637 2484 et
1683 2428 2090 2498 quamprimum

509 2507 994 2574 transmutatur‘i‘n
1032 2519 1244 2575 virilem
1283 2519 1552 2575 habitum.
1606 2519 1814 2575 Deinde
1845 2535 1970 2574 cum
2009 2520 2091 2575 la—

511 2608 710 2662 tuisset
747 2608 1065 2664 ancillarum
1089 2610 1520 2674 multitudinem,
1555 2616 1610 2664 et
1661 2609 1809 2680 ipsos
1847 2609 2091 2679 parentis

510 2699 717 2765 oculos,
751 2708 807 2754 et
830 2700 974 2755 aedes
1011 2701 1348 2770 despexisset
1373 2699 1659 2770 prmelaras
1677 2715 1739 2754 ac
1755 2698 2088 2771 magniﬁcas,

508 2787 708 2844 Christi
735 2805 952 2846 crucem
989 2791 1208 2858 tollens,
1239 2791 1489 2862 protinus
1527 2789 1682 2856 abiit,
1721 2790 1912 2844 volens
1935 2805 1992 2844 se
2019 2789 2094 2842 di-

508 2898 666 2952 gnam
701 2883 929 2938 reddere
957 2897 1024 2938 eo
1045 2883 1190 2954 quod
1227 2883 1592 2949 desiderabat,
1627 2882 1852 2937 etvenit
1873 2882 1939 2934 ad
1962 2880 2093 2935 illud

509 2975 1025 3039 monasterium,cui
1050 2985 1286 3047 praeerat
1313 2992 1504 3044 senex,
1534 2976 1694 3046 cujus
1723 2989 1946 3046 precum
1973 2973 2094 3028 fue-

508 3077 591 3122 rat
623 3068 852 3123 fruetus.
881 3069 952 3123 Et
985 3084 1107 3124 cum
1133 3069 1374 3124 venisset
1394 3069 1449 3122 in
1473 3075 1826 3138 conspectum
1851 3065 2092 3135 prmfecti

509 3161 848 3227 monasterii,
873 3160 1202 3232 interrogata
1227 3161 1346 3224 fuit,
1373 3163 1621 3232 quisnam
1645 3163 1812 3223 esset,
1838 3169 1894 3215 et
1922 3160 2088 3226 unde,

509 3261 566 3306 et
592 3268 828 3322 quanam
854 3254 922 3310 de
955 3269 1118 3309 causa
1143 3256 1210 3309 ad
1235 3268 1360 3309 eum
1395 3254 1742 3310 accessisset.
1780 3252 1871 3308 Illa
1907 3263 2089 3307 autem

510 3343 672 3410 dixit,
701 3358 761 3399 se
791 3345 976 3400 vocari
1003 3345 1224 3416 quidem
1253 3345 1636 3418 Smaragdum,
1660 3360 1782 3400 esse
1819 3355 2001 3400 autem
2027 3360 2090 3399 ex

510 3433 633 3488 aula
691 3435 1040 3505 imperatoris
1073 3437 1173 3506 (sic
1203 3437 1350 3492 enim
1395 3437 1612 3492 dicebat
1643 3435 1830 3491 volens
1857 3434 2088 3502 latere);

513 3524 800 3595 reliquisse
829 3541 958 3583 vero
987 3529 1194 3594 omnia,
1221 3537 1282 3584 ut
1305 3527 1469 3584 infida
1510 3537 1566 3583 et
1591 3527 1824 3594 inutilia,
1848 3542 1912 3582 ac
1950 3526 2094 3582 desi-

511 3614 736 3672 derasse
762 3617 929 3673 vitam
976 3621 1370 3676 monachorum
1423 3639 1437 3675 :
1490 3626 1546 3675 et
1575 3635 1639 3674 ex
1685 3619 1820 3675 urbe
1869 3617 2089 3690 quidem

511 3708 714 3780 fugisse
732 3710 899 3780 regia,
921 3719 982 3766 ut
1001 3726 1126 3782 quae
1150 3721 1294 3767 esset
1317 3713 1477 3782 plena
1503 3711 1850 3775 tumultibus,
1869 3720 1924 3766 et
1947 3709 2091 3781 quod

511 3801 810 3858 amicorum
835 3809 890 3857 et
909 3803 1259 3859 familiarium
1283 3804 1452 3860 nollet
1473 3805 1659 3860 vexari
1678 3804 2090 3876 congressione,

510 3905 567 3949 et
603 3894 672 3949 ab
704 3895 784 3950 eis
811 3895 1132 3967 interrumpi
1161 3913 1318 3952 suum
1343 3897 1543 3968 quietis
1571 3897 1902 3954 desiderium
1928 3913 1944 3956 ε
1967 3913 2091 3953 cum

511 3995 692 4041 autem
752 3987 819 4041 de
871 3985 1100 4042 istorum
1147 3990 1438 4044 sanctitate
1483 3991 1876 4045 monachorum
1921 3991 2091 4045 multa

511 4078 830 4142 audivisset.
869 4095 934 4134 eo
960 4081 1198 4144 venisse.
1235 4082 1281 4135 si
1318 4097 1427 4152 quo
1466 4091 1624 4153 pacto
1657 4082 1820 4152 digna
1860 4083 2092 4138 habere-

513 4181 602 4224 tur
627 4169 820 4224 referri
852 4170 905 4224 in
933 4187 1122 4227 eorum
1153 4189 1466 4228 numerum.

584 4259 720 4315 Vlll.
771 4260 1011 4318 Lmtatus
1059 4273 1146 4318 est
1191 4265 1272 4319 vir
1297 4265 1407 4330 ille,
1444 4274 1500 4321 et
1537 4267 1717 4323 verbis
1761 4276 1815 4324 et
1865 4283 2079 4323 morum

513 4354 779 4408 modestia
796 4353 1170 4423 admirandus,
1191 4365 1275 4411 et:
1300 4355 1438 4414 Ecce
1451 4361 1868 4426 monasterium,
1889 4361 2085 4430 inquit.

513 4447 607 4512 fili,
629 4447 675 4502 si
709 4447 803 4502 tibi
825 4448 1002 4518 placet
1035 4450 1222 4504 referri
1251 4452 1302 4505 in
1326 4468 1619 4508 numerum
1644 4453 1896 4519 fratrum,
1923 4470 2086 4510 nemo

2191 1875 2302 1929 Καὶ
2331 1877 2454 1930 ἐπεὶ
2478 1877 2605 1940 τοὺς
2641 1875 2928 1943 διώξοντας
2968 1877 3084 1948 ⁴ἤδει
3118 1877 3196 1939 ὡς
3216 1879 3452 1946 γυναῖκα
3476 1876 3682 1946 ταύτην
3713 1879 3776 1930 ὲν

2193 1966 2466 2036 σεμνείοις
2493 1967 2790 2038 ἀνερευνᾷν
2843 1968 3140 2037 γυναικῶν,
3187 1967 3528 2040 μοναζόντων
3567 1971 3776 2039 ἑαυτὴν

2191 2053 2408 2126 ἔκρινεν
2443 2059 2814 2126 ὲγκατατάξαι
2864 2057 3036 2130 χορῷ.
3077 2059 3236 2113 Οὕτω
3263 2059 3322 2114 δὲ
3355 2059 3770 2132 βουλευσαμένη

2193 2145 2489 2201 ἀποδύεται
2513 2147 2616 2218 μὲν
2638 2147 2738 2220 τὴν
2765 2147 2900 2202 ἰδίαν
2931 2149 3146 2219 στολὴν,
3177 2150 3272 2202 καὶ
3299 2147 3618 2220 ἇμα⁹χιτῶνι
3648 2165 3779 2201 συν-

2193 2237 2494 2293 αποδύεται
2521 2239 2618 2294 καὶ
2642 2238 2742 2311 τὴν
2763 2241 3084 2309 γυναικείαν
3113 2240 3419 2307 ἀσθένειαν,
3452 2239 3779 2294 ἑπενδύεται

2191 2335 2249 2390 δὲ
2277 2335 2491 2405 ἱμάτιον
2531 2333 2822 2407 σωτηρίου,
2849 2335 2944 2389 καὶ
2973 2337 3054 2398 εἰς
3083 2334 3277 2405 ἀνδρὸς
3304 2335 3490 2406 σκῆμα
3521 2334 3583 2387 τὸ
3609 2335 3782 2405 τάχες

2197 2427 2717 2502 μεταῤῥυθμίζεται.
2753 2421 2890 2481 Εἶτα
2913 2427 3158 2482 λαθοῦσα
3193 2426 3603 2496 θεραπαινίδιον
3634 2426 3780 2499 πλη-

2195 2523 2314 2586 θὺν,
2343 2519 2543 2584 αὐτούς
2572 2537 2632 2573 τε
2679 2519 2996 2590 ὀφθαλμοὺς
3051 2519 3160 2574 τῶν
3204 2519 3632 2589 γεγεννηκότων,
3677 2521 3778 2574 καὶ

2193 2613 2370 2675 οἰκίας
2413 2610 2743 2684 ὑπεριδοῦσα
2769 2611 3053 2682 λαμπρὰς,
3095 2611 3187 2665 τὸν
3210 2609 3306 2664 τοῦ
3337 2611 3574 2680 Χριστοῦ
3606 2628 3776 2666 crau-

2196 2705 2290 2777 ρδν
2315 2704 2592 2775 ἀραμένη,
2627 2704 2789 2767 εὐθὺς
2835 2704 3024 2776 ἀπῄει,
3073 2703 3274 2775 ἑαυτὴν
3319 2705 3481 2770 ἀξίαν
3531 2702 3624 2757 τοῦ
3666 2721 3774 2758 ποι-

2196 2797 2462 2867 θουμένου
2490 2795 2941 2868 καταστήσασθαι
2965 2795 3290 2866 βουλομένη.
3323 2795 3467 2866 Πρὸς
3507 2797 3685 2850 ἐκεῖνό
3715 2813 3780 2850 τε

2195 2889 2256 2942 τδ
2290 2889 2652 2959 μοναστήριον
2688 2889 3026 2956 ἀφικνεῖται,
3061 2882 3124 2942 οὗ
3172 2886 3468 2956 καθηγεῖτο
3505 2888 3534 2940 ό
3569 2887 3775 2959 γέρων,

2194 2969 2259 3031 οὗ
2305 2975 2369 3048 δὴ
2420 2975 2517 3030 καὶ
2546 2977 2656 3029 τῶν
2687 2977 2863 3047 εὐχῶν
2894 2977 3140 3045 ἐγεγόνει
3169 2977 3402 3048 καρπός
3437 2979 3529 3032 καὶ
3557 2978 3646 3032 διὰ
3677 2975 3778 3031 τοῦ

2199 3070 2277 3132 εἰς
2308 3068 2468 3122 τοῦτο
2498 3069 2858 3139 τεταγμένου,
2911 3071 3018 3124 τῶν
3079 3071 3330 3142 μοναχῶν
3360 3069 3438 3140 τῷ
3469 3071 3781 3142 προεστῶτι

2194 3161 2292 3232 τῆς
2329 3161 2494 3232 μονῆς
2541 3162 2622 3225 εἰς
2659 3161 2780 3232 Metu
2839 3160 3094 3227 ἐλθοῦσα,
3137 3162 3222 3227 τίς
3275 3179 3336 3216 τε
3371 3163 3468 3216 καὶ
3501 3163 3627 3216 ὅθεν
3661 3164 3774 3234 είη,

2194 3254 2286 3306 καὶ
2315 3251 2460 3316 τίνος
2505 3252 2670 3308 ἕνεκα
2710 3253 2846 3326 πρὸς
2877 3253 3042 3312 αὑτὸν
3086 3256 3470 3323 παραγένοιτο,
3500 3257 3775 3328 ἠρωτᾶτο.

2205 3347 2269 3402 Ἦ
2307 3347 2384 3410 δὲ,
2420 3347 2747 3418 Σμάραγδος
2781 3348 2880 3416 μὲν
2915 3346 3020 3416 ἔφη
3063 3347 3370 3413 καλεῖσθαι,
3399 3343 3542 3404 εἶναι
3573 3348 3630 3402 δὲ
3674 3351 3780 3418 τῆς

2195 3439 2468 3510 βασιλείου
2501 3439 2674 3510 αὐλῆς
2714 3438 2879 3503 (οὕτω
2907 3440 3018 3512 γὰρ
3047 3437 3166 3493 εἷπε
3213 3440 3512 3512 βουλομένη
3541 3440 3780 3510 λαθεῖν),

2194 3533 2522 3587 καταλιπεῖν
2567 3533 2626 3586 δὲ
2656 3532 2840 3588 πάντα
2893 3533 2969 3597 ὡς
3025 3534 3234 3590 ἄπιστα
3265 3534 3363 3587 καὶ
3387 3533 3643 3602 ἀνόνητα,
3685 3533 3780 3586 τὸν

2193 3625 2250 3679 δὲ
2306 3625 2422 3696 βίον
2468 3625 2711 3694 ποθῆσαι
2751 3625 2863 3679 τῶν
2889 3625 3164 3696 μοναχῶν,
3203 3626 3302 3680 καὶ
3355 3625 3458 3695 τὴν
3491 3624 3590 3695 μὲν
3622 3623 3781 3695 βασε-

2193 3716 2312 3770 λίδα
2341 3715 2451 3771 τῶν
2492 3717 2699 3771 πόλεων
2739 3718 3000 3786 ἐκφυγεῖν
3041 3717 3116 3781 ὡς
3150 3717 3336 3788 πλήρη
3375 3715 3632 3788 θορύϐου,
3681 3717 3780 3770 καὶ

2193 3807 2271 3879 τῷ
2295 3808 2370 3880 μὴ
2404 3806 2692 3878 βούλεσθαι
2718 3809 2897 3878 φίλων
2927 3808 3022 3860 καὶ
3047 3807 3297 3876 συνήθων
3326 3807 3566 3878 ὁμιλίαις
3595 3806 3782 3878 ὀχλεῖ-

2195 3899 2344 3967 σθαι,
2384 3901 2479 3955 καὶ
2511 3901 2604 3954 ὑπ’
2634 3900 2814 3955 αὐτῶν
2843 3900 3179 3972 μολύνεσθαι
3203 3899 3264 3954 τὺ
3302 3900 3598 3970 φιλήσυχον
3629 3899 3780 3952 κατὰ

2195 3992 2395 4064 πολλὴν
2445 3991 2502 4046 δὲ
2543 3993 2644 4062 τῆς
2675 3993 2830 4063 ὑμῶν
2893 3993 3181 4062 ἁγιότητος
3222 3991 3390 4062 ἀκοὴν
3441 3991 3512 4044 τὰ
3539 3988 3779 4044 ἐνταῦθα

2195 4083 2542 4150 κιταλαϐεῖν,
2578 4083 2632 4136 εί
2655 4101 2772 4148 πως
2813 4083 3106 4154 ἀξιωθείην
3167 4082 3424 4154 γενέσθαι
3463 4082 3594 4153 ὑμέν
3649 4097 3779 4134 συν-

2195 4175 2472 4249 αρίθμιος.

2266 4269 2348 4322 ll'.
2397 4267 2635 4332 Ἡσθεὶς,
2676 4262 2770 4324 οὖν
2801 4269 2828 4322 ό
2859 4268 3111 4340 θεοφιλὴς
3145 4270 3351 4331 ἐκεῖνος
3396 4266 3536 4339 ἀνὴρ
3573 4265 3686 4331 τοῖς
3711 4281 3778 4322 τε

2199 4358 2428 4429 ῥήμασι,
2483 4358 2576 4411 καὶ
2615 4361 2680 4429 τῇ
2723 4359 2832 4412 τῶν
2876 4359 3024 4430 ἠθῶν
3086 4360 3340 4430 εὐνομία,
3385 4361 3504 4423 καὶ,
3546 4357 3679 4413 Ἰδοὺ
3711 4359 3778 4412 τὸ

2199 4453 2584 4523 μοναστήριον,
2616 4451 2742 4522 ἔφη,
2770 4455 2982 4519 τέκνον,
3017 4455 3070 4508 εί
3089 4471 3172 4507 σοι
3197 4453 3426 4523 ἀρεστὸν
3454 4453 3779 4524 ἐναρίθμιον

510 4546 594 4592 est
616 4537 1010 4608 prohibiturus.
1047 4537 1154 4594 Sed
1193 4542 1449 4612 quoniam
1485 4559 1546 4598 es
1583 4552 1742 4600 aetate
1784 4545 1963 4600 adhuc
2001 4545 2088 4615 ju-

2195 4544 2449 4613 γενέσθαι
2497 4548 2610 4608 τοῖς
2663 4546 2936 4616 ἀδελφοῖς,
2993 4549 3022 4601 ὁ
3087 4546 3352 4601 κωλύσων
3383 4546 3580 4609 οὐδείς·
3633 4545 3778 4614 πλὴν

509 4628 684 4693 renis,
732 4639 788 4682 et
829 4638 1004 4686 status
1039 4633 1324 4691 monastici
1369 4636 1612 4690 nondum
1651 4637 1946 4707 perfectam
1977 4653 2090 4693 c03-

509 4719 634 4790 pisti
683 4721 1076 4790 experientiam
1103 4766 1116 4785 ,
1165 4736 1382 4794 oportet
1418 4737 1471 4781 te
1504 4743 1626 4782 esse
1669 4730 1770 4783 sub
1804 4730 2086 4798 magistro,

509 4821 562 4867 et
591 4813 659 4868 ab
687 4829 753 4869 eo
779 4815 990 4871 discere
1021 4818 1141 4872 vitae
1178 4811 1588 4888 perfectionem.
1619 4819 1707 4874 Illa
1731 4835 1912 4876 autem
1937 4840 1948 4875 :
1977 4820 2089 4877 lloc

509 4919 727 4976 quoque
756 4907 888 4962 mihi
921 4918 1006 4963 est
1038 4913 1212 4970 cordi.
1238 4919 1292 4964 et
1323 4911 1447 4966 volo
1476 4927 1582 4964 non
1618 4927 1788 4965 unum
1819 4912 2015 4974 solum,
2042 4911 2087 4966 si

508 4996 746 5062 videtur,
785 5000 878 5054 sed
909 5002 1108 5058 multo‘s
1141 5002 1305 5060 etiam
1346 5004 1568 5066 habere,
1602 5003 1695 5075 qui
1734 5005 1800 5059 ad
1835 5003 2086 5059 virtutem

508 5103 598 5143 me
631 5089 743 5144 sint
785 5089 1110 5147 instituturi.
1151 5093 1242 5148 Sic
1283 5109 1365 5158 ea,
1399 5110 1522 5148 cum
1562 5105 1816 5164 tanquam
1856 5094 2087 5150 solidum

509 5190 564 5236 ct
595 5182 833 5238 validum
875 5182 1310 5252 fundamentum,
1364 5188 1480 5241 seni
1516 5187 1662 5258 prius
1686 5189 1905 5258 jccisset
1955 5189 2090 5243 obe-

507 5273 789 5341 dientiam,
828 5276 1060 5331 traditur
1086 5277 1292 5349 Agapio
1321 5280 1604 5344 monacho,
1637 5281 1726 5350 qui
1755 5290 1812 5335 et
1847 5279 1902 5334 in
1927 5280 2089 5335 rebus

510 5365 710 5420 divinis
737 5375 855 5421 erat
899 5369 1180 5433 eruditus,
1225 5378 1277 5424 et
1321 5381 1663 5441 processerat
1699 5371 1766 5426 ad
1819 5387 2086 5426 summam

511 5455 966 5526 impatibilitatem
1001 5479 1014 5514 :
1051 5461 1196 5516 etab
1237 5477 1328 5527 eo,
1375 5471 1434 5516 ut
1460 5463 1634 5517 dicam
1685 5464 1830 5519 sicut
1871 5463 2090 5518 divinus

510 5545 700 5613 David,
732 5551 933 5605 diurno
965 5552 1182 5624 ﬁngitur
1216 5553 1473 5626 figmento
1496 5595 1510 5616 .
1546 5565 1601 5610 et
1629 5555 1978 5626 componitur
2019 5555 2089 5610 ad

509 5638 672 5694 vitam
701 5640 846 5710 piam
882 5657 946 5697 ac
984 5644 1308 5715 religiosam.
1348 5645 1829 5703 \‘erumenimvero
1868 5648 1959 5718 qui
1989 5664 2088 5704 no-

583 5809 658 5879 (l)
700 5810 960 5882 Agapitus
984 5819 1292 5875 nominatur
1324 5821 1531 5878 inVitis
1564 5823 1799 5878 Patrum.

2194 4638 2425 4710 ἐπείπερ
2461 4638 2540 4692 ἔτι
2581 4640 2708 4693 νέαν
2737 4640 2892 4709 ἄγεις
2922 4639 3025 4710 τὴν
3071 4639 3314 4710 ἡλικίαν,
3345 4639 3441 4693 ml.
3471 4638 3778 4709 μοναχικῆς

2192 4731 2580 4791 καταστάσεως
2616 4730 2771 4786 οὔπω
2816 4734 3014 4803 πεῖραν
3041 4731 3276 4800 εἴληφας
3313 4730 3528 4800 ἐντελῆ,
3563 4731 3668 4783 ὁπὺ
3696 4729 3778 4782 δι-

2189 4821 2444 4894 δασκάλῳ
2470 4823 2728 4894 τετάχθαι
2759 4841 2816 4876 σε
2852 4824 2952 4887 δεῖ,
2989 4825 3084 4878 καὶ
3122 4825 3250 4895 παρ’
3281 4821 3447 4876 αὑτοῦ
3477 4821 3776 4894 μανθάνειν

2191 4915 2465 4978 πολιτείας
2493 4915 2884 4986 ἀκρίϐειαν.⁰Η
2915 4915 2997 4980 δὲ,
3039 4916 3152 4968 Καὶ
3171 4914 3328 4969 τοῦτο
3357 4915 3500 4968 κατὰ
3524 4915 3773 4983 γνώμην,

2190 4999 2374 5070 εἶπεν,
2413 5006 2560 5076 ἐμοὶ,
2619 5007 2715 5061 καὶ
2767 4988 3030 5078 βούλομαι
3057 5007 3156 5077 οὐχ
3187 5007 3282 5060 ἕνα
3317 5007 3497 5076 μόνον,
3530 5008 3578 5058 εἱ
3604 5005 3774 5069 δοκεε,

2191 5097 2326 5152 ἀλλὰ
2349 5099 2444 5152 καὶ
2479 5099 2706 5162 πολλοὺς
2741 5099 2891 5170 ἔχειν
2935 5101 3063 5164 τοὺς
3093 5100 3232 5170 πρὸς
3280 5100 3484 5170 ἀρετήν
3537 5116 3606 5169 με
3644 5113 3778 5151 παι-

2190 5191 2634 5263 δοτριϐἠσοντας.
2684 5191 2874 5256 Οὕτως
2923 5193 3062 5265 αὑτὴ
3101 5192 3357 5262 καθάπερ
3391 5191 3642 5262 θεμέλιον
3669 5192 3774 5262 ἁρ-

2193 5283 2340 5354 ραγῆ
2369 5282 2469 5353 τὴν
2517 5283 2766 5354 ὑπακοὴν
2819 5285 3383 5356 προκαταϐαλλομένη
3423 5285 3501 5354 τῷ
3534 5285 3773 5352 γέροντι,

2205 5375 2455 5445 Ἀγαπίῳ
2495 5375 2783 5446 μονάζοντι
2814 5379 3192 5446 παραδίδοται,
3223 5377 3294 5431 τά
3330 5394 3391 5430 τε
3441 5376 3562 5429 θεῖα
3598 5375 3772 5445 πτερῷ,

2191 5464 2286 5517 καί
2315 5465 2586 5530 ἀπαθείας
2633 5468 2714 5529 είς
2761 5467 2932 5538 ἀκρον
2965 5467 3240 5520 ἐλάσαντι·
3288 5468 3381 5519 καὶ
3409 5469 3541 5536 παρ’
3573 5466 3770 5530 αὑτοῦ,

2193 5556 2334 5610 κατά
2369 5557 2460 5610 τὸν
2493 5556 2638 5613 θεῖον
2693 5559 2859 5627 φάναι
2893 5560 3082 5628 Δαϐὶδ,
3118 5559 3386 5630 ἡμερινὴν
3421 5558 3777 5612 διεπλάττετο

2195 5649 2431 5717 πλάσιν,
2492 5651 2586 5704 καὶ
2650 5651 2786 5723 πρὸς
2843 5651 2934 5706 τὸν
2987 5651 3210 5723 θεοφιλῆ
3264 5651 3378 5722 βίον
3426 5650 3772 5722 ῥυθμίζεται.
