4156 6408
330 385 452 451 313

1507 385 1685 446 VITA
1724 385 1784 444 S.
1824 386 2405 450 EUPHROSYNES.

3543 381 3647 457 314

348 497 523 553 Ἀλλὰ
545 495 661 566 γὰρ
699 496 730 549 δ
761 494 827 560 ἐξ
859 496 1045 567 ἀρχῆς
1073 493 1382 567 βασκαίνων
1429 496 1585 566 ἡμῖν,
1617 496 1713 550 καὶ
1750 496 1851 565 τὴν
1875 498 1956 550 οἱ-

2082 499 2145 553 iis
2174 500 2369 555 invidit
2419 500 2696 566 abinitio,
2749 509 2805 556 et
2847 500 3115 573 gloriatur
3158 516 3218 557 se
3250 508 3424 557 totum
3455 503 3646 558 orbem

341 588 633 661 κουμένην
672 588 812 658 ὃλην
868 590 950 652 ὡς
980 589 1206 645 νοσσιὰν
1254 590 1677 659 ἐγκαυχώμενος
1721 590 1962 659 καταλή-

340 681 572 751 ψεσθαι,
604 679 713 734 οὐκ
736 680 910 752 ἔφερε
937 682 1179 750 γυναῖκα
1207 680 1349 751 ὁρῶν
1375 680 1601 752 βρόχους
1634 680 1800 736 αὐτοῦ
1832 682 1961 745 τοὺς

340 776 590 846 δεσμοὺς
621 774 1113 847 ὑπεριπταμένην,
1145 777 1238 829 καὶ
1270 776 1404 829 ὡσεὶ
1437 776 1770 847 περιστερὰν
1799 794 1964 847 φερο-

345 868 532 939 μένην
563 867 646 937 τῷ
693 867 981 936 πνεύματι
1011 869 1338 939 ὑπηνέμιον.
1368 869 1510 923 Ἀλλ’
1545 870 1804 939 ἐτρύχετο
1837 868 1961 939 βλέ-

345 978 478 1013 πων
508 959 571 1012 τὸ
608 959 889 1029 φρόνιμον
920 956 1069 1013 οὕτω
1099 960 1195 1031 τῆς
1230 960 1566 1030 οἰκονομίας,
1607 960 1700 1014 καὶ
1734 962 1871 1029 πρὸς
1902 961 1963 1013 τὸ

350 1050 548 1103 λαθεῖν
596 1049 1117 1117 διεσκευασμένον,
1169 1050 1262 1103 καὶ
1290 1049 1560 1121 ἤσχαλλεν
1604 1049 1712 1102 ὑπὸ
1765 1047 1962 1119 νεαροῦ

359 1141 624 1211 σώματος
650 1142 751 1193 καὶ
776 1139 954 1193 ταῦτα
975 1139 1168 1211 θήλεος
1189 1140 1286 1203 τὰς
1318 1140 1484 1193 αὐτοῦ
1514 1141 1710 1211 τέχνας
1744 1140 1966 1193 διαπαι-

362 1232 605 1302 ζομένας
634 1231 806 1302 δρῶν.
849 1232 1069 1301 Ἀμέλει
1101 1231 1193 1286 καὶ
1219 1232 1349 1285 ποτὲ
1378 1233 1476 1303 μὲν
1500 1232 1671 1301 αὐτῆς
1693 1232 1794 1303 τὴν
1829 1232 1967 1302 πρὸς

366 1326 502 1380 Θεὸν
526 1326 831 1394 μέριμναν,
855 1324 1021 1378 πόθον
1051 1323 1144 1377 τὸν
1168 1325 1296 1395 περὶ
1323 1325 1449 1387 τοὺς
1480 1326 1657 1390 γονεῖς
1683 1323 1962 1387 ἀνάπτων,

368 1414 655 1484 περισπᾷν
695 1412 955 1465 ἔσπευδε
1009 1412 1141 1465 ποτὲ
1169 1413 1248 1477 δὲ,
1281 1411 1516 1465 πλούτου
1549 1413 1647 1464 καὶ
1678 1410 1837 1479 δόξης
1872 1412 1967 1464 καὶ

380 1506 699 1577 μνηστῆρος
745 1506 962 1575 μνήμῃ,
1017 1504 1341 1575 διαχαυνοῢν
1393 1505 1568 1574 αὐτῆς
1613 1503 1676 1556 τὸ
1708 1503 1967 1574 φρόνημα

394 1600 729 1667 ὶμηχανᾶτοο
756 1598 841 1650 ἔτι
873 1598 931 1651 δὲ
964 1597 1212 1667 συνήθων
1262 1597 1360 1651 καὶ
1416 1597 1623 1666 ἡλίκων
1679 1596 1967 1666 διατριϐὰς

398 1691 824 1758 ὑπεμίμνησκεν·
860 1689 1003 1743 ἀλλὰ
1053 1688 1399 1759 πανταχόθεν
1435 1688 1795 1760 προσϐάλλων
1825 1689 1965 1759 αὐτῇ

392 1781 486 1835 καὶ
558 1782 746 1851 πεῖραν
831 1781 999 1844 ἐνιεὶς
1076 1780 1440 1851 ἀπεκρούετο.
1513 1781 1578 1835 Τί
1637 1776 1731 1835 οὖν
1785 1784 1966 1848 ποιεῖ;

2065 597 2263 657 terrae,
2316 599 2575 661 tanquam
2628 591 2857 656 nidum,
2908 593 3477 662 comprehensurum,
3536 608 3648 648 non

2064 679 2297 745 ferebat,
2333 680 2526 737 videns
2553 682 2838 737 mulierem
2869 684 3095 739 callidos
3128 699 3258 739 suos
3290 685 3515 755 laqueos
3557 700 3654 739 su-

2064 773 2472 842 pervolantem,
2503 781 2559 827 et
2589 782 2850 842 tanquam
2877 775 3186 830 columbam
3220 776 3470 846 spiritum
3519 774 3653 830 ferri

2064 865 2383 920 sublimem.
2412 865 2518 920 Sed
2562 865 2863 936 angebatur
2895 866 3086 923 videns
3111 876 3219 922 tam
3249 869 3490 938 prudens
3520 883 3653 924 con-

2066 958 2271 1022 silium,
2297 966 2351 1013 et
2385 959 2530 1029 quod
2564 959 2637 1014 ita
2668 975 2726 1014 se
2756 961 2822 1014 ad
2852 959 3133 1014 latendum
3178 962 3513 1015 instruxerat
3542 979 3556 1015 :
3597 970 3654 1016 et

2067 1064 2207 1120 aegre
2225 1048 2433 1105 ferebat
2461 1051 2646 1105 videre
2695 1066 2822 1105 suas
2864 1059 3009 1105 artes
3039 1051 3186 1106 eludi
3215 1067 3247 1105 a
3268 1052 3495 1120 juvenili
3528 1067 3656 1106 cor-

2066 1154 2219 1209 pore,
2251 1154 2425 1208 eoque
2454 1140 2731 1195 muliebri.
2772 1141 3078 1210 Aliquando
3104 1141 3324 1210 quidem
3354 1150 3503 1194 certe
3536 1142 3656 1210 ejus

2067 1231 2123 1285 in
2154 1230 2321 1284 Deum
2349 1247 2536 1287 curam
2564 1248 2629 1287 ac
2665 1233 3075 1287 meditationem
3120 1233 3375 1287 studebat
3401 1233 3655 1293 avellere.

2067 1332 2356 1393 parentum
2400 1324 2709 1380 accendens
2735 1324 3068 1379 desiderium
3097 1343 3112 1379 :
3150 1326 3443 1395 aliquando
3473 1334 3656 1379 autem

2069 1413 2408 1478 divitiarum,
2440 1414 2735 1484 gloriaeque
2764 1421 2821 1467 et
2857 1414 3045 1483 sponsi
3070 1413 3334 1468 memoria
3358 1414 3659 1467 conabatur

2069 1507 2189 1576 ejus
2228 1506 2477 1560 emollire
2518 1506 2766 1575 spiritus.
2822 1505 3092 1561 Praeterea
3138 1505 3187 1559 ei
3231 1504 3287 1558 in
3339 1504 3661 1558 memoriam

2071 1599 2361 1653 revocabat
2390 1599 2844 1654 consuetudinem
2874 1597 3224 1651 familiarium
3255 1602 3312 1650 et
3343 1595 3658 1665 aequalium.

2073 1690 2181 1746 Sed
2206 1707 2328 1745 cum
2351 1691 2501 1746 omni
2534 1706 2600 1745 ex
2632 1701 2784 1761 parte
2809 1706 2935 1744 eam
2959 1689 3368 1760 aggrederetur,
3393 1696 3449 1743 et
3476 1687 3528 1741 ei
3552 1687 3661 1741 im-

2072 1784 2315 1838 mitteret
2342 1783 2724 1846 tentationem,
2752 1782 3137 1852 repellebatur.
3170 1778 3310 1846 Quid
3333 1794 3462 1849 ergo
3491 1776 3662 1832 facit?

387 1873 513 1934 τοῖς
547 1874 752 1943 ἑτέρων
788 1872 1006 1941 ὄμμασι
1036 1874 1397 1944 κατεμέρισεν
1424 1874 1636 1940 ἑαυτὸν,
1659 1872 1754 1926 καὶ
1786 1873 1968 1943 βέλεσι

2082 1875 2144 1931 Se
2177 1877 2406 1931 aliorum
2439 1876 2611 1932 oculis
2655 1874 2972 1945 dispertiit,
3008 1881 3064 1929 et
3105 1888 3200 1928 eos
3240 1871 3507 1927 sauciavit
3538 1869 3661 1926 telis

383 1964 610 2026 τούτους
655 1963 752 2019 τοῦ
783 1965 1016 2028 κάλλους
1062 1964 1232 2034 αὐτῆς
1290 1966 1752 2036 κατετίτρωσκεν.
1792 1968 1857 2019 Οἱ
1910 1966 1968 2019 δὲ

383 2058 603 2124 στέγειν
643 2058 722 2128 μὴ
758 2057 1052 2127 δυνάμενοι
1103 2057 1164 2111 τὸ
1213 2057 1465 2111 σύντονον
1518 2059 1616 2129 τῆς
1645 2058 1966 2129 ἐπιθυμίας,

381 2148 651 2219 κρύπτειν
696 2165 758 2201 τε
815 2149 876 2202 τδ
916 2148 1089 2212 πάθος
1151 2149 1356 2213 ειδότες
1418 2151 1521 2204 οὐκ
1571 2150 1834 2219 ἀσφαλὲς,
1882 2171 1971 2207 πι-

380 2242 639 2296 στεύουσι
665 2241 729 2295 τὸ
767 2244 1004 2313 πρᾶγμα
1037 2241 1114 2312 τῷ
1154 2242 1479 2314 προεστῶτι,
1528 2245 1623 2298 καὶ
1659 2245 1752 2299 τὸν
1783 2247 1848 2299 ὲκ
1876 2247 1969 2301 τοῦ

380 2333 626 2405 πονηροῦ
675 2334 1090 2404 προσϐάλλοντα
1132 2334 1526 2407 Θριαμϐεύουσι
1575 2337 1847 2408 πόλεμον*
1880 2342 1973 2394 καὶ

378 2427 604 2495 γίνεται
640 2426 810 2479 τοῦτο
845 2427 1034 2491 αὐτοῖς
1077 2426 1183 2495 μὲν
1220 2429 1406 2492 ἄνεσις
1448 2428 1541 2483 τοῦ
1585 2431 1782 2496 κακοῦ,
1814 2434 1881 2504 τῇ
1914 2432 1973 2486 δὲ

374 2518 657 2590 κρείττων
706 2517 951 2583 ἐπίδοσις
988 2519 1126 2590 πρὸς
1156 2521 1359 2591 ἀρετῆς
1392 2507 1731 2593 τελειότητα.
1771 2525 1832 2578 '0
1864 2526 1973 2596 γὰρ

373 2612 484 2680 τῆς
518 2612 694 2681 μονῆς
730 2611 1016 2683 προεστὼς
1068 2613 1252 2676 αὐτοῖς
1289 2616 1389 2685 μὲν
1420 2617 1737 2684 κατάλληλα
1788 2618 1974 2687 τίθησι

373 2706 451 2774 τῇ
484 2703 634 2772 νόσῳ
662 2702 735 2756 τὰ
777 2694 1072 2775 φάρμακα,
1112 2708 1179 2776 τῇ
1211 2706 1268 2759 δὲ
1307 2710 1415 2760 τῶν
1448 2712 1837 2780 γεγενημένων
1864 2711 1981 2764 ἑπι-

379 2795 641 2866 σταμένῃ
667 2796 844 2860 οὐδὲν,
866 2796 1138 2867 Βούλομαι
1161 2816 1243 2865 σε,
1263 2801 1418 2870 φησὶ,
1448 2803 1638 2857 τέκνον
1665 2804 1977 2869 ἰδιαζόντως

381 2887 444 2940 εν
502 2903 613 2940 τινι
682 2888 884 2959 κελλίῳ
936 2888 1168 2958 διάγειν,
1208 2893 1268 2944 ὲν
1320 2886 1364 2959 ᾧ
1401 2893 1494 2946 τὸν
1539 2895 1978 2966 παραδεδομένον

386 2995 472 3033 σοι
490 2979 699 3033 κανόνα
720 2980 1015 3051 τηροῦντα,
1054 2984 1193 3054 μήτε
1224 2985 1377 3048 τινὰς
1405 2986 1524 3039 ἐκεῖ
1548 2989 1976 3058 παραδέχεσθαι,

392 3074 522 3144 μηδ’
552 3074 695 3136 ὅλως
726 3075 957 3142 ἐξιέναι,
995 3078 1090 3130 καί
1141 3095 1286 3133 τισιν
1341 3080 1536 3134 ἑαυτὸν
1587 3082 1791 3137 διδόναι
1844 3086 1981 3155 πρὸς

387 3163 630 3233 ὁμιλίανο
679 3165 845 3233 μόνος
894 3166 949 3219 δὲ
1011 3170 1150 3239 πρὸς
1187 3169 1256 3224 τὰ
1288 3170 1391 3240 τῆς
1443 3173 1636 3243 χρείας
1669 3173 1979 3246 διακονήσει

392 3274 474 3310 σοι
518 3259 551 3310 ό
590 3257 881 3326 ’Δγὰπιος.
919 3256 1061 3313 Eine
1086 3303 1100 3327 ,
1138 3262 1231 3316 καὶ
1294 3263 1457 3328 εὐθὺς
1515 3267 1842 3334 προστάττει
1902 3269 1979 3340 τῷ

402 3351 653 3422 ’Δγαπίῳ
681 3351 783 3422 τὴν
810 3351 1040 3407 δέουσαν
1090 3355 1432 3425 ἐπιμέλειαν,
1482 3356 1557 3428 μὴ
1586 3360 1644 3410 ὲν
1676 3362 1787 3421 τοῖς
1820 3377 1982 3414 πνευ-

392 3447 651 3513 ματικοξ
691 3444 877 3512 μόνον,
911 3445 1048 3499 ἀλλὰ
1094 3448 1190 3500 καὶ
1240 3448 1299 3501 ὲν
1333 3451 1448 3511 τοῖς
1502 3455 1866 3519 σωματικοῖς,
1906 3452 1983 3516 ὡς

388 3532 506 3593 οἷόν
538 3557 599 3593 τε
659 3539 738 3608 τῷ
790 3540 1098 3611 Σμαράγδῳ
1129 3542 1423 3609 ποιεῖσθαι,
1458 3543 1537 3606 ὡς
1576 3545 1643 3598 ἂν
1676 3546 1750 3616 μὴ
1790 3548 1982 3615 ἐτέρου

391 3630 541 3694 τινὸς
563 3631 788 3702 ἐπιδεὴς
809 3630 1041 3699 γένοιτο.
1091 3634 1369 3703 ’Δσμένως
1393 3633 1487 3689 οὖν
1522 3638 1556 3707 ή
1586 3638 1857 3709 μακαρία,
1891 3640 1987 3693 καὶ

395 3723 471 3785 ὡς
504 3723 647 3794 αὐτῇ
703 3723 879 3790 φίλον,
908 3725 1294 3794 ἀπαλλαγεῖσα
1350 3727 1652 3798 ὀχλήσεων,
1706 3730 1800 3783 τὸν
1849 3731 1987 3801 πρὸς

400 3812 636 3879 Χριστὸν
687 3811 1020 3877 ἔπλεόναζεν
1042 3814 1249 3885 ἔρωτα,
1289 3817 1382 3871 ἐπὶ
1413 3818 1597 3881 πόνοις
1635 3819 1733 3888 μὲν
1764 3819 1985 3886 πόνους,

412 3900 510 3952 ἔπι
535 3903 804 3969 νηστείαις
830 3901 889 3956 δὲ
944 3904 1224 3975 νηστείαν,
1271 3907 1366 3959 καὶ
1421 3908 1513 3960 ἐπὶ
1558 3910 1682 3971 ταῖς
1723 3910 1988 3980 πρότερον

412 3991 733 4061 ἀγρυπνίαις
781 3993 1006 4049 πλείονα
1067 3996 1168 4066 τὴν
1219 3996 1360 4067 πρὸς
1411 3997 1502 4050 τὸν
1558 3996 1725 4050 ὕπνον
1755 3998 1990 4068 ἅμιλλαν

411 4085 724 4157 ποιουμένη,
747 4085 825 4150 ὡς
856 4086 1068 4157 δρῶντα
1118 4087 1211 4142 τὸν
1251 4089 1513 4155 Ἀγάπιον
1557 4089 1722 4143 αὐτόν
1767 4107 1830 4144 τε
1861 4089 1993 4143 θαυ-

406 4176 624 4246 μάζειν,
651 4180 744 4230 καὶ
772 4176 909 4247 δῆλα
934 4177 1109 4233 ταῦτα
1128 4179 1359 4243 καὶτοῖς
1381 4179 1564 4243 ἄλλοις
1594 4183 1790 4236 ποιεῖν.
1823 4182 1992 4237 Ἀλλὰ

398 4268 578 4322 ταῦτα
607 4269 711 4338 μὲν
742 4267 874 4322 ὓστε
883 4287 996 4340 ρον.
1196 4280 1201 4285 ’

471 4361 552 4417 Θί.
591 4364 663 4415 Ἃ
693 4362 753 4416 δὲ
785 4363 1037 4433 παρῆκεν
1067 4364 1096 4417 ὁ
1119 4362 1298 4433 λόγος,
1328 4366 1408 4429 είς
1429 4366 1528 4439 τὴν
1553 4368 1734 4424 οἰκίαν
1763 4369 1994 4423 ἐπανελ-

398 4454 515 4509 θὼν
575 4457 687 4510 ἀπὸ
727 4457 828 4526 τῆς
881 4459 1053 4528 μονῆς
1109 4459 1138 4511 6
1186 4458 1392 4530 πατὴρ,
1436 4462 1531 4515 καὶ⁸
1588 4461 1688 4532 τὴν
1729 4462 1993 4533 φιλτάτην

2075 1969 2198 2038 ejus
2243 1967 2689 2038 pulchritudinis.
2738 1966 2817 2021 llli
2865 1974 3044 2020 autem
3093 1980 3219 2019 cum
3266 1979 3378 2018 non
3441 1970 3666 2032 possent

2072 2059 2357 2114 continere
2428 2059 2813 2113 vehementem
2865 2056 3218 2126 cupiditatem
3257 2074 3269 2110 :
3304 2055 3509 2109 scirent
3566 2068 3668 2107 auo-

2073 2160 2182 2207 tem
2214 2167 2322 2206 non
2353 2165 2477 2206 esse
2509 2159 2684 2206 tutum
2713 2150 2890 2204 celare
2918 2148 3169 2203 morbum
3190 2188 3204 2211 ,
3238 2162 3352 2201 rem
3397 2142 3666 2215 praefecto

2076 2245 2461 2315 aperiuntzet
2481 2242 2827 2312 triumphant
2870 2242 2938 2296 de
2987 2240 3176 2305 bello,
3246 2239 3392 2309 quod
3460 2237 3666 2291 illatum

2074 2336 2255 2391 fuerat
2304 2351 2337 2391 a
2400 2336 2660 2406 maligno.
2714 2334 2783 2389 Et
2837 2334 2942 2389 hoc
2993 2333 3054 2387 fit
3111 2332 3193 2387 eis
3253 2330 3476 2401 quidem
3537 2327 3666 2383 mali

2078 2428 2365 2494 remissio,
2441 2427 2518 2482 illi
2595 2434 2779 2481 autem
2853 2424 3032 2493 majus
3109 2423 3509 2478 incrementum
3601 2419 3670 2474 ad

2075 2519 2472 2591 perfectionem
2537 2518 2779 2575 virtutis.
2850 2516 3170 2572 Monasterii
3250 2515 3399 2570 enim
3479 2510 3673 2583 praefe-

2076 2620 2200 2666 ctus
2221 2611 2303 2665 eis
2330 2610 2713 2665 convenientia
2752 2609 2852 2664 dat
2895 2608 3071 2663 morbi
3115 2607 3516 2662 medicamenta
3545 2624 3559 2660 :
3595 2603 3670 2657 iiii

2076 2720 2210 2758 vero
2248 2703 2387 2757 nihil
2460 2704 2654 2758 scienti
2715 2717 2942 2766 eorum,
3006 2714 3128 2770 qua:
3190 2698 3329 2753 facta
3401 2696 3669 2751 fuerant:

2078 2793 2217 2849 Volo
2251 2802 2327 2858 te,
2359 2794 2557 2864 inquit,
2593 2810 2840 2849 seorsum
2881 2795 3081 2864 degere
3122 2792 3177 2846 in
3213 2790 3348 2846 cella
3393 2788 3593 2857 aliqua.
3619 2786 3673 2840 in

2080 2900 2187 2956 qua
2243 2886 2496 2940 traditam
2544 2886 2639 2941 tibi
2692 2900 2919 2940 servans
2967 2883 3248 2954 regulam,
3303 2894 3484 2948 neque
3528 2879 3672 2932 ullos

2082 2978 2191 3033 illic
2240 2978 2534 3043 admittes,
2566 2992 2744 3047 neque
2791 2975 3016 3031 omnino
3064 2972 3370 3044 egrediens,
3406 2983 3585 3039 neque
3622 2976 3676 3023 te

2083 3072 2210 3127 ullis
2252 3071 2522 3142 praebebis
2551 3071 2617 3125 ad
2650 3068 3094 3138 colloquendum.
3132 3065 3293 3120 Solus
3324 3071 3528 3125 autem,
3554 3075 3679 3129 qua:

2085 3163 2182 3218 tibi
2236 3169 2398 3217 erunt
2444 3161 2590 3225 usui,
2636 3158 3077 3216 subministrabit
3123 3156 3384 3227 Agapius.
3421 3152 3586 3213 Dixit,
3623 3160 3679 3205 et

2086 3258 2266 3312 statim
2298 3256 2541 3326 praecipit
2562 3256 2786 3326 Agapio,
2817 3251 3194 3321 utSmaragdi,
3239 3263 3400 3318 quam
3437 3254 3674 3316 oportet,

2086 3364 2273 3409 curam
2304 3357 2473 3419 gerat,
2498 3363 2608 3402 non
2632 3348 2807 3402 solum
2839 3347 2894 3400 in
2914 3343 3273 3416 spiritalibus,
3296 3340 3392 3396 sed
3421 3340 3583 3393 etiam
3622 3338 3679 3390 in

2085 3442 2152 3497 iis
2198 3459 2320 3511 qua:
2369 3443 2436 3497 ad
2496 3457 2697 3511 corpus
2763 3439 3059 3511 pertinent,
3128 3435 3304 3506 quoad
3400 3433 3519 3502 ejus
3562 3430 3680 3486 fieri

2088 3536 2315 3604 poterit,
2368 3543 2428 3588 ut
2473 3534 2623 3587 nulla
2682 3547 2743 3587 re
2802 3529 3112 3586 necessaria
3170 3527 3427 3596 indigeat.
3495 3525 3682 3591 Itaque

2089 3626 2250 3681 beata
2294 3627 2404 3687 illa,
2436 3634 2499 3679 ut
2523 3624 2571 3697 ei
2621 3631 2733 3678 erat
2776 3632 3007 3693 gratum,
3061 3621 3288 3674 liberata
3336 3633 3363 3670 a
3393 3613 3679 3675 molestiis,

2088 3719 2143 3772 in
2227 3718 2506 3773 Christum
2575 3718 2748 3787 magis
2822 3715 2973 3769 auxit
3054 3725 3341 3775 amorem,
3404 3706 3682 3760 laboribus

2088 3811 2308 3880 quidem
2360 3810 2567 3864 addens
2616 3809 2830 3862 labores
2854 3847 2868 3869 ,
2922 3805 3146 3876 jejuniis
3176 3811 3357 3856 autem
3383 3798 3678 3869 jejunium,

2089 3911 2146 3955 et
2200 3901 2475 3970 prioribus
2508 3900 2705 3969 vigiliis
2748 3899 3053 3967 adjungeus
3105 3895 3370 3963 majorem
3419 3891 3681 3944 adversus

2091 4007 2343 4048 somnum
2393 3991 2846 4053 decertationem,
2904 3990 3038 4043 adeo
3092 3996 3152 4041 ut
3218 3994 3274 4039 et
3332 3985 3447 4052 ipse
3484 3982 3678 4035 videns

2090 4086 2382 4139 miraretur
2408 4083 2664 4153 Agapius,
2692 4092 2747 4137 et
2774 4083 2889 4137 haec
2912 4082 3047 4136 aliis'
3074 4079 3364 4135 manifesta
3394 4075 3676 4131 redderet.

2090 4176 2199 4232 Sed
2234 4176 2352 4231 haec
2379 4175 2599 4247 quidem
2630 4185 2845 4246 postea.
3158 4158 3166 4165 ’

2164 4372 2257 4428 IX.
2284 4371 2416 4439 Quae
2445 4379 2628 4428 autem
2674 4368 3127 4440 praetermisimus
3170 4363 3373 4428 dicere,
3404 4376 3554 4415 nunc
3585 4376 3677 4414 re-

2097 4481 2437 4522 censeamus.
2508 4462 2645 4520 Cum
2701 4463 2823 4533 ejus
2893 4471 3050 4531 pater
3100 4459 3319 4514 tandem
3385 4455 3531 4510 domi
3574 4469 3681 4507 non

399 4550 571 4602 παῖδα
624 4550 703 4620 μὴ
749 4552 1020 4620 εὑρηκὼς,
1060 4551 1256 4623 πρῶτα
1312 4553 1410 4623 μὲν
1445 4530 1768 4618 παῖδαςῗκαὶ
1798 4530 1978 4608 παιδί-

2097 4560 2288 4612 adesse
2347 4556 2726 4612 charissimam
2780 4553 2944 4607 ﬁliam
2999 4550 3388 4622 cognovisset,
3441 4545 3681 4615 primum

400 4656 544 4703 σκας
592 4641 1115 4711 παραστησάμενος,
1157 4641 1494 4696 ἐπυνθάνετο
1547 4644 1666 4707 πῶς
1711 4645 1870 4698 τοῦτο
1895 4646 1991 4713 γέ·-

401 4748 567 4799 τονε,
624 4731 724 4784 καὶ
777 4732 914 4802 πρὸς
955 4732 1078 4785 τίνα
1130 4733 1425 4803 πορευθείη
1475 4732 1585 4786 τῶν
1643 4735 1989 4807 συγγενῶνῆ

404 4823 661 4894 συνήθων
689 4824 723 4889 ἡ
751 4822 993 4894 θυγάτηρ
1027 4824 1237 4893 ἠρώτα.
1296 4824 1383 4888 Ὣς
1417 4826 1475 4878 δὲ
1526 4820 1674 4879 οὗτοι
1710 4827 1809 4897 μὲν
1854 4827 1990 4897 ἔφη·

403 4933 530 4977 σαν,
566 4913 810 4982 ἑσπέρας
843 4915 986 4967 κατὰ
1029 4915 1089 4967 τὸ
1118 4914 1351 4983 σύνηθες
1377 4914 1476 4977 τὰς
1509 4913 1605 4967 τοῦ
1636 4915 1992 4968 κοινωνίσκου

403 5008 707 5060 κλείσασαν
734 5005 905 5077 θύρας
935 5007 1264 5073 ἀφυπνῶσαι
1305 5010 1373 5076 τῇ
1412 5006 1591 5080 κλίνῃ,
1624 5006 1792 5060 ἕωθεν
1820 5007 1877 5060 δὲ
1917 5008 1991 5076 μὴ

401 5099 710 5170 προῶύσης
744 5099 914 5168 αὐτῆς
947 5099 1211 5152 εἰσελθεῖν
1241 5101 1336 5153 καὶ
1365 5100 1529 5170 κενὴν
1563 5101 1733 5171 αὐτῆς
1768 5102 1864 5155 καὶ
1893 5103 1993 5170 τὴν

400 5193 601 5262 κλίνην
639 5193 733 5244 καὶ
776 5190 875 5262 τὴν
918 5191 1096 5245 οἰκίαν
1124 5192 1324 5261 εὑρεῖν·
1370 5194 1523 5264 παρὰ
1560 5193 1653 5245 τὸν
1701 5194 1993 5264 μνηστῆρα

401 5285 664 5342 ἀπελθεῖν
680 5285 886 5354 ταύτην
918 5282 1080 5353 ᾤετο,
1108 5285 1204 5337 καὶ
1228 5284 1475 5354 πέμψας,
1516 5284 1567 5336 εἰ
1596 5285 1735 5354 πρδς
1759 5284 1922 5337 αὐτὸν
1956 5287 1988 5355 ἡ

403 5378 733 5450 Εὖφροσύνη
797 5379 1184 5447 παραγέγονεν
1241 5375 1593 5431 ἐπυνθάνετο.
1665 5376 1751 5440 Ὧς
1792 5376 1849 5429 δὲ
1897 5378 1994 5430 καὶ

402 5474 569 5537 nisi);
616 5475 645 5526 ὁ
684 5474 938 5544 μνηστὴρ
982 5472 1139 5525 οὐδὲν
1177 5471 1287 5523 τῶν
1319 5469 1751 5539 συμϐεϐηκότων
1780 5468 1991 5538 μαθὼν,

401 5565 486 5635 τῷ
529 5564 780 5635 αἰφνιδίῳ
829 5563 932 5632 τῆς
972 5562 1236 5631 ἀγγελίας
1283 5562 1533 5634 ταραχῆς
1584 5564 1682 5615 καὶ
1754 5561 1990 5632 θορύϐου

406 5659 687 5727 πλησθεὶς,
729 5656 871 5727 πρὸς
921 5654 1088 5709 αὐτὸν
1123 5655 1524 5725 παραγέγονεν·
1569 5646 1696 5725 εὗρε
1728 5654 1819 5708 τὸν
1878 5655 1994 5708 Πα-

403 5750 652 5821 φν;ὑτιον
677 5751 789 5805 ὑπὸ
823 5747 938 5801 τῶν
959 5748 1242 5818 πατρικῶν
1262 5748 1589 5818 σπλάγχνων
1613 5746 1990 5818 νενικημένον,

400 5842 646 5899 τίλλοντά
684 5858 747 5898 τε
778 5840 845 5895 τὸ
873 5839 1105 5910 γένειον,
1131 5842 1225 5896 καὶ
1266 5843 1376 5905 τοῖς
1415 5841 1562 5908 ὄνυξι
1607 5840 1706 5911 τὴν
1756 5838 1992 5912 παρειάν

2096 4650 2313 4718 quidem
2360 4648 2609 4703 adductis
2654 4646 2874 4701 famulis
2912 4651 2968 4698 et
3007 4642 3241 4705 ancillis,
3281 4638 3500 4709 rogabat
3547 4634 3681 4706 quid

2096 4742 2200 4796 huc
2227 4749 2394 4807 esset,
2425 4749 2480 4795 et
2508 4740 2905 4798 sciscitabatur,
2941 4737 3006 4790 ad
3051 4750 3214 4805 quem
3242 4748 3361 4787 eam
3394 4747 3461 4785 ex
3483 4743 3684 4800 cogna-

2097 4831 2165 4883 tis
2188 4838 2281 4882 aut
2330 4828 2686 4882 familiaribus
2737 4823 2980 4894 profecta
3028 4832 3173 4875 esset
3214 4821 3342 4873 filia.
3390 4817 3529 4871 Cum
3584 4831 3683 4869 au-

2098 4931 2204 4976 tem
2237 4922 2274 4975 ii
2303 4921 2521 4991 quidem
2553 4920 2817 4973 dixissent
2842 4932 2960 4970 eam
2994 4928 3238 4983 vespere.
3281 4919 3591 4981 postquam,
3621 4916 3682 4961 ut

2095 5017 2473 5070 consueverat.
2499 5008 2699 5061 ostium
2724 5006 3009 5061 clausisset
3036 5002 3299 5061 cubiculi,
3322 5001 3375 5054 in
3404 5003 3543 5053 lecto
3556 4999 3683 5052 dor-

2096 5101 2281 5155 miisse
2311 5116 2325 5166 ;
2350 5114 2509 5153 mane
2538 5108 2743 5162 autem,
2774 5114 2838 5152 ea
2873 5113 2983 5152 non
3026 5094 3381 5167 procedente,
3419 5106 3515 5145 eos
3558 5105 3683 5144 esse

2096 5193 2407 5263 ingressos,
2443 5202 2498 5247 et
2549 5192 2824 5247 invenisse
2856 5206 3086 5245 vacuum
3120 5191 3238 5256 ejus
3269 5188 3469 5241 lectum
3502 5192 3556 5237 et
3586 5182 3683 5236 de-

2095 5302 2267 5350 mum,
2320 5286 2688 5341 arbitrabatur
2718 5301 2837 5341 eam
2871 5286 3071 5339 abiisse
3100 5283 3166 5337 ad
3193 5294 3453 5351 sponsum
3481 5295 3495 5332 :
3533 5284 3585 5330 et
3613 5275 3679 5330 ad

2096 5395 2219 5433 cum
2261 5380 2506 5443 mittens,
2554 5379 2790 5449 rogavit,
2837 5394 2905 5431 an
2958 5377 3023 5431 ad
3067 5378 3245 5447 ipsum
3286 5373 3527 5428 venisset
3577 5368 3683 5423 Eu-

2096 5473 2391 5542 phrosyne.
2428 5472 2716 5541 Postquam
2766 5479 2946 5524 autem
2994 5471 3110 5539 ipse
3160 5481 3375 5537 quoque
3421 5474 3681 5534 sponsus.

2095 5564 2186 5633 qui
2215 5563 2348 5618 nihil
2382 5573 2665 5633 acceperat
2693 5578 2882 5616 eorum
2934 5578 3055 5631 qum
3083 5559 3435 5619 acciderant,
3485 5568 3684 5624 repen-

2098 5654 2213 5709 tino
2258 5654 2453 5709 nuntio
2503 5654 2858 5724 perturbatus
2907 5652 2973 5707 ad
3023 5667 3148 5706 eum
3174 5649 3425 5711 accessit,
3472 5645 3682 5701 invenit

2100 5747 2464 5817 Paphnutium
2494 5748 2695 5801 victum
2732 5763 2759 5800 a
2800 5745 3044 5816 paternis
3072 5742 3393 5805 visceribus,
3425 5738 3682 5796 barbam-

2097 5857 2203 5912 que
2251 5840 2538 5896 vcllentem
2567 5883 2580 5910 ,
2623 5850 2677 5897 et
2713 5855 2877 5914 genas
2924 5840 3248 5897 lacerantem
3284 5837 3592 5908 unguibus,
3625 5840 3681 5890 et
