4156 6404
562 359 672 428 315

1781 370 2068 438 MENSIS
2109 373 2357 441 JANUA
2375 377 2584 445 lilUS.
2673 393 2692 410 '

3725 397 3829 464 316

561 476 946 534 miserabiliter
969 476 1276 536 dicentem:
1304 477 1425 550 Quo
1453 483 1696 555 proiecta
1730 501 1812 553 es,
1851 488 1959 543 illia
1982 490 2006 543 ?
2033 489 2142 544 Cur

2250 490 2668 556 καταξαίνοντα·
2709 493 2827 556 καὶ,
2869 491 2968 550 Ποῖ
2995 497 3365 568 πεπόρευσαι,
3399 499 3592 555 τέκνον
3619 518 3634 568 ;
3664 502 3836 559 έλεειο

563 586 650 624 me
681 580 832 627 tuum
865 581 1180 642 parentem,
1210 573 1484 646 lugentem
1514 587 1569 634 et
1603 579 1809 635 tristem
1844 581 2144 652 reliquisti?

564 661 681 718 Non
713 673 764 720 te
791 665 857 720 ad
888 667 1030 722 hanc
1069 682 1220 738 spem
1253 669 1484 732 aiebam.
1531 672 1626 728 sed
1667 683 1726 728 ιιι
1762 673 2018 730 haberem
2049 677 2145 731 ba-

562 755 746 809 culum
803 758 1141 820 senectutis.
1185 768 1242 814 et
1277 760 1530 816 solatium
1583 763 1990 820 imbecillitatis.
2045 765 2142 821 llei

565 847 722 911 mihi,
741 847 868 911 lilia,
893 863 1004 916 quo
1027 851 1190 906 modo
1213 851 1382 908 feram
1408 855 1484 908 tui
1509 855 1834 911 orbitatem?
1858 856 2144 924 Quomodo

565 939 743 1008 patiar
765 938 1140 1005 solitudinem,
1163 955 1288 995 cum
1316 941 1370 994 in
1395 951 1446 996 te
1476 947 1590 998 sola
1611 959 1768 1014 spem
1792 945 2102 1001 deﬁxisscm
2119 949 2144 1001 τ

565 1028 685 1082 Non
733 1037 820 1085 est
881 1030 1015 1084 mihi
1063 1031 1298 1100 amplius
1357 1034 1498 1089 ullus
1540 1035 1719 1098 ﬁlius,
1781 1045 1835 1090 ut
1891 1036 1964 1092 ad
2013 1053 2139 1092 eum

561 1119 846 1189 aspiciam,
870 1130 927 1176 et
945 1137 1108 1192 quem
1147 1132 1368 1193 propter
1411 1135 1464 1180 te
1509 1126 1666 1196 capio
1689 1167 1705 1191 ,
1745 1127 1948 1184 doloris
1975 1144 2041 1184 ex
2077 1147 2142 1185 eo

565 1215 836 1269 inveniam
901 1216 1174 1271 solatium.
1240 1216 1604 1273 Nihilominus
1665 1220 1920 1287 dolebat,
1977 1237 2142 1292 quam

565 1315 738 1375 pater,
778 1322 1031 1376 sponsus,
1061 1317 1117 1362 et
1145 1311 1508 1365 contendebat
1544 1327 1667 1366 cum
1701 1311 1845 1368 illius
1873 1312 2141 1369 lamenta-

565 1401 826 1464 tionibus,
858 1411 1053 1470 praeter
1093 1417 1244 1472 spem
1278 1403 1368 1456 ta'i
1413 1405 1558 1458 bono
1590 1405 1897 1460 frustratus.
1932 1407 2144 1461 Consu-

563 1496 709 1550 lebat
735 1504 936 1561 tamen,
965 1504 1024 1550 ut
1047 1491 1338 1550 viriliorem
1364 1499 1704 1567 susciperent
1733 1499 2137 1570 cogitationem,

561 1596 618 1642 et
654 1587 835 1641 missis
885 1587 1380 1654 lamentationibus,
1426 1601 1712 1660 surgerent
1741 1592 1808 1646 ad
1839 1608 1959 1646 eam
1991 1609 2143 1664 quas-

559 1678 809 1734 rendam.
870 1677 1092 1732 Mittunt
1133 1693 1264 1750 ergo
1317 1695 1479 1749 quam
1529 1683 1770 1750 primum
1817 1684 1875 1738 in
1917 1699 2138 1740 omnem

557 1777 791 1838 partem,
831 1769 924 1840 qui
969 1769 1116 1823 illam
1157 1780 1538 1826 scrutarentur
1573 1791 1587 1827 :
1619 1781 1671 1828 et
1717 1775 2140 1843 proﬁciscuntur

557 1833 1136 1932 equinam-Libyam.
1177 1871 1232 1918 et
1277 1861 1601 1934 Egyptum,
1651 1833 1920 1936 et-ipsam
1966 1867 2137 1923 Palat,
2171 1833 2212 1887 Β

557 1951 778 2006 stinam.
802 1949 1454 2024 Porta‘praaoccupantur
1473 1955 1776 2020 civitatum,
1803 1969 2142 2028 occupantur

557 2048 769 2108 portus,
803 2039 926 2102 viae,
963 2043 1141 2106 trivia,
1175 2045 1294 2098 etsi
1327 2045 1456 2114 quid
1482 2054 1619 2109 erat,
1649 2049 1795 2116 quod
1832 2049 2050 2113 latebat,
2086 2060 2142 2106 et

557 2141 772 2203 poterat
799 2133 995 2188 celare.
1035 2133 1142 2192 Sed
1189 2135 1282 2192 Dei
1319 2152 1477 2208 agna,
1511 2154 1635 2207 qua:
1661 2141 1730 2194 ab
1771 2141 1890 2211 ipso
1919 2143 2135 2196 celaba-

559 2231 670 2288 tur,
717 2238 828 2278 non
877 2233 1090 2294 poterat
1139 2227 1256 2296 capi
1295 2229 1365 2282 ab
1405 2229 1472 2284 iis
1519 2231 1610 2300 qui
1659 2246 1780 2286 eam
1843 2233 2138 2303 cupiebant

559 2329 774 2385 capere.
807 2314 1090 2381 Quomodo
1126 2319 1298 2384 enim,
1331 2334 1456 2374 cum
1488 2317 1578 2375 ille
1613 2323 1827 2377 nollet?

629 2485 700 2542 Χ.
732 2485 895 2543 Omni
926 2505 1055 2560 ergo
1077 2506 1143 2546 ex
1178 2501 1334 2562 parte
1377 2493 1577 2549 dubius
1601 2505 1720 2550 erat
1761 2505 1818 2551 et
1847 2499 2139 2568 perplexas

564 2577 905 2648 Paphnutius
929 2621 944 2646 ,
976 2597 1084 2636 non
1129 2585 1335 2640 habens
1360 2627 1375 2650 ,
1420 2586 1512 2656 qui
1545 2602 1671 2641 eum
1713 2591 2091 2656 consolaretur
2121 2607 2136 2646 :

569 2687 694 2725 nam
729 2679 784 2726 et
821 2673 1015 2729 domus
1057 2675 1538 2732 lamentationibus
1583 2679 1742 2750 plena
1783 2691 1902 2736 erat
1943 2692 1998 2736 et
2040 2682 2141 2738 ile-

561 2763 728 2824 tibus,
765 2774 820 2819 et
853 2765 1115 2835 quidquid
1143 2768 1192 2822 ei
1219 2769 1537 2825 occurrebat
1565 2773 1943 2842 spectandum,
1972 2775 2140 2830 duce-

559 2854 652 2908 bat
691 2855 759 2910 ad
805 2857 1066 2926 majorem
1116 2854 1243 2914 mali
1289 2861 1772 2918 reminiscentiam.
1822 2865 1951 2920 Sive
1993 2867 2138 2921 enim

559 2948 730 3001 vestis
774 2949 912 3018 ejus,
953 2966 1048 3006 seu
1093 2963 1477 3008 ornamentum
1520 2955 1758 3026 aliquod,
1793 2966 1889 3011 aut
1936 2959 2140 3027 aliquid

559 3037 702 3092 aliud
734 3037 873 3094 forte
915 3041 1192 3098 videretur
1248 3059 1522 3114 praesens,
1558 3046 1611 3101 id
1649 3056 1769 3103 erat
1794 3049 2009 3104 occasio
2045 3049 2141 3105 lle-

2248 579 2356 644 νῶς
2386 581 2710 650 ἐπιλέγοντα
2732 600 2748 618 ·
2773 587 2827 638 τί
2854 603 2922 656 με
2952 587 3044 640 τὸν
3069 587 3162 641 σὺν
3195 590 3419 643 πενθεῖν
3451 593 3546 646 καὶ
3583 592 3833 667 σκυθρωι

2249 671 2444 736 πάζειν
2475 678 2774 746 γεννητορα
2803 677 3242 748 καταλέλοιπας;
3279 682 3382 736 οὐκ
3425 683 3521 736 ἐπὶ
3550 685 3834 750 τοιαύταις

2247 761 2460 814 ἐλπίσιν
2497 763 2818 834 ἀνέτρεφον,
2849 767 2964 820 ἀλλ’
3006 767 3149 822 ὥστε
3184 769 3492 842 βακτηρίαν
3519 774 3614 826 τοῦ
3645 775 3832 846 γήρως

2246 850 2413 921 ἔχειν,
2444 855 2538 908 καὶ
2564 856 2662 925 τῆς
2689 858 2977 924 ἀσθενείας
3037 861 3408 934 παράκλησιν.
3465 866 3537 918 Οἵ
3567 884 3656 936 μοι
3691 867 3705 922 i
3743 869 3836 922 τέ-

2247 957 2372 995 κνον
2397 943 2549 1014 ἐμὸν,
2580 947 2696 1010 πῶς
2724 947 2823 1019 τὴν
2856 949 2957 1020 σὴν
2987 951 3124 1006 οῐσω
3151 954 3408 1025 στέρησιν
3431 973 3448 1023 ;
3476 956 3594 1021 πῶς
3625 959 3837 1026 ἐνέγκω

2247 1034 2348 1103 τὴν
2404 1035 2676 1105 μόνωσιν;
2709 1039 2804 1092 ἐπὶ
2859 1043 2942 1096 σοὶ
2992 1044 3130 1119 μόνῃ
3158 1046 3257 1110 τὰς
3301 1047 3529 1112 ἐλπίδας
3565 1049 3832 1104 σαλεύων·

2245 1122 2346 1176 οὐκ
2375 1123 2491 1178 ἔστι
2522 1143 2617 1194 μοι
2643 1127 2836 1181 τέκνον
2875 1129 3065 1202 ἕτερον
3085 1133 3160 1195 ὡς
3197 1133 3284 1186 ἐπ’
3313 1133 3466 1204 αύτῷ
3489 1134 3705 1204 βλέψαι,
3738 1137 3839 1190 καὶ

2243 1218 2344 1287 τῆς
2389 1221 2479 1274 ἐπὶ
2516 1223 2598 1274 σοί
2625 1221 2803 1292 λύπης
2835 1223 3118 1296 ἀναψυχὴν
3147 1227 3421 1298 έφευρείν.
3468 1225 3528 1280 '0
3579 1229 3836 1300 μνηστῆρ

2243 1311 2300 1364 δὲ
2331 1312 2428 1365 καὶ
2451 1313 2613 1377 αὐτὸς
2632 1315 2785 1368 οὐδὲν
2811 1311 2975 1389 ἦττον
3002 1317 3096 1370 τοῦ
3122 1321 3329 1390 πατρὸς
3359 1319 3537 1390 ήλγει,
3567 1320 3667 1374 καὶ
3695 1322 3840 1392 πρὸς

2243 1404 2370 1466 τοὺς
2389 1403 2599 1457 ἐκείνου
2625 1404 2856 1476 θρήνους
2895 1407 3282 1480 ἁμιλλώμενος
3305 1407 3397 1480 ἢν,
3424 1412 3670 1465 τοιούτου
3692 1430 3844 1483 παρ-

2245 1496 2438 1550 ελπίδα
2471 1497 2730 1566 ψευσθεὶς
2759 1499 2992 1568 ἀγαθοῦ.
3044 1501 3410 1556 Συνεσούλευε
3452 1504 3511 1556 δὲ
3552 1505 3701 1573 ὅμως
3737 1507 3842 1558 ἀν-

2241 1587 2574 1660 δρικώτερόν
2607 1605 2660 1642 τι
2691 1592 2984 1662 φρονῆσαι,
3017 1593 3243 1648 καὶτῶν
3274 1593 3492 1664 θρήνων
3521 1595 3842 1666 ἀφεμένους

2244 1678 2336 1730 ἐπὶ
2387 1677 2488 1748 τὴν
2548 1679 2766 1748 ἐκείνης
2825 1681 3181 1753 διαναστῆναι
3234 1683 3488 1756 ζήτησιν.
3545 1687 3841 1756 Πέμπουσι

2242 1765 2336 1822 οὖν
2378 1770 2440 1822 τὸ
2484 1769 2649 1838 τάχος
2691 1773 2987 1843 ἅπανταχῆ
3034 1774 3162 1838 τοὺς
3193 1775 3398 1846 ταύτην
3438 1776 3844 1848 ἀνερευνήσον-

2242 1877 2365 1924 τας,
2423 1861 2518 1914 καὶ
2569 1862 2756 1922 ίππεῐς
2812 1865 3124 1919 στέλλονται
3175 1869 3318 1920 κατά
3365 1883 3423 1921 τε
3483 1868 3691 1940 Λιϐύην
3739 1873 3843 1923 καὶ

2247 1950 2524 2018 Αἴγυπτον
2561 1951 2658 2005 καὶ
2707 1953 3072 2025 Παλαιστίνην
3111 1955 3304 2025 αὐτὴν·
3365 1959 3844 2028 προκαταλαμϐά-

2240 2059 2422 2095 νονται
2453 2043 2708 2112 λιμένες,
2745 2044 2912 2100 πύλαι
2943 2047 3151 2101 πόλεων
3170 2065 3182 2078 ·
3205 2049 3842 2120 προκαταλαμϐάνονται

2239 2135 2402 2196 ὀδοὶ,’
2438 2135 2702 2204 ἄμφοδοι,
2739 2140 3097 2210 μοναστήρια,
3129 2141 3225 2193 καὶ
3283 2140 3338 2193 εῐ
3361 2157 3416 2194 τι
3445 2141 3704 2196 λανθάνον
3741 2140 3840 2212 ἦν,

2241 2234 2337 2280 καὶ
2404 2228 2670 2299 κρύπτειν
2709 2229 3028 2301 δυνάμενον.
3072 2229 3276 2303 Ἀλλ⁹ή
3328 2233 3422 2286 τοῦ
3471 2233 3606 2286 Θεοῦ
3657 2234 3846 2304 ἀμνὰς

2245 2320 2340 2374 ὑπ’
2397 2321 2565 2375 αὑτοῦ
2600 2325 2958 2395 κρυπτομένη
3007 2327 3122 2388 τοῖς
3150 2324 3336 2379 λαϐεῖν
3386 2326 3642 2396 ζητοῦσιν
3701 2327 3845 2397 ἀλη-

2241 2429 2374 2476 πτος
2423 2409 2512 2484 ἦν’
2548 2414 2666 2480 πιῖις
2695 2417 2832 2487 γὰρ,
2876 2418 3085 2471 ἐκείνου
3143 2418 3218 2491 μὴ
3263 2419 3626 2490 βουλομένους

2313 2504 2366 2560 ι’.
2401 2508 2673 2562 Πάντοθεν
2704 2504 2799 2562 οὖν
2855 2509 3232 2582 ἀπορούμενος
3279 2514 3308 2566 ὀ
3344 2513 3706 2582 Παφνούτιος,
3741 2515 3842 2568 καὶ

2240 2601 2316 2671 μὴ
2351 2600 2491 2672 ἔχων
2551 2603 2642 2656 τὸν
2701 2603 3280 2674 παραμυθησόμενον’
3347 2606 3382 2675 ἥ
3424 2621 3486 2658 τε
3543 2606 3652 2676 γὰρ
3687 2609 3844 2662 uitia.

2243 2691 2460 2762 θρήνων
2489 2693 2586 2744 καὶ
2615 2691 2871 2763 ὀδυρμῶν
2903 2693 3256 2765 πεπλήρωτο,
3290 2696 3385 2748 καὶ
3429 2697 3538 2750 πᾶν
3567 2695 3629 2749 τὸ
3663 2714 3844 2768 προσι-

2239 2783 2446 2838 πίπτον
2481 2785 2561 2848 είς
2591 2784 2722 2839 θέαν
2754 2785 2886 2854 πρὸς
2921 2787 3146 2841 πλείονα
3171 2787 3265 2840 τοῦ
3292 2788 3497 2850 πάθους
3527 2788 3843 2861 ἀνάμνησιν

2235 2873 2394 2949 ἦγεν.
2427 2878 2552 2932 Εἴτε
2594 2877 2662 2932 τὰ
2715 2878 2910 2946 ἱμάτια
2965 2879 3180 2949 ἐκείνης
3204 2919 3221 2946 ,
3255 2879 3364 2933 εἴτε
3405 2897 3458 2934 τι
3499 2881 3746 2950 κόσμιον,
3799 2879 3838 2953 ἢ

2237 2969 2428 3040 ἔτερόν
2459 2987 2512 3022 τι
2545 2969 2689 3024 κατά
2715 2969 2894 3041 τύχην
2957 2971 3148 3042 ὼράθη
3179 2971 3372 3042 παρὸν,
3420 2971 3644 3043 ἀφορμὴ
3673 2973 3842 3026 τοῦτο

2241 3058 2312 3134 ἦν
2363 3063 2641 3135 ὀδυρμῶν·
2675 3065 2772 3118 καὶ
2830 3063 3075 3134 ὄμμασιν
3138 3067 3324 3118 ἐκεῖνα
3370 3065 3698 3132 περιτιθεὶς,
3737 3067 3846 3119 καὶ

558 3129 741 3191 tuum,
787 3135 842 3180 et
873 3127 1004 3183 illud
1052 3130 1339 3200 imponens
1371 3134 1565 3202 oculis,
1620 3146 1675 3190 et
1729 3152 1852 3192 cum
1902 3140 2140 3196 maximo

2245 3127 2602 3208 ποθεινότατα
2649 3127 3039 3226 περιστρέφων
3093 3127 3462 3228 κατάϐροχον-
3490 3127 3693 3210 ἐποίει⁷
3723 3161 3846 3224 τοῖς

559 3229 786 3270 versans
823 3218 1112 3285 desiderio,
1166 3223 1516 3279 humectabat
1577 3227 1848 3298 lacrymis.
1907 3229 2139 3287 Horrore

557 3319 690 3374 ergo
717 3307 867 3362 omni
898 3324 968 3364 ex
996 3321 1150 3380 parte
1187 3318 1485 3384 appetitus,
1518 3326 1576 3373 et
1603 3335 1710 3374 non
1753 3321 1939 3377 valens
1968 3324 2142 3379 medi-

558 3405 870 3452 camentum
920 3399 1169 3460 invenire
1221 3407 1288 3460 ad
1351 3409 1646 3476 solatium,
1709 3414 1898 3468 statuit
1953 3431 2143 3471 rursus

560 3485 750 3541 venire
775 3489 842 3544 ad
869 3505 1126 3562 magnum
1155 3495 1306 3552 illum
1345 3515 1531 3556 senem
1553 3543 1568 3568 ,
1602 3519 1703 3573 per
1748 3519 1910 3574 quem
1947 3507 2142 3578 dignus

559 3588 679 3633 erat
709 3579 928 3637 habitus
952 3587 1128 3642 vocari
1155 3589 1274 3659 ejus
1301 3601 1476 3662 pater,
1507 3604 1562 3650 et
1595 3611 1818 3651 narrare
1841 3602 1983 3668 quod
2017 3615 2144 3655 eve-

561 3677 732 3724 nerat.
781 3671 873 3726 Sic
905 3673 1051 3729 enim
1083 3680 1380 3747 statuebat,
1407 3683 1550 3752 quod
1577 3685 1670 3754 qui
1700 3701 1844 3754 eam,
1874 3703 1996 3757 quae
2030 3704 2142 3744 non

557 3769 694 3825 erat,
727 3775 978 3832 potuerat
1001 3769 1113 3824 suis
1145 3772 1388 3840 praebere
1419 3777 1694 3844 precibus,
1731 3777 1779 3832 is
1807 3794 1927 3834 eam
1967 3781 2134 3836 latone

559 3859 666 3906 tem
703 3856 901 3924 poterit
948 3859 1178 3916 reddere
1223 3864 1592 3921 manifestam.
1641 3867 1801 3924 Venit
1842 3870 2024 3940 itaque
2071 3873 2141 3928 ad

553 3958 722 4012 eum,
773 3953 830 4000 et
870 3949 937 4002 ad
978 3950 1123 4005 illius
1160 3953 1328 4023 pedes
1380 3957 1672 4025 procidens
1707 3977 1720 4012 :
1759 3959 1855 4016 llei
1907 3963 2064 4022 mihi.
2109 3979 2142 4018 ο

558 4031 744 4100 Pater,
780 4036 1038 4094 clamavit
1071 4058 1086 4094 :
1125 4044 1338 4112 perdidi
1381 4046 1624 4102 fructum
1673 4058 1888 4106 tuarum
1939 4055 2142 4110 oratio-

558 4142 714 4193 num,
765 4138 822 4184 et
871 4145 991 4186 sum
1042 4135 1210 4189 orbus
1255 4137 1456 4201 liberis,
1507 4139 1600 4210 qui
1639 4156 1736 4210 per
1773 4151 1825 4196 te
1854 4145 2138 4214 pulchram

559 4217 826 4274 trahebam
863 4224 1092 4290 prolem.
1127 4225 1335 4282 invidia
1381 4229 1614 4299 alicujus
1660 4233 1926 4291 daemonis
1977 4239 2144 4307 periit

559 4307 918 4380 Euphrosyne
938 4312 1134 4367 domus
1148 4330 1281 4370 mea:
1310 4318 1525 4373 laetitia:
1555 4322 1718 4392 periit
1745 4333 1942 4392 praeter
1963 4342 2136 4397 spem,

558 4400 712 4456 nullo
743 4403 950 4459 sciente
994 4420 1058 4459 ex
1102 4407 1445 4478 domesticis,
1497 4413 1584 4468 ubi
1633 4415 1722 4479 sit,
1770 4417 1854 4472 vel
1901 4434 2137 4488 quonam

2241 3247 2497 3318 δάκρυσι.
2537 3249 2886 3319 Πανταχόθεν
2918 3245 3014 3304 οὖν
3061 3251 3126 3320 τῇ
3179 3249 3324 3322 λύπῃ
3354 3249 3680 3319 βαλλόμενος
3705 3248 3846 3301 ἀνα-

2242 3340 2428 3412 ψυχὴν
2491 3341 2675 3412 εὑρεῖν
2711 3342 2786 3412 μὴ
2819 3342 3144 3413 δυνάμενος,
3177 3342 3316 3413 πρὸς
3347 3342 3438 3396 τὸν
3472 3343 3648 3412 μέγαν
3680 3339 3846 3404 αὖθις

2243 3433 2420 3488 ἐλθεῖν
2449 3433 2810 3488 ἐϐουλεύσατο
2859 3435 3113 3504 γέροντα,
3142 3433 3211 3488 δι’
3248 3427 3310 3488 οὗ
3349 3434 3534 3504 πατὴρ
3566 3433 3843 3502 κληθῆναι

2243 3525 2456 3592 ταύτης
2484 3523 2734 3596 ἠξίωται,
2767 3525 2943 3579 καὶτὸ
2967 3526 3189 3595 γεγονὸς
3219 3525 3607 3598 διηγήσασθαι.
3644 3525 3842 3597 Ἐκρι-

2243 3634 2300 3670 νε
2331 3617 2439 3688 γὰρ
2467 3616 2642 3681 οὕτως
2684 3618 2766 3672 ὅτι
2800 3633 2906 3688 περ
2955 3619 2983 3671 ὀ
3047 3617 3122 3689 μὴ
3161 3617 3334 3671 οὖσαν
3391 3617 3563 3688 αὐτὴν
3611 3617 3846 3683 δυνατὸς

2243 3709 2540 3778 γενόμενος
2577 3707 2667 3762 διὰ
2704 3707 2816 3762 τῶν
2849 3707 3018 3762 αὐτοῦ
3059 3707 3240 3779 εὐχῶν
3283 3709 3591 3780 παρασχεῖν
3619 3747 3636 3773 ,
3677 3701 3840 3771 οὗτος

2241 3798 2306 3870 δὴ
2339 3799 2432 3852 καὶ
2483 3798 2854 3854 λανθάνουσαν
2899 3798 3084 3864 ίκανδς
3126 3800 3308 3853 ἔσεται
3378 3799 3625 3870 φανερὰν
3663 3797 3846 3868 αὐτὴν

2244 3894 2380 3963 ἡμῖν
2419 3893 2787 3960 καταστῆσαι.
2827 3893 3089 3964 Ἔρχεται
3135 3892 3268 3960 γοῦν
3311 3893 3449 3963 πρὸς
3500 3891 3685 3954 αὑτὸν,
3739 3889 3848 3944 καὶ

2241 3986 2354 4047 τοῖς
2382 3985 2590 4038 ἐκείνου
2616 3985 2744 4038 ποσὶ
2770 3983 3118 4055 προσπεσὼν,
3145 3985 3214 4038 οι
3241 4001 3356 4054 μοι,
3381 3985 3582 4052 Πάτερ,
3615 3981 3845 4050 ἐϐόησε,

2241 4074 2334 4126 τὸν
2365 4073 2576 4144 καρπὸν
2607 4073 2718 4127 τῶν
2780 4073 2892 4126 σῶν
2932 4073 3112 4144 εὐχῶν
3150 4073 3496 4134 ἀπολώλεκα,
3534 4073 3630 4124 καὶ
3665 4072 3847 4136 ἄπαις

2242 4163 2270 4214 ὁ
2304 4161 2392 4215 διὰ
2425 4161 2520 4216 σοῦ
2559 4161 2854 4226 καλλίπαις
2889 4161 3162 4235 βασκανίᾳ
3196 4162 3344 4224 τινος
3385 4161 3692 4231 γεγένημαι
3718 4159 3850 4214 δαί-

2247 4270 2429 4322 μονος.
2464 4253 2684 4322 Οῖχεται
2713 4253 2812 4324 τῆς
2843 4255 2983 4324 ἐμῆς
3015 4255 3198 4317 οἰκίας
3229 4255 3261 4325 ἠ
3290 4251 3644 4322 Εὐφροσύνη,
3685 4252 3846 4321 οῖχε-

2243 4356 2334 4396 ται
2373 4343 2503 4414 παρ’
2531 4342 2742 4408 ἐλπίδα,
2775 4345 3004 4415 μηδενὸς
3025 4345 3135 4398 τῶν
3163 4345 3302 4399 οἴκοι
3331 4342 3690 4414 γινώσκοντος
3729 4343 3845 4398 ποῦ

2245 4437 2340 4488 καὶ
2389 4437 2543 4506 παρὰ
2575 4436 2701 4490 τίνα
2734 4435 3088 4508 πεπόρευται⁵
3116 4437 3345 4508 χάρισόν
3393 4455 3483 4506 μοι
3512 4433 3606 4490 οὖν
3640 4438 3703 4489 σὲ
3737 4435 3845 4490 καὶ

556 4493 626 4546 sit
673 4494 941 4565 profecta.
992 4495 1069 4552 Te
1099 4514 1228 4571 ergo
1275 4503 1407 4558 mihi
1460 4507 1737 4575 paululum
1787 4514 2048 4578 concede,
2082 4523 2138 4568 et

2246 4525 2370 4586 τοὺς
2409 4493 2546 4594 μετὰ
2580 4525 2701 4591 σοῦ,
2735 4527 2833 4580 καὶ
2879 4493 3083 4599 μικρόν
3119 4493 3208 4582 ’τί
3243 4493 3516 4600 σχολάσας
3552 4527 3641 4582 τὸν
3696 4524 3844 4596 παρ’

550 4600 672 4648 eos,
712 4587 802 4656 qui
834 4597 960 4644 sunt
991 4599 1199 4661 tecum;
1225 4607 1278 4650 et
1309 4597 1434 4652 huic
1471 4601 1545 4654 rei
1584 4617 1786 4657 vacans
1826 4605 2140 4681 aliquantu-

557 4678 692 4744 lum,
722 4692 846 4750 pete
872 4685 942 4738 ab
975 4701 1060 4750 eo,
1091 4689 1182 4758 qui
1219 4705 1248 4744 a
1288 4691 1390 4760 piis
1429 4694 1662 4762 colitur,
1699 4705 1760 4751 ut
1801 4699 1934 4754 mihi
1969 4678 2141 4770 signi-

553 4771 716 4834 ticet,
769 4775 988 4831 ubinam
1039 4780 1111 4834 sit
1155 4781 1248 4836 lux
1285 4799 1534 4840 nieorum
1587 4789 1889 4844 oculorum.
1941 4791 2140 4847 Flexus

554 4861 738 4933 itaque
777 4881 965 4930 senex,
1004 4878 1059 4923 et
1087 4871 1272 4926 animo
1319 4877 1690 4944 perturbatus,
1720 4895 1844 4934 cum
1879 4879 2141 4951 Paphnua-

553 4953 616 5008 tii
669 4956 918 5026 lacrymis
971 4969 1116 5016 esset
1167 4963 1533 5034 illacrymalus
1563 5011 1579 5034 ,
1627 4973 1861 5028 accersit
1918 4991 2139 5031 omnem

553 5044 980 5116 fraternitatem,
1012 5062 1278 5110 eteorum
1300 5099 1314 5121 ,
1335 5075 1456 5128 qua:
1483 5059 1791 5131 Paplmutio
1807 5067 2140 5130 acciderant.

553 5138 810 5207 preponit
847 5144 1217 5200 narrationem
1254 5165 1268 5201 τ
1301 5149 1574 5221 jubctquej
1611 5163 1667 5208 ut
1715 5163 1882 5211 totam
1932 5157 2142 5213 ltcbdo-

554 5227 774 5284 madam
829 5247 890 5285 se
935 5233 1146 5303 jejunio
1191 5238 1428 5305 dedant,
1476 5252 1533 5298 et
1581 5247 1852 5314 orationi,
1907 5251 1952 5305 si
2002 5250 2144 5306 forte

552 5319 714 5376 alicui
749 5331 1083 5396 apparuerit,
1120 5330 1341 5388 ubinam
1385 5348 1653 5393 terrarum
1694 5340 1858 5396 lateat
1891 5342 2145 5413 Euphros

553 5426 701 5467 utne.

628 5505 716 5562 XI.
762 5509 875 5566 Hoc
909 5522 1088 5570 tamen
1117 5516 1281 5586 facto,
1317 5521 1384 5576 ad
1417 5522 1650 5578 nihilum
1683 5526 1932 5582 redibant
1953 5543 2145 5584 eorum

555 5604 769 5664 preces.
800 5597 1146 5660 Resistebant
1165 5610 1310 5664 enim
1332 5612 1704 5686 Euphrosyum
1734 5619 2030 5685 orationes,
2051 5637 2146 5691 pes

558 5689 729 5744 tentis
760 5702 820 5747 ut
871 5695 1234 5766 ignoraretur.
1269 5703 1554 5763 Statucbat
1595 5725 1830 5782 namque
1879 5713 2023 5770 Deus
2052 5689 2148 5768 ﬁsi—

559 5785 693 5834 nere
752 5785 900 5842 illum
953 5792 1135 5860 potius
1203 5811 1396 5865 parum
1452 5801 1674 5874 lugere,
1737 5821 1902 5876 quant
1961 5807 2136 5879 ipsum

2244 4615 2398 4686 ὑμῶν
2415 4617 2850 4688 θεραπευόμενον
2883 4621 3126 4691 αίτησαι,
3163 4621 3430 4690 γνωρίσαι
3472 4637 3588 4691 μοι,
3621 4614 3724 4672 ποῦ
3755 4617 3834 4671 ἂν

2245 4706 2341 4760 καὶ
2362 4706 2448 4778 εἴη
2499 4709 2560 4762 τὸ
2593 4708 2798 4778 φέγγος
2837 4710 2949 4764 τῶν
2997 4709 3150 4781 ἐμῶν
3181 4711 3500 4780 ὀφθαλμῶν.
3539 4707 3846 4780 Καμφθεὶς

2244 4795 2338 4853 οὖν
2394 4801 2423 4852 ὁ
2464 4799 2644 4871 γέρων
2687 4803 2784 4855 xui.
2833 4801 3152 4873 συγχύσεως
3210 4803 3474 4873 πλησθεὶς
3523 4800 3622 4870 τὴν
3653 4796 3846 4869 ψυχὴν

2247 4895 2354 4956 τοῖς
2393 4892 2486 4946 τοῦ
2535 4893 2873 4960 Παφνουτὶου
2925 4911 2988 4948 τε
3057 4895 3289 4966 δάκρυσι
3323 4892 3692 4965 ἐπιδακρύσας
3732 4890 3844 4944 αὐ-

2243 4987 2354 5048 τὸς,
2415 4987 2808 5056 μετακαλεῖται
2879 4990 3063 5042 πᾶσαν
3111 4989 3211 5060 τὴν
3245 4990 3608 5059 ἀδελφότητα,
3640 4987 3735 5040 καὶ
3764 4987 3844 5040 τὰ

2244 5079 2338 5133 τοῦ
2371 5081 2710 5148 Παφνουτίου
2764 5083 3090 5153 προτίθησιν
3143 5087 3223 5147 είς
3279 5084 3556 5153 διήγησιν,
3590 5081 3719 5152 ὅλην
3770 5097 3839 5134 τε

2247 5172 2520 5242 ἑϐδομάδα
2569 5173 2794 5244 νηστείᾳ
2862 5175 2956 5227 καὶ
3029 5177 3306 5246 προσευχῇ
3349 5175 3578 5237 ἑαυτοὺς
3639 5169 3832 5224 δοῦναι

2247 5265 2596 5332 προστάττει,
2617 5265 2766 5329 ὅπως
2792 5265 2982 5338 ὀφθείη
3004 5267 3130 5332 τινὶ,
3165 5267 3270 5320 ποῦ
3298 5268 3401 5337 γῆς
3433 5269 3467 5338 ή
3501 5268 3827 5339 Εὑφροσύνη

2245 5373 2572 5425 κρυπτοιτο.

2318 5531 2425 5588 IA'.
2467 5533 2554 5597 Ὧς
2569 5533 2626 5588 δὲ
2655 5534 2844 5588 τούτου
2874 5537 3215 5606 πραχθέντος
3240 5538 3320 5600 είς
3347 5535 3508 5592 οὐδὲν
3533 5536 3732 5609 ἐχώρει
3763 5537 3834 5590 τὰ

2250 5627 2349 5695 τῆς
2383 5625 2583 5696 εὐχῆςο
2614 5627 2955 5698 ἀντέπραττε
3002 5630 3112 5698 γὰρ
3161 5630 3194 5699 ἡ
3238 5630 3457 5700 ἐκείνης
3495 5629 3827 5698 αίτουμένης

2252 5717 2607 5787 ἀγνοηθῆναι·
2664 5718 2848 5790 ἔκρινε
2883 5720 2940 5772 δὲ
2972 5721 3064 5775 καὶ
3097 5721 3232 5786 Θεὸς
3275 5724 3368 5775 ἐπὶ
3401 5720 3598 5792 μικρὸν
3625 5721 3831 5773 ἐκεῖνον

2259 5809 2418 5864 ἐᾶσαι
2451 5807 2686 5878 πενθεῖν,
2733 5809 2765 5880 ἢ
2817 5809 2981 5869 αὐτὸν
3007 5811 3337 5870 ἀπαλάττων
3376 5809 3553 5883 λύπης
3587 5807 3829 5878 luna“:
