4156 6418
348 382 467 449 317

1547 387 1725 446 νιΤΑ
1764 386 1824 447 S.
1864 380 2442 449 EUPHROSYNES.

3554 394 3663 461 318

356 492 576 566 μᾶλλον
608 490 800 564 ψυχὴν
828 532 843 555 ,
883 491 921 564 ἢ
958 491 1056 548 καὶ
1097 492 1315 561 φύσεως
1361 493 1535 564 αὐτῆς
1584 494 1679 547 καὶ
1737 494 1974 564 στοργῆς

2081 495 2320 550 liberans
2364 511 2395 550 a
2442 496 2653 563 dolore,
2716 497 2906 555 dolore
2937 501 3111 573 magis
3148 500 3368 559 allicere
3402 506 3661 571 animam,

357 585 654 657 πατρικῆς
677 585 769 640 διὰ
808 587 906 640 τὸν
941 586 1081 657 πρὸς
1120 584 1284 639 αὐτὸν
1313 586 1551 657 ὴλόγησε
1579 586 1764 639 πόθον·
1799 586 1977 649 ἄλλως

358 695 431 733 τι
466 677 527 730 δὲ
579 677 680 731 καὶ
713 673 815 730 τοῦ
862 675 941 747 μὴ
968 675 1290 748 περικοπὴν
1326 674 1513 729 δοῦναι
1551 678 1618 746 τῇ
1664 676 1844 747 ἀρετῇ
1882 675 1976 729 καὶ

357 770 638 842 ἐμπόδιον
664 810 681 831 .
728 764 803 840 ἧς
840 740 1204 823 τῶζίπάντων
1245 740 1415 821 -ούδέν
1456 740 1973 840 ἑστι-τιμιὼτερον.

372 863 544 916 Ἐπεὶ
568 859 752 917 ταῦτα
780 859 962 924 οὕτως
1021 859 1334 926 συνέὸαινε,
1381 861 1549 930 φησιν
1598 862 1627 914 ό
1674 862 1853 933 γέρων
1898 861 1976 931 τῷ

360 953 748 1026 Παφνουτίῳ·
808 953 906 1024 Μὴ
963 952 1186 1023 ἀθύμει,
1242 952 1431 1006 τέκνον
1472 953 1798 1022 Παφνούτιε,
1840 953 1975 1024 μηδὲ

366 1047 450 1112 ὣς
497 1065 584 1111 τις
615 1047 732 1102 τῶν
772 1046 1023 1100 ἀπίστων
1063 1046 1158 1099 καὶ
1200 1047 1378 1100 πάντα
1422 1044 1499 1117 τῷ
1534 1047 1660 1116 τῇδε
1691 1044 1790 1116 βίῳ
1830 1063 1977 1099 στοι-

370 1141 644 1213 κούντων,
678 1139 852 1211 μηδὲν
882 1139 940 1193 δὲ
978 1139 1143 1194 πλέον
1185 1140 1404 1209 φρονεῖν
1434 1139 1771 1213 δυναμένων,
1814 1140 1975 1208 ἀγεν-

374 1235 480 1296 νῶς
508 1233 710 1302 ὀδύρου
732 1233 834 1300 τὴν
861 1232 964 1299 τῆς
999 1232 1100 1301 σῆς
1130 1230 1321 1293 παιδὸς
1348 1230 1717 1302 ἀναχώρησινε
1751 1232 1977 1284 πίστευε

375 1325 433 1379 δέ
457 1344 556 1395 μοι
581 1325 662 1396 τῷ
691 1324 914 1395 γέροντι
944 1322 1188 1392 θεοφιλεῖ
1214 1323 1406 1393 σκοπῷ
1436 1324 1642 1395 ταύτην
1677 1325 1972 1395 προϐῆναι,

376 1418 502 1470 ἐπεὶ
534 1418 637 1470 οὐκ
657 1415 727 1469 ἄν
751 1415 1045 1486 ἀπέκρυψε
1078 1414 1282 1486 Κύριος
1312 1416 1373 1469 τὸ
1407 1417 1630 1484 γεγονὸς
1664 1418 1757 1485 ἀφ’
1794 1416 1971 1485 ἡμῶν*

380 1509 705 1579 εὒχαρίστει
751 1502 847 1562 οὖν
898 1507 1051 1578 αύτῷ
1100 1508 1209 1578 καλ.⁸
1244 1508 1544 1578 προσκύνει
1595 1512 1695 1579 τὴν
1739 1509 1880 1563 κατὰ
1913 1509 1974 1563 τὸ

392 1600 531 1655 abab
556 1601 779 1670 ἀρέσκον
814 1600 1158 1669 οἰκονομίαν,
1210 1600 1301 1653 καὶ
1352 1598 1473 1669 ὄψει
1529 1602 1627 1672 μὲν
1678 1600 1845 1672 αὐτὴν
1883 1620 1972 1671 μι-

397 1693 535 1764 κρὲν
584 1694 701 1745 ὅσον
733 1692 831 1745 καὶ
882 1691 1025 1745 κατὰ
1084 1691 1234 1745 τόνδε
1270 1692 1361 1746 τὸν
1432 1693 1567 1764 βίον,
1604 1693 1763 1765 εἴπερ
1806 1693 1965 1747 τοῦτο

389 1784 721 1854 ἀμφοτέροις
755 1782 1065 1836 λυσιτελεῖο
1114 1785 1163 1836 εί
1210 1783 1266 1837 δὲ
1310 1783 1396 1852 οὓ,
1437 1784 1574 1854 μετὰ
1608 1783 1709 1848 τὴν
1759 1785 1968 1839 ἐνθένδε

2080 599 2201 654 qua:
2243 592 2299 639 et
2333 593 2540 642 natura}
2570 597 2581 604 '
2611 595 2667 642 et
2713 595 2957 658 paterna:
2999 589 3393 648 benevolentia:
3444 603 3668 664 propter

2084 676 2263 747 ipsum
2292 677 2495 732 nullam
2537 678 2692 734 duxit
2721 680 3010 746 rationem,
3044 693 3099 737 et
3126 683 3353 755 alioqui,
3381 700 3452 740 ne
3490 695 3665 741 retar-

2081 768 2238 825 daret
2277 777 2334 825 et
2376 770 2665 840 impediret
2699 772 2995 838 virtutem,
3037 791 3144 846 qua
3193 777 3332 832 nihil
3391 786 3471 832 est
3521 793 3664 849 prae-

2080 862 2332 917 stantius.
2361 862 2496 917 Cum
2526 863 2644 920 hac
2677 864 2750 919 ita
2771 866 3153 937 contigissent,
3185 868 3317 924 dicit
3348 885 3516 925 senex
3559 870 3665 926 Pa-

2078 952 2313 1022 phnutio
2344 969 2358 1007 :
2394 952 2472 1007 Ne
2516 953 2592 1008 sis
2635 955 2830 1019 tristis,
2862 971 2895 1010 o
2943 955 3016 1009 fili
3048 954 3343 1025 Paphnuti,
3369 973 3548 1026 neque
3600 972 3664 1014 ut

2078 1042 2347 1112 quispiam
2377 1057 2442 1097 ex
2484 1043 2817 1109 inﬁdelibus,
2848 1053 2905 1099 et
2936 1045 3029 1115 qui
3063 1045 3165 1100 hac
3193 1047 3301 1101 vita
3330 1048 3509 1101 omnia
3552 1064 3666 1103 me-

2079 1135 2330 1202 tiuntur,
2398 1136 2535 1190 nihil
2595 1149 2776 1192 autem
2833 1146 3062 1207 possunt
3117 1138 3350 1207 amplius
3400 1139 3662 1213 regitare,

2078 1228 2275 1297 pusillo
2304 1237 2357 1283 et
2386 1228 2601 1298 abjecto
2623 1230 2808 1285 animo
2834 1230 3036 1285 deﬂeas
3068 1245 3347 1285 recessum
3375 1241 3481 1287 tuae
3511 1234 3660 1289 ﬁliae.

2078 1320 2251 1375 Crede
2287 1330 2467 1376 autem
2497 1322 2631 1379 mihi
2664 1322 2805 1387 seni,
2831 1323 2974 1377 hanc
3005 1324 3094 1391 pio
3119 1331 3174 1377 et
3204 1324 3457 1394 religioso
3496 1339 3662 1394 scopo

2076 1428 2197 1468 esse
2211 1429 2549 1484 progressam
2566 1433 2577 1468 :
2596 1415 2729 1469 alias
2756 1431 2955 1484 nempe
2984 1430 3084 1470 nos
3098 1430 3207 1470 non
3238 1416 3489 1481 celasset,
3509 1416 3657 1487 quod

2076 1505 2277 1561 factum
2292 1516 2395 1570 est,
2412 1508 2809 1576 Dominus.Age
2825 1522 2955 1577 ergo
2974 1506 3076 1575 ipsi
3091 1507 3309 1576 gratias,
3329 1516 3380 1560 et
3396 1522 3659 1562 venerare

2075 1599 2562 1669 dispensationem,
2592 1615 2713 1669 qua:
2743 1600 2823 1662 ﬁt,
2851 1608 2912 1653 ut
2949 1598 2999 1652 ei
3050 1600 3268 1654 videtur
3304 1618 3317 1654 :
3356 1609 3412 1655 et
3440 1602 3654 1657 videbis

2077 1691 2300 1761 quidem
2331 1691 2501 1760 ipsam
2534 1692 2695 1760 paulo
2728 1699 2851 1760 post
2881 1691 3045 1745 etiam
3090 1691 3144 1744 in
3176 1690 3279 1745 hac
3311 1691 3443 1755 vita,
3475 1691 3521 1746 si
3552 1692 3656 1747 hoc

2077 1782 2333 1838 conducit
2367 1782 2611 1852 utrisque
2659 1800 2674 1836 :
2721 1783 2807 1837 sin
2855 1782 3058 1847 minus,
3103 1791 3389 1852 postquam
3433 1784 3658 1852 quidem

382 1874 709 1943 ἀπαλλαγὴν
778 1874 833 1928 αἱ
895 1873 1040 1927 θεῖαι
1090 1877 1303 1945 σκηναὶ·
1352 1877 1572 1939 πάντως
1626 1877 1973 1947 ἀμφοτέρους

2081 1884 2227 1927 certe
2256 1889 2324 1928 ex
2367 1874 2469 1928 hac
2502 1876 2610 1929 vita
2654 1874 3033 1939 excesseritis,
3083 1875 3265 1930 divina
3309 1875 3658 1929 tabernacula

378 1966 732 2031 εῖαδέξονταιο
767 1966 931 2020 τοῦτο
959 1966 1071 2037 γάρ
1096 1982 1187 2036 μοι
1231 1965 1422 2020 δίδωσι
1457 1965 1557 2037 μὲν
1601 1970 1745 2021 νοεῖν
1790 1970 1853 2021 τὸ
1884 1968 1974 2022 σόν

379 2076 437 2112 τε
490 2060 589 2111 καὶ
641 2058 860 2128 ἐκείνης
917 2058 1238 2129 φιλευσεσὲς
1292 2059 1388 2113 καὶ
1431 2059 1698 2128 φιλόθεον.
1731 2060 1917 2125 Οὕτως
1947 2063 1975 2114 ό

379 2149 723 2219 Παφνούτιος
764 2152 863 2220 τῆς
917 2151 1158 2221 ἀθυμίας
1190 2150 1372 2214 ἐνδοὺς
1426 2151 1710 2206 ἐπάνεισιν
1756 2153 1971 2217 οἴκαδε,

377 2245 470 2297 καὶ
507 2245 579 2297 τὰ
637 2243 764 2297 κατ’
797 2243 960 2296 αὑτὸν
1000 2239 1060 2296 εὖ
1115 2241 1455 2314 διαθέμενος,
1503 2239 1660 2307 αὖθις
1688 2244 1974 2314 καταλαμ-

378 2337 533 2391 εάνει
566 2336 632 2390 τὸ
674 2335 921 2406 μοναστή
930 2352 1067 2406 ριον.

445 2429 553 2485 lB’.
598 2429 693 2493 Ὠς
744 2429 804 2482 δὲ
835 2427 1076 2498 συνεχῶς
1105 2424 1250 2480 οὕτω
1304 2428 1371 2498 τῇ
1430 2428 1566 2497 μονῇ
1617 2426 1974 2497 προσεφοίτα,

372 2525 511 2586 τοὺς
558 2520 1024 2592 σπουδαιοτέρους
1080 2520 1191 2573 τῶν
1258 2518 1512 2589 μοναχῶν
1551 2518 1826 2591 ἐκζητῶν,
1877 2520 1974 2574 an

370 2615 478 2684 τῆς
501 2614 690 2666 αὐτῶν
725 2612 945 2682 ὁμιλίας
989 2610 1287 2665 ἀπολαύειν
1318 2610 1490 2681 φιλῶν
1529 2612 1655 2682 (ὅρα
1700 2613 1825 2675 τοὺς
1871 2614 1970 2684 ἀρ-

373 2710 584 2778 ρήτους
611 2706 714 2776 τῆς
748 2705 1011 2777 προνοίας
1034 2703 1271 2773 λόγους),
1309 2702 1499 2757 ἀκούει
1527 2703 1679 2774 παρὰ
1723 2704 1833 2758 τῶν
1876 2706 1975 2774 τῆς

377 2803 553 2872 μονῆς
590 2798 671 2861 ὡς
713 2799 799 2869 εἴη
836 2815 923 2861 τις
953 2796 1061 2851 τῶν
1095 2795 1349 2866 ἀδελφῶν
1401 2795 1530 2867 παρ’
1557 2798 1760 2859 αὐτοῖς,
1793 2798 1851 2849 οὐ
1882 2813 1978 2849 πο-

379 2894 481 2947 λὺν
515 2894 621 2963 μὲν
649 2893 742 2944 τὸν
774 2890 971 2961 χρόνον
1019 2888 1228 2955 ἀσκῶν,
1278 2891 1360 2951 είς
1396 2888 1568 2961 ἄκρον
1602 2888 1659 2941 δὲ
1686 2888 1754 2942 δι’
1797 2887 1976 2956 ὀλίγον

377 2988 475 3058 τῆς
502 2986 713 3057 ἀρετῆς
740 2982 1020 3053 ὲφθακὼς,
1056 2981 1383 3052 Σμάραγδος
1427 2981 1578 3053 αὐτῷ
1618 2980 1877 3051 τοῦνομα,
1918 2978 1977 3044 ἐξ

377 3080 557 3141 οἰκίας
600 3081 703 3149 μὲν
730 3077 1033 3145 ἐπιφανοῦς
1067 3075 1336 3142 γεγονὼς,
1368 3075 1585 3145 πλούτῳ
1620 3090 1679 3127 τε
1710 3076 1804 3126 καὶ
1834 3073 1974 3142 χρή-

380 3188 514 3243 μασι
567 3170 852 3241 περιττῶς
897 3167 1153 3239 ἐχούσηςσ
1182 3166 1389 3220 τούτων
1447 3165 1505 3219 δὲ
1545 3168 1769 3219 πάντων
1808 3167 1976 3232 ὑπερ-

2081 3168 2170 3237 qui
2201 3168 2404 3222 divitiis
2436 3166 2771 3226 abundabat,
2811 3176 2867 3219 et
2899 3163 3147 3234 pecuniis
3194 3178 3208 3215 :

385 3266 512 3321 ιόὼν
549 3265 649 3319 τὸν
693 3264 807 3317 τῶν
860 3261 1112 3332 μοναχῶν
1169 3260 1342 3313 εἵλετο
1401 3259 1538 3330 βίον,
1571 3260 1667 3314 καὶ
1719 3259 1971 3312 τοσοῦτον

377 3360 537 3429 ἔσχεν
571 3360 654 3420 εἰς
700 3356 930 3427 ἀρετὴν,
977 3355 1049 3417 ὡς
1096 3353 1295 3425 μικροῦ
1325 3355 1492 3407 πᾶσιν
1523 3348 1665 3405 εἶναι
1709 3356 1823 3415 τοῖς
1852 3351 1971 3405 κατ’

375 3452 543 3507 αὐτον
572 3447 991 3518 ἁπαράμιλλος.
1016 3447 1205 3500 Ἐλκει
1237 3446 1430 3500 τοῦτον
1457 3447 1491 3515 ἡ
1516 3446 1676 3515 ἀκοὴ,
1715 3444 1810 3497 καὶ
1838 3442 1976 3514 πρὸς

372 3544 499 3615 Odm:
526 3542 736 3597 ἐλθεῖν.
779 3540 1130 3609 Ἐντυγχάνει
1158 3540 1245 3593 διὰ
1271 3539 1366 3599 τοῦ
1407 3538 1671 3606 Ἀγαπίου
1707 3536 1786 3610 τῷ
1814 3537 1976 3606 δῆθεν

372 3637 558 3707 ἀνδρὶ,
588 3634 689 3689 καὶ
732 3633 1049 3703 περιϐλήτῳ
1086 3631 1187 3702 τὴν
1232 3631 1461 3702 ἀρετήν.
1503 3631 1570 3684 Ἠ
1628 3630 1684 3682 δὲ
1727 3629 1825 3701 τὴν
1878 3626 1974 3683 τοῦ

377 3729 589 3798 πατρὸς
640 3726 768 3796 δψιν
805 3725 1016 3788 ἰδοῦσα,
1053 3724 1147 3776 καὶ
1172 3721 1381 3792 γνοῦσα
1413 3722 1537 3792 μὲν,
1570 3722 1632 3775 οὐ
1668 3722 1976 3789 γνωσθεῖσα

383 3821 445 3874 δὲ
477 3820 763 3890 (ἠλλοίωτο
796 3816 906 3887 γὰρ
929 3815 1034 3868 ὑπὸ
1056 3815 1154 3885 τῆς
1180 3813 1322 3883 ἄγαν
1355 3814 1726 3884 σκληρότητος
1753 3815 1846 3866 καὶ
1876 3812 1977 3881 τῆς

394 3912 640 3974 ἀσιτίας.
688 3910 789 3964 και
848 3910 1082 3976 ἀσαφεῖς
1137 3900 1253 3976 εἶχε
1320 3905 1450 3969 τοὺς
1491 3905 1848 3976 χαρακτῆρας
1875 3904 1975 3974 τῆς

396 4002 616 4075 ὅψεως),
644 4004 863 4056 νικᾶται
895 4001 963 4071 τῇ
1005 3998 1188 4067 φύσει,
1216 3998 1311 4051 καὶ
1348 4000 1529 4068 ἡσυχῆ
1554 3996 1831 4068 ξδακρύων
1863 3996 1976 4065 χέει

393 4094 598 4164 πηγάς.
639 4094 697 4149 '0
752 4093 811 4146 δὲ
845 4094 1030 4163 πατὴρ
1075 4091 1244 4161 αὐτῆς
1294 4091 1360 4144 ὲκ
1411 4089 1759 4152 κατανύξεως
1799 4090 1975 4141 ἐδόκει

388 4188 668 4258 σδμὸἧναι
694 4226 711 4251 ,
755 4184 923 4256 μηδὲν
951 4185 1092 4255 ἔχων
1139 4185 1392 4237 ὑπονοεῖν
1422 4181 1498 4244 ὡς
1532 4181 1694 4245 αὐτὸς
1742 4180 1830 4250 εἴη
1867 4180 1978 4233 τῶν

384 4281 647 4353 δακρύων
679 4281 715 4350 ἡ
760 4279 1009 4349 ἀφορμὴ.
1035 4280 1104 4349 τῇ
1142 4276 1242 4347 θέᾳ
1279 4275 1489 4344 ταύτην
1528 4274 1737 4344 πλήξας
1770 4277 1836 4343 τῇ
1869 4290 1977 4327 πα-

380 4375 579 4443 τρικῇ.
614 4365 748 4423 Εἶτα
777 4370 1116 4437 παυσαμένη
1137 4367 1245 4419 τῶν
1267 4366 1518 4436 ὀδυρμῶν
1550 4366 1706 4419 οὐδὲν
1737 4366 1835 4436 μὲν
1870 4365 1978 4418 τῶν

382 4468 468 4528 είς
522 4462 736 4531 γνῶσιν
776 4460 1056 4530 ὁμολογεῖ,
1086 4460 1331 4530 νικήσειν
1358 4458 1548 4529 ὥσπερ
1598 4457 1977 4526 φιλονεικοῦσα

378 4560 487 4627 τήν
517 4556 626 4626 ἤδη
652 4554 860 4624 ταύτην
894 4554 1203 4624 νικήσασαν
1246 4550 1431 4619 φύσιν,
1459 4551 1556 4604 καὶ
1586 4549 1724 4620 πρὶς
1767 4548 1977 4618 δάκρυα

383 4648 789 4718 κατενεχθῆναι
835 4645 1351 4717 παρασκευάσασαν
1381 4661 1396 4675 ·
1455 4642 1727 4713 τοσαύτης
1768 4642 1826 4694 δὲ
1880 4644 1979 4710 τῆς

388 4743 673 4812 ὡφελείας
712 4740 875 4793 αὑτὸν
921 4738 1262 4810 ἐμπίπλησιν
1305 4735 1414 4788 ἀπό
1459 4751 1517 4787 τε
1562 4736 1662 4803 τῆς
1690 4734 1800 4785 τῶν
1836 4731 1987 4802 ἠθῶν

385 4835 725 4904 εὐκοσμίας,
773 4832 883 4886 ἀπό
912 4848 971 4884 τε
1004 4830 1105 4901 τῆς
1152 4829 1263 4881 τῶν
1292 4828 1466 4894 λόγων
1501 4824 1872 4888 διδασκαλίας,
1911 4827 1986 4887 ὡς

389 4930 582 5002 πλήρη
643 4926 920 4997 θαύματος
970 4923 1258 4992 γεγονότα,
1298 4919 1593 4991 ἀφικέσθαι
1625 4935 1685 4970 τε
1725 4917 1861 4989 πρὸς
1893 4920 1986 4971 τὸν

387 5020 656 5090 γέροντα,
688 5014 789 5069 καὶ
841 5015 1084 5086 μεγάλας
1133 5013 1284 5081 αὺτῴ
1365 5013 1532 5078 φάναι
1602 5008 1700 5070 τὰς
1754 5008 1984 5079 χάριτας

387 5109 705 5178 ὁμολογεῖν,
753 5106 996 5161 τοιούτου
1058 5105 1187 5167 θέας
1231 5102 1425 5172 ἀνδρὸς
1462 5103 1559 5156 καὶ
1581 5101 1798 5172 ὁμιλίας
1820 5101 1985 5170 ἡξιωυ

393 5202 588 5273 μένος.

470 5294 574 5347 ll".
620 5289 798 5346 Ὀκτὼ
818 5289 999 5343 τοίνυν
1027 5288 1173 5342 ἔτεσι
1210 5286 1349 5361 πρὸς
1377 5286 1672 5357 τριάκοντα
1692 5284 1784 5339 τὸν
1808 5283 1988 5337 τοιοῦ-

386 5402 488 5442 too
554 5386 671 5457 βίον
720 5387 780 5438 ἐν
830 5384 910 5453 τῷ
947 5381 1298 5454 μοναστηρίῳ
1353 5379 1388 5449 ἡ
1421 5376 1744 5448 Εὑφροσύνη
1776 5376 1985 5442 διενεγ-

391 5479 597 5546 κοῦσα,
633 5479 731 5532 καὶ
763 5477 978 5548 μηδενὶ,
1008 5475 1159 5536 ὅστις
1219 5469 1309 5544 ἦν,
1362 5470 1642 5540 γνώριμος
1694 5468 1985 5538 γενομένη,

396 5572 566 5643 ἡνίκα
594 5571 706 5627 τῶν
750 5570 1044 5641 παρόντων
1075 5567 1183 5620 ἔδει
1228 5564 1435 5635 ταύτην
1475 5562 1799 5632 ἀπδημεῖν,
1830 5561 1985 5633 θεῖκῇ

392 5684 505 5720 τινι
555 5668 777 5729 πάντως
836 5662 1070 5733 προνοίᾳ
1124 5660 1510 5730 ἐνδημήσαντα
1561 5657 1685 5709 τότε
1725 5658 1791 5726 τῇ
1848 5657 1984 5725 μονῇ

392 5762 485 5813 τὸν
523 5761 738 5832 πατέρα
782 5753 1234 5828 μεταστέλλεται,
1273 5750 1413 5805 κατά
1459 5766 1513 5802 τι
1545 5747 1781 5819 κρεῶδες
1813 5748 1845 5816 ἡ
1886 5763 1988 5814 μα-

395 5856 600 5929 καρία,
642 5854 743 5911 καὶ
795 5852 956 5922 τρεῖς
1013 5847 1229 5919 ἡμέρας
1288 5844 1440 5915 παρὰ
1487 5845 1551 5915 τῇ
1600 5843 1735 5912 μονῇ
1804 5841 1988 5912 μένειν

2079 1966 2268 2021 amhos
2296 1967 2522 2021 omnino
2566 1967 2861 2037 excipient.
2893 1967 3009 2023 Hoc
3041 1969 3184 2022 enim
3217 1968 3351 2022 mihi
3391 1968 3484 2024 dat
3512 1970 3659 2039 οι)ςὶ-

2080 2059 2302 2113 tandum
2339 2068 2490 2114 tanta
2535 2060 2679 2114 illius
2725 2060 2898 2130 pietas
2939 2071 2997 2115 et
3025 2076 3177 2115 amor
3218 2060 3271 2113 in
3316 2060 3506 2114 Deum.
3568 2060 3659 2115 Sic

2076 2149 2419 2219 Paphnutius
2451 2165 2574 2206 cum
2619 2152 2849 2206 multum
2900 2152 3204 2207 remisisset
3245 2152 3312 2206 de
3359 2168 3453 2206 sua
3489 2153 3658 2206 animi

2077 2240 2431 2311 aegritudine,
2464 2242 2685 2295 domum
2716 2241 2889 2305 redit,
2925 2251 2981 2296 et
3011 2242 3175 2297 rebus
3208 2242 3321 2297 suis
3346 2242 3484 2297 bene
3509 2242 3660 2298 ordi-

2076 2333 2241 2395 natis,
2276 2335 2570 2388 revertitur
2598 2333 2651 2386 iu
2683 2333 3100 2388 monasterium.

2150 2425 2262 2478 ΧΠ.
2286 2426 2422 2481 Cum
2474 2435 2656 2480 autem
2685 2425 2764 2480 sie
2803 2426 3019 2480 assidue
3047 2426 3338 2480 ventitaret
3373 2425 3427 2478 in
3469 2439 3661 2479 mona-

2078 2518 2327 2582 sterium,
2366 2517 2582 2572 virtutis
2612 2517 2971 2572 studiosiores
3019 2516 3305 2586 requirens
3338 2517 3658 2581 monachos,

2079 2620 2137 2668 ut
2192 2612 2292 2681 qui
2350 2611 2604 2666 lubenter
2667 2627 2856 2668 eorum
2926 2611 3201 2664 frueretur
3261 2608 3660 2664 consuetudine

2080 2706 2225 2777 (vide
2243 2704 2545 2758 ineffabiles
2568 2703 2809 2758 rationes
2836 2702 3190 2772 providentiae
3212 2702 3278 2770 !),
3299 2702 3447 2755 audit
3469 2718 3533 2754 ex
3550 2702 3663 2757 fra-

2081 2799 2254 2852 tribus
2285 2797 2626 2861 monasterii,
2653 2796 2798 2865 quod
2824 2795 2898 2849 sit
2922 2794 3067 2864 apud
3099 2808 3195 2849 eos
3220 2793 3439 2861 quidam
3471 2790 3659 2854 frater,

2076 2889 2169 2959 qui
2220 2905 2330 2944 non
2380 2889 2542 2959 longo
2588 2888 2808 2958 quidem
2856 2894 3104 2954 tempore
3161 2899 3220 2938 se
3270 2882 3550 2949 exercuit,
3591 2884 3660 2939 ad

2078 2999 2350 3038 summam
2420 2993 2604 3037 autem
2659 2981 2809 3037 brevi
2857 2979 3105 3049 pervenit
3160 2977 3415 3031 virtutem
3450 2993 3462 3028 :
3497 2975 3658 3045 eique

2077 3093 2281 3131 nomen
2312 3075 2673 3148 Smaragdus,
2726 3074 2925 3131 illustri
2963 3072 3181 3142 quidem
3218 3071 3334 3125 loco
3375 3077 3537 3123 natus
3564 3112 3577 3133 ,
3608 3079 3664 3124 rt

3256 3161 3340 3215 his
3371 3174 3497 3214 vero
3545 3174 3664 3214 om-

2085 3260 2246 3314 nibus
2285 3259 2650 3328 contemptis,
2684 3260 2852 3311 vitam
2896 3254 3061 3325 elegit
3098 3254 3492 3318 monasticam,
3547 3259 3665 3305 tan-

2086 3364 2310 3422 tumque
2339 3350 2572 3421 profecit
2598 3350 2651 3402 in
2677 3350 2899 3413 virtute,
2931 3356 2990 3401 ut
3025 3361 3187 3400 nemo
3222 3345 3335 3399 fere
3359 3346 3430 3400 sit
3452 3361 3516 3399 ex
3546 3359 3667 3397 om-

2085 3446 2248 3499 nibus
2296 3444 2438 3506 aliis,
2475 3442 2565 3511 qui
2620 3441 2790 3510 possit
2840 3454 2965 3493 cum
3006 3452 3072 3493 eo
3123 3437 3477 3492 contendere.
3526 3436 3663 3490 Eum

2084 3537 2252 3592 trahit
2284 3536 2514 3597 auditio,
2566 3542 2626 3588 ut
2672 3532 2857 3588 veniat
2889 3530 2944 3585 in
2976 3531 3097 3599 ejus
3144 3538 3519 3599 conspectum.
3564 3527 3666 3581 Per

2084 3628 2349 3698 Agapitum
2393 3627 2578 3696 itaque
2609 3625 2868 3680 convenit
2899 3623 3052 3677 illum
3084 3622 3257 3676 virum
3300 3621 3501 3674 virtute
3540 3635 3665 3675 sus-

2082 3720 2415 3789 piciendum.
2452 3717 2547 3771 Illa
2577 3726 2761 3770 autem
2804 3731 2926 3769 cum
2980 3713 3151 3784 patris
3196 3712 3393 3766 faciem
3423 3713 3668 3779 aspexis-

2083 3820 2188 3875 set,
2220 3820 2277 3865 et
2323 3808 2669 3878 cognovisset
2709 3805 2967 3876 quidem,
3014 3819 3124 3858 non
3169 3812 3315 3857 esset
3360 3812 3542 3857 autem
3573 3818 3671 3857 co-

2083 3901 2230 3972 gnita
2293 3898 2520 3970 (mutata
2566 3896 2710 3950 enim
2749 3904 2867 3949 erat
2905 3904 3129 3964 propter
3177 3893 3399 3946 nimiam
3459 3894 3669 3961 asperi-

2086 4003 2248 4047 tatem
2292 4001 2346 4046 et
2400 3991 2658 4050 inediam,
2711 3994 2769 4043 et
2819 3987 3053 4040 habebat
3097 4000 3205 4039 non
3249 3992 3436 4054 aperta
3485 3985 3668 4040 vultus

2087 4085 2476 4150 lineamenta),
2523 4079 2758 4133 vincitur
2812 4093 2842 4130 a
2892 4086 3121 4142 natura,
3178 4083 3235 4129 et
3285 4073 3488 4128 sensim
3547 4072 3669 4127 fon-

2086 4188 2169 4232 tes
2207 4177 2413 4231 emittit
2457 4175 2840 4243 lacrymarum.
2892 4170 3052 4224 Pater
3097 4174 3288 4222 autem
3313 4168 3432 4236 ejus
3478 4166 3669 4220 existi-

2083 4270 2267 4324 mabat
2311 4268 2431 4322 hoc.
2460 4265 2683 4320 evenire
2723 4279 2786 4317 ex
2829 4261 3254 4331 compunctione
3278 4299 3292 4320 .
3340 4273 3449 4311 non
3485 4258 3670 4310 valens

2084 4358 2356 4427 conjicere
2401 4370 2459 4409 se
2506 4368 2627 4407 esse
2669 4353 3029 4420 lacrymarum
3062 4348 3447 4410 occasionem,
3482 4352 3542 4398 ut
3574 4345 3669 4414 qui

2084 4465 2202 4504 eam
2229 4455 2461 4518 paterno
2494 4445 2796 4500 sauciasset
2821 4442 3153 4511 spectaculo.
3189 4439 3390 4493 Deinde
3405 4452 3527 4491 cum
3551 4451 3672 4491 ces-

2005 4572 2059 4632 D
2086 4548 2260 4597 sasset
2289 4538 2421 4592 flere
2445 4578 2459 4602 ,
2490 4537 2625 4589 nihil
2656 4534 2877 4604 quidem
2930 4533 3129 4586 fatetur
3157 4543 3369 4589 eorum,
3399 4541 3520 4595 quae
3548 4539 3673 4593 per-

2092 4621 2335 4687 tinebant
2362 4628 2427 4681 ad
2458 4627 2849 4696 cognitionem,
2877 4622 3045 4675 veluti
3081 4619 3420 4674 contendens
3451 4618 3672 4671 vincere

2087 4732 2362 4785 naturam,
2403 4737 2525 4791 quae
2554 4720 2665 4789 jam
2708 4732 2827 4771 eam
2872 4715 3095 4778 vicerat,
3124 4721 3177 4767 et
3218 4711 3480 4765 eﬂ‘eeerat
3525 4720 3583 4762 ut
3619 4709 3671 4762 ei

2086 4815 2362 4868 orirentur
2408 4811 2681 4880 laerymae.
2737 4805 2909 4859 Tanta
2955 4811 3136 4857 autem
3169 4815 3294 4855 eum
3336 4798 3525 4866 implet
3562 4797 3670 4852 utii

2086 4907 2274 4969 litate,
2309 4913 2363 4958 et
2405 4917 2472 4957 ex
2512 4913 2724 4954 morum
2765 4894 3167 4955 moderatione,
3217 4902 3272 4944 et
3324 4903 3389 4942 ex
3424 4888 3671 4941 doctrina

2088 5010 2424 5057 sermonum,
2462 5000 2524 5046 ut
2559 4991 2752 5060 plenus
2776 4985 3138 5041 admiratione
3169 4979 3459 5037 accesserit
3495 4978 3561 5032 ad
3594 4993 3675 5032 se-

2090 5088 2241 5152 nem,
2272 5098 2327 5141 et
2352 5084 2553 5140 dixerit
2585 5098 2643 5136 se
2675 5081 2905 5136 multum
2939 5079 2989 5132 ei
3026 5076 3225 5130 debere
3249 5116 3265 5141 ,
3305 5072 3448 5143 quod
3476 5072 3676 5141 dignus

2089 5180 2161 5236 sit
2183 5180 2422 5238 habitus,
2454 5175 2548 5245 qui
2580 5174 2739 5229 talem
2766 5172 2945 5225 virum
2970 5168 3179 5223 videret
3212 5175 3267 5220 et
3293 5163 3634 5218 conveniret.

2160 5282 2298 5336 XIII.
2330 5280 2467 5334 Cum
2501 5278 2715 5348 triginta
2739 5274 2921 5342 itaque
2949 5281 3006 5326 et
3042 5279 3167 5326 octo
3191 5282 3364 5323 annos
3409 5267 3569 5320 talem
3592 5264 3675 5318 vis

2090 5377 2219 5440 tam}
2243 5373 2597 5443 Euphrosyne
2622 5371 2821 5440 egisset
2852 5368 2908 5422 in
2952 5363 3304 5426 monasterio,
3340 5368 3395 5414 et
3422 5370 3674 5428 quanam

2088 5477 2258 5532 esset,
2289 5466 2425 5521 nulli
2475 5464 2671 5518 fuisset
2720 5461 2946 5515 omnino
2986 5456 3222 5528 cognita,
3254 5451 3473 5522 quando
3510 5462 3676 5517 opor‘

2090 5563 2240 5617 tebat
2265 5575 2386 5613 eam
2413 5572 2481 5613 ex
2507 5558 2610 5611 hac
2655 5555 2764 5609 vita
2811 5551 3113 5607 excedere,
3149 5554 3383 5617 patrem,
3424 5542 3517 5612 qui
3561 5555 3679 5593 om:

2089 5653 2222 5706 nino
2256 5651 2437 5706 divina
2478 5649 2712 5718 quadam
2757 5641 3094 5716 providentia
3135 5649 3265 5694 tunc
3306 5643 3425 5689 erat
3458 5634 3511 5687 in
3558 5645 3681 5683 uto-

2090 5743 2354 5808 nasterio,
2375 5751 2601 5812 propter
2625 5753 2783 5792 usum
2802 5736 3060 5805 aliquem,
3074 5728 3308 5787 accersit
3322 5726 3409 5780 illa
3429 5727 3605 5785 beata,
3624 5741 3636 5770 ι
3659 5722 3682 5776 ι

2094 5846 2268 5910 regat,
2295 5844 2351 5891 ut
2368 5844 2482 5890 tres
2511 5832 2631 5888 dies
2660 5838 2878 5887 maneat
2907 5828 2963 5883 in
2984 5820 3343 5891 monasterio,
3362 5818 3553 5874 dicens
3571 5830 3681 5870 non
