4156 6426
485 397 596 465 319

1745 389 2031 451 MENSIS
2070 382 2534 448 IANUARIUS.

3633 360 3743 435 3Ξῦ

488 513 737 571 inutilem
777 524 896 565 eam
925 523 1132 564 moram
1166 506 1264 563 sibi
1297 505 1434 560 fore.
1460 502 1567 558 Sed
1594 502 1680 557 cui
1704 517 1931 557 summa:
1954 508 2073 555 erat

2184 498 2336 564 ἀξιοῖ,
2391 496 2490 549 οὐκ
2529 491 2732 563 ἀκερδῆ
2769 488 2919 561 αὐτῷ
2971 488 3190 543 ἔσεσθαι
3241 485 3341 558 τὴν
3384 484 3748 555 προσεδρείαν

488 621 634 661 curre
658 604 726 658 de
774 601 1092 658 charissima
1124 599 1323 669 aliquid
1355 596 1495 653 scire
1532 596 1637 649 ﬁlia
1661 638 1674 660 ,
1699 604 1853 665 ρπιυ
1875 595 2068 648 lubens

488 692 714 747 obediit.
741 691 879 746 Cum
910 699 1092 745 autem
1129 690 1239 760 jam
1272 688 1489 742 adesset
1517 686 1710 740 tertius
1740 694 1795 740 et
1826 685 2067 747 ultimus,

492 800 615 838 cum
640 798 809 852 prope
842 797 900 836 se
931 783 1178 845 advocat,
1200 781 1277 835 'et
1305 778 1439 834 dicit
1473 796 1485 832 :
1518 776 1785 843 Quoniam
1817 776 1956 830 Deus
1982 791 2071 830 res

490 889 660 936 meas,
690 881 747 926 ut
775 873 962 936 voluit,
992 870 1413 930 administravit,
1447 875 1503 922 et
1528 876 1585 921 ut
1616 867 1670 921 in
1705 867 1979 936 proposito
2004 866 2072 919 ab

494 964 651 1016 init'o
678 971 934 1031 suscepto
974 975 1145 1030 usque
1186 960 1251 1014 ad
1294 958 1455 1012 linem
1490 973 1905 1027 permanerem,
1938 956 2070 1010 mihi

496 1054 640 1107 τὶν-οε
669 1055 890 1117 tribuit,
917 1054 1040 1107 volo
1065 1061 1116 1107 te
1156 1052 1314 1106 hodie
1344 1052 1574 1106 liberare
1595 1049 1781 1104 multis
1810 1048 2074 1103 sollicitu-

492 1145 732 1209 dinibus,
768 1153 824 1198 et
861 1144 929 1198 de
961 1142 1069 1198 ﬁlia
1125 1152 1234 1204 tua,
1282 1142 1427 1212 quod
1478 1142 1612 1204 scio,
1650 1141 1876 1195 dicere:
1908 1154 2072 1208 quam

494 1243 579 1290 sat
613 1234 726 1288 scio
761 1243 811 1287 te
853 1234 1024 1298 sitire,
1073 1242 1127 1287 et
1173 1233 1291 1302 ejus
1326 1231 1517 1285 ardere
1566 1231 1860 1285 desiderio.
1921 1229 2075 1286 Scias

494 1340 647 1395 ergo.
675 1325 872 1393 inquit,
903 1339 937 1379 ο
971 1333 1145 1392 pater,
1177 1338 1263 1376 me
1293 1338 1413 1376 esse
1444 1330 1590 1375 tuam
1625 1322 1788 1374 filiam
1837 1321 2072 1391 (vultum

494 1416 791 1470 ostendens
811 1430 972 1484 quam
1003 1414 1116 1468 fieri
1150 1416 1325 1483 potuit
1348 1413 1788 1483 evidentissime)
1824 1430 1837 1467 :
1871 1414 2077 1469 utlate-

499 1521 610 1560 rem
639 1514 845 1567 autem.
888 1520 972 1559 me
1010 1506 1065 1558 in
1099 1505 1244 1558 hunc
1278 1511 1671 1559 transmutasse
1704 1504 1972 1564 habitum.
2007 1519 2075 1559 ex

495 1607 605 1662 quo
627 1591 759 1645 mihi
787 1591 1011 1645 omnino
1048 1590 1139 1647 Dei
1169 1591 1503 1664 benignitate
1535 1593 1741 1655 evenit,
1775 1602 1836 1648 ut
1869 1594 1994 1649 licet
2024 1603 2076 1649 te

494 1683 721 1737 viderim
765 1699 861 1754 per
918 1691 1085 1739 lotam
1115 1684 1316 1749 vitam,
1341 1684 1548 1739 nullum
1573 1693 1754 1741 tamen
1786 1702 1817 1741 a
1848 1695 1903 1742 te
1940 1688 2076 1742 mihi

497 1776 718 1830 allatum
746 1776 816 1831 sit
836 1776 1286 1846 impedimentum
1328 1777 1382 1831 in
1409 1777 1761 1849 suscipiendo
1778 1780 2076 1835 certamine

2167 589 2373 658 ταύτην
2405 584 2656 640 εἰποῦσα·
2689 583 2807 637 ἀλλ’
2851 584 2879 635 6
2928 581 3022 635 διά
3050 582 3232 649 πάσης
3270 580 3412 651 ἔχων
3460 581 3743 651 φροντίδος

2167 679 2229 731 τδ
2274 679 2404 746 περὶ
2438 676 2539 745 τῆς
2587 675 2853 745 φιλτάτης
2902 673 3118 754 μαθεῖν,
3161 672 3472 742 ὑπήκουσεν
3513 675 3753 744 ἄσμενος

2168 772 2197 823 6
2227 770 2432 839 πατήρ.
2476 768 2564 830 Ὠς
2594 767 2651 821 δὲ
2675 767 2707 837 ὴ
2734 766 2893 839 τρίτη
2927 765 3021 819 καὶ
3057 765 3341 820 τελευταία
3368 768 3553 838 παρῆν
3580 784 3754 837 προσ.

2171 862 2420 916 καλεῖται
2447 860 2646 913 τούτου
2667 860 2895 929 πλησίον
2925 858 3118 928 αὐτῆς,
3152 860 3246 913 καί
3277 876 3468 929 φησιν·
3489 860 3753 931 Ἐπεί-περ

2170 956 2238 1007 τὰ
2266 953 2386 1006 κατ’
2414 953 2511 1021 ἐμὲ
2540 953 2569 1005 6
2596 951 2731 1014 Θεὸς
2763 951 2953 1022 ὥσπερ
2995 952 3090 1005 καὶ
3129 951 3366 1023 ἠθέλησε
3403 952 3752 1024 ᾠκονόμησε,

2172 1045 2265 1099 καί
2294 1061 2362 1116 με
2379 1048 2445 1116 τῇ
2477 1044 2535 1111 ἐξ
2562 1045 2739 1114 ἀρχῆς
2762 1044 3015 1114 προθέσει
3042 1044 3340 1115 μεῖναιξκαὶ
3374 1046 3539 1116 μέχρι
3564 1047 3756 1111 τέλους

2173 1138 2444 1207 ἐνίσχυσε,
2480 1135 2747 1207 βούλομαί
2772 1151 2831 1189 σε
2861 1136 3072 1190 πολλῶν
3100 1137 3397 1207 φροντίδων
3444 1138 3755 1204 ἀπαλλάξαι

2172 1230 2273 1299 τὴν
2298 1231 2560 1303 τήμερον,
2590 1230 2686 1283 καὶ
2712 1229 2843 1300 περὶ
2880 1229 2981 1298 τῆς
3021 1230 3122 1299 σῆς
3153 1230 3330 1283 εἰπεῖν
3364 1228 3657 1298 θυγατρὸς,
3683 1231 3756 1301 ἦν

2173 1318 2292 1375 οἶδα
2322 1321 2463 1374 κατά
2495 1320 2594 1384 τὰς
2638 1320 2872 1389 ἐλάφους
2900 1319 3089 1391 διψᾷς,
3122 1320 3218 1373 καὶ
3254 1320 3331 1392 τῷ
3360 1320 3510 1392 πόθῳ
3548 1321 3759 1391 ταύτης

2176 1414 2529 1467 ὲκκέκαυσαι.
2557 1412 2697 1466 Ἵσθι
2726 1412 3038 1483 τοιγαροῦν,
3069 1407 3115 1465 ὧ
3145 1412 3343 1482 πάτερ,
3378 1412 3506 1482 ἔφη,
3556 1413 3618 1465 τὸ
3662 1413 3760 1465 σὺν

2176 1504 2365 1560 τέκνον
2409 1504 2677 1574 ὑπάρχειν
2733 1503 2865 1574 ἐμὲ,
2904 1503 3126 1568 δείξασα
3161 1503 3257 1556 καὶ
3292 1502 3391 1575 τὴν
3422 1503 3545 1572 ὄψιν
3581 1503 3755 1572 αὐτῷ,

2177 1595 2302 1649 καθ’
2337 1596 2459 1649 ὅσον
2487 1591 2601 1650 οἷόν
2632 1613 2691 1649 τε
2718 1595 3119 1668 φανερώτερον.
3156 1595 3265 1649 Τοῦ
3286 1596 3341 1649 δὲ
3375 1580 3559 1650 λαθεῖν
3589 1596 3759 1650 ἕνεκα

2178 1689 2258 1752 εἱς
2306 1689 2427 1743 τόδε
2472 1689 2534 1743 τὸ
2581 1689 2767 1759 σχῆμα
2805 1688 3133 1759 μεταϐαλεῖν
3164 1689 3429 1759 ἐμαυτὴν,
3459 1688 3518 1753 ἐξ
3558 1682 3618 1742 οὗ
3665 1705 3757 1759 μοι

2185 1780 2528 1851 προσγέγονε
2563 1779 2698 1834 Θεοῦ
2730 1779 2948 1843 πάντως
2990 1778 3135 1834 οὕτω
3171 1781 3614 1845 συνευδοκοῦντος
3636 1822 3650 1847 ,
3692 1781 3759 1834 τὸ

497 1867 909 1922 exercitationis
941 1884 954 1920 :
993 1875 1047 1922 et
1086 1876 1142 1922 tu
1183 1882 1332 1923 nunc
1362 1869 1542 1934 adsis,
1583 1876 1643 1923 ut
1685 1870 1792 1925 tuis
1828 1872 2082 1928 manibus

2185 1871 2279 1924 καὶ
2313 1869 2374 1923 σὲ
2414 1870 2504 1922 διά
2535 1868 2652 1939 βίου
2702 1870 2904 1933 παντὸς
2943 1871 3096 1942 ὁρᾷν,
3130 1871 3226 1924 καὶ
3274 1870 3427 1941 παρὰ
3458 1869 3551 1923 σοῦ
3590 1871 3760 1940 μηδὲν

499 1958 794 2028 sepulturae
837 1975 972 2015 mea:
1020 1960 1350 2015 mandentur
1394 1962 1660 2032 reliquiae.
1695 1961 1787 2018 Sic
1830 1963 1987 2029 dixit,
2024 1972 2080 2019 et

502 2048 734 2107 Domino
771 2052 953 2106 statim
980 2052 1200 2108 tradidit
1232 2053 1494 2109 animam.

576 2307 713 2364 XIV.
767 2311 861 2367 Ille
912 2323 1093 2369 autem
1132 2330 1192 2371 re
1229 2316 1507 2387 inopinata
1545 2320 1922 2391 stupefactus,
1970 2339 2083 2379 non

507 2401 807 2469 respirans,
840 2404 991 2458 humi
1021 2407 1238 2472 cecidit,
1268 2416 1526 2480 tanquam
1564 2422 1835 2480 mortuus,
1859 2415 1996 2471 adeo
2027 2425 2087 2471 ut

515 2507 657 2563 aqua
688 2494 880 2551 faciem
907 2498 1026 2567 ejus
1056 2504 1353 2572 asperserit
1374 2504 1634 2575 Agapius,
1663 2516 1719 2562 et
1740 2524 1863 2563 cum
1878 2525 2002 2564 eum
2016 2511 2087 2566 ad

512 2598 573 2638 se
603 2596 933 2652 revocasset,
963 2595 1285 2663 rogaretqui
1306 2593 1505 2649 factum
1525 2597 1616 2664 sit,
1639 2599 1783 2668 quod
1801 2601 1850 2654 ei
1868 2601 2086 2659 defece-

513 2670 583 2727 rit
610 2676 846 2732 animus.
881 2678 977 2734 Ille
1007 2689 1187 2736 autem
1213 2684 1349 2739 dixit
1384 2702 1443 2741 se
1479 2688 1680 2743 vidisse
1707 2704 1793 2745 res
1819 2692 1956 2747 adeo
1988 2694 2087 2749 ad-

512 2767 822 2837 mirabiles,
853 2780 911 2826 ut
938 2784 1162 2843 cuperet
1191 2780 1355 2833 etiam
1388 2796 1512 2835 mox
1556 2782 1722 2837 vitam
1754 2800 1880 2840 cum
1912 2796 2089 2842 morte

512 2868 871 2916 commutare.
917 2862 1118 2920 Deinde
1155 2882 1279 2921 cum
1320 2876 1675 2940 surrexisset,
1708 2885 1763 2931 et
1796 2877 2091 2933 circumfu-

515 2960 609 3039 sus
664 2950 868 3005 sanctis
918 2951 1025 3008 illis
1076 2967 1223 3011 esset
1276 2959 1540 3030 reliquiis,
1593 2973 1648 3019 et
1706 2980 1801 3021 eas
1844 2966 2092 3039 irrigaret

511 3038 765 3107 lacrymis
788 3083 801 3105 ,
837 3050 895 3096 et
934 3047 1252 3103 commistos
1281 3053 1479 3121 gaudio
1506 3052 1668 3111 ﬂetus
1712 3038 2008 3124 emitteret,
2036 3068 2093 3115 et

511 3129 774 3182 clamaret
804 3148 819 3184 :
851 3129 950 3186 Hei
1011 3135 1163 3202 mihi,
1218 3137 1324 3193 ﬁlia
1365 3141 1675 3200 dulcissima
1697 3187 1711 3212 ,
1760 3161 1859 3202 cur
1890 3164 2000 3205 non
2035 3159 2088 3207 te

2182 1964 2319 2033 πρὸς
2348 1962 2442 2017 τὸν
2475 1964 2573 2033 τής
2612 1963 2903 2031 ἀσκήσεως
2955 1961 3165 2030 ἀγῶνα,
3218 1961 3758 2032 παρεμποδίςεσθαι⁸

2180 2056 2275 2107 καὶ
2308 2053 2404 2106 νῦν
2434 2052 2693 2124 παρεῖναί
2728 2068 2789 2105 σε
2840 2052 2917 2116 ὡς
2949 2052 3016 2106 ἂν
3050 2053 3147 2108 καὶ
3179 2053 3338 2124 χερσὶ
3384 2054 3505 2117 ταῖς
3552 2054 3673 2116 σαῖς
3696 2053 3763 2106 τδ

2181 2146 2312 2216 ἐμὸν
2339 2146 2498 2218 τάφῳ
2529 2144 2841 2218 παραδοθῇς
2869 2145 3144 2216 λείψανον.
3167 2144 3355 2211 Οὕτως
3391 2141 3532 2212 εἷπε,
3558 2147 3652 2200 καὶ
3681 2144 3762 2215 τῷ

2182 2240 2374 2311 Κυρίῳ
2407 2239 2570 2302 εὐθὺς
2601 2238 2869 2309 παρέθετο
2896 2236 2998 2309 τὴν
3024 2237 3224 2309 ψυχήν.
3445 2306 3495 2315 ﬂ

2256 2331 2354 2385 1Δ’.
2404 2330 2464 2385 '0
2491 2331 2549 2385 δὲ
2586 2330 2663 2401 τῷ
2715 2330 3109 2402 ἀπροσδοκήτῳ
3165 2331 3262 2384 τοῦ
3317 2330 3640 2401 πράγματος
3669 2331 3765 2384 ικ-

2185 2424 2416 2493 πλαγεὶς
2446 2423 2654 2487 ἄπνους
2692 2422 2826 2476 ὡσεὶ
2849 2422 3041 2495 νεκρὸς
3074 2422 3383 2477 κατέπεσεν
3413 2418 3515 2475 ἐπί
3531 2422 3657 2493 γῆν,
3684 2421 3763 2487 ὡς

2187 2514 2342 2569 ὕδατι
2373 2516 2465 2569 τὸν
2507 2514 2771 2583 Ἀγάπιον
2814 2516 2876 2569 τὸ
2903 2514 3095 2568 τούτου
3136 2513 3557 2586 περιρραντίσαι
3593 2515 3764 2585 πρόσο

2190 2628 2364 2678 ωπον,
2411 2612 2502 2666 καὶ
2539 2611 2987 2682 ἀνακτησάμενον
3025 2611 3257 2681 ἐρωτᾷν,
3306 2609 3359 2662 τί
3388 2608 3628 2663 παθόντα
3658 2608 3768 2661 λει-

2187 2702 2436 2774 ποθυμίᾳ
2462 2704 2803 2770 περιπεσεῖνο
2825 2703 2917 2755 τὸν
2943 2701 2999 2756 δὲ
3032 2700 3205 2770 φάναι
3232 2699 3492 2754 τοιούτων
3525 2701 3604 2762 είς
3630 2698 3766 2752 θέαν

2190 2795 2512 2866 παραδόξων
2556 2794 2753 2859 ἐλθεῖν,
2780 2794 2857 2858 ὡς
2883 2792 3134 2863 ἐφίεσθαι
3161 2793 3254 2845 καὶ
3277 2792 3337 2845 τὸ
3361 2791 3463 2862 ζῇν
3483 2793 3565 2855 είς
3598 2791 3765 2862 τάχος

2189 2887 2505 2943 ἀποϐαλεῖν.
2546 2882 2685 2941 Εἶτα
2722 2886 3087 2941 διαναστάντα
3132 2886 3228 2940 καὶ
3262 2885 3341 2957 τῷ
3383 2884 3525 2955 ἁγίῳ
3570 2882 3765 2953 ἐκείνῳ

2190 2978 2427 3049 λειψάνῳ
2472 2977 2834 3048 περιχυθέντα
2859 2976 3090 3049 δάκρυσί
3123 2992 3181 3028 τε
3209 2974 3341 3029 αὐτὸ
3374 2973 3764 3045 καταδρέχειν,

2192 3071 2287 3125 καὶ
2315 3070 2585 3141 ὀδυρμοὺς
2615 3069 2837 3139 ἀφιέναι
2866 3064 3026 3140 ἡδονῇ
3059 3068 3376 3139 συμμιγεῖς.
3413 3066 3524 3119 Καὶ
3557 3066 3609 3118 of
3634 3066 3761 3135 μοιι

2192 3163 2404 3227 τέκνον,
2436 3162 2585 3233 βοᾷν,
2616 3160 2973 3230 γλυκύτατον,
3003 3160 3091 3214 διά
3116 3160 3170 3213 τί
3200 3160 3403 3231 σαυτήν
3431 3174 3520 3230 μοι
3550 3158 3623 3229 μὴ
3657 3156 3769 3225 πρὸ

512 3217 646 3271 mihi
679 3219 771 3273 diu
814 3230 942 3277 ante
987 3228 1290 3294 aperuisti?
1329 3229 1440 3286 Cur
1486 3249 1597 3288 non
1650 3252 1737 3292 me
1770 3255 1875 3293 una
1905 3248 2084 3297 tecum

2192 3217 2404 3310 «51106,
2430 3217 2784 3324 ἀπεκάλυψας
2808 3271 2823 3322 ;
2857 3217 2972 3308 διὰ,
2997 3254 3050 3308 τί
3090 3253 3164 3325 μὴ
3198 3217 3637 3323 συνεργάτηνρε
3664 3217 3767 3317 sine

510 3322 854 3382 assumps'sti
907 3322 1112 3373 socium
1164 3322 1219 3377 in
1264 3340 1431 3394 opere
1489 3330 1568 3383 tui
1610 3335 1919 3404 propositi?
1969 3336 2084 3393 Heu

2194 3349 2293 3419 σῆς
2317 3348 2628 3419 προθέσεως
2662 3322 3126 3418 συμπαρειληφας
3207 3348 3259 3400 οί
3286 3322 3380 3417 ’μοι
3406 3343 3459 3398 τί
3484 3322 3767 3409 πέπονθας

512 3417 601 3456 me
658 3406 938 3475 miserum,
986 3413 1116 3480 quid
1165 3416 1296 3471 milii
1352 3420 1585 3477 accidit!
1640 3426 1923 3489 Quomodo
1988 3429 2084 3486 fuit

2191 3406 2309 3503 mili;
2352 3406 2953 3511 dyvdnpa‘ml'txoii'tov
2986 3406 3234 3508 ήγνύησα
3259 3406 3435 3505 ίπῶς
3465 3437 3567 3489 οὐκ
3615 3406 3765 3505 ᾔδειν

512 3501 661 3546 tanta
704 3511 822 3550 mea
849 3501 1202 3567 ignorantia?
1232 3506 1517 3571 Quomodo
1547 3515 1858 3570 nesciebam
1902 3533 1991 3573 me
2034 3520 2089 3574 in

510 3584 764 3681 manibus
816 3588 1022 3647 habere
1045 3633 1058 3657 ,
1114 3597 1260 3663 quod
1289 3602 1679 3667 quaerebatur?
1724 3605 1865 3672 Quid
1900 3611 2089 3681 agam?

510 3675 805 3735 Festumne
862 3685 1187 3754 celebrabo,
1250 3691 1392 3747 hanc
1432 3695 1624 3753 videns
1664 3713 1786 3767 quae
1825 3675 2090 3771 processit

508 3782 576 3821 ex
606 3770 742 3825 meis
789 3772 1021 3843 lumbis,
1056 3792 1126 3832 an
1167 3779 1363 3851 lugebo
1410 3784 1588 3842 victus
1627 3770 1870 3857 paternis
1914 3791 2090 3846 visce-

508 3861 698 3917 ribus?
731 3862 837 3921 Sed
869 3883 977 3923 non
1008 3881 1090 3926 est
1121 3873 1408 3930 honestum
1447 3893 1542 3933 eos
1572 3879 1779 3951 lugere,
1807 3883 1897 3952 qui
1937 3894 2089 3954 post-

509 3969 672 4020 quam
701 3957 831 4012 hinc
861 3965 1218 4031 excesserint,
1253 3968 1460 4023 vadunt
1492 3971 1558 4025 ad
1582 3972 1748 4027 vitam
1779 3976 2085 4043 meliorem,

508 4045 721 4101 etiamsi
773 4060 967 4105 natura
1011 4054 1346 4113 domesticos
1396 4062 1751 4131 amplectens,
1795 4082 1882 4122 me
1929 4077 2090 4139 cogat

511 4137 615 4191 hoc
649 4138 848 4193 facere.
904 4141 1387 4205 Veruuicnimvcro
1432 4152 1708 4221 lugentem
1752 4173 1841 4211 me
1885 4137 2089 4229 excipit

508 4230 764 4320 gaudium
791 4270 806 4295 ,
849 4231 1029 4289 fontes
1084 4239 1390 4306 reprimens
1433 4242 1790 4314 lacrymarum
1821 4289 1836 4313 ,
1868 4260 1923 4305 et
1961 4267 2087 4320 per-

509 4319 697 4373 suadet
735 4328 796 4374 ut
842 4324 1108 4391 postulem
1148 4342 1309 4396 quam
1356 4332 1590 4401 primum
1640 4337 1766 4391 hinc
1801 4319 2084 4395 excedere.

513 4409 641 4464 Scio
668 4412 813 4466 enim
850 4414 967 4468 fore
1021 4426 1082 4470 ut
1121 4433 1240 4473 eam
1271 4421 1501 4491 Videat,
1537 4436 1593 4481 et
1638 4429 1707 4484 ab
1754 4446 1816 4485 ca
1872 4433 2083 4499 ridear,

2190 3532 2330 3602 ἔχων
2360 3534 2418 3586 ὲν
2448 3532 2609 3602 χερσὶ
2659 3532 2720 3585 τὸ
2756 3530 3117 3602 ζητούμενονς
3171 3531 3225 3581 τί
3268 3528 3466 3594 πάθω;
3518 3525 3765 3597 ἐορτάοω

2187 3624 2391 3695 ταύτην
2419 3625 2517 3694 τὴν
2545 3623 2602 3691 ἐξ
2633 3623 2833 3693 ὀσφύος
2872 3640 2973 3695 μου
3010 3622 3266 3693 τοιαύτην
3287 3621 3462 3693 ὁρῶν;
3495 3621 3527 3690 ή
3560 3619 3767 3690 θρηνή-

2190 3732 2269 3769 σω
2299 3715 2633 3786 σπλάγχνοις
2674 3714 2975 3783 νικώμενος
3009 3715 3329 3785 πατρικοῖς;
3374 3711 3509 3765 ἀλλὰ
3544 3710 3764 3782 θρηνεῖν

2187 3807 2251 3860 ού
2290 3806 2457 3861 καλὸν
2503 3804 2631 3869 τοὺς
2676 3806 2815 3877 μετὰ
2846 3806 2945 3877 τὴν
3002 3805 3213 3858 ἐνθένδε
3271 3803 3594 3872 ἀπαλλαγὴν
3624 3802 3768 3871 πρ“ς

2189 3896 2477 3965 κρείττονα
2515 3895 2921 3966 πορευομένους
2944 3893 3240 3966 διαγωγὴν,
3269 3895 3373 3949 κᾶν
3410 3894 3441 3962 ἠ
3469 3893 3630 3961 φύσις
3652 3891 3763 3944 τῶν

2188 3988 2408 4041 οἰκείων
2433 3987 2769 4058 ἀντεχομένη
2814 3986 2976 4040 τοῦτό
3036 4002 3101 4057 με
3145 3984 3533 4055 καταναγκάζῃ
3565 3985 3762 4036 ποιεῖν·

2189 4079 2328 4150 πλὴν
2360 4079 2496 4133 ἀλλά
2539 4078 2840 4149 θρηνοῦντά
2888 4095 2956 4148 με
2991 4079 3134 4150 χαρὰ
3164 4080 3464 4149 διαδέχεται
3492 4079 3617 4139 τοὺς
3650 4076 3766 4128 τῶν

2187 4170 2439 4240 δακρύων
2479 4172 2741 4239 κρουνοὺς
2788 4170 3228 4236 ἀναστέλλουσα,
3279 4172 3373 4224 καὶ
3416 4169 3514 4240 τὴν
3552 4168 3767 4222 ἐνθένδε

2192 4262 2526 4331 μετάστασιν
2560 4262 2736 4315 πείθει
2768 4263 2829 4316 τὸ
2854 4263 3018 4331 τάχος
3057 4261 3362 4332 ἐπιζητεῖν.
3394 4258 3526 4316 Οἶδα
3559 4262 3667 4329 γὰρ
3688 4259 3769 4322 ὡς

2188 4353 2391 4421 ὅψομαί
2418 4372 2479 4405 τε
2512 4353 2681 4425 αὐτὴν
2711 4356 2806 4407 καὶ
2837 4355 3145 4424 ὀφθήσομαι
3172 4353 3308 4407 Θεοῦ
3353 4350 3769 4421 φιλανθρωπίας

2189 4440 2345 4494 τοῦτο
2375 4441 2644 4511 διδούσης,
2689 4445 2782 4496 καὶ
2815 4446 2893 4505 εἰς
2920 4444 3011 4495 τὸν
3042 4444 3215 4497 αίῶνα
3250 4443 3553 4513 συξήσομαι
3599 4443 3666 4511 τῇ
3707 4441 3772 4505 ἐξ

512 4499 616 4555 hoc
645 4505 980 4561 concedente
1010 4507 1104 4562 Dei
1136 4510 1502 4583 benignitate.
1530 4527 1586 4571 et
1614 4518 1774 4573 simul
1815 4522 1986 4575 vivam
2028 4523 2082 4577 in

2188 4534 2322 4602 ἐμοῦ
2357 4535 2453 4603 μὲν
2483 4499 2825 4608 γεννηθείσῃ,
2862 4499 3013 4606 αὐτῷ
3044 4537 3101 4590 δὲ
3135 4499 3381 4608 quam},
3404 4499 3497 4589 κσίι
3529 4536 3625 4606 τὴν
3640 4499 3772 4605 ”μαξ

509 4592 703 4646 saecula
728 4610 852 4650 cum
871 4613 956 4665 ea,
990 4616 1111 4669 quae
1139 4617 1169 4656 a
1201 4620 1287 4659 me
1316 4607 1537 4675 quidem
1572 4620 1656 4665 est
1682 4614 1884 4682 genita,
1913 4616 1963 4669 ei
1990 4633 2089 4674 au-

511 4694 619 4739 tem
651 4688 803 4754 vixit,
835 4699 891 4744 et
915 4691 1127 4747 beatam
1162 4695 1236 4749 illi
1277 4700 1497 4755 tradidit
1522 4701 1781 4759 animam.

581 4775 695 4831 XV.
739 4778 836 4836 His
875 4784 1059 4839 verbis
1088 4801 1213 4840 cum
1241 4797 1438 4844 totum
1490 4802 1671 4848 actum
1730 4795 2091 4852 intellexisset

510 4870 776 4941 Agapius.
809 4873 861 4928 id
894 4880 1184 4933 annuntiat
1217 4898 1343 4936 cum
1370 4884 1609 4941 clamore
1640 4896 1693 4941 et
1725 4888 2087 4947 admiratione

507 4960 766 5029 prmfecto
790 4975 844 5018 et
870 4966 1148 5025 fratribus.
1186 4971 1263 5027 llli
1298 4984 1480 5030 autem
1518 4982 1923 5036 contendebant
1950 4985 2092 5039 alius

507 5052 673 5107 alium
709 5059 1044 5125 prmvenire,
1095 5063 1454 5134 obstupefacti
1506 5086 1647 5125 nova
1678 5084 1732 5129 ct
1781 5075 1956 5131 aliena
2001 5094 2094 5133 au-

509 5143 715 5198 ditione
738 5186 753 5210 ,
797 5154 852 5201 et
887 5152 1140 5205 studebat
1175 5159 1546 5229 unusquisque
1584 5164 1790 5231 primus
1824 5182 2095 5222 veneran-

507 5234 605 5288 das
636 5239 888 5307 amplecti
922 5244 1199 5313 reliquias.
1232 5249 1369 5303 Cum
1400 5262 1583 5307 autem
1615 5259 1938 5313 accessisset
1970 5264 2092 5330 qni-

508 5328 728 5423 damAcx
756 5332 1017 5391 fratribus
1050 5341 1223 5394 altero
1253 5345 1414 5398 oculo
1442 5348 1666 5403 orbatus
1686 5390 1701 5414 ,
1728 5350 1844 5419 ipse
1875 5328 2091 5423 quoque

505 5420 874 5513 amplexurus,
928 5425 1103 5482 lucem
1149 5444 1233 5487 cst
1278 5447 1564 5493 assecutus
1609 5440 1677 5495 ab
1711 5458 1808 5503 ea.
1852 5460 1972 5513 quae
2004 5420 2090 5499 ξη-

510 5508 630 5561 vina
664 5511 786 5566 luce
814 5514 975 5585 digna
1014 5528 1130 5573 crat
1162 5522 1381 5588 habita,
1414 5537 1469 5581 et
1494 5529 1633 5583 duos
1667 5508 2091 5590 habuit-illmsos

509 5604 725 5666 oculos.
762 5619 970 5663 certum
1006 5612 1231 5671 effectus
1276 5621 1645 5677 testimonium
1686 5626 1829 5680 illius
1880 5628 2001 5681 fidei
2037 5639 2093 5683 et

512 5692 882 5793 beatitudinis.
929 5719 1090 5771 quam
1137 5710 1226 5764 illa
1278 5712 1453 5769 fuerat
1494 5727 1766 5773 assecuti.
1810 5720 1928 5773 Non
1977 5738 2093 5775 am-

512 5784 656 5852 plius
680 5804 809 5859 ergo
832 5797 1124 5863 sepultura:
1157 5807 1542 5875 meminerant,
1577 5813 1666 5881 qui
1701 5812 1922 5869 aderant
1958 5834 1967 5867 :
1996 5818 2090 5871 scd

2190 4625 2389 4694 καρίαν
2431 4625 2788 4698 παραθεμένῃ
2828 4628 3027 4700 ψυχήν.

2261 4805 2365 4859 ΙΕ’.
2396 4807 2620 4870 Τούτοις
2674 4809 2787 4870 τοῖς
2841 4809 3055 4879 ῥήμασι
3083 4809 3143 4863 τὸ
3193 4812 3300 4863 πᾶν
3348 4810 3441 4863 τοῦ
3488 4811 3773 4881 δράματος

2191 4898 2370 4960 συνεὶς
2396 4899 2424 4951 6
2464 4898 2750 4964 Ἀγὰπιος,
2794 4899 2892 4951 σὺν
2925 4899 3020 4970 βοῇ
3058 4899 3154 4952 καὶ
3191 4900 3433 4971 θαύματι
3459 4901 3773 4967 διαγγέλλει

2189 4987 2269 5057 τῷ
2317 4989 2607 5059 ἡγουμένῳ
2658 5006 2719 5042 τε
2785 4990 2881 5043 καὶ⁵
2938 4994 3049 5053 τοῖς
3094 4992 3361 5061 ἀδελφοῖς.
3413 4993 3476 5045 Οἱ
3519 4994 3574 5044 δὲ
3604 4991 3768 5056 ἄλλος

2190 5080 2354 5135 ἄλλον
2396 5080 2622 5147 φθάνειν
2658 5080 2950 5151 ἠπείγοντο
2993 5081 3056 5134 τὸ
3099 5084 3284 5136 καινὸν
3328 5083 3422 5137 καὶ
3475 5084 3624 5150 ξένον
3665 5084 3771 5152 τῆς

2191 5175 2362 5243 ἀκοῆς
2411 5176 2863 5246 ἐκπληττόμενοι,
2924 5178 3018 5230 καὶ
3069 5178 3282 5246 πρῶτος
3331 5178 3559 5239 ἕκαστος
3594 5177 3654 5229 τὸ
3685 5194 3776 5229 τι-

2195 5267 2466 5335 μιώτατον
2499 5267 2729 5321 ἔσπευδε
2788 5268 3227 5339 περιπτύξασθαι
3278 5268 3551 5337 λείψανον.
3596 5268 3683 5330 Ὠς
3709 5269 3771 5322 δέ

2189 5379 2273 5423 τις
2307 5362 2413 5414 τῶν
2479 5361 2726 5430 ἀδελφῶν
2758 5362 2850 5414 τὸν
2907 5363 3096 5432 ἓτερον
3146 5363 3432 5432 ὀφθαλμὸν
3485 5362 3777 5433 πηρωθεὶς

2192 5453 2487 5522 προσῆλθε,
2544 5455 2639 5507 καὶ
2701 5454 2864 5517 αὐτὸς
2924 5455 3336 5524 ἀσπασόμενος,
3381 5454 3559 5522 φωτὸς
3607 5453 3775 5522 ἔτυχε

2192 5545 2343 5613 παρὰ
2368 5547 2465 5614 τῆς
2496 5546 2673 5613 φωτὸς
2701 5545 2796 5599 τοῦ
2828 5546 2974 5598 θείου
3008 5546 3344 5616 ἠξιωμένης,
3381 5546 3478 5598 καὶ
3518 5547 3642 5608 τοὺς
3673 5544 3775 5596 δύο

2191 5629 2334 5703 εἶχεν
2357 5637 2585 5697 ἀπαθεῖς
2617 5636 2948 5705 ὀφθαλμοὺς,
2978 5638 3277 5707 μαρτύριον
3302 5637 3591 5706 γενόμενος
3612 5636 3773 5704 ἀκρι-

2192 5727 2285 5790 6‘s;
2318 5730 2416 5797 τῆς
2447 5729 2611 5780 αὑτοῦ
2647 5730 2902 5793 πίστεως,
2956 5728 3053 5782 καὶ
3110 5726 3177 5800 ἧς
3224 5731 3407 5800 ἐκείνη
3448 5726 3765 5797 κατηξιώθη

2197 5821 2619 5890 μακιριὸτητος.
2654 5821 2853 5874 υὺκέτι
2909 5817 3003 5873 οὖν
3035 5822 3213 5890 ταφῆς
3243 5823 3292 5875 οἳ
3326 5822 3589 5892 παρόντες
3635 5818 3769 5889 ἐμέ-
