4156 6410
281 399 391 465 321
1303 397 1477 459 VITA
1518 399 1565 457 B
1623 395 2139 457 APOLLINARIS
2168 395 2573 469 ,VIRGINIS.
3473 402 3579 465 322

288 533 526 589 p-njwo,
583 514 728 569 ἀλλὰ
759 512 971 586 ταύτης
1020 513 1398 584 ἐπιλαθόμενοι
1419 554 1436 579 ,
1467 513 1763 585 δοξοὶογίᾳ,
1794 513 1889 566 καὶ

1997 513 2110 583 ejus
2172 514 2362 577 obliti,
2426 513 2821 585 gloriﬁcdione
2882 521 2939 569 et
3001 513 3364 571 admiratione
3418 518 3580 573 divisi

291 608 542 678 θαύματι
586 607 732 675 μετὰ
763 606 941 676 χαρᾶς
989 604 1327 674 ἐμερίζοντο.
1372 605 1498 675 Ὀψὲ
1528 606 1584 658 δὲ
1619 606 1715 658 καὶ
1740 605 1893 674 μόλις

1997 612 2302 658 erantcum
2348 604 2561 659 laetitia.
2614 604 2750 658 Cum
2804 612 2987 658 autem
3028 605 3117 659 vix
3160 605 3375 660 tandem
3425 623 3585 677 repu-

292 699 476 753 αὐτῶν
533 693 685 751 εἶναι
741 698 836 752 τὸν
887 696 1190 768 θησαυρὸν,
1223 697 1318 753 καὶ
1351 697 1490 769 μετὰ
1542 696 1643 767 τὴν
1692 697 1889 767 ταφὴν,

1997 703 2222 760 lassent.
2253 696 2416 751 etiam
2451 706 2575 767 post
2608 696 2945 765 sepulturam
2976 697 3227 751 eumdem
3268 706 3415 753 esset
3458 699 3583 753 the-

289 791 683 861 λογισάμενοι,
746 790 866 852 τοῖς
915 789 1029 842 τῶν
1078 788 1334 860 πατέρων
1384 788 1631 859 μνήμασι
1690 787 1895 858 ταύτην

1997 800 2258 851 saurum,
2292 786 2437 839 illam
2488 787 2773 856 deponunt
2817 786 2874 839 in
2918 787 3292 841 monumentis
3335 797 3577 855 patrum,

282 882 786 951 ἐγκατατίθενται,
840 881 983 950 φωτὶ
1029 880 1161 952 θείῳ
1193 881 1256 934 τὸ
1284 881 1578 952 πρόσωπον
1623 879 1896 950 περιλαμ-

1997 877 2118 933 luce
2146 879 2329 932 divina
2366 882 2414 932 'n
2469 878 2605 934 facie
2645 878 2988 934 illustratum.
3028 877 3162 947 Ejus
3192 888 3373 934 autem
3417 888 3577 949 pater

287 975 574 1045 πυρίνην.
625 974 689 1026 Ὅ
738 974 930 1044 μέντοι
978 972 1183 1043 ταύτης
1214 971 1400 1043 πατὴρ
1431 971 1553 1026 οὐδὲ
1588 971 1896 1041 ἀποστῆναι

1998 985 2069 1024 ne
2098 985 2197 1042 cog
2223 971 2357 1026 tavit
2394 970 2614 1041 quidem
2657 969 2942 1024 discedere
2978 984 3008 1025 a
3051 972 3406 1026 monasterio.
3439 971 3578 1028 Cum

297 1070 442 1138 μετὰ
468 1068 655 1121 ταῦτα
695 1071 800 1136 τῆς
852 1066 1023 1136 μονῆς
1056 1066 1195 1130 ὅλως
1249 1064 1431 1135 ἔκρινε
1458 1077 1472 1092 ⁶
1528 1062 1783 1117 τοσοῦτον
1841 1062 1899 1115 δὲ

304 1157 467 1228 μόνον
496 1156 861 1227 ἐκχωρήσας,
894 1156 1019 1209 ὅσον
1056 1155 1327 1225 διανεῖμαι
1365 1152 1435 1207 τὰ
1464 1153 1596 1208 ὄντα
1622 1153 1819 1223 πένησί
1839 1169 1898 1205 τε

305 1250 397 1303 καὶ
440 1248 801 1317 ἐκκλησίαις,
852 1251 950 1301 καὶ
987 1249 1100 1309 τοῖς
1140 1246 1314 1309 ἄλλως
1343 1245 1581 1309 εὐσεϐῶς
1619 1245 1776 1309 ζῶσι,
1806 1244 1900 1298 καὶ

303 1341 415 1394 τῶν
444 1339 781 1409 ἐπιτηδείων
826 1340 902 1408 μὴ
934 1337 1136 1400 ἱκανῶς
1168 1337 1374 1408 ἔχουσι,
1416 1336 1540 1391 τινὰ
1595 1336 1654 1390 δὲ
1700 1337 1793 1390 καὶ
1824 1334 1900 1405 τῷ

320 1431 580 1498 κοινώίῳ
613 1428 983 1499 καθιερῶσαι,
1035 1428 1097 1482 τὸ
1149 1428 1276 1499 ἑξῆς
1314 1428 1505 1482 ἑαυτὸν
1549 1428 1731 1506 φέρων
1773 1444 1902 1480 συν-

309 1525 506 1578 sumi.
551 1525 667 1585 τοῖς
699 1523 978 1591 ἀδελφοῖς,
1022 1521 1274 1582 κάκεῖνος
1305 1522 1399 1573 τὸν
1444 1519 1738 1573 ὑπόλοιπον
1778 1519 1905 1590 χρό-

328 1633 424 1670 νον
478 1615 571 1668 τῶ
619 1613 730 1685 βίου
791 1614 1034 1668 διατελεῖ
1065 1613 1162 1667 ἐπὶ
1188 1612 1289 1682 τῆς
1328 1612 1524 1682 ψιάθου
1574 1628 1634 1664 τε
1668 1612 1763 1667 καὶ
1804 1613 1903 1681 τῆς

327 1707 531 1779 κέλλης
569 1707 665 1777 τῆς
697 1705 1060 1776 Εὐφροσύνης
1095 1704 1580 1776 κατακλινόμενος,
1621 1705 1718 1759 καὶ
1758 1705 1905 1776 μέγα

318 1799 487 1853 τοῦτο
515 1801 593 1862 είς
624 1798 966 1869 εὐφροσύνην
990 1796 1302 1867 τιθέμενος.

1999 1074 2182 1121 autem
2239 1067 2415 1122 solum
2473 1075 2681 1120 tantum
2728 1066 3071 1129 recessisset.
3122 1075 3385 1136 quantum
3449 1068 3583 1123 satis

1998 1166 2147 1213 esset
2188 1158 2256 1212 ad
2286 1172 2411 1212 suas
2446 1156 2734 1212 facultates
2780 1157 3102 1214 dividendas
3145 1160 3478 1228 pauperibus
3526 1169 3580 1215 et

2001 1249 2278 1315 ecclesiis,
2337 1257 2393 1304 et
2454 1250 2520 1304 iis
2569 1249 2661 1319 qui
2707 1250 2904 1319 alioqui
2959 1250 3044 1320 pie
3088 1252 3314 1316 vivunt,
3361 1259 3418 1306 et
3471 1267 3581 1307 non

2002 1341 2208 1397 habent
2250 1357 2314 1396 ea
2343 1357 2463 1410 quae
2495 1350 2626 1396 sunt
2668 1342 3016 1407 necessaria;
3053 1343 3129 1397 uti
3170 1352 3351 1398 tamen
3400 1344 3581 1414 aliqua

2003 1418 2347 1488 consecraret
2372 1432 2641 1497 coenobio,
2688 1446 2747 1486 se
2775 1431 3033 1501 deinceps
3070 1433 3237 1487 refert
3285 1434 3337 1488 in
3388 1449 3583 1489 nume-

2003 1540 2125 1578 rum
2158 1523 2419 1586 fratrum,
2447 1533 2503 1579 et
2538 1522 2649 1577 illic
2689 1523 2962 1592 reliquum
3000 1523 3124 1578 vitae
3174 1532 3389 1593 tempus
3431 1533 3582 1580 tran-

2005 1616 2151 1688 sigit,
2184 1616 2240 1670 in
2270 1626 2452 1671 storea
2487 1625 2543 1671 et
2571 1615 2705 1669 cella
2733 1613 3126 1684 Euphrosynes
3149 1618 3496 1686 recumbens,
3526 1628 3583 1673 et

2005 1710 2062 1767 id
2109 1724 2231 1765 esse
2260 1724 2512 1779 magnum
2536 1708 2742 1765 ducens
2770 1708 2836 1763 ad
2862 1708 3126 1764 laetitiam.

385 1889 493 1959 ις’
527 1858 662 1961 ’ἐτη
689 1858 785 1945 ὧν
825 1858 960 1944 δέκα
1004 1858 1294 1954 καὶ-αὑτὸς
1334 1889 1414 1960 τῷ
1449 1888 1701 1961 κοινοόίῳ
1724 1888 1896 1961 τούτῳ

2070 1886 2209 1943 XVI.
2242 1886 2378 1943 Cum
2405 1902 2536 1958 ergo
2582 1887 2696 1957 ipse
2727 1902 2943 1958 quoque
2979 1886 3165 1942 decem
3203 1902 3377 1943 annos
3407 1897 3579 1943 trans-

312 1981 615 2052 διαγαγὼν.
647 1982 747 2034 καὶ
769 1980 1047 2035 πολιτείαν
1077 1979 1368 2051 ἀκριϐείας
1396 1980 1582 2052 πλήρη
1606 1980 1901 2054 διηνυκδκ⁹

317 2073 551 2143 μετέστη
581 2068 967 2141 πρδςΚύριον,
1007 2069 1069 2122 τὸ
1093 2067 1283 2122 τούτου
1319 2066 1480 2138 σῶμα
1535 2068 1773 2139 ἐχόμενα
1805 2064 1902 2119 τοῦ

311 2165 405 2235 τῆς
437 2162 719 2233 θυγατρὸς
747 2161 916 2215 αὑτοῦ
954 2160 1142 2231 τιμίου
1170 2159 1422 2231 σώματος
1454 2160 1771 2231 ἐπισκήψας
1801 2177 1903 2214 κα-

313 2256 611 2326 ταταθῆναι
638 2270 652 2284 ·
692 2253 879 2307 ἱκανὸν
908 2253 1072 2306 τοῦτο
1110 2252 1204 2307 καὶ
1234 2252 1374 2323 μετὰ
1422 2252 1654 2306 θάνατον
1685 2251 1905 2320 λογισά-

316 2365 467 2418 μενος
494 2345 858 2418 παραμύθιον
906 2347 1066 2417 κωφῇ
1104 2345 1254 2399 κόνει
1286 2342 1612 2417 χαρίζεσθαι
1643 2343 1898 2413 σώματος

311 2440 591 2511 ἐγγύτητα
628 2439 998 2510 ποθουμένου,
1024 2441 1104 2501 είς
1144 2438 1369 2509 μνήμην
1400 2436 1627 2508 διηνεκῆ
1660 2435 1756 2490 καὶ
1808 2436 1899 2489 δό-

308 2532 405 2597 ξαν
430 2532 529 2586 τοῦ
559 2531 746 2615 enim.
772 2531 947 2592 οὕτως
980 2531 1407 2601 οἱκονομηκότος
1433 2527 1590 2583 Graii-
1623 2523 1669 2598 ᾧ
1697 2528 1899 2601 πρέπει

303 2627 456 2680 πᾶσα
493 2625 654 2690 δόξα,
679 2627 842 2697 τιμὴ,
871 2624 971 2678 καὶ
999 2624 1395 2696 προσκύνησις,
1419 2624 1516 2679 νῦν
1549 2624 1647 2679 καὶ
1678 2624 1784 2691 ἀεὶ,
1808 2624 1901 2677 καὶ

305 2718 385 2780 εἰς
416 2718 550 2781 τοὺς
600 2717 812 2782 αἰῶνας
844 2716 955 2774 τῶν
992 2716 1229 2772 αίὼνων.
1275 2716 1472 2790 ’Δμήν.

313 2931 2491 2968 W

2001 1979 2202 2050 egisset
2232 1979 2287 2033 in
2335 1979 2702 2041 monasterio,
2743 1986 2797 2033 et
2837 1979 3005 2033 vitam
3029 1979 3328 2050 peregisset
3353 1994 3581 2035 accura-

2000 2081 2111 2127 tam
2145 2080 2201 2125 et
2224 2070 2539 2141 perfectam,
2571 2070 2825 2142 migravit
2853 2071 2921 2126 ad
2963 2069 3273 2137 Dominum,
3305 2086 3429 2126 cum
3472 2072 3584 2140 jus-

2002 2163 2165 2219 sisset
2190 2178 2349 2217 suum
2382 2177 2583 2233 corpus
2620 2161 2819 2232 deponi
2852 2176 3022 2231 prope
3052 2160 3242 2225 tiliam,
3285 2162 3389 2216 hoc
3417 2163 3582 2218 etiam

2002 2262 2126 2326 post
2152 2263 2379 2310 mortem
2425 2253 2632 2309 ducens
2677 2268 2798 2310 esse
2840 2253 2973 2308 satis
3008 2252 3215 2317 solatii,
3261 2253 3428 2308 surdo
3468 2255 3586 2323 pul-

2006 2348 2118 2402 veri
2147 2346 2392 2417 corporis
2413 2347 2597 2418 largiri
2628 2347 3087 2418 propinquitatem
3106 2347 3244 2416 ejus,
3277 2346 3421 2416 quod
3436 2346 3584 2400 desi-

2006 2440 2194 2505 derat,
2238 2440 2306 2495 ad
2347 2450 2668 2510 perpetuam
2712 2439 3035 2494 memoriam
3086 2446 3143 2494 et
3179 2439 3405 2510 gloriam
3450 2439 3580 2505 Dei,

2005 2533 2097 2602 qui
2120 2533 2237 2588 haec
2261 2533 2339 2587 sic
2366 2532 2721 2603 dispensavit.
2770 2531 2943 2598 Quem
2988 2533 3144 2588 decet
3177 2533 3357 2588 oumis
3390 2532 3578 2601 gloria,

2003 2623 2181 2679 honor
2226 2632 2282 2680 et
2311 2623 2587 2692 adoratio,
2623 2638 2771 2679 nunc
2819 2633 2874 2680 et
2905 2624 2961 2678 in
3002 2622 3201 2679 saecula
3235 2624 3580 2681 saeculorum.

1999 2716 2195 2771 Amen.

2492 2932 3550 2964 mm

1775 3110 2128 3228 VITA

965 3372 1383 3463 BEATIE
1462 3369 2269 3465 APOLLINABIS
2342 3370 2937 3465 VIRGINIS.

1752 3585 1966 3668 (Anno
1999 3586 2166 3665 ιιθο.)

753 3763 924 3830 [Apud
947 3762 1147 3814 Surium
1168 3760 1228 3813 ad
1247 3761 1379 3811 diem
1399 3758 1430 3809 5
1455 3758 1693 3819 Januarii,
1719 3764 1838 3807 tom.
1873 3757 1912 3818 I,
1942 3770 2054 3820 pag.
2079 3755 2157 3805 41.
2193 3755 2410 3806 Textum
2439 3756 2664 3807 Graecum
2686 3769 2785 3807 non
2807 3756 3136 3825 Invenimus.]

394 4091 439 4147 I.
492 4090 802 4162 Imperante
844 4091 901 4146 in
930 4091 1124 4162 primis
1182 4089 1276 4160 pio
1318 4089 1651 4160 imperatore
1687 4090 1900 4146 Anthe-
1929 4100 1976 4161 (ι
2004 4088 2186 4156 lestia,
2210 4087 2358 4158 quod
2383 4076 2506 4144 eam
2547 4089 2713 4147 vellet
2742 4090 2975 4163 iungere
3022 4084 3392 4156 matrimonio.
3435 4095 3572 4155 Cum

307 4187 421 4241 mio
444 4185 545 4258 (Ξ),
579 4185 925 4256 imperatoris
954 4184 1086 4247 lilio,
1116 4185 1207 4254 qui
1235 4183 1427 4239 habuit
1449 4184 1586 4239 duas
1614 4183 1795 4239 tilias:
1828 4199 1896 4239 ex

305 4278 514 4347 quibus
558 4292 668 4331 una
721 4276 962 4331 habebat
1008 4276 1263 4346 spiritum
1307 4275 1674 4338 immundum,
1721 4275 1893 4330 altera

305 4376 495 4422 autem
524 4367 595 4422 ab
619 4366 846 4421 ineunte
873 4372 1033 4419 aetate
1069 4365 1298 4420 vacabat
1331 4364 1600 4432 ecclesiis,
1622 4364 1894 4437 martyriis

304 4469 357 4515 et
395 4458 769 4514 orationibus.
800 4456 933 4513 Erat
960 4471 1089 4512 vero
1113 4456 1235 4526 ejus
1278 4470 1484 4512 nomen
1534 4456 1890 4527 Apollinaris.

311 4552 544 4607 Cumea
580 4558 765 4605 autem
807 4559 954 4605 esset
998 4547 1178 4605 aetatis
1235 4548 1513 4617 legitimae,
1573 4549 1894 4618 quaerebant

313 4645 436 4714 ejus
463 4648 729 4712 parentes
755 4655 876 4696 eam
908 4641 1105 4696 marito
1124 4640 1478 4711 conjungere,
1500 4654 1565 4694 ea
1586 4654 1717 4695 vero
1741 4640 1892 4696 nole-

302 4735 419 4790 bat.
456 4731 602 4787 Dicit
635 4746 765 4787 vero
791 4729 1027 4800 quodam
1053 4730 1143 4785 die
1176 4730 1292 4785 suis
1315 4729 1637 4800 parentibus
1668 4748 1682 4784 :
1716 4730 1893 4801 Cupio

305 4826 459 4880 irein
479 4823 899 4879 monasterium.
918 4822 980 4878 Ei
997 4831 1184 4878 autem
1203 4822 1395 4877 dicunt
1409 4831 1667 4893 parentes
1688 4840 1701 4876 :
1726 4820 1893 4877 Volu-

306 4933 430 4972 Inus
453 4926 510 4971 te
530 4916 734 4972 marito
765 4916 1118 4986 conjungere.
1152 4915 1227 4971 Ea
1255 4928 1390 4970 vero
1431 4915 1567 4970 dicit
1587 4915 1669 4969 eis
1697 4931 1712 4969 :
1752 4914 1890 4971 Nolo

307 5007 572 5079 conjungi
623 5009 843 5072 marito,
879 5007 978 5063 sed
1005 5023 1168 5078 spero
1186 5007 1308 5063 fore
1351 5014 1413 5061 ut
1436 5005 1715 5077 quomodo
1744 5006 1889 5063 Deus

303 5109 527 5155 sanctas
550 5114 682 5155 suas
710 5099 951 5170 virgines
979 5099 1245 5156 custodiit
1274 5098 1607 5170 impollutas,
1640 5112 1731 5154 me
1752 5114 1887 5169 quo-

301 5208 409 5262 que
422 5193 483 5247 in
514 5207 620 5248 suo
647 5193 844 5249 timore
869 5192 1144 5248 custodiat
1168 5191 1768 5263 impollutam.Novum
1787 5207 1890 5247 au-

302 5297 420 5340 tem
442 5295 501 5341 et
529 5284 854 5342 admirabile
880 5285 1169 5342 videbatur
1204 5286 1526 5357 parentibus
1569 5285 1718 5356 quod
1760 5301 1888 5342 cum

298 5386 453 5432 esset
496 5377 553 5432 id
598 5377 801 5442 aetatis,
858 5377 989 5433 talia
1034 5376 1269 5443 diceret,
1319 5377 1495 5433 Deum
1540 5377 1882 5434 desiderans.

300 5467 519 5523 Rursus
556 5483 653 5523 eos
688 5469 935 5539 rogabat,
991 5478 1052 5525 ut
1096 5484 1264 5524 unam
1309 5469 1648 5525 adducerent
1690 5486 1885 5527 mona-

300 5561 486 5625 clum,
522 5570 583 5615 ut
611 5575 737 5615 eam
758 5559 988 5616 doceret
1015 5561 1337 5632 psalterium
1359 5569 1417 5616 et
1453 5562 1655 5632 legere.

369 5652 435 5709 II.
466 5654 770 5727 Imperator
796 5664 987 5710 autem
1009 5669 1122 5711 non
1165 5669 1330 5725 parva
1361 5652 1594 5711 aﬁectus
1632 5662 1720 5710 est
1767 5670 1889 5710 mo-

373 5813 447 5885 (2)
482 5813 607 5873 Fuit
643 5816 733 5874 hic
757 5815 1091 5874 Anthemius
1122 5815 1397 5872 Anthemii
1428 5815 1562 5886 imp.
1592 5832 1748 5884 avus,
1780 5814 2073 5873 Theodosii
2096 5817 2330 5891 jun‘oris
2364 5818 2417 5873 in
2450 5817 2682 5887 pueritia
2715 5816 3047 5871 moderator.

1999 4198 2064 4238 ea
2092 4191 2274 4237 autem
2299 4181 2621 4252 persisteret
2649 4189 2703 4238 et
2755 4186 2949 4240 arrhas
2994 4185 3163 4241 nollet
3201 4188 3470 4259 accipere,
3520 4192 3572 4248 ei

1997 4276 2187 4332 dicunt
2211 4275 2331 4344 ejus
2360 4282 2616 4344 parentes
2640 4292 2655 4329 :
2687 4274 2829 4341 Quid
2855 4278 2960 4343 vis,
2999 4275 3143 4332 ﬁlia?
3165 4279 3239 4334 Ea
3266 4295 3399 4338 vero
3428 4282 3564 4339 dicit

1997 4368 2078 4423 eis
2107 4384 2120 4421 :
2154 4365 2308 4435 Rogo
2327 4380 2447 4430 vos,
2480 4373 2542 4420 ut
2570 4381 2659 4421 me
2687 4367 2755 4422 ad
2785 4366 2960 4423 Deum
2991 4368 3292 4437 adducatis,
3340 4380 3403 4427 ut
3434 4388 3573 4430 meae.

1995 4456 2324 4528 virginitatis
2351 4456 2661 4513 mercedem
2688 4457 2994 4528 accipiatis.
3026 4458 3108 4514 Illi
3126 4470 3309 4517 autem
3333 4479 3458 4519 cum
3485 4466 3570 4519 vi-

1995 4551 2206 4607 dissent
2238 4552 2358 4621 ejus
2379 4559 2617 4606 mentem
2639 4565 2762 4607 esse
2791 4553 2930 4607 adeo
2973 4551 3184 4608 ﬁrmam
3215 4562 3273 4609 et
3310 4556 3568 4614 immobi-

1994 4642 2121 4708 lem,
2148 4650 2248 4697 eta
2279 4641 2389 4697 Deo
2426 4642 2564 4697 adeo
2590 4641 2762 4698 fuisse
2783 4652 3044 4710 amatam,
3075 4644 3265 4700 dicunt
3296 4647 3346 4701 ei
3383 4667 3398 4703 :
3434 4649 3573 4720 Spe-

1994 4750 2202 4798 ramus,
2226 4733 2356 4800 ﬁlia,
2387 4733 2506 4789 fore
2542 4742 2603 4789 ut
2635 4733 2729 4788 ﬁat
2757 4732 2853 4789 Dei
2893 4733 3166 4792 voluntas.
3195 4736 3391 4796 Paucis
3436 4756 3568 4798 vero

1994 4835 2118 4895 post
2145 4824 2342 4879 diebus
2363 4822 2715 4879 adduxerunt
2730 4823 2799 4877 ad
2815 4838 2933 4878 eam
2962 4825 3280 4892 monachas,
3307 4843 3428 4898 qua:
3446 4846 3567 4887 eam

1992 4914 2301 4970 docuerunt
2327 4913 2651 4969 Psalterium
2706 4922 2762 4969 et
2791 4914 2975 4984 legere
3020 4913 3354 4986 Scripturas.

2063 5007 2158 5062 III.
2189 5007 2436 5075 Quodam
2457 5015 2638 5062 autem
2660 5007 2748 5063 die
2780 5023 2904 5063 cum
2932 5017 3162 5080 uterque
3188 5011 3565 5081 considerent,

1996 5114 2062 5155 ea
2086 5098 2221 5155 dicit
2252 5098 2573 5169 parentibus
2604 5115 2619 5152 :
2654 5099 2807 5170 Rogo
2832 5113 2931 5154 vos
2963 5107 3025 5155 ut
3055 5114 3144 5155 me
3178 5100 3469 5159 dimittatis
3505 5105 3560 5159 in

1991 5193 2111 5248 loca
2134 5200 2345 5259 sancta,
2374 5201 2434 5247 ut
2468 5206 2620 5247 orem
2643 5199 2701 5246 et
2742 5193 2966 5247 adorem
3028 5200 3276 5247 sanctam
3316 5208 3564 5249 resurre-

1991 5284 2230 5340 ctionem
2257 5292 2314 5340 et
2341 5298 2559 5340 crucem
2588 5284 2979 5339 venerabilem.
3004 5283 3087 5339 Illi
3104 5299 3235 5339 vero
3264 5299 3374 5345 non
3392 5284 3564 5341 habe-

1989 5376 2123 5433 bant
2153 5377 2497 5448 propositum
2556 5375 2868 5432 dimittendi
2920 5390 3065 5442 eam,
3115 5376 3374 5447 quoniam
3435 5392 3557 5433 eam

1992 5468 2165 5539 magis
2209 5469 2505 5530 amabant,
2558 5483 2723 5538 quam
2769 5482 3015 5524 sororem
3051 5468 3193 5539 ejus,
3224 5484 3344 5540 qua:
3392 5485 3559 5525 vexa-

1989 5561 2169 5617 batur.
2214 5560 2351 5615 Cum
2406 5569 2590 5615 autem
2663 5559 2953 5629 interjecto
2997 5560 3176 5631 aliquo
3223 5561 3397 5631 spatio
3422 5572 3563 5618 tem-

1990 5653 2142 5725 poris
2207 5667 2272 5708 ea
2307 5653 2389 5708 eis
2446 5660 2593 5707 esset
2636 5651 2886 5717 molesta,
2938 5652 3105 5723 jussit
3131 5654 3447 5725 imperator,
3501 5665 3564 5711 ut

3456 5868 3491 5921 ἐι
