4156 6444
589 411 697 476 Βὲὅ

1822 410 2110 472 MENSIS
2151 409 2614 471 JANUARIUS.

3739 403 3848 469 325

590 537 658 589 ad
686 547 804 588 eam
847 529 1195 586 deferrentur
1222 527 1380 600 pueri
1421 535 1477 583 et
1509 527 1740 592 ancillae,
1787 537 1840 581 et
1871 544 2065 582 aurum
2112 537 2167 582 et
2199 534 2240 590 Α
2272 528 2438 581 tabat.
2461 527 2519 581 In
2545 540 2610 580 co
2633 532 2813 578 autem
2844 521 2984 584 loco,
3017 519 3069 574 in
3089 534 3198 589 quo
3222 517 3455 574 habebat
3483 518 3730 583 domum,
3758 521 3848 575 iu-

591 633 897 695 argentum,
924 631 978 678 et
1007 622 1057 677 ei
1088 622 1281 676 dicunt
1314 621 1569 689 :Accipe,
1608 619 1736 683 filia,
1779 627 1836 672 et
1896 619 2092 674 recede
2150 636 2165 674 :

592 716 758 785 imple
787 723 971 768 votum
1000 721 1176 767 tuum.
1206 712 1350 767 Deus
1375 710 1522 764 enim
1555 710 1671 763 vult
1727 717 1779 762 te
1838 724 1993 764 suam
2047 723 2169 763 esse

592 823 805 864 servam
843 821 1049 876 :eaque
1080 809 1136 861 in
1174 819 1369 858 navem
1393 803 1665 871 imposita,
1699 802 1785 858 his
1814 802 2003 870 pueris
2031 816 2166 855 con-

593 899 971 970 sequentibus,
1002 898 1259 953 dixerunt
1283 896 1331 948 ei
1358 909 1372 948 :
1408 893 1562 958 Filia,
1593 903 1871 947 memento
1886 894 2070 947 'nostri
2112 892 2168 945 in

592 994 796 1048 sanctis
821 991 972 1046 locis.
1002 990 1078 1044 Ea
1102 1004 1235 1043 vero
1257 987 1388 1042 dicit
1420 981 1437 1038 ε’
1470 985 1757 1051 Quomodo
1778 984 1910 1038 mihi
1946 984 2166 1039 satisfeo

593 1085 767 1149 cistis,
819 1099 917 1138 vos
938 1096 1158 1152 quoque
1192 1081 1244 1133 in
1266 1080 1355 1135 die
1375 1080 1518 1134 malo
1536 1077 1786 1132 liberabit
1810 1076 2087 1142 Dominus,
2114 1085 2170 1131 et

591 1175 915 1246 parentibus
944 1174 1122 1228 valere
1147 1172 1335 1241 jussis,
1370 1171 1534 1240 coepit
1564 1170 1842 1240 navigare.

666 1265 757 1320 IV.
780 1267 918 1320 Cum
945 1273 1127 1319 autem
1165 1264 1349 1333 paucis
1379 1262 1574 1317 diebus
1603 1260 1983 1330 pervenissent
2013 1259 2172 1313 Asca-

593 1357 796 1422 lonem,
829 1372 1033 1426 paucos
1055 1356 1172 1408 dies
1197 1354 1304 1406 illic
1343 1360 1665 1406 manserunt
1709 1361 1936 1423 propter
1982 1349 2152 1404 maris

591 1451 966 1521 jactationem.
1018 1449 1139 1517 Ipsa
1167 1460 1296 1500 vero
1318 1459 1482 1499 orans
1517 1446 1570 1497 in
1607 1443 1867 1498 omnibus
1918 1442 2170 1497 ccclesiis

594 1551 651 1597 et
680 1541 1054 1603 monasteriis,
1088 1540 1170 1595 eis
1218 1553 1439 1608 quoque
1486 1536 1799 1599 exhibebat,
1837 1552 1960 1606 qua:
2009 1543 2169 1590 erant

595 1632 921 1688 necessaria.
963 1632 1179 1700 Aliquot
1210 1640 1392 1685 autem
1408 1630 1537 1701 post
1567 1628 1786 1693 diebus,
1824 1643 1950 1682 cum
2007 1627 2162 1682 inve-

594 1726 869 1780 nissemus
900 1724 1151 1789 comites,
1177 1723 1431 1777 venimus
1481 1721 1538 1775 in
1574 1728 1822 1775 sanctam
1865 1719 2164 1773 civitatem.

586 1816 836 1886 Cumque
868 1817 924 1870 in
947 1814 1236 1885 quemdam
1266 1814 1446 1868 locum
1479 1813 1895 1868 divertissemus
1947 1819 2168 1880 propter

2269 620 2420 673 venit
2462 633 2627 672 unam
2665 615 2921 679 vetulam,
2962 613 3048 667 cui
3095 611 3331 681 praebuit
3368 611 3637 666 modicam
3673 613 3842 667 bene-

2268 710 2588 771 dictionem,
2632 715 2688 761 et
2719 706 2854 760 dixit
2903 705 2953 759 ei
3010 721 3023 756 ε
3071 701 3292 772 Accipe,
3326 717 3502 766 soror,
3538 711 3598 756 et
3657 704 3744 757 abi
3788 704 3851 758 in

2266 801 2575 863 ecclesiam,
2634 806 2690 853 et
2729 812 2851 851 eme
2898 795 3031 850 mihi
3073 810 3244 849 unum
3291 794 3687 849 lebetonarium
3730 811 3854 849 mo-

2265 892 2561 956 nasticum,
2591 899 2646 945 et
2677 889 2935 944 similiter
2977 886 3280 949 bumerale,
3332 893 3387 941 et
3445 884 3739 952 cucullam,
3788 894 3853 941 et

2268 982 2455 1051 accipe
2486 980 2650 1034 etiam
2677 979 2976 1050 cingulum.
3012 975 3217 1031 Abiens
3246 989 3378 1030 vero
3410 976 3614 1039 vetula,
3656 975 3706 1029 ei
3743 975 3856 1031 hac

2268 1073 2325 1128 in
2354 1088 2412 1127 re
2434 1072 2683 1127 inservit.
2726 1072 2863 1126 Cum
2890 1084 2955 1124 ea
2986 1077 3169 1123 autem
3206 1067 3498 1130 attulisset,
3559 1068 3610 1121 ei
3661 1082 3853 1137 preca-

2269 1171 2321 1217 ta
2350 1171 2435 1218 est
2467 1163 2659 1217 dicens
2693 1179 2707 1216 :
2764 1160 2905 1216 Deus
2947 1169 3000 1214 te
3038 1159 3280 1228 adjuvet,
3327 1156 3856 1228 Mamma.Cumque

2269 1255 2594 1324 accepisset,
2622 1254 2923 1309 occultavit
2954 1262 3181 1322 prOpter
3200 1266 3420 1321 pueros.
3453 1250 3684 1317 Quando
3746 1267 3855 1306 au—

2270 1356 2380 1402 tem
2415 1347 2586 1401 voluit
2615 1346 2799 1417 egredi
2831 1345 2898 1399 ad
2926 1352 3177 1397 sanctum
3214 1342 3450 1407 Menam,
3493 1343 3560 1397 iis
3590 1344 3858 1398 omnibus

2268 1439 2641 1503 manumissis,
2684 1439 2836 1492 dedit
2856 1440 2937 1492 eis
2963 1438 3014 1491 id
3035 1436 3181 1506 quod
3210 1445 3328 1490 erat
3373 1436 3443 1490 ad
3496 1435 3702 1489 victum
3744 1452 3858 1492 neq-

2268 1530 2588 1596 cessarium,
2611 1538 2667 1586 et
2686 1545 2782 1584 eos
2810 1529 3039 1585 dimisit.
3081 1527 3158 1580 Illi
3205 1543 3336 1582 vero
3362 1527 3414 1582 ei
3448 1526 3591 1582 bene
3633 1528 3851 1597 precati

2270 1632 2645 1677 recesserunt.

2341 1712 2476 1767 VIII.
2512 1712 2650 1767 Cum
2686 1723 2867 1767 autem
2926 1727 3113 1767 secum
3164 1710 3471 1780 accepisset
3522 1711 3848 1766 eunuchum

2271 1816 2463 1867 unum,
2497 1810 2553 1857 et
2594 1818 2764 1863 unum
2826 1817 3040 1866 senem,
3088 1801 3212 1855 navi
3263 1801 3416 1856 venit
3438 1801 3492 1855 in
3554 1800 3851 1857 Lemnam.

592 1876 1083 1971 nostrassarcinas,
1105 1920 1412 1976 puerosque
1427 1904 1741 1967 etancillas,
1761 1876 1974 1972 quiuna
1990 1876 2167 1964 erant,
2202 1876 2244 1931 Β
2271 1894 2518 1962 Cumque
2553 1894 2936 1963 pervenissent
2964 1893 3031 1948 ad
3059 1892 3205 1948 mdes
3238 1893 3541 1956 Philoxeni,
3576 1893 3773 1948 didicit
3803 1893 3858 1947 is

591 2000 870 2070 paululum
899 1998 1289 2068 requievimus.
1323 1995 1413 2051 Eis
1435 2007 1619 2052 autem
1652 1995 1790 2051 dixit
1818 1994 1975 2048 beata
2003 1993 2169 2062 Apol-

593 2095 786 2150 linaris
818 2111 831 2148 :
864 2093 1043 2164 Agite,
1096 2091 1388 2147 adorenms
1435 2091 1652 2147 beatam
1704 2088 2168 2144 resurrectionem

597 2196 655 2242 et
684 2186 1050 2240 venerandam
1068 2199 1307 2239 crucem.
1339 2183 1508 2239 Porro
1532 2194 1715 2238 autem
1738 2183 1821 2237 eis
1860 2181 2169 2244 orantibus,

590 2293 656 2332 ea
679 2276 871 2332 orabat
907 2291 1007 2347 pro
1023 2275 1137 2331 suis
1166 2274 1506 2345 parentibus.
1540 2273 1826 2343 Ccepitque
1848 2271 2171 2328 benefacere

592 2364 700 2430 iis,
750 2365 841 2434 qui
890 2380 1026 2434 Opus
1073 2365 1370 2419 habebant.
1424 2364 1582 2418 Ibant
1634 2379 1767 2419 vero
1826 2363 2045 2418 assidue
2102 2362 2170 2417 ad

593 2458 927 2512 monasteria
961 2457 1232 2528 virginum
1255 2456 1605 2526 perennium,
1632 2464 1689 2512 et
1711 2455 1777 2510 ad
1804 2470 1921 2517 eos,
1949 2454 2043 2524 qui
2079 2453 2167 2508 vi-

589 2558 700 2604 tam
728 2550 959 2620 agebant
980 2549 1358 2614 monasticam,
1390 2557 1445 2603 et
1468 2548 1853 2619 suppeditabat
1896 2547 1999 2612 eis,
2043 2560 2166 2614 quae

589 2647 746 2693 erant
780 2638 1106 2694 necessaria.

662 2730 725 2786 ν.
771 2730 1017 2798 Quodam
1043 2739 1227 2786 autem
1258 2730 1348 2786 die
1380 2730 1511 2786 dicit
1532 2732 1626 2786 uni
1656 2745 1723 2785 ex
1757 2729 1823 2784 iis
1844 2729 1936 2800 qui
1961 2744 2084 2784 cum
2108 2744 2171 2783 ea

590 2824 951 2878 versabantur
984 2841 997 2877 :
1034 2822 1170 2877 Volo
1192 2838 1308 2886 vos,
1339 2822 1384 2876 si
1419 2821 1562 2881 Deus
1587 2821 1739 2885 velit,
1771 2821 2025 2875 liberare.
2055 2820 2169 2873 Iloe

591 2926 772 2971 autem
800 2916 1008 2981 audito,
1041 2914 1221 2971 allecti
1245 2924 1375 2970 sunt
1396 2913 1665 2969 molestia.
1695 2914 1789 2967 Illa
1819 2914 2002 2983 itaque
2022 2912 2167 2967 dixit

588 3010 671 3063 eis
706 3029 717 3062 :
752 3007 831 3063 Ne
861 3009 981 3064 sitis
1010 3008 1196 3063 animo
1220 3008 1390 3062 anxii.
1428 3006 1484 3061 Si
1518 3007 1659 3061 Deus
1687 3005 1832 3060 enim
1863 3005 1991 3072 quid
2023 3019 2172 3059 com-

593 3098 787 3169 pungit
818 3112 996 3151 meam
1032 3096 1417 3161 humilitatem,
1478 3094 1732 3164 praebebo
1763 3094 1831 3149 ad
1873 3109 1971 3148 vos
2016 3093 2172 3146 alen-

2270 1987 2364 2056 qui
2403 1995 2522 2042 erat
2551 1986 2663 2042 illic
2698 1987 3155 2046 Paramonarius;
3190 1988 3450 2056 venitque
3492 2002 3619 2041 cum
3650 2001 3860 2057 magno

2272 2088 2558 2148 apparatu,
2629 2078 2870 2148 dicitque
2932 2079 2983 2133 ei
3028 2078 3371 2149 procidens:
3422 2078 3649 2133 Domina
3705 2094 3860 2144 mea,

2272 2171 2364 2225 ubi
2390 2171 2552 2240 jubes
2581 2185 2669 2225 me
2696 2185 2919 2225 manere
2945 2170 3124 2226 donec
3174 2170 3518 2233 ascenderis,
3581 2177 3637 2225 et
3697 2179 3859 2224 tuam

2271 2263 2471 2319 feceris
2510 2263 2848 2318 orationem?
2880 2263 3003 2333 Ipsa
3028 2278 3160 2317 vero
3179 2278 3306 2317 eum
3339 2262 3549 2331 rogavit
3584 2277 3708 2317 cum
3763 2278 3853 2318 sa-

2271 2360 2578 2417 cramento,
2610 2360 2669 2406 ut
2692 2353 2831 2407 nihil
2854 2353 2921 2407 ad
2953 2367 3014 2407 se
3036 2351 3348 2406 afl‘erretur.
3368 2352 3508 2407 Dicit
3537 2352 3719 2406 autem
3749 2354 3799 2407 ei
3837 2371 3856 2408 ε

2274 2445 2382 2500 Fac
2435 2438 2676 2501 Ofﬁcium
2703 2445 3004 2500 charitatis.
3041 2444 3196 2500 Aﬂer
3234 2445 3302 2500 ad
3325 2460 3412 2501 me
3450 2454 3688 2517 quatuor
3730 2446 3862 2500 ani.

2273 2537 2533 2603 malia,ut
2555 2538 2859 2592 ascendens
2886 2536 3112 2592 adorem
3162 2545 3416 2592 sanctum
3459 2536 3710 2617 lbienam.
3758 2537 3858 2593 IIIo

2272 2638 2452 2685 autem
2487 2630 2575 2684 die
2597 2630 2845 2699 sequenti
2871 2629 3097 2684 adduxit
3118 2629 3396 2684 animalia.
3419 2628 3497 2684 Ea
3525 2643 3656 2684 vero
3679 2629 3849 2693 dixit;

2275 2722 2451 2777 Crede
2474 2722 2722 2783 Domino,
2741 2722 2823 2777 eis
2845 2738 2954 2778 non
2986 2722 3258 2789 insidebo,
3288 2722 3394 2777 nisi
3419 2737 3609 2777 eorum
3642 2737 3876 2777 merce»

2273 2815 2393 2868 dvm
2418 2814 2638 2868 dedero.
2670 2813 2809 2870 Cum
2838 2814 3079 2869 dedisset
3113 2814 3398 2885 plusquam
3436 2814 3553 2869 dari
3603 2828 3849 2869 consue.

2273 2906 2467 2969 visset,
2506 2906 2768 2961 valedixit
2835 2921 3142 2961 meonomo.
3185 2905 3307 2977 Ipse
3365 2913 3551 2961 autem
3599 2907 3857 2972 recessit,

2272 3011 2494 3071 accepta
2524 3001 2592 3055 ab
2621 3015 2685 3055 ea
2719 3001 3129 3055 benedictione.

2347 3094 2437 3149 IX.
2469 3091 2606 3148 Cum
2661 3109 2725 3148 ea
2761 3103 2943 3149 autem
2992 3093 3351 3157 ascendisset,
3404 3091 3537 3147 fecit
3584 3100 3643 3147 ut
3685 3107 3860 3162 agaso

594 3190 719 3245 dos.
748 3190 998 3259 Cumque
1034 3188 1070 3242 ii
1101 3188 1443 3258 accepissent
1471 3188 1590 3257 ejus
1619 3185 2083 3251 benedictionem,
2119 3184 2166 3238 ei
2194 3216 2238 3278 Ο
2274 3186 2434 3239 etiam
2468 3186 2702 3240 alterunt
2740 3185 2943 3245 animal
2983 3186 3326 3240 ascenderet.
3355 3183 3603 3247 Cumque
3655 3199 3860 3254 pene-

590 3283 841 3352 ingentes
867 3280 1067 3350 gratias
1097 3280 1352 3351 agebant.
1413 3278 1553 3334 Cum
1606 3293 1740 3333 vero
1785 3278 2165 3341 recessissent,

589 3370 720 3423 abiit
757 3386 881 3423 cum
906 3369 994 3430 iis,
1023 3369 1113 3438 qui
1135 3369 1184 3423 ei
1207 3376 1607 3430 remanserant,
1638 3366 1709 3422 ad
1740 3365 2039 3421 Iordanem
2075 3384 2089 3419 :
2115 3375 2169 3420 et

591 3457 707 3514 illic
729 3472 923 3511 rursus
944 3456 1175 3525 praebuit
1202 3456 1289 3519 iis,
1315 3455 1406 3526 qui
1433 3471 1571 3525 opus
1602 3454 1898 3509 habebant.
1922 3455 2169 3523 Cumque

591 3549 743 3605 illinc
767 3548 998 3619 profecti
1054 3558 1255 3614 essent,
1307 3564 1496 3604 rursus
1540 3547 1771 3604 veniunt
1811 3547 1868 3601 in
1922 3555 2166 3602 sanctam

593 3642 891 3697 civitatem.

666 3733 755 3788 VI.
782 3733 991 3803 Elapsis
1013 3741 1195 3788 autem
1220 3732 1427 3803 aliquot
1449 3732 1667 3794 diebus.
1693 3747 1819 3788 cum
1841 3746 1993 3787 suam
2017 3746 2169 3786 com-

594 3822 798 3893 plesset
824 3825 1147 3887 orationem,
1180 3822 1312 3877 dicit
1342 3823 1422 3877 eis
1453 3823 1543 3892 qui
1576 3837 1683 3877 una
1721 3837 1846 3882 eum
1880 3838 1942 3876 ea
1970 3831 2165 3876 erant:

593 3914 810 3970 Fratres
853 3915 984 3979 mei,
1007 3915 1132 3969 volo
1182 3930 1279 3970 vos
1327 3931 1546 3985 quoque
1594 3915 1849 3970 liberare.
1877 3913 1983 3968 Sed
2022 3928 2169 3969 nunc

592 4021 783 4060 eamus
805 4007 871 4060 ad
914 4006 1299 4061 Alexandriam
1351 4023 1525 4078 usque
1549 4014 1605 4061 et
1657 4016 1905 4062 sanctum
1953 4005 2166 4061 Menam

592 4098 904 4153 adoremus.
928 4096 1008 4151 Illi
1025 4113 1154 4152 vero
1171 4099 1424 4161 dixerunt
1446 4116 1460 4153 :
1484 4098 1553 4153 Ut
1567 4099 1747 4168 iubes,
1770 4098 2013 4153 domina.
2028 4098 2165 4152 Cum

593 4189 963 4244 descendisset
988 4197 1167 4243 autem
1191 4189 1533 4251 Ascalonem.
1553 4191 1829 4246 distribuit
1855 4191 1911 4245 in
1956 4192 2045 4245 via
2077 4192 2163 4257 iis,

594 4281 686 4351 qui
711 4297 849 4351 opus
878 4281 1153 4336 habebant
1182 4298 1195 4334 :
1228 4282 1559 4352 inventoque
1602 4283 1838 4355 navigio,
1866 4284 2008 4353 quod
2058 4283 2170 4337 ibat

591 4373 1002 4438 Alexandriam,
1028 4388 1094 4428 eo
1134 4373 1480 4443 navigarunt.
1505 4376 1728 4430 Audivit
1765 4387 1946 4431 autem
1967 4376 2035 4435 is.
2071 4374 2163 4445 qui

590 4475 936 4534 eratprzcses
965 4479 1031 4519 eo
1079 4473 1343 4536 tempore,
1393 4475 1451 4521 et
1478 4467 1630 4522 misit
1662 4467 1731 4523 ad
1775 4481 1896 4522 eam
1939 4468 2170 4521 adoran-

2276 3278 2487 3331 nissent
2511 3278 2575 3332 ad
2598 3277 3635 3349 sanctumMenam,(3)ejusvenerabile
3670 3278 3863 3331 moni—

2276 3378 2523 3423 mentum
2554 3369 2871 3425 adoravere.
2906 3369 3127 3423 Audivit
3172 3378 3356 3424 autem
3404 3384 3746 3435 oeconomus,
3787 3380 3852 3424 et

2274 3461 2425 3514 venit
2453 3460 2509 3514 in
2559 3460 2704 3514 clero
2724 3459 2790 3515 ad
2827 3476 2944 3515 eam
2969 3460 3326 3515 adorandum.
3354 3461 3449 3515 Illa
3504 3475 3639 3515 vero
3676 3475 3742 3515 cx
3790 3476 3865 3516 eo

2275 3552 2465 3607 achcta
2498 3562 2582 3607 est
2614 3551 2889 3609 molestia.
2920 3551 3146 3607 Nolebat
3172 3553 3317 3608 enim
3351 3560 3636 3621 cognosci,
3698 3568 3858 3607 oeco-

2275 3660 2471 3700 nomus
2535 3653 2716 3698 autem
2771 3661 2890 3700 eam
2959 3646 3202 3716 rogabat,
3274 3647 3462 3700 dicens
3517 3663 3532 3700 :
3600 3646 3859 3711 Domina,

2272 3736 2407 3805 jube
2462 3737 2518 3791 in
2562 3738 2726 3792 domo
2769 3751 2907 3791 mea.
2940 3737 3017 3791 Ea
3065 3752 3196 3792 vero
3241 3736 3373 3791 dicit
3408 3737 3459 3791 ei
3509 3752 3523 3789 :
3574 3736 3689 3806 Ego
3734 3737 3856 3789 volo

2276 3843 2444 3884 unum
2480 3828 2623 3883 dicm
2656 3843 2881 3882 manere
2931 3828 2986 3881 in
3035 3828 3290 3892 ecclesia,
3336 3828 3515 3882 donec
3568 3842 3657 3881 me
3708 3826 3859 3880 Deus

2284 3919 2556 3974 dimiserit
2584 3934 2672 3983 eo,
2707 3935 2816 3988 quo
2856 3934 2975 3973 sum
3042 3918 3278 3983 abitura,
3326 3917 3584 3987 misitque
3626 3918 3695 3973 ad
3731 3932 3862 3973 eant

2277 4011 2452 4066 sancti
2473 4010 2937 4065 benedictioiiem.
2960 4008 3246 4064 Distribuit
3272 4020 3455 4064 autem
3478 4010 3562 4075 iis,
3595 4011 3686 4079 qui
3712 4024 3867 4079 Opus

2277 4101 2572 4159 habebant.
2624 4100 2755 4156 Post
2839 4110 2948 4156 tres
2992 4115 3124 4157 vero
3169 4101 3286 4157 dies
3334 4101 3470 4157 dicit
3520 4115 3808 4156 oeconomo
3847 4121 3864 4155 :

2273 4194 2523 4265 Fungere
2555 4193 2733 4250 officio
2762 4194 3069 4250 charitatis.
3102 4194 3294 4249 Pmbe
3332 4193 3464 4248 mihi
3499 4208 3665 4247 unam
3693 4192 3867 4246 lecti-

2275 4301 2417 4349 cam,
2451 4295 2510 4341 ut
2543 4288 2734 4340 abeam
2757 4295 2813 4340 et
2853 4286 3075 4341 adorem
3110 4284 3302 4340 Patres
3339 4283 3538 4339 Scetis.
3581 4283 3632 4338 Is
3667 4291 3867 4337 autem

2275 4378 2544 4433 accersito
2570 4393 2681 4431 uno
2708 4377 3011 4439 lecticario,
3042 4379 3181 4433 dixit
3206 4378 3255 4433 ei
3290 4396 3302 4432 :
3358 4377 3414 4431 In
3471 4376 3698 4431 nomine
3748 4376 3856 4429 Dei

2278 4471 2415 4525 aﬂ'er
2443 4471 2509 4524 ad
2540 4485 2626 4525 me
2658 4471 2927 4526 lecticam.
2956 4472 3051 4527 Ille
3071 4487 3201 4527 vero
3231 4470 3367 4525 dixit
3398 4487 3412 4524 :
3452 4467 3695 4524 Iussisti.
3717 4467 3871 4519 Bea—

590 4557 738 4610 dam.
772 4557 845 4611 Ea
883 4572 1017 4612 vero
1071 4554 1179 4612 non
1219 4574 1377 4628 passa
1415 4567 1521 4625 est,
1562 4558 1657 4614 sed
1703 4570 1868 4615 noctu
1921 4559 2072 4613 venit
2110 4558 2166 4612 in
2206 4583 2246 4637 ο
2274 4571 2326 4614 ta
2357 4569 2538 4614 autem
2566 4560 2789 4616 adducit
2818 4561 2885 4616 ad
2920 4577 2981 4616 se
3007 4576 3264 4630 puerum,
3302 4558 3397 4629 qui
3449 4558 3500 4613 ei
3555 4572 3855 4613 remanse-r

593 4648 924 4715 praetorium,
958 4659 1014 4704 et
1048 4650 1295 4705 adoravit
1349 4651 1641 4719 praesidem
1666 4659 1723 4706 et
1747 4650 1868 4720 ejus
1913 4664 2164 4703 uxorem.

589 4741 676 4796 Illi
708 4757 837 4798 vero
866 4741 935 4798 ad
954 4742 1122 4813 pedes
1138 4744 1258 4815 ejus
1304 4743 1615 4814 procidunt,
1667 4743 1915 4797 dicentes
1947 4759 1960 4795 :
2007 4741 2169 4806 Quat—

590 4849 806 4896 sumus,
845 4835 1086 4901 domina,
1114 4851 1213 4889 cur
1249 4835 1329 4890 sic
1358 4835 1573 4890 fecisti?
1632 4832 1743 4889 Nos
1780 4832 2029 4888 misimus
2070 4830 2169 4901 qui

591 4926 844 4982 venirent
874 4927 942 4982 ad
977 4937 1099 4982 tuos
1120 4928 1308 4998 pedes,
1332 4938 1387 4982 et
1413 4938 1491 4991 tu,
1515 4926 1733 4982 domina
1751 4932 1959 4988 nostra,
2010 4923 2168 4978 veni-

591 5017 664 5073 sti
689 5019 757 5073 ad
790 5028 1014 5074 nostros
1069 5020 1274 5089 pedes?
1310 5018 1384 5074 Ea
1462 5033 1595 5074 vero
1654 5018 1787 5073 dicit
1819 5018 1901 5072 eis
1942 5033 1954 5070 :
1993 5014 2170 5070 Vultis

589 5110 723 5164 mihi
755 5125 870 5164 rem
891 5119 1098 5181 gratam
1127 5111 1340 5167 facere?
1366 5110 1562 5166 Dicunt
1590 5110 1640 5166 ei
1668 5129 1681 5165 :
1715 5109 1898 5175 Certe,
1925 5107 2167 5163 domina.

590 5199 670 5255 Ea
705 5215 833 5257 vero
861 5202 995 5257 dicit
1023 5203 1102 5258 eis
1134 5220 1146 5257 :
1178 5202 1447 5257 Ditnittite
1495 5218 1604 5268 me,
1624 5202 1883 5273 quoniam
1920 5202 2050 5256 volo
2086 5201 2167 5256 ire

588 5303 808 5349 oratum
844 5295 911 5349 ad
940 5303 1192 5350 sanctum
1227 5294 1465 5351 Menam.
1503 5296 1584 5351 Illi
1631 5308 1814 5351 autem
1860 5309 1984 5349 cum
2022 5309 2165 5365 pre-

589 5386 754 5441 claris
783 5387 945 5442 donis
990 5402 1111 5442 eam
1159 5388 1509 5443 dimiserunt.
1575 5387 1649 5442 Ea
1695 5402 1825 5443 vero
1865 5386 2163 5457 accipiens,

588 5478 774 5532 omnia
807 5480 1084 5535 distribuit
1113 5481 1467 5551 pauperibus.

659 5567 775 5624 VII.
806 5568 944 5625 Cum
976 5581 1153 5627 autem
1176 5573 1228 5626 in
1248 5574 1469 5629 civitate
1486 5573 1779 5628 mansisset
1801 5588 2003 5643 paucos
2019 5571 2160 5637 dies,

586 5658 701 5714 ibat
726 5662 925 5732 ubique.
954 5664 1015 5718 in
1045 5667 1396 5734 monasteria,
1444 5673 1499 5721 et
1528 5666 1747 5721 assidue
1775 5666 1857 5721 eis
1901 5665 2160 5736 suppedi-

2275 4663 2377 4715 rat.
2415 4662 2471 4707 et
2510 4653 2894 4709 benedictione
2924 4651 2974 4707 ei
3012 4652 3165 4716 data,
3210 4666 3335 4706 eum
3368 4664 3585 4720 quoque
3621 4647 3875 4723 dimisit,

2272 4744 2461 4799 dicens
2488 4763 2501 4799 :
2534 4744 2642 4800 Ora
2677 4760 2774 4815 pro
2804 4760 2913 4799 me.

2346 4834 2411 4887 X.
2435 4836 2578 4890 Cum
2603 4835 2853 4906 sequenti
2882 4844 3065 4891 autem
3098 4836 3190 4893 die
3233 4835 3475 4892 venisset
3515 4831 3866 4897 lecticarius.

2273 4927 2473 4981 mansit
2505 4928 2681 4983 donec
2744 4927 2848 4984 fuit
2875 4942 3130 4998 vespera.
3167 4927 3417 4999 Cumque
3499 4925 3872 4982 valedixissel.

2277 5030 2571 5072 meonomo
2606 5025 2664 5072 et
2683 5032 2874 5086 puero,
2898 5020 3149 5074 ascendit
3176 5019 3230 5073 in
3262 5018 3596 5080 lecticulam,
3637 5016 3869 5072 habens

2272 5110 2422 5164 intus
2449 5118 2629 5164 vestes
2652 5110 3022 5174 monachicas,
3051 5120 3109 5166 et
3140 5111 3268 5166 fecit
3300 5120 3360 5166 ut
3384 5124 3529 5181 pone
3578 5107 3870 5163 ascende-

2272 5209 2356 5256 ret
2401 5201 2713 5266 eunuchus,
2765 5210 2894 5256 ante
2942 5211 3125 5257 autem
3174 5201 3507 5259 lecticarius.
3559 5199 3868 5269 Coepitque
3946 5274 3951 5277 _
4034 5218 4039 5221 τ

2272 5296 2432 5351 beata
2462 5311 2642 5361 orare,
2673 5306 2798 5351 cum
2830 5305 2975 5352 esset
3006 5298 3178 5361 intus,
3212 5306 3268 5352 et
3299 5312 3327 5350 a
3360 5295 3590 5351 Domino
3615 5294 3724 5348 Deo
3752 5308 3868 5362 pe-

2272 5397 2389 5443 tere
2415 5389 2707 5443 auxilium.
2735 5388 2894 5445 Circa
2928 5390 3165 5444 mediam
3187 5400 3371 5445 autem
3406 5396 3627 5444 noctem
3651 5400 3865 5457 perve-

2269 5481 2351 5536 nit
2373 5482 2438 5536 ad
2469 5482 2718 5552 paludem
2741 5496 2912 5553 prope
2945 5482 3172 5547 fontem,
3200 5482 3291 5553 qtti
3312 5497 3486 5551 usque
3517 5481 3575 5535 in
3625 5479 3864 5535 hodier-

2268 5589 2399 5627 num
2432 5573 2573 5628 diem
2598 5573 2796 5629 dicitur
2819 5573 2964 5629 Fons
2990 5575 3340 5645 Apollinaris.
3367 5573 3616 5643 Cumque
3638 5571 3863 5628 lecticae

2269 5664 2441 5735 pelles
2475 5665 2802 5735 aperuisset,
2856 5665 2953 5721 Dei
2990 5665 3333 5738 providentia
3392 5664 3604 5721 invenit
3654 5662 3859 5719 ambos

658 5858 730 5929 (5)
775 5860 909 5918 Nota
955 5865 1236 5936 antiquum
1281 5885 1490 5926 morem
1527 5873 1819 5928 venerandi
1868 5873 2115 5943 sepulcra
2157 5881 2490 5928 sanctorum.
