4156 6426
314 401 420 463 323

1351 412 1526 472 VITA
1558 414 1624 473 B.
1671 397 2184 479 ApoLLtNA‘nIs
2220 421 2589 485 VIRGINIS.

3499 424 3603 484 3:26

318 516 680 571 "‘"micmes-
707 516 972 589 Cumque
997 535 1059 575 δε
1088 523 1331 578 Vestibus
1385 526 1632 580 911135801
1685 528 1914 581 munda-
1940 529 1991 590 Α
2020 544 2141 588 sent
2194 550 2402 604 preces,
2455 536 2736 591 sederunt.
2781 534 2913 588 Eam
2952 542 3131 588 autem
3172 535 3377 603 rogavit
3438 536 3605 589 abbas

322 610 406 662 nis
464 606 650 661 induit
717 621 783 663 se
849 613 1194 678 monasticis,
1250 614 1439 670 dicens
1500 634 1513 670 :
1564 615 1666 682 Qui
1722 618 1920 672 dedisti

327 695 686 766 principium,
717 707 781 753 ut
824 698 976 755 hunc
996 712 1245 759 sanctum
1283 721 1606 776 assequcrer
1648 709 1918 774 habitum,

330 790 411 844 [ac
443 804 531 844 me
565 789 819 861 dignam,
854 803 914 847 ut
942 809 1072 849 eum
1101 796 1168 852 ad
1217 796 1381 852 ﬁnem
1424 800 1722 869 perducam
1770 818 1916 856 con-

325 891 592 953 gruenter
623 894 736 938 tua:
757 885 1052 952 voluntati,
1081 888 1330 944 Domine.
1351 890 1600 962 Cumque
1622 909 1681 947 se
1711 895 1922 963 signas-

327 984 429 1041 set,
456 976 666 1045 dejecit
691 992 754 1032 se
788 993 819 1031 e
855 979 1071 1046 lectica,
1108 990 1164 1036 et
1213 984 1458 1054 ingressa
1484 988 1590 1051 fest
1642 989 1922 1056 paludem.

332 1066 476 1121 Deus
508 1076 705 1122 autem
738 1084 867 1123 cum
913 1071 1143 1127 vidisset
1176 1075 1296 1143 ejus
1353 1076 1406 1129 in
1448 1077 1626 1147 ipsum
1690 1078 1926 1133 charita-

334 1170 460 1221 κω,
501 1160 699 1216 eﬂ‘ecit
723 1171 788 1217 ut
823 1164 1069 1232 quandiu
1112 1166 1268 1233 vixit,
1304 1167 1373 1222 ad
1413 1170 1814 1226 nutrimentum
1872 1172 1923 1226 ei

336 1254 509 1324 palma
544 1252 852 1308 suffecerit.

402 1348 494 1401 XI.
549 1348 691 1401 Cum
726 1358 912 1403 autem
949 1349 1262 1407 lecticarius
1289 1358 1344 1406 et
1381 1353 1669 1409 eunuchus
1705 1355 1924 1411 excitati

330 1446 541 1495 essent.
574 1445 632 1491 et
666 1438 1059 1509 cognovissent
1100 1455 1220 1495 eam
1252 1458 1362 1496 non
1420 1458 1543 1499 esse
1600 1446 1654 1499 in
1709 1447 1924 1511 lectica,

334 1528 494 1580 valde
523 1536 655 1581 sunt
705 1528 982 1582 admirati.
1014 1527 1347 1586 Invenerunt
1393 1533 1541 1588 enim
1564 1544 1759 1595 vestes,
1792 1552 1929 1605 quas

349 1618 580 1681 terebat,
624 1618 680 1673 in
713 1618 943 1683 lectica;
979 1620 1385 1693 redeuntesque
1433 1630 1785 1682 veneruntad
1806 1643 1930 1682 san-

353 1716 527 1771 ctum,
554 1718 608 1762 et
647 1722 934 1764 meonomo
960 1709 1030 1766 de
1065 1726 1128 1769 ea
1181 1714 1508 1782 retulerunt,
1544 1717 1667 1786 ejus
1712 1734 1928 1789 quoque

348 1809 533 1853 vestes
552 1799 601 1854 ei
622 1801 1000 1857 Ostendentes.
1044 1801 1525 1877 Stupefaetusque,
1553 1808 1609 1865 in
1648 1810 1925 1866 civitatem

341 1894 624 1964 ingressus
647 1903 731 1949 est
759 1909 887 1950 cum
906 1895 1185 1952 lecticario
1214 1908 1267 1954 et
1290 1901 1568 1967 eunucho,
1588 1908 1644 1958 et
1659 1918 1926 1973 exposue-

338 1996 464 2042 runt
495 1986 719 2057 praesidi
749 2002 867 2042 rem
897 1989 1231 2046 universam.
1259 1991 1472 2049 Praeses
1497 2010 1630 2051 vero
1664 1997 1926 2067 perterri-

342 2090 449 2144 tus,
471 2080 667 2135 scribit
691 2082 979 2151 epistolam
1009 2082 1078 2138 ad
1122 2091 1331 2154 patrem
1363 2086 1483 2156 ejus
1515 2087 1923 2157 imperatorem,

340 2173 664 2243 signiﬁcans
711 2175 761 2229 ei
802 2174 988 2229 omnia
1036 2187 1461 2246 consequenter,
1516 2180 1701 2235 missis
1760 2181 1924 2235 etiam

342 2265 456 2332 eius
485 2265 759 2321 vestibus.
791 2264 1028 2337 Accepta
1052 2276 1236 2322 autem
1264 2268 1382 2340 ejus
1411 2269 1642 2340 epistola
1686 2282 1740 2326 et
1765 2271 1922 2338 lecta,

344 2354 480 2411 ﬂevit
505 2372 719 2412 amare.
752 2355 891 2411 Cum
924 2373 1059 2413 vero
1098 2360 1327 2417 vidisset
1352 2362 1516 2419 etiam
1552 2373 1735 2419 vestes
1781 2367 1925 2430 filim,

342 2447 510 2517 magis
535 2447 657 2502 suis
681 2447 934 2519 caligavit
973 2449 1298 2516 visceribus,
1322 2460 1380 2507 et
1412 2455 1581 2524 coepit
1624 2454 1756 2510 ﬂere
1802 2473 1926 2512 cum

338 2548 514 2593 matre
535 2539 682 2607 ejus,
712 2547 769 2592 et
801 2547 917 2594 toto
969 2548 1184 2596 senatu.
1212 2542 1406 2598 Postea
1466 2555 1648 2602 autem
1706 2550 1929 2619 quieve-

335 2638 491 2693 runt,
522 2630 639 2684 Deo
684 2638 909 2699 agentes
959 2632 1180 2701 gratias.
1250 2633 1541 2691 Dixitvero
1595 2636 1925 2708 imperator:

340 2719 484 2780 Deus
512 2720 611 2789 qui
637 2736 760 2777 eam
792 2722 1026 2796 clegisti,
1057 2725 1317 2780 confirma
1340 2742 1461 2781 eam
1485 2728 1539 2782 in
1578 2737 1670 2785 tuo
1708 2732 1925 2786 timore.

341 2813 479 2869 Cum
512 2829 712 2869 omnes
741 2831 874 2887 ergo
920 2832 1113 2872 rursus
1143 2817 1442 2885 ﬂevissem,
1487 2822 1707 2892 quidam
1755 2842 1819 2879 ex
1866 2825 1929 2879 iis

343 2907 605 2963 dixerunt
632 2907 990 2978 imperatori:
1025 2907 1259 2973 Revera,
1302 2911 1542 2976 domine,
1583 2929 1645 2968 ea
1692 2926 1774 2970 est
1815 2915 1923 2971 tilia

342 2997 413 3067 pii
432 2996 808 3067 imperatoris,
830 3012 895 3051 ea
934 3005 1019 3051 est
1043 2997 1147 3052 filia
1174 3007 1280 3052 tum
1307 3000 1589 3068 potentia}.
1626 2999 1765 3055 Ilinc
1804 3018 1926 3055 ma-

341 3090 423 3161 gis
450 3096 834 3161 apparuerunt
862 3097 956 3144 tua
988 3090 1130 3146 bona
1154 3104 1340 3160 opera.
1369 3090 1616 3163 Cumque
1645 3110 1708 3148 ea
1765 3094 1931 3149 dixis-

344 3190 491 3246 sent,
521 3190 579 3237 et
613 3180 702 3235 bis
729 3180 909 3251 plura,
936 3195 1128 3236 omnes
1151 3196 1250 3251 pro
1280 3197 1342 3235 ea
1374 3183 1623 3236 orabant.

409 3270 531 3325 XII.
586 3270 729 3325 Cum
765 3270 925 3325 beata
959 3278 1142 3324 autem
1182 3270 1383 3325 multos
1424 3286 1597 3325 annos
1637 3271 1928 3325 mansisset

340 3362 393 3416 in
416 3360 646 3432 palude,
670 3368 727 3415 et
749 3367 975 3413 strenue
994 3359 1323 3413 decertasset
1342 3359 1605 3414 adversus
1627 3361 1925 3420 diabolum.

342 3454 518 3507 evasit
540 3453 666 3522 ejus
694 3465 902 3519 corpus
936 3458 1192 3518 tanquam
1235 3449 1393 3520 pellis
1432 3452 1741 3506 testudinis.
1792 3448 1930 3508 Exe-

342 3560 462 3601 sum
496 3545 647 3598 enim
673 3542 855 3597 fuerat
895 3557 924 3595 a
960 3542 1255 3596 culicibus.’
1293 3541 1414 3612 Ipsa
1443 3552 1622 3597 autem
1670 3559 1931 3598 consumo

346 3633 635 3703 ptafuerat
666 3631 734 3685 ab
766 3631 1122 3694 abstinentia,
1142 3642 1196 3686 et
1219 3647 1248 3684 a
1280 3632 1463 3702 regula
1503 3648 1666 3702 quam
1693 3635 1930 3703 seipsam

344 3723 629 3778 docuerat.
678 3719 915 3787 Quando
938 3736 1070 3775 vero
1136 3719 1399 3775 Dominus
1445 3719 1698 3777 Christus
1752 3724 1930 3778 voluit

351 3829 474 3868 eam
489 3813 669 3868 facere
691 3814 914 3883 dignam
946 3825 1150 3867 corona
1181 3823 1496 3867 sanctorum
1526 3814 1769 3881 Patrum,
1796 3815 1932 3869 fecit

361 3914 426 3959 ut
449 3918 516 3957 ea
544 3905 892 3974 egrederetur
914 3919 945 3958 e
986 3903 1201 3973 palude.
1242 3903 1603 3974 Ignorabatur
1638 3915 1824 3960 autem
1867 3907 1934 3960 ab

365 3995 637 4057 omnibus,
672 4010 790 4050 eam
841 4009 965 4049 esse
997 3994 1278 4060 feminam,
1310 3995 1406 4049 sed
1438 3996 1727 4065 putabatur
1759 4012 1937 4050 eunu-

363 4089 522 4142 chus.
552 4087 812 4157 Apparuit
838 4101 970 4142 vero
1003 4087 1053 4141 ei
1086 4086 1140 4141 in
1174 4087 1404 4150 somnis,
1448 4086 1540 4157 qui
1587 4087 1826 4143 dicebat.
1878 4088 1935 4142 Si

356 4180 482 4250 ignis
512 4190 565 4234 te
593 4179 1032 4248 interrogaret-it,
1061 4179 1335 4250 quomodo
1352 4182 1593 4247 voceris,
1622 4181 1733 4247 dic,
1770 4181 1936 4236 Doro-

354 4274 535 4323 ttieus.
557 4269 697 4324 Cum
725 4277 875 4323 esset
896 4278 1080 4322 autem
1116 4285 1299 4335 mane,
1331 4272 1573 4325 occurrit
1624 4271 1674 4325 ei
1708 4282 1936 4326 sanctus

349 4359 646 4425 Ilacarius,
666 4368 722 4415 et
752 4361 885 4416 dicit
936 4361 985 4417 ei
1024 4360 1326 4427 :Benedie,
1378 4361 1560 4417 Pater.
1608 4362 1689 4417 Illi
1730 4371 1935 4427 autem,

350 4453 479 4508 data
501 4452 608 4508 sibi
638 4452 874 4508 invicem
911 4453 1202 4517 charitate,
1246 4454 1603 4510 ambulabant
1645 4455 1700 4509 in
1742 4456 1935 4509 solitu—

349 4545 504 4600 dine.
541 4543 907 4616 Interrogavit
944 4559 1075 4598 vero
1110 4542 1438 4611 Dorotheus,
1469 4545 1664 4600 dicens
1696 4559 1716 4600 :
1754 4543 1937 4607 Pater,

349 4639 478 4706 quis
507 4635 609 4690 es?
640 4635 736 4691 Ille
768 4642 951 4690 autem
974 4634 1148 4689 dixit:
1174 4634 1288 4706 Ego
1313 4652 1433 4690 sum
1462 4635 1752 4692 Macarius.
1776 4638 1826 4691 Is
1846 4653 1936 4692 ve-

352 4745 418 4781 ro
449 4729 593 4783 dixit
616 4745 633 4779 ι
665 4726 914 4798 Fungere
945 4727 1129 4783 officio
1147 4728 1434 4785 charitatis
1467 4747 1481 4782 :
1518 4730 1638 4784 sine
1669 4744 1758 4783 me
1781 4730 1942 4785 babi-

355 4829 476 4875 tare
523 4834 653 4873 cum
681 4818 957 4876 fratribus.
993 4820 1234 4877 Praebuit
1267 4830 1451 4875 autem
1500 4821 1550 4875 ei
1573 4835 1791 4890 quoque
1830 4822 1944 4877 cel-

354 4913 465 4967 lam
498 4911 775 4981 protinus.
792 4910 992 4967 Totum
1022 4928 1152 4985 ergo
1181 4913 1325 4968 diem
1358 4921 1416 4968 et
1452 4922 1670 4970 noctem
1726 4914 1944 4970 intense

356 5005 630 5060 offerebat
661 5001 773 5058 Deo
795 5005 1245 5075 supplicationes.
1277 5004 1455 5076 Coepit
1478 5014 1664 5062 autem
1688 5022 1808 5062 eam
1832 5017 1949 5063 ten-

356 5107 476 5152 tare
501 5095 757 5151 diabolus
773 5098 1059 5151 nocturnis
1079 5098 1406 5153 visionibus.
1446 5098 1609 5154 Beata
1660 5113 1794 5155 vero
1844 5100 1940 5154 illa

358 5189 729 5242 vehementer
752 5187 1018 5243 adversus
1040 5203 1166 5245 eum
1212 5189 1550 5256 decertabat,
1581 5206 1652 5245 ne
1698 5191 1948 5247 declara-

354 5288 444 5333 ret
476 5292 540 5332 se
575 5292 700 5333 esse
718 5277 1021 5333 mulierem.
1053 5278 1124 5333 Se
1148 5289 1332 5334 autem
1363 5296 1526 5351 supra
1549 5283 1770 5336 modum
1790 5297 1949 5338 exer-

354 5372 544 5435 cebat,
576 5385 754 5441 neque
775 5369 1072 5425 ecclesiam
1125 5372 1491 5442 relinquebat,
1532 5388 1637 5428 nec
1683 5374 1946 5444 regulam,

356 5473 533 5518 noctu
564 5463 769 5532 diuque
807 5462 978 5517 Deum
1005 5478 1194 5517 orans.

435 5555 572 5611 XIII.
604 5555 851 5621 Quodam
896 5564 1085 5610 autem
1136 5554 1226 5611 die
1266 5556 1435 5611 abbas
1480 5555 1747 5612 Macarius
1796 5559 1951 5611 venit

362 5648 418 5700 in
438 5647 559 5717 ejus
583 5645 799 5712 cellam,
831 5655 888 5699 et
933 5645 1067 5700 dicit
1094 5644 1145 5698 ei
1178 5662 1192 5699 :
1228 5645 1479 5717 Fungcre
1507 5646 1686 5701 oﬂicio
1711 5646 1951 5701 charita-

365 5738 452 5802 tis,
502 5737 647 5791 bone
679 5734 893 5790 frater:
932 5733 1125 5790 emitte
1184 5737 1342 5790 nobis
1398 5752 1611 5806 preces.
1675 5738 1765 5792 Illa
1818 5754 1950 5792 vero

363 5826 490 5886 dicit
522 5846 536 5883 :
566 5826 749 5895 Pater,
791 5842 895 5898 ego
927 5834 1035 5881 ate
1064 5824 1189 5880 volo
1214 5827 1483 5884 benedici.
1513 5828 1758 5899 Cumque
1786 5828 1951 5884 fecis-

2024 626 2315 693 Macarius,
2344 628 2533 683 dicens
2562 646 2574 681 :
2600 627 2715 692 Dic,
2740 627 2898 690 mihi,
2920 627 3106 688 frater,
3137 628 3408 682 undcuam
3431 631 3603 694 venis,

2024 719 2245 788 etquod
2267 725 2349 772 est
2377 719 2471 773 tibi
2502 717 2744 771 nomen?
2780 718 2874 771 llla
2904 733 3033 771 vero
3068 718 3201 772 dixit
3229 737 3242 771 :
3280 706 3454 773 V0cor
3498 716 3605 772 IIo-

2026 809 2273 872 rctbeus,
2301 817 2501 863 etcum
2534 806 2828 862 audiissem
2862 808 2929 861 de
2963 807 3186 871 sanctis,
3216 811 3307 878 qui
3341 810 3428 863 hic
3456 817 3603 871 sunt,

2026 896 2300 961 Patribus,
2368 897 2514 951 volui
2554 913 2661 951 una
2694 913 2817 951 cum
2858 897 2940 950 eis
2975 897 3244 961 habitare,
3278 898 3320 950 si
3389 899 3492 952 sim
3524 897 3608 951 di-

2028 1004 2186 1058 gnus.
2231 987 2375 1043 Dicit
2399 998 2578 1042 autem
2606 989 2654 1041 ei
2689 1003 2880 1041 rursus
2911 1003 3076 1041 senex
3112 1005 3123 1040 :
3158 985 3437 1052 Quodnam
3469 1003 3608 1057 opus

2029 1080 2201 1134 facis?
2228 1078 2301 1133 Ea
2335 1093 2464 1133 vero
2497 1078 2630 1134 dicit
2658 1096 2670 1131 :
2698 1076 2937 1143 Faciam,
2974 1078 3015 1131 si
3065 1078 3192 1146 quid
3243 1092 3330 1131 me
3355 1078 3529 1145 jubcs.
3561 1078 3609 1133 ls

2027 1179 2211 1224 autem
2260 1170 2501 1225 ostendit
2547 1169 2617 1233 ei,
2653 1178 2716 1224 ut
2752 1168 2953 1223 faceret
2987 1177 3257 1223 catenam.
3307 1169 3452 1224 Dens
3485 1186 3609 1224 vero

2027 1262 2214 1316 volens
2244 1262 2534 1316 ostendere
2573 1261 2692 1332 ejus
2721 1261 2887 1315 animi
2926 1261 3323 1324 fortitudinem,
3361 1276 3468 1315 non
3510 1262 3610 1315 dc-

2029 1356 2253 1411 claravit
2285 1356 2464 1410 abbati
2514 1355 2748 1411 Macario
2785 1371 2903 1410 eam
2949 1371 3069 1412 esse
3113 1355 3393 1421 feminam,
3445 1355 3612 1410 sedis

2030 1458 2284 1517 tanquam
2320 1448 2497 1502 virum
2526 1449 2840 1502 eunuchum
2867 1463 2987 1502 eam
3023 1464 3141 1504 esse
3163 1447 3613 1517 putabatdlultas

2029 1548 2210 1593 autem
2233 1537 2544 1593 curationes
2576 1537 2719 1593 Deus
2743 1554 2838 1608 per
2863 1553 2982 1592 eam
3027 1538 3254 1608 peregit.

2099 1629 2242 1684 XIV.
2297 1628 2564 1684 Processu
2590 1638 2779 1684 autem
2831 1630 3092 1700 temporis
3123 1631 3359 1691 daemon,
3409 1632 3612 1703 quiest

2032 1721 2188 1778 bonis
2215 1720 2468 1786 infestus,
2498 1721 2808 1793 aggreditur
2833 1722 2952 1792 ejus
2984 1737 3251 1788 sororem,
3279 1739 3400 1793 qua:
3446 1740 3611 1779 vexa-

2031 1814 2194 1869 batur
2227 1829 2257 1867 a
2284 1813 2532 1867 daemone
2571 1830 2583 1865 :
2625 1821 2744 1866 erat
2790 1823 2972 1867 autem
3006 1828 3129 1866 cum
3165 1813 3609 1882 imperatoribus.

2030 1903 2319 1973 Cmpitque
2345 1918 2463 1956 eam
2497 1902 2711 1956 daemon
2742 1903 3003 1967 lacerare,
3046 1911 3101 1957 et
3130 1903 3311 1957 dicere
3342 1924 3354 1958 :
3385 1904 3499 1958 Nisi
3524 1921 3611 1960 me

2030 1995 2375 2073 acceperitis,
2410 2003 2465 2049 et
2506 1992 2743 2049 tuleritis
2793 1994 2849 2049 in
2881 1994 3254 2058 solitudinem,
3293 2011 3356 2049 ex
3387 2010 3450 2049 ea
3501 2012 3613 2050 non

2028 2087 2295 2156 egrediar.
2336 2076 2563 2139 Volebat
2609 2102 2737 2140 vero
2793 2085 3009 2140 daemon
3039 2085 3157 2154 ejus
3205 2100 3447 2140 soverem
3481 2101 3616 2151 con-

2029 2178 2267 2241 vincere,
2318 2178 2461 2247 quod
2506 2185 2651 2233 esset
2693 2176 2916 2231 femina.
2954 2175 3101 2231 Deus
3159 2190 3292 2230 vero
3341 2176 3613 2231 obstruxit

2030 2269 2354 2334 daemonem,
2388 2282 2458 2324 ne
2480 2285 2544 2324 ea
2574 2268 2798 2323 diceret.
2858 2267 3097 2322 Puellam
3130 2275 3308 2323 autem
3335 2268 3488 2322 valde
3520 2284 3614 2321 ur-

2030 2362 2191 2436 gebat
2226 2362 2462 2424 daemon,
2495 2371 2556 2416 ut
2599 2360 2700 2415 iret
2731 2360 2783 2413 in
2818 2359 3192 2413 solitudinem.
3221 2358 3451 2423 Quidam
3482 2373 3614 2412 vero

2030 2466 2097 2505 ex
2135 2451 2461 2522 proceribus
2491 2449 2784 2504 consulunt
2806 2447 3146 2518 imperatori,
3171 2456 3231 2501 ut
3253 2462 3373 2502 eam
3411 2448 3611 2502 mit'at.

2031 2543 2186 2598 Tunc
2242 2544 2542 2613 imperator
2569 2540 2776 2596 dimisit
2822 2555 2942 2595 eam
2974 2556 3097 2594 cum
3129 2554 3327 2608 magno
3352 2539 3614 2593 comitatu

2030 2637 2097 2693 ad
2149 2637 2336 2692 Patres
2381 2637 2438 2690 in
2473 2634 2847 2690 solitudinem;
2877 2630 3124 2702 Citmque
3182 2631 3217 2684 ii
3245 2630 3525 2687 venissent
3559 2632 3614 2685 in

2031 2729 2256 2794 Scetim,
2309 2728 2464 2786 novit
2494 2733 2718 2781 sanctus
2753 2724 3040 2791 Macarius,
3069 2732 3293 2794 propter
3322 2739 3615 2793 quamnam

2033 2836 2250 2877 causam
2287 2819 2468 2874 adsint
2500 2818 2555 2871 in
2603 2816 2695 2870 illo
2720 2815 2863 2879 loco,
2913 2814 3102 2883 eisque
3159 2828 3481 2884 progressus
3516 2814 3616 2867 ob.

2032 2913 2197 2974 viam,
2226 2909 2442 2981 excepit
2470 2923 2583 2970 eos,
2617 2916 2674 2962 et
2703 2905 2838 2961 dixit
2877 2924 2889 2958 :
2924 2904 3064 2971 Quid
3113 2905 3222 2958 huc
3273 2903 3553 2969 acceditis,
3582 2920 3616 2958 ο

2032 2991 2167 3058 filii?
2201 3001 2276 3056 Illi
2320 3017 2448 3055 vero
2476 2999 2772 3054 dixerunt:
2811 2995 3010 3049 Noster
3058 2993 3324 3064 imprimis
3354 2993 3474 3062 pius
3516 2994 3619 3046 im-

2031 3101 2254 3165 perator
2282 3089 2610 3146 Anthemius
2635 3088 2786 3142 misit
2816 3085 2979 3140 tiliam
3012 3100 3189 3149 suam,
3223 3091 3282 3137 ut
3310 3100 3404 3152 per
3447 3084 3617 3139 Deum

1956 3198 2001 3262 ρ
2036 3191 2258 3239 curetur
2286 3189 2340 3236 et
2399 3195 2590 3250 preces
2626 3187 2855 3232 vestras.
2897 3175 3033 3230 Cum
3067 3190 3185 3229 eam
3236 3185 3416 3228 autem
3461 3189 3621 3229 accc-
3710 3242 3733 3251 β

2034 3277 2208 3348 pisset
2247 3289 2277 3329 a
2307 3271 2669 3332 cubiculario,
2700 3268 2928 3323 deduxit
2956 3282 3075 3321 eam
3106 3265 3171 3320 ad
3227 3267 3481 3321 abbatem
3516 3265 3622 3320 Do-

2036 3368 2308 3428 rotheum,
2341 3373 2397 3418 et
2449 3363 2578 3417 dicit
2607 3361 2657 3414 ei
2716 3377 2729 3414 :
2769 3360 3018 3431 Fungere
3071 3357 3249 3412 officio
3283 3356 3570 3411 charitatis
3605 3377 3619 3413 :

2036 3454 2305 3523 Quoniam
2337 3461 2421 3507 est
2452 3452 2558 3505 filia
2586 3448 2951 3521 imperatoris,
2987 3455 3043 3502 et
3059 3463 3197 3517 opus
3222 3447 3623 3517 habetpatrum

2043 3548 2296 3622 precibus
2328 3554 2382 3600 et
2441 3544 2659 3600 vestris.
2715 3542 2822 3598 Ora
2862 3557 2962 3612 pro
3009 3557 3094 3607 ea,
3128 3547 3187 3593 ut
3214 3546 3455 3594 curetur.
3497 3539 3621 3594 llaec

2041 3648 2125 3696 est
2154 3638 2297 3697 enim
2326 3650 2537 3690 merces
2565 3643 2676 3687 tua.

2110 3730 2229 3786 XV.
2281 3732 2412 3784 Haec
2460 3735 2643 3782 autem
2698 3740 2822 3781 eum
2859 3724 3146 3784 audiisset,
3179 3721 3343 3790 coepit
3384 3717 3533 3785 ﬂere,
3567 3728 3624 3775 et

2042 3824 2223 3881 dicere
2256 3840 2268 3875 :
2302 3820 2561 3887 Quisnam
2622 3833 2724 3888 ego
2756 3832 2876 3871 sum
2915 3821 3189 3885 peccator,
3223 3812 3367 3881 quod
3418 3811 3486 3865 de
3534 3827 3625 3866 me

2043 3916 2205 3972 talem
2235 3911 2561 3982 conccpistis
2591 3909 2939 3980 opinionem?
2970 3905 3232 3976 ﬂexisque
3269 3903 3499 3974 genibus
3542 3899 3629 3957 tli-

2043 4003 2497 4062 cebat:Concede
2518 4001 2673 4065 mihi,
2696 3999 2881 4064 Pater,
2900 4007 2959 4053 ut
2980 4012 3096 4053 mea
3123 4006 3342 4067 peccata
3369 3994 3629 4050 deﬂeam:

2042 4115 2167 4152 nam
2200 4097 2367 4151 multa
2398 4103 2546 4151 sunt.
2583 4091 2693 4164 Ego
2727 4092 2870 4147 enim
2902 4107 3021 4147 sum
3075 4089 3404 4147 imbecillus.
3439 4088 3631 4159 planc-

2045 4207 2151 4262 que
2195 4190 2344 4245 rudis
2374 4197 2432 4243 et
2481 4187 2702 4260 ignarus
2733 4184 2798 4240 ad
2840 4185 2981 4239 hanc
3017 4200 3152 4238 rem.
3192 4182 3331 4237 Dicit
3365 4182 3412 4237 ei
3463 4180 3635 4235 abbas

2047 4280 2360 4336 Macarius:
2402 4278 2599 4333 Annon
2633 4285 2761 4333 sunt
2801 4277 2967 4332 etiam
2996 4274 3090 4330 alii
3125 4273 3336 4339 Patres,
3390 4274 3481 4343 qui
3533 4287 3630 4341 per

2046 4374 2215 4428 Deum
2252 4370 2405 4442 signa
2435 4368 2682 4423 faciunt?
2716 4366 2821 4422 Sed
2846 4374 3029 4420 tamen
3053 4365 3169 4418 bmc
3200 4361 3462 4417 remansit
3490 4375 3636 4413 mer~

2047 4480 2158 4519 ces.
2184 4462 2277 4516 Illa
2313 4475 2444 4517 vero
2473 4459 2640 4515 dicit:
2676 4455 2797 4513 Fiat
2825 4457 2920 4512 Dei
2958 4455 3232 4518 voluntas,
3261 4460 3317 4507 et
3345 4458 3490 4505 mota
3518 4465 3633 4518 pte-

1976 4563 2015 4615 D
2048 4554 2299 4616 nitentia,
2329 4567 2448 4606 eam
2482 4548 2692 4620 accepit
2741 4548 2797 4602 in
2825 4547 3042 4610 cellam,
3075 4553 3131 4599 et
3164 4542 3317 4597 novit
3345 4555 3464 4595 eam
3510 4553 3633 4593 esse

2048 4659 2311 4700 sororem.
2351 4641 2597 4709 ﬂensque
2621 4636 2957 4708 conquievit.
2987 4635 3117 4689 Eam
3149 4641 3332 4686 autem
3358 4628 3630 4699 amplexa,

2047 4734 2187 4788 dixit
2221 4750 2235 4783 :
2265 4731 2412 4784 Bene
2441 4728 2639 4783 venisti
2688 4741 2867 4781 soror.
2925 4724 3018 4777 Dei
3081 4736 3212 4775 vero
3242 4733 3408 4790 opere
3437 4717 3542 4771 fuit
3571 4731 3635 4769 os

2047 4805 2388 4879 obstructum
2445 4805 2700 4883 daem'oni,
2759 4831 2830 4870 ne
2891 4820 3144 4884 argueret
3199 4809 3454 4865 ancillam
3511 4805 3631 4868 Dei,

2049 4913 2192 4984 quod
2230 4920 2373 4969 esset
2396 4910 2618 4966 femina.
2651 4907 2787 4962 Cum
2821 4915 3003 4961 autem
3037 4903 3256 4958 daemon
3283 4913 3404 4954 eam
3435 4895 3527 4951 diu
3555 4894 3637 4949 af-

2049 5004 2277 5073 ﬂigeret,
2310 5018 2410 5073 per
2433 5015 2621 5071 preces
2648 5014 2773 5054 eum
2806 4995 3041 5052 domuit.

2122 5094 2263 5149 XVI.
2306 5093 2552 5159 Quodam
2599 5099 2782 5145 autem
2818 5089 2908 5143 die
2927 5087 3141 5141 daemon
3163 5082 3331 5153 coepit
3351 5095 3469 5136 eam
3505 5078 3635 5133 ξιιΠί-

2049 5203 2197 5257 gere.
2229 5188 2325 5242 Illa
2355 5200 2485 5240 vero
2509 5197 2833 5254 exsurgens,
2872 5193 3070 5233 manus
3106 5191 3235 5231 suas
3291 5171 3537 5228 extendit
3578 5173 3634 5226 in

2051 5280 2269 5343 coelum,
2294 5287 2349 5333 et
2370 5277 2505 5332 ﬂens
2531 5276 2641 5331 Deo
2661 5270 2982 5345 supplicavit
3005 5282 3102 5337 pro
3120 5281 3217 5321 sua
3245 5278 3452 5319 sorore.
3478 5260 3635 5315 Tunc

2050 5369 2295 5425 clamans
2326 5368 2558 5429 daemon,
2590 5364 2729 5419 dixit
2767 5374 2963 5429 magna
2989 5371 3124 5411 voce
3156 5373 3169 5407 :
3212 5351 3278 5419 Ο,
3302 5352 3353 5407 vi
3382 5349 3570 5420 pulsus
3602 5365 3635 5401 a

2055 5470 2107 5515 te
2136 5458 2405 5531 egredior.
2429 5455 2613 5526 anue
2634 5459 2928 5524 prostrata,
2951 5456 3036 5502 est
3058 5457 3327 5518 egressus.
3354 5442 3488 5497 Cum
3511 5454 3633 5531 eam

2052 5530 2234 5606 autem
2258 5548 2581 5617 accepisset,
2624 5545 2731 5599 fert
2759 5557 2947 5596 sanam
2978 5541 3033 5595 in
3089 5534 3373 5593 ecclesiam
3403 5532 3470 5586 ad
3522 5530 3629 5584 Pa-

2056 5652 2199 5697 trum
2234 5640 2420 5712 pedes,
2452 5638 2641 5693 dicens
2674 5651 2689 5689 :
2724 5634 2988 5704 Ignoscite
3016 5629 3175 5691 mihi,
3199 5625 3343 5698 quod
3374 5624 3518 5677 inter
3536 5637 3638 5677 vos

2053 5735 2345 5805 peccarim.
2397 5730 2481 5784 Illi
2529 5734 2711 5782 autem
2741 5725 2866 5778 data
2901 5738 3055 5793 pace.
3086 5724 3355 5775 vocarunt
3382 5713 3638 5769 homines

2056 5824 2422 5898 imperatmis,
2453 5831 2505 5878 et
2545 5822 2625 5875 eis
2682 5818 3025 5873 tradiderunt
3060 5828 3251 5871 sanam
3288 5808 3635 5881 imperatoris
