4156 6422
496 389 602 453 ἓΞῚ

1708 379 1998 442 MENSIS
2039 381 2498 441 JANUARIUS.

3645 377 3756 439 ἓξὲξ

495 502 681 552 {BL-am.
713 495 838 562 Qui,
866 493 1103 549 adoratis
1124 492 1378 548 omnibus
1399 489 1672 556 Patribus,
1693 491 1917 560 profecti
1949 501 2072 544 sunt
2103 496 2150 550 Α
2180 489 2436 543 dixerunt
2465 489 2513 542 ei
2565 505 2576 540 :
2613 486 2837 541 Nostine
2884 487 3063 541 hunc?
3093 486 3187 540 Illa
3224 501 3356 542 vero
3389 487 3756 556 respondens,

497 592 564 645 ad
610 591 1013 658 imperatorem.
1059 585 1292 654 Fuitque
1340 600 1596 653 magnum
1624 585 1875 653 gaudium
1906 585 1958 636 in
1990 584 2069 636 ci-

498 683 660 734 vitate
689 689 912 749 pr0pter
957 677 1118 730 tiliam
1156 675 1524 745 imperatoris,
1565 675 1841 742 Deumque
1871 673 2071 742 glorili~

497 781 777 832 caverunt,
810 771 1054 823 videntes
1085 783 1334 838 magnam
1360 767 1552 835 puella:
1574 765 1916 821 modestiam.
1940 763 2072 816 Bea-

497 873 585 917 tus
619 873 797 916 autem
852 862 1158 914 Dormheus
1205 874 1262 912 se
1319 859 1488 928 magis
1545 857 1872 920 humiliavit,
1910 870 2073 924 supra

498 958 716 1010 modum
752 969 1034 1008 exercens.
1080 951 1309 1020 Fuitque
1345 950 1620 1019 perfectus
1651 948 1897 1018 signifer.

567 1043 728 1098 XVII.
782 1043 1039 1098 Diabolus
1068 1051 1252 1094 autem
1299 1055 1491 1093 rursus
1526 1039 1673 1092 subit
1707 1038 1876 1090 filiam
1902 1035 2076 1103 impe-

497 1137 714 1196 ratoris,
747 1145 802 1190 et
847 1133 975 1188 facit
1029 1141 1089 1186 ut
1131 1146 1413 1201 praegnans
1463 1137 1745 1198 appareat.
1788 1126 2074 1194 Coepitque

498 1229 794 1296 imperator
816 1224 953 1280 allici
998 1238 1190 1294 magno
1214 1222 1420 1284 dolore,
1447 1229 1502 1275 et
1529 1235 1650 1274 eam
1701 1217 2072 1288 interrogavit,

497 1322 686 1376 dicens
718 1338 731 1374 :
765 1320 842 1374 Ex
878 1334 984 1388 quo
1019 1333 1077 1372 es
1113 1316 1433 1386 praegnans?
1485 1313 1560 1368 Ea
1601 1328 1731 1367 vero
1776 1311 1887 1366 illic
1938 1309 2077 1363 nihil

497 1413 642 1466 aliud
669 1411 967 1480 respondit,
1003 1408 1104 1462 nisi
1141 1408 1243 1460 hoc
1295 1406 1471 1460 solum
1502 1422 1515 1459 :
1571 1404 1768 1459 Nescio
1800 1402 2074 1457 undenam

497 1504 600 1556 hoc
632 1502 762 1554 mihi
787 1499 1065 1553 acciderit.
1100 1498 1403 1567 Imperator
1434 1511 1564 1551 vero
1606 1511 1726 1549 eam
1758 1495 1930 1564 magis
1951 1509 2078 1547 exa-

499 1591 757 1644 minabat.
797 1589 950 1642 Tunc
985 1589 1028 1640 ci
1069 1587 1298 1641 Satanas
1348 1587 1491 1640 hanc
1525 1585 1767 1657 suggerit
1793 1584 2078 1656 cogitatio-

495 1696 641 1745 nem,
674 1681 814 1749 quod
843 1679 1166 1741 monachus,
1196 1679 1286 1747 qui
1320 1693 1438 1732 eam
1471 1676 1932 1736 circumducebat,
1960 1675 2078 1745 ipse

495 1790 614 1826 eam
651 1783 1017 1842 prmgnantem
1069 1772 1392 1825 reddiderit.
1428 1770 1582 1823 Tunc
1635 1785 1826 1840 magna
1862 1769 1938 1822 ira
1989 1783 2077 1821 re-

2177 578 2314 632 dixit
2351 595 2362 630 :
2394 577 2600 632 Revera
2635 577 2722 631 hic
2753 585 2835 630 est
2861 577 2949 630 ille
2974 577 3282 638 eunuchus,
3311 577 3400 645 qui
3433 586 3555 646 post
3585 577 3757 632 Deum

2175 685 2262 722 me
2294 670 2524 734 sanavit,
2553 679 2606 722 et
2631 669 2918 736 procidens
2945 669 3011 722 ad
3038 669 3156 738 ejus
3179 669 3364 738 pedes,
3393 669 3602 736 rogavit
3628 685 3756 723 eum

2175 766 2241 814 de
2272 777 2370 814 suo
2403 774 2574 815 utero.
2613 759 2716 825 Qui
2752 777 2874 815 cum
2899 776 3016 814 eam
3047 759 3332 824 erexisset,
3368 767 3423 811 et
3455 758 3574 828 ejus
3601 767 3758 812 utero

2176 869 2372 906 manus
2409 855 2778 923 imposuisset,
2809 870 2927 908 eam
2956 869 3144 907 sanam
3195 853 3453 907 reddidit.
3489 852 3626 907 Cum
3653 853 3759 906 hoc

2176 956 2362 1000 autem
2386 947 2672 1007 vidissent,
2704 947 2953 1000 admirati
2985 955 3136 1007 sunt,
3169 954 3222 998 et
3269 948 3435 999 Deum
3488 944 3758 1014 gloriﬁca-

2177 1046 2396 1090 verunt.
2435 1038 2694 1090 Dixerunt
2735 1038 2914 1106 itaque
2949 1053 2962 1090 :
3006 1038 3146 1091 Vere
3175 1037 3290 1090 haec
3325 1046 3408 1090 est
3436 1037 3544 1090 lilia
3572 1045 3756 1090 nostra

2177 1129 2522 1198 Apollinaris.
2555 1129 2678 1183 Fuit
2708 1140 2889 1183 autem
2941 1127 3102 1183 ﬂetus
3139 1144 3265 1184 cum
3314 1129 3509 1199 gaudio
3546 1129 3596 1180 in
3629 1127 3754 1181 aula

2181 1221 2547 1290 imperatoris.

2251 1309 2393 1364 XIX.
2436 1310 2572 1366 Cum
2596 1322 2778 1365 autem
2815 1327 3016 1382 paucos
3045 1312 3162 1366 dies
3201 1320 3413 1366 versata
3439 1319 3587 1364 esset
3616 1312 3761 1380 apud

2179 1411 2456 1471 parentes,
2480 1403 2664 1458 omnia
2715 1405 2795 1458 eis
2836 1403 3100 1457 narravit.
3134 1404 3266 1469 Quae
3299 1418 3422 1457 cum
3456 1402 3757 1466 audissent,

2182 1495 2348 1548 Deum
2385 1494 2704 1549 laudarunt.
2759 1494 3040 1564 Rogarunt
3072 1511 3203 1549 vero
3252 1510 3394 1558 eam,
3433 1503 3494 1550 ut
3525 1511 3648 1549 cum
3681 1495 3765 1548 eis

2181 1593 2447 1649 maneret,
2509 1585 2604 1640 sed
2664 1601 2771 1639 non
2826 1595 2953 1639 tunc
3000 1596 3412 1656 persuaserunt.
3469 1587 3764 1654 Propterea

2179 1686 2362 1730 autem
2394 1677 2537 1746 quod
2571 1677 2618 1731 ei
2655 1677 3040 1748 promiserant,
3075 1693 3196 1732 eam
3227 1695 3348 1732 cum
3383 1679 3570 1734 multis
3600 1679 3766 1750 lacry-

2182 1771 2284 1824 mis
2327 1770 2652 1824 emiserunt.
2709 1767 2936 1840 Rogavit
2983 1780 3166 1824 autem
3201 1780 3455 1840 parentes
3501 1786 3652 1835 suos,
3706 1780 3768 1824 ut

496 1865 673 1932 pletus
706 1863 1020 1930 imperator,
1061 1861 1206 1914 misit
1232 1860 1297 1914 ad
1349 1860 1686 1930 perdendum
1717 1875 1841 1912 eum
1877 1859 2074 1912 locum.
2111 1860 2151 1914 Β
2184 1876 2282 1930 pro
2329 1877 2387 1914 se
2421 1869 2661 1916 orarent.
2699 1861 2780 1914 Illi
2813 1877 2942 1915 vero
2958 1860 3006 1914 ei
3039 1861 3229 1915 dicunt
3261 1880 3274 1915 :
3322 1861 3465 1916 Deus
3493 1862 3580 1916 cui
3612 1861 3764 1916 fuisti

496 1955 631 2008 Cum
677 1964 856 2007 autem
889 1953 1165 2023 principes
1215 1968 1376 2022 quam
1413 1952 1698 2006 celerrime
1726 1953 1988 2005 abiisscnt
2024 1952 2075 2006 in

499 2049 721 2112 Scetim,
780 2057 1032 2116 qua-runt
1065 2047 1368 2115 intelligere
1421 2061 1504 2109 ea,
1557 2061 1677 2114 qua:
1714 2045 1821 2098 illic
1852 2043 2075 2109 fiebant,

497 2143 742 2196 dicentes
775 2157 786 2192 :
822 2140 953 2194 Date
1004 2140 1162 2193 nobis
1198 2140 1548 2200 monachum,
1585 2138 1675 2206 qui
1713 2147 2078 2207 przegnantcm

500 2230 733 2285 reddidit
761 2229 922 2282 filiam
965 2229 1330 2297 imperatoris.
1371 2226 1464 2281 Dei
1501 2243 1630 2281 vero
1653 2235 1876 2280 sanctus
1908 2209 2078 2280 Doro—

502 2319 661 2372 theus
703 2317 788 2371 his
835 2318 1018 2372 verbis
1049 2318 1270 2382 auditis,
1320 2317 1375 2370 in
1407 2317 1642 2370 medium
1676 2316 1962 2386 processit,
2006 2317 2081 2370 di-

499 2425 631 2464 cens
661 2428 674 2464 :
705 2410 812 2480 ligo
836 2424 975 2462 sum.
1004 2409 1198 2465 Alllicti
1223 2418 1350 2464 sunt
1378 2419 1560 2462 autem
1591 2409 1762 2463 sancti
1798 2409 2004 2472 Patres,
2027 2417 2082 2462 et

499 2500 754 2556 dixerunt
784 2517 798 2553 :
827 2498 935 2554 Nos
967 2516 1183 2570 quoque
1209 2509 1388 2554 tecum
1429 2500 1646 2554 ibimus.
1678 2501 1752 2554 Ea
1792 2516 1920 2553 vero
1947 2499 2084 2552 dixit

501 2593 582 2646 eis
614 2612 626 2645 :
670 2592 887 2646 Domini
911 2593 1038 2657 mei,
1077 2594 1419 2648 solummodo
1449 2602 1601 2647 orate
1632 2609 1729 2663 pro
1760 2608 1867 2658 me,
1896 2607 2083 2662 spero-

505 2699 610 2751 que
640 2683 692 2736 in
724 2681 855 2748 Deo,
887 2691 942 2737 et
978 2683 1030 2736 in
1071 2685 1265 2738 vestris
1306 2683 1579 2753 precibus,
1607 2682 1722 2737 fore
1751 2693 1810 2737 ut
1843 2684 1954 2737 cito
1987 2698 2083 2738 vos

503 2774 747 2837 adorem,
777 2783 832 2828 et
877 2774 1142 2828 abeuntes
1191 2775 1247 2828 in
1297 2775 1608 2840 ecclesiam,
1639 2781 1910 2829 venerunt
1959 2789 2082 2827 cum

505 2874 619 2920 toto
669 2876 946 2920 conventu
1001 2865 1251 2930 fratrum,
1295 2864 1561 2936 factisque
1610 2867 1867 2937 precibus
1922 2865 2085 2920 simul

503 2955 704 3025 egressi
772 2965 942 3020 sunt,
1000 2957 1336 3012 deducentes
1402 2958 1656 3013 abbatem
1726 2959 2082 3012 Dorotheum.

504 3045 720 3100 Sciebat
785 3047 931 3101 enim
989 3047 1158 3102 abbas
1215 3047 1504 3116 Macarius,
1565 3051 1621 3103 in
1682 3048 1774 3104 illo
1827 3049 1906 3102 nil
1966 3064 2088 3104 esse

505 3136 655 3190 mali.

579 3225 762 3282 XVIII.
789 3225 1035 3298 Cumque
1071 3228 1109 3282 ii
1139 3229 1518 3300 pervenissent
1554 3229 1620 3284 ad
1674 3229 2079 3300 imperatorem.
2116 3198 2160 3260 Ο

508 3318 742 3389 procidit
785 3320 850 3372 ad
895 3320 1014 3389 ejus
1046 3321 1214 3390 pedes
1258 3321 1426 3375 abbas
1467 3319 1792 3382 Dorotheus,
1844 3321 2032 3375 dicens
2069 3339 2083 3375 :

508 3409 658 3480 Ilogo
688 3418 831 3465 tuam
875 3411 1130 3480 pietatem
1185 3420 1245 3465 ut
1271 3428 1395 3466 cum
1428 3413 1648 3466 silentio
1691 3413 1874 3466 audiat
1900 3414 1966 3468 de
1998 3423 2087 3467 tua

511 3501 639 3554 filia.
676 3502 874 3556 Eamus
908 3519 1175 3569 seorsum,
1208 3513 1263 3559 et
1293 3521 1392 3575 ego
1431 3505 1584 3559 vobis
1623 3506 1856 3560 narrabo
1884 3506 2084 3558 omnia.

510 3589 626 3643 Non
657 3600 740 3645 est
763 3592 905 3645 enim
932 3592 979 3646 ei
1008 3594 1226 3647 allatum
1255 3594 1462 3659 vitium,
1484 3610 1586 3649 nec
1607 3595 1770 3649 habet
1797 3594 2087 3664 quidquam

512 3681 659 3745 mali,
690 3681 857 3735 absit!
896 3681 1190 3753 Postquam
1232 3694 1412 3738 autem
1442 3686 1659 3740 iverunt
1697 3701 1944 3739 seorsum
1974 3685 2089 3755 ipsa

511 3783 566 3827 et
588 3784 845 3846 parentes
876 3776 1016 3844 ejus,
1047 3777 1184 3831 dixit
1217 3778 1296 3832 eis
1323 3797 1336 3833 :
1369 3778 1471 3831 Per
1503 3777 1787 3832 Dominum
1815 3779 2089 3848 promitti-

513 3874 563 3919 te
608 3866 762 3932 mihi,
795 3867 938 3936 quod
969 3867 1013 3922 si
1059 3869 1421 3939 cognoveritis
1451 3869 1756 3935 veritatem,
1807 3869 2089 3925 dimittctis

513 3972 601 4010 me
634 3957 686 4009 in
722 3957 900 4011 locum
930 3973 1137 4012 meum.
1163 3959 1318 4024 Quod
1345 3975 1467 4013 cum
1491 3959 1548 4012 ei
1571 3959 1950 4028 promisissent
1997 3959 2093 4012 im-

516 4056 732 4116 perator
757 4055 812 4100 et
841 4048 960 4116 ejus
985 4063 1143 4113 uxor,
1173 4049 1311 4102 dixit
1342 4050 1420 4104 eis
1455 4067 1469 4102 :
1502 4048 1603 4116 Qui
1637 4059 1761 4119 post
1807 4049 1974 4103 Deum
2003 4065 2091 4103 sa-

514 4151 638 4188 nam
672 4135 801 4190 fecit
855 4137 1018 4190 ﬁliam
1055 4148 1311 4202 vestram,
1364 4148 1449 4192 est
1491 4155 1610 4193 mea
1670 4139 1947 4193 humilitas
1996 4155 2093 4208 per

515 4227 738 4282 Patrum
789 4245 1000 4298 preces.
1057 4231 1135 4284 Illi
1171 4246 1302 4286 vero
1354 4231 1438 4286 his
1467 4233 1663 4286 auditis
1709 4231 2090 4300 obstupefacti,

518 4333 767 4372 mansere
794 4320 950 4384 muti,
980 4329 1036 4374 et
1063 4321 1300 4374 attoniti.
1335 4322 1426 4375 Eis
1447 4331 1627 4375 autem
1657 4321 1790 4377 dixit
1815 4338 1827 4374 :
1858 4323 1968 4391 Ego
1997 4337 2093 4376 vos

516 4406 585 4460 de
634 4406 735 4460 hac
770 4423 826 4461 re
861 4407 1051 4462 faciam
1085 4409 1370 4472 certiores,
1420 4419 1475 4463 et
1499 4419 1689 4479 aperto
1718 4411 1856 4464 collo
1885 4410 1967 4464 sui
2001 4425 2093 4464 co-

519 4499 667 4563 lobii,
699 4499 936 4554 ostendit
970 4517 1094 4555 suas
1131 4517 1415 4565 mammas,
1454 4510 1510 4557 et
1544 4504 1676 4559 dixit
1721 4522 1734 4557 :
1789 4504 1965 4566 Pater,
1997 4518 2094 4572 ego

519 4604 636 4641 sum
674 4598 762 4642 tua
796 4590 900 4642 tilia
929 4592 1277 4662 Apollinaris.
1312 4593 1464 4659 Quod
1510 4611 1633 4649 cum
1661 4595 1942 4649 audissent
1973 4595 2092 4663 ejus

521 4689 792 4749 parentes,
823 4684 1242 4754 obstupuerunt,
1275 4695 1331 4741 et
1360 4689 1542 4742 multae
1595 4688 1729 4744 luszic
1767 4698 1894 4742 sunt
1921 4689 1974 4742 in
2003 4689 2093 4742 illo

519 4770 606 4826 die
635 4771 903 4844 lacrymae.
943 4777 1299 4833 Adduxerunt
1326 4788 1506 4836 autem
1539 4795 1690 4834 suam
1725 4795 1996 4845 sororem,
2043 4791 2098 4835 et

2185 1951 2479 2020 desponsa,
2509 1951 2627 2020 ipse
2663 1950 2905 2020 perficiet
2937 1960 3114 2004 tecum
3164 1951 3611 2005 misericordiam.
3653 1951 3767 2004 Me-

2183 2053 2369 2097 mento
2421 2051 2603 2096 autem
2647 2042 2840 2107 nostri,
2882 2043 3012 2106 filia,
3043 2043 3096 2095 in
3128 2043 3332 2096 sanctis
3355 2043 3459 2097 tuis
3482 2043 3756 2112 precibus.

2182 2134 2354 2200 Quam
2384 2149 2509 2189 cum
2553 2134 2786 2203 amplexi
2812 2144 3011 2198 essent,
3049 2135 3219 2204 ipsam
3271 2135 3618 2189 dimiserunt.
3656 2133 3769 2188 Vo-

2183 2225 2402 2279 luerunt
2453 2235 2634 2280 autem
2676 2227 2722 2279 ei
2753 2226 2881 2279 dare
2919 2226 3204 2296 pecuniam
3253 2226 3318 2280 ad
3355 2241 3486 2280 usus
3517 2227 3764 2289 Patrum,

2184 2317 2391 2371 sedeas
2426 2333 2532 2370 non
2559 2318 2787 2386 accepit,
2817 2317 3007 2372 dicens
3036 2335 3048 2370 :
3083 2318 3271 2372 Patres
3293 2318 3396 2372 mei
3425 2334 3534 2372 non
3571 2319 3776 2372 habent.

2184 2423 2319 2474 Opus
2346 2408 2592 2477 pecuniis
2624 2409 2785 2476 hujus
2817 2409 3029 2474 mundi,
3060 2425 3128 2464 ne
3181 2426 3211 2463 a
3242 2410 3401 2464 bonis
3455 2412 3772 2464 excidamus

2185 2499 2526 2554 crelestibus.
2580 2499 2864 2569 Factisquc
2909 2502 3186 2570 precibus,
3235 2501 3564 2556 dimiserunt
3613 2517 3771 2556 suam

2185 2589 2349 2645 ﬁliam
2382 2591 2656 2646 laetantem
2680 2601 2734 2646 et
2770 2593 3158 2647 exsultantem.
3199 2593 3335 2649 Cum
3373 2609 3435 2648 ea
3466 2603 3649 2649 autem
3681 2612 3769 2648 ve-

2185 2681 2360 2733 nisset
2391 2681 2445 2733 in
2471 2681 2696 2746 Scetim,
2723 2692 3218 2751 susceperunteam
3254 2683 3451 2738 fratres
3479 2693 3536 2738 et
3565 2695 3770 2754 patres,

2186 2779 2242 2824 et
2273 2772 2443 2826 Deum
2497 2773 2882 2837 laudaverunt,
2914 2775 3057 2844 quod
3095 2775 3344 2830 rediisset
3381 2776 3547 2830 frater
3581 2791 3773 2830 eorum

2188 2877 2375 2927 sanus,
2404 2871 2458 2916 et
2484 2863 2628 2916 diem
2662 2862 2857 2918 festum
2894 2864 2942 2918 ei
2973 2863 3241 2920 fecerunt.

2259 2951 2380 3006 XX.
2412 2951 2604 3008 Paucis
2633 2963 2813 3008 autem
2858 2964 2983 3024 post
3012 2956 3229 3021 diebus,
3262 2956 3478 3026 quando
3520 2955 3776 3026 cognovit

2190 3060 2248 3099 se
2276 3061 2398 3100 csse
2451 3062 2482 3100 e
2529 3047 2731 3101 mundo
2756 3048 3050 3112 exituram,
3080 3047 3212 3103 dicit
3254 3048 3436 3103 abbati
3489 3049 3727 3102 Macario
3758 3066 3772 3102 :

2194 3135 2299 3189 Fac
2348 3136 2582 3192 officium
2640 3139 2944 3194 charitatis.
3013 3139 3067 3194 Si
3099 3140 3389 3211 contigerit
3439 3156 3527 3195 mc
3580 3156 3612 3195 e
3666 3142 3776 3196 vita

2195 3229 2479 3292 excedere,
2513 3246 2582 3286 ne
2607 3247 2694 3288 me
2718 3242 3050 3301 componant
3077 3233 3350 3287 monachi.
3399 3231 3448 3288 Is
3477 3249 3604 3288 vero
3643 3234 3779 3288 dicit

2195 3317 2242 3371 ei
2283 3336 2296 3372 :
2325 3316 2609 3384 Quomodo
2643 3329 2822 3390 potest
2854 3323 2956 3375 hoc
2986 3320 3143 3375 ﬁeri?
3177 3321 3250 3376 Ea
3302 3331 3483 3378 autem
3520 3338 3777 3378 consum-

2194 3423 2360 3476 mata,
2388 3422 2655 3467 venerunt
2681 3415 2854 3468 sancti
2883 3414 3090 3481 Patres,
3127 3423 3185 3469 ut
3214 3423 3462 3469 sanctum
3490 3417 3609 3483 ejus
3642 3431 3778 3470 cor-

2196 3516 2298 3570 pus
2323 3501 2588 3556 lavarent.
2627 3500 2893 3557 Viderunt
2942 3513 3123 3557 autem
3151 3520 3270 3558 eam
3299 3520 3419 3560 esse
3450 3521 3586 3559 sexu
3613 3505 3774 3559 femi.

2195 3607 2344 3654 nam,
2363 3601 2417 3645 et
2441 3593 2837 3657 exclamarunt,
2867 3594 3110 3649 dicentes
3138 3595 3352 3650 :Gloria
3392 3596 3510 3658 tibi,
3535 3597 3774 3659 Christo,

2197 3684 2286 3751 qui
2321 3685 2520 3737 multos
2566 3685 2734 3738 habes
2783 3695 3003 3739 sanctos
3051 3687 3315 3740 occultos.
3352 3687 3666 3740 Admiratus
3697 3697 3778 3741 est

2197 3784 2379 3827 autem
2429 3775 2597 3829 abbas
2627 3775 2916 3841 Macarius,
2949 3778 3093 3846 quod
3124 3779 3226 3831 hoc
3279 3778 3383 3832 sibi
3426 3795 3537 3832 non
3588 3779 3779 3833 fuisset

2198 3867 2519 3922 revelatum.
2560 3866 2676 3922 Una
2712 3884 2841 3923 vero
2871 3879 3030 3924 nocte
3076 3870 3220 3924 videt
3269 3871 3552 3935 visionem,
3579 3888 3698 3940 qua:
3730 3870 3781 3924 ci

2199 3959 2333 4013 dicit
2370 3977 2382 4012 :
2418 3959 2496 4013 Ne
2543 3962 2760 4031 angaris
2793 3971 3102 4031 pr0pterca.
3149 3960 3379 4031 Oportet
3404 3964 3550 4017 enim
3603 3972 3654 4015 te
3684 3979 3784 4017 eo-

2199 4051 2382 4105 ronari
2417 4067 2539 4105 cum
2570 4055 2774 4106 sanctis
2822 4051 3095 4116 Patribus,
3152 4053 3243 4121 qui
3285 4061 3417 4107 sunt
3465 4069 3498 4108 a
3557 4053 3781 4108 saeculo.

2201 4143 2357 4199 Tunc
2381 4144 2428 4198 ei
2456 4144 2693 4198 narravit
2733 4144 2922 4209 vitam,
2947 4153 3002 4198 et
3027 4161 3227 4199 nomen
3263 4146 3456 4200 beatae.
3485 4145 3785 4213 Allatisque

2201 4235 2405 4288 sanctis
2453 4235 2572 4304 ejus
2601 4234 2868 4304 reliquiis,
2920 4250 3038 4288 eam
3076 4244 3376 4304 posuerunt
3403 4235 3471 4290 ad
3513 4235 3784 4289 orientem

2201 4337 2403 4380 sanctae
2432 4325 2700 4389 ecclesiae,
2736 4324 2791 4378 in
2833 4334 2991 4378 antro
3022 4326 3235 4379 abbatis
3260 4324 3476 4376 Macarii
3499 4337 3622 4377 cum
3651 4337 3787 4392 gau-

2201 4417 2292 4470 dio
2325 4425 2379 4470 et
2409 4416 2575 4486 gloria
2609 4431 2779 4484 usque.
2829 4415 2882 4469 in
2927 4415 3248 4470 hodiernum
3285 4415 3448 4478 diem,
3476 4429 3574 4483 per
3609 4413 3784 4465 Deum

2202 4516 2257 4560 et
2279 4516 2497 4561 sanctos
2520 4505 2709 4559 Patres
2742 4524 2754 4558 :
2787 4514 2985 4576 etpost
3005 4515 3208 4560 sanctte
3243 4506 3632 4559 dormitioncm
3656 4517 3788 4571 per-

2201 4605 2435 4668 aguntur
2483 4597 2816 4661 curationes,
2867 4595 3043 4666 gratia
3108 4605 3163 4650 et
3217 4595 3510 4651 clementia
3569 4592 3785 4647 Domini

2201 4691 2373 4743 nostri
2426 4688 2559 4742 Jesu
2603 4688 2826 4743 Christi.
2860 4689 2958 4742 Cui
2996 4688 3166 4760 gloria
3197 4700 3250 4745 et
3286 4688 3530 4759 potentia
3562 4684 3618 4741 in
3677 4698 3789 4738 sa:-

2208 4782 2351 4836 cula.
2391 4781 2589 4836 Amen.
