4156 6444
480 342 3753 387 W

1349 546 1496 634 DE
1574 545 1666 636 S.
1740 544 2311 637 SYMEONE
2385 548 2941 638 STYLITA.

1899 740 2113 812 (Anno
2145 736 2313 811 460.)

1509 901 1660 968 [Acta
1692 904 1780 954 SS.
1816 905 2038 955 Bolland.
2065 904 2305 966 Januarii,
2334 915 2454 957 tom.
2481 910 2517 971 l,
2542 911 2623 961 die
2646 909 2720 977 5.]

2080 1075 2151 1091 ὀ

586 1202 622 1276 ’ς
658 1205 696 1258 l.
730 1203 1017 1275 Symeonis
1045 1203 1256 1275 Stylita:
1290 1207 1512 1260 senioris
1543 1206 1739 1261 celebre
1769 1224 1977 1262 nomen.

553 1340 697 1397 Tres
740 1341 1046 1413 Symeones
1102 1339 1325 1413 Stylitas
1355 1342 1478 1397 fasti
1517 1343 1871 1399 ecclesiastici
1925 1344 2083 1399 exhi-

483 1434 640 1490 bent.
674 1433 882 1487 Senior
941 1434 1168 1504 ejusque
1195 1434 1426 1488 instituti
1462 1434 1670 1503 primus
1712 1450 1911 1504 parens
1937 1437 1970 1491 5
1995 1434 2087 1491 Ja-

487 1530 671 1584 nuarii
730 1530 936 1585 colitur
983 1545 1014 1584 a
1074 1530 1301 1597 Latinis,
1336 1545 1365 1585 a
1411 1528 1616 1585 Graecis
1651 1530 1677 1582 l
1719 1527 2081 1599 Septembris.

495 1624 726 1679 Fallitur
766 1623 919 1678 enim
948 1620 1217 1678 Batonius
1259 1624 1387 1678 dum
1442 1625 1636 1679 scribit
1674 1624 1796 1694 ejus
1843 1625 2083 1680 natalem

508 1716 589 1787 agi
614 1716 680 1771 Ἃ
707 1714 855 1780 Maii,
892 1714 1157 1786 Menolog.
1215 1716 1506 1771 eardinalis
1544 1715 1727 1771 Sirleti
1755 1726 1961 1772 temere
1994 1732 2085 1771 se-

490 1817 674 1871 cutus,
706 1807 763 1861 in
799 1822 911 1877 quo
939 1821 1065 1861 cum
1102 1807 1170 1862 de
1194 1806 1409 1876 juniore
1444 1805 1712 1878 Symeoue
1743 1823 1810 1863 eo
1842 1807 1932 1862 die
1957 1822 2086 1878 aga-

497 1908 604 1963 tur,
640 1899 773 1954 illud
824 1914 935 1952 non
985 1906 1135 1953 recte
1183 1898 1460 1968 adjicitur,
1493 1913 1579 1953 res
1609 1898 1676 1953 ab
1725 1913 1792 1953 eo
1838 1905 2016 1970 gestas
2053 1913 2083 1954 a

488 1984 840 2045 Theodoreto
895 1987 1019 2060 Cyri
1071 1988 1331 2059 episcopo
1382 1988 1578 2044 litteris
1624 1989 1853 2044 traditas
1914 2005 2083 2045 esse:

484 2090 713 2139 constat
752 2081 901 2137 enim
956 2080 1369 2136 Theodoretum
1414 2081 1584 2135 multo
1627 2089 1756 2136 ante
1817 2082 1926 2136 vita
1957 2082 2086 2136 fun-

483 2184 642 2230 ctum
673 2188 819 2236 esse,
860 2186 1022 2243 quam
1048 2170 1234 2241 junior
1266 2172 1500 2244 Symeon
1547 2181 1884 2226 nasceretur.
1935 2172 2088 2228 Alter

488 2266 660 2337 igitur
686 2262 922 2335 Symeon
952 2260 1145 2332 Stylita
1181 2262 1236 2316 in
1277 2271 1462 2316 monte
1493 2260 1750 2324 mirabili,
1785 2260 1837 2314 in
1886 2260 2086 2333 Marty-

480 2355 697 2426 rologio
753 2353 1001 2409 Romano
1048 2353 1252 2408 relatus
1297 2353 1331 2407 ὅ
1391 2352 1756 2423 Septembris,
1809 2353 2007 2409 colitur
2054 2371 2083 2410 a

476 2446 696 2501 Grecis
721 2443 967 2507 ﬂuuii,
1000 2458 1109 2513 quo
1152 2443 1241 2498 die
1270 2443 1339 2498 de
1396 2443 1489 2497 illo
1543 2443 1790 2513 pluribus
1838 2460 2082 2513 agemus.

2110 1213 2163 1272 Α
2190 1211 2454 1275 inclusus,
2491 1212 2543 1265 in
2570 1212 2911 1268 hebdomada
2935 1213 3116 1269 cibum
3154 1217 3319 1270 srmel
3348 1218 3589 1289 capiens,
3623 1232 3757 1289 pane

2190 1300 2597 1372 herbarumque
2646 1304 2919 1358 radicibus
2970 1313 3027 1359 et
3075 1320 3229 1375 aquai
3275 1315 3407 1377 potu
3459 1309 3758 1363 victitabat.

2190 1391 2307 1458 Qua
2343 1394 2646 1449 admirabili
2685 1395 3014 1452 abstinentia
3049 1406 3099 1451 et
3130 1399 3419 1454 sanctitate
3452 1403 3551 1465 vir,
3577 1402 3759 1455 multis

2186 1489 2351 1543 etiam
2382 1489 2659 1543 miraculis
2686 1489 2864 1543 clarus
2892 1491 3143 1562 migravit
3168 1494 3234 1547 ad
3260 1493 3570 1548 Dominum.
3600 1513 3620 1545 ο
3662 1495 3749 1550 Ve-

2188 1595 2309 1633 rum
2343 1580 2490 1634 unde
2522 1580 2714 1635 didicit
2753 1579 3060 1636 Galesinius
3096 1597 3243 1638 cavae
3277 1586 3544 1640 columnae
3589 1586 3753 1639 inclu-

2186 1686 2310 1725 sum
2343 1670 2546 1725 fuisse?
2577 1670 2925 1727 Contrarium
2947 1674 3154 1743 patebit
3174 1691 3242 1730 ex
3271 1674 3299 1745 §
3350 1676 3619 1745 sequenti.
3652 1678 3764 1733 Nec

2188 1762 2356 1816 semel
2398 1761 2452 1815 in
2491 1762 2829 1817 hebdomada
2863 1764 3043 1818 cibum
3078 1766 3347 1834 capiebat,
3381 1768 3482 1819 nisi
3519 1767 3571 1819 in
3603 1766 3758 1836 prin-

2187 1854 2332 1924 cipio
2354 1855 2479 1910 vitae
2496 1855 2840 1923 monasticm;
2871 1858 2964 1912 sed
2984 1859 3395 1929 quadragesimo
3413 1861 3631 1914 demum
3645 1859 3760 1927 die,

2187 1956 2248 2002 ut
2279 1949 2331 2000 in
2362 1945 2485 2002 Vita
2519 1947 2752 2002 dicetur.

2255 2055 2285 2125 ᾗ
2344 2056 2410 2111 ll.
2446 2055 2653 2128 Stylitte
2685 2060 2822 2113 unde
2854 2059 3002 2115 dicti.
3041 2060 3169 2125 Quir
3210 2061 3464 2116 calamum:
3494 2064 3689 2134 forma.

2260 2173 2315 2227 4.
2357 2170 2548 2241 Operae
2590 2172 2827 2242 pretium
2856 2182 2976 2237 est,
3024 2173 3153 2228 dum
3187 2174 3253 2229 de
3285 2175 3489 2245 Stylitis
3528 2176 3759 2247 agimus.

2187 2279 2308 2337 qua:
2331 2266 2483 2321 vocis
2519 2266 2691 2331 notio,
2729 2282 2850 2336 quze
2890 2266 3154 2321 eolumnm
3186 2266 3355 2321 forma
3390 2267 3571 2331 fuerit,
3596 2283 3763 2337 expo-

2188 2375 2339 2414 nere.
2366 2358 2524 2414 Prius
2542 2359 2615 2413 ita
2637 2358 2874 2414 breviter
2891 2360 3205 2429 exsequitur
3222 2360 3552 2431 Rosweydus
3575 2370 3762 2415 noster

2188 2451 2245 2505 in
2284 2452 2575 2507 Notatione
2605 2452 2672 2507 ad
2704 2451 2760 2507 S.
2794 2451 3082 2522 Symeonis
3116 2451 3319 2524 Stylitae
3356 2453 3522 2508 vitam
3549 2474 3564 2508 :
3595 2472 3616 2505 ‹
3645 2454 3757 2509 Du-

482 2540 714 2595 Tertius
732 2539 802 2593 ab
830 2537 1022 2592 iisdem
1065 2537 1270 2593 Graecis
1304 2536 1613 2591 celebratur
1633 2526 1704 2590 2'6
1735 2536 1889 2603 Julii,
1916 2554 2080 2593 voea—
2110 2555 2152 2608 B
2183 2545 2323 2598 citur
2369 2560 2399 2598 a
2434 2543 2803 2615 grammaticis
2837 2552 2891 2597 et
2934 2543 3123 2607 στῦλος
3173 2554 3228 2600 et
3261 2544 3426 2616 στήλη
3470 2546 3538 2599 ab
3570 2547 3761 2601 eadem

480 2643 687 2703 torque
739 2631 1023 2702 presbyter
1074 2638 1132 2684 et
1190 2628 1656 2692 archimandrita;
1712 2629 1856 2683 idem
1883 2629 2081 2684 fortas-

480 2724 584 2786 sis,
612 2723 706 2792 qui
764 2738 791 2773 a
822 2720 1034 2775 Joanne
1068 2718 1288 2774 Moscho
1319 2733 1439 2788 cap.
1504 2719 1573 2773 57
1622 2717 1770 2773 Prati
1823 2720 2080 2789 spiritua-

482 2813 577 2879 lis,
602 2811 719 2867 sive
748 2812 871 2865 libri
924 2827 959 2865 ι
1006 2811 1075 2866 de
1107 2809 1248 2865 Vitis
1290 2809 1396 2865 PP.
1430 2810 1659 2866 fulmine
1683 2811 1824 2866 ictus
1868 2827 2081 2867 memo-

480 2915 666 2960 ratur.
1132 2896 1137 2902 ’

556 2998 617 3052 2.
653 2995 940 3051 Seniorem
972 2993 1046 3047 ita
1082 2992 1328 3048 celebrat
1388 2991 1829 3065 Martyrologium
1882 2991 2083 3047 Roma-

479 3104 623 3145 num
676 3087 980 3143 SJanuarii
1011 3104 1025 3141 :
1054 3104 1075 3138 σ
1113 3084 1423 3141 Antiochiae
1449 3084 1507 3140 S.
1549 3082 1839 3156 Symeonis
1882 3099 2078 3139 mona-

479 3182 600 3246 chi,
631 3180 723 3252 qui
760 3181 813 3233 in
838 3180 1092 3235 columna
1128 3186 1277 3233 stans
1311 3178 1515 3233 multos
1541 3192 1717 3233 annos
1745 3177 1900 3243 vixit,
1936 3178 2080 3232 unde

480 3281 544 3326 et
567 3269 783 3341 Stylitae
808 3284 1010 3324 nomen
1041 3269 1253 3339 accepit
1289 3286 1303 3324 :
1340 3269 1500 3338 cujus
1524 3268 1632 3322 vita
1658 3276 1714 3322 et
1733 3270 2080 3323 conversatio

480 3361 707 3418 exstitit
763 3360 1122 3415 admirabilis.
1164 3379 1183 3413 ι
1241 3360 1447 3416 Eadem
1508 3358 1622 3414 fere
1673 3357 1877 3415 habent
1911 3359 2075 3425 Beda,

491 3454 811 3517 llrabanus,
846 3455 1152 3517 l'suardus,
1185 3453 1460 3519 Bellinus;
1488 3462 1545 3508 et
1577 3453 1752 3510 fusius
1786 3454 1921 3519 Ado,
1951 3453 2082 3509 Not-

484 3547 679 3612 lterus,
710 3546 940 3615 aliique.
986 3545 1349 3616 Menologium
1401 3544 1715 3600 Grecorum
1746 3546 1773 3600 ί
1832 3545 2080 3615 Septem-

483 3637 640 3692 bris:
678 3656 699 3686 ε
738 3634 1204 3690 Commemoratio
1234 3634 1290 3689 S.
1330 3634 1390 3687 P.
1428 3634 1492 3688 N.
1524 3633 1813 3705 Symeonis
1846 3634 2078 3707 Stylitte,

485 3732 579 3801 qui
604 3729 710 3783 fuit
744 3730 847 3784 sub
874 3730 1204 3799 imperatore
1266 3728 1448 3783 Leone
1479 3728 1693 3800 Magno,
1737 3738 1794 3783 et
1827 3729 2082 3801 Martyrio

492 3822 852 3876 Antiochense
905 3820 1058 3876 urbis
1091 3820 1371 3889 pontitice,
1404 3835 1437 3873 a
1473 3819 1752 3889 provincia
1776 3819 1982 3873 Cilicia:
2011 3833 2079 3873 ex

497 3912 717 3966 castello
745 3909 917 3965 Sesan
950 3930 962 3963 :
990 3911 1082 3980 qui
1114 3910 1470 3964 monasticam
1503 3911 1666 3965 vitam
1695 3911 1973 3981 ingressus
2017 3911 2071 3964 in

502 4004 799 4059 columnam
858 4005 1141 4070 ascendit;
1203 4005 1255 4055 in
1309 4017 1416 4072 qua
1463 4002 1819 4073 quadraginta
1862 4011 2071 4072 septem

494 4112 669 4151 annos
699 4097 875 4160 stetit,
909 4105 965 4151 et
997 4096 1188 4151 multis
1226 4111 1322 4165 per
1353 4110 1478 4151 eum
1505 4095 1668 4151 editis
1710 4096 1986 4149 miraculis
2017 4096 2069 4149 in

493 4204 631 4260 pace
680 4188 907 4257 quievit.
952 4205 973 4238 ι
1029 4188 1235 4241 Eadem
1285 4186 1489 4241 habent
1532 4201 1599 4240 eo
1641 4186 1731 4240 die
1758 4185 1985 4247 Menaea,
2019 4195 2074 4240 et

488 4283 807 4338 Graecorum
837 4278 1205 4348 Anthologion
1257 4294 1286 4331 a
1322 4278 1603 4332 Clemente
1630 4275 1744 4330 Vlll
1799 4278 2073 4347 approba-

486 4385 628 4430 tum.
658 4372 1093 4442 Cbristophorus
1133 4369 1399 4424 Patricius
1430 4377 1489 4422 et
1540 4367 1836 4425 Proconsul
1868 4369 2075 4437 Mityle-

482 4483 643 4522 nzus
696 4467 753 4519 in
803 4465 1044 4534 epitome
1083 4462 1372 4533 Menologii
1399 4462 1593 4517 eodem
1650 4461 1740 4516 die
1792 4462 2073 4532 εΣυμεὼν

483 4558 836 4629 ἁνυμνεξσθω
897 4573 988 4626 μοι
1018 4551 1190 4626 οὗπερ
1222 4553 1415 4617 στῦλος
1434 4554 1497 4607 τὸ
1524 4552 1833 4624 γνώρισμα.
1858 4572 1878 4605 t
1925 4553 2072 4609 Lau-

477 4653 647 4707 datur
673 4665 706 4705 a
762 4665 851 4705 me
889 4648 1149 4721 Symeon.
1204 4648 1365 4717 cujus
1423 4647 1633 4718 insigne
1660 4647 1936 4702 columna.
1979 4665 1997 4697 ι

557 4744 614 4796 5.
642 4740 967 4796 Franciscus
985 4739 1325 4809 Maurolyeus
1340 4738 1396 4791 in
1412 4736 1789 4808 Martyrologio
1810 4738 1877 4791 ad
1895 4737 1928 4791 5
1947 4737 2068 4791 Jan.

482 4836 562 4892 ita
590 4835 662 4891 de
695 4851 763 4890 eo
794 4835 987 4890 scribit
1017 4853 1030 4889 :
1067 4851 1087 4885 ι
1122 4832 1282 4903 Apud
1318 4831 1666 4886 Antiochiam
1698 4831 1756 4884 S.
1787 4829 2074 4902 Symeonis

484 4929 699 5001 Stylita:
739 4926 1080 4983 admirabilis
1120 4939 1293 4979 :nam
1340 4925 1396 4979 in
1443 4933 1610 4994 puteo
1646 4925 1794 4979 sicco
1825 4925 2073 4994 pluribus

485 5020 675 5085 annis,
704 5020 757 5074 in
792 5020 1046 5074 columna
1081 5031 1178 5089 per
1202 5030 1378 5072 annos
1406 5014 1764 5086 quadraginta
1795 5024 1949 5071 stans
1977 5031 2073 5072 su-

484 5129 589 5183 per
630 5128 800 5167 unum
845 5111 1039 5181 pedem
1068 5109 1224 5164 vixit.
1260 5108 1586 5163 Defunctum
1622 5109 1784 5163 etiam
1815 5122 1945 5165 aves
1973 5109 2073 5164 de-

486 5204 779 5263 ﬂeverunt.
811 5223 828 5254 ι
866 5203 974 5258 Sed
1012 5201 1217 5256 fallitur
1255 5200 1617 5271 Maurolycus,
1643 5201 1789 5270 quod
1824 5200 1877 5254 in
1908 5208 2075 5270 puteo

484 5298 635 5354 sicco
662 5297 944 5353 existimet
971 5294 1227 5365 pluribus
1252 5293 1415 5348 annis
1445 5292 1671 5357 vixisse,
1706 5294 1798 5348 ubi
1827 5293 2076 5363 pauculis

484 5398 699 5446 tantum
718 5389 914 5443 diebus
936 5386 1044 5441 fuit
1068 5403 1083 5439 :
1103 5402 1284 5455 neque
1310 5384 1455 5455 quod
1481 5385 1679 5447 innuit,
1704 5386 1925 5440 assidue
1943 5387 2083 5456 pede

491 5488 603 5527 uno
637 5480 798 5534 nixus
829 5481 882 5533 in
915 5478 1171 5532 columna
1205 5476 1377 5541 stetit,
1411 5475 1506 5530 sed
1538 5490 1647 5529 uno
1677 5476 1854 5530 solum
1911 5491 2079 5531 anno.

493 5564 686 5619 Petrus
710 5569 1060 5625 Galesinius:
1100 5587 1119 5620 ε
1144 5567 1431 5622 Antiochia
1459 5567 1519 5624 S.
1555 5568 1847 5637 Synteonis
1878 5568 2084 5639 Stylita:

491 5659 766 5721 monachi,
784 5656 880 5727 qui
906 5655 965 5708 in
996 5664 1305 5716 columnam
1330 5677 1517 5717 cavam
1541 5663 1699 5718 annis
1722 5661 2081 5733 quadraginta

811 5753 1085 5811 Parnm.
1117 5748 1231 5805 Gn.
1272 5759 1491 5819 CXIV.

2186 2636 2397 2708 origine
2424 2636 2636 2706 ἵστημι,
2672 2645 2772 2689 sto.
2807 2634 3004 2703 Suidas
3029 2654 3042 2690 :
3067 2636 3351 2707 Στυλίτης,
3383 2640 3411 2690 ὁ
3451 2638 3544 2690 ἐπὶ
3583 2638 3763 2701 κίονος

2184 2728 2496 2796 ἱστάμενος,
2534 2745 2553 2777 ‹
2595 2726 2811 2797 Stylita,
2843 2726 2932 2794 qui
2973 2726 3280 2781 columnam
3313 2728 3534 2782 insistit.
3567 2746 3586 2779 ι
3628 2727 3763 2791 Quis

2182 2818 2391 2887 primus
2436 2815 2577 2885 apud
2627 2817 2904 2869 Romanus
2946 2832 3112 2885 super
3149 2816 3460 2871 columnam
3510 2819 3760 2873 cellulam

2182 2908 2461 2971 struxerit,
2482 2907 2642 2961 docet
2659 2923 2760 2961 nos
2791 2906 3063 2961 Asconius
3088 2907 3140 2960 in
3160 2906 3440 2963 Ciceronis
3457 2910 3761 2966 orationem

2182 3000 2238 3053 in
2289 2999 2351 3065 Q.
2383 2998 2682 3064 Caecilium,
2716 3015 2835 3068 qua:
2868 2998 3132 3052 Divinatio
3163 3000 3213 3053 in
3267 2998 3478 3055 Verrem
3523 3002 3759 3059 dicitur:

2188 3109 2207 3142 ι
2258 3090 2481 3146 Maenius
2531 3105 2658 3144 cum
2711 3089 2932 3146 domum
2982 3107 3137 3145 suam
3167 3093 3428 3147 venderet
3474 3093 3666 3149 Catoni
3708 3105 3765 3151 et

2188 3197 2207 3229 ε
2255 3178 2449 3234 Flacco
2492 3179 2815 3234 censoribus
2877 3188 2933 3232 ut
2991 3179 3064 3234 ibi
3106 3180 3329 3235 basilica
3375 3183 3761 3246 mdificarctur.

2188 3289 2207 3322 ι
2255 3279 2546 3340 exceperat
2584 3270 2673 3339 jus
2721 3271 2823 3326 sibi
2858 3271 3023 3326 unius
3052 3272 3344 3333 columnae,
3392 3289 3557 3343 super
3599 3292 3761 3345 quam

2190 3379 2207 3412 ι
2259 3368 2462 3415 tectum
2499 3361 2792 3431 projicerel
2822 3376 2888 3415 ex
2928 3362 3342 3430 provolantibus
3366 3363 3587 3431 tabulis,
3619 3365 3762 3420 unde

2191 3470 2209 3497 α
2255 3460 2311 3506 et
2351 3451 2467 3522 ipse
2509 3460 2566 3506 et
2597 3452 2797 3521 posteri
2835 3454 2955 3521 ejus
2986 3459 3237 3523 Spectare
3270 3470 3471 3508 munus
3499 3454 3765 3526 gladiato-

2188 3564 2207 3595 ‹
2258 3545 2401 3599 rium
2435 3554 2677 3613 possent,
2710 3547 2853 3614 quod
2882 3546 3044 3600 etia‘m
3092 3555 3206 3601 tum
3240 3548 3293 3601 in
3329 3547 3444 3602 foro
3487 3550 3761 3607 dabatur:

2189 3656 2209 3689 ‹
2255 3638 2399 3693 unde
2444 3638 2513 3693 ab
2575 3638 2767 3692 eodem
2815 3639 3009 3694 Maenio
3043 3640 3187 3695 dicta
3241 3648 3368 3695 sunt
3412 3638 3699 3696 Mamiana.
3736 3659 3754 3691 ι

2185 3729 2418 3784 Festus:
2456 3747 2473 3780 ε
2503 3728 2769 3784 Maeniana
2810 3730 3035 3783 aedilicia
3080 3746 3109 3784 a
3157 3729 3349 3784 Maenio
3397 3741 3525 3785 sunt
3569 3734 3761 3802 appel-

2192 3841 2210 3872 ‹
2259 3822 2364 3875 lata
2408 3839 2422 3875 :
2471 3820 2522 3875 is
2572 3821 2717 3874 enim
2764 3820 2975 3889 primus
3012 3821 3148 3875 ultra
3197 3821 3480 3876 columnas
3518 3823 3763 3879 extendit

2107 3891 2149 3949 (ἶ
2195 3931 2209 3962 ι
2261 3913 2443 3983 tigna,
2499 3926 2608 3980 quo
2654 3912 3049 3980 ampliarentur
3099 3911 3401 3980 superiora.
3460 3929 3479 3964 ι
3526 3911 3761 3968 Glossa:

2186 4024 2207 4059 ‹
2253 4003 2603 4068 anianum,
2651 4002 2914 4074 ὲξὼστρα.
2954 4002 3536 4076 Μοηίίιηιιε,ὲκ9ἐτης.
3570 4023 3589 4054 ι
3635 4003 3765 4060 llzec

2180 4098 2539 4168 Bosweydus.
2595 4098 2800 4152 Eadem
2862 4096 2973 4151 fere
3006 4096 3170 4152 habet
3201 4095 3448 4152 Raderus
3510 4095 3763 4153 Viridarii

2183 4199 2335 4259 parte
2386 4206 2466 4254 Ill,
2526 4206 2648 4259 cap.
2689 4188 2743 4252 4,
2773 4189 2841 4243 de
2883 4188 3116 4260 Stylitis,
3160 4188 3250 4261 qui
3292 4191 3499 4245 addidit
3533 4208 3548 4244 :
3578 4210 3601 4243 ‹
3631 4190 3767 4261 Στή-

2182 4282 2249 4351 λη
2279 4291 2415 4343 erat,
2441 4280 2662 4351 proprie
2690 4283 2881 4351 cippus
2911 4281 3249 4350 sepultorum
3278 4280 3501 4335 tumulis
3540 4280 3764 4350 imposi-

2184 4383 2295 4442 tus,
2334 4390 2461 4429 cum
2494 4374 2870 4444 inscriptione.
2937 4392 2956 4425 ι
2998 4374 3229 4443 Moxque
3276 4373 3492 4438 subdit,
3539 4372 3765 4442 στήλαις

2184 4467 2497 4538 ignominiae
2544 4482 2707 4522 causa
2767 4467 3081 4521 nocentium
3118 4466 3258 4522 facta
3320 4464 3541 4521 inscribi
3581 4464 3762 4527 solita,

2183 4560 2462 4630 fuisseque
2513 4560 2912 4630 quodammodo
2954 4559 3162 4614 tabulas
3191 4576 3289 4614 seu
3339 4558 3619 4613 columnas
3649 4575 3767 4629 pro-

2183 4651 2565 4722 scriptionum.
2594 4651 2754 4705 Unde
2786 4650 2941 4718 λόγον
2962 4651 3389 4721 στηλιτευτικόν,
3413 4650 3766 4720 etepistolam

2184 4742 2601 4813 στηλιτευτικήν
2617 4757 2715 4812 pro
2747 4743 2950 4811 scripto
2970 4742 3180 4795 famoso
3202 4741 3396 4808 accipi,
3426 4757 3534 4812 quo
3556 4744 3629 4795 rei
3661 4743 3766 4796 cri-

2181 4831 2329 4886 mina
2357 4832 2573 4901 publice
2611 4831 2837 4902 legenda
2869 4841 3265 4900 praponuntur.

2252 4923 2306 4978 5.
2341 4923 2415 4976 De
2448 4921 2618 4976 forma
2643 4922 2714 4975 ita
2737 4921 2959 4975 disserit
2986 4920 3129 4975 idem
3161 4920 3410 4974 Raderus
3441 4935 3455 4972 :
3498 4939 3515 4971 ι
3547 4919 3769 4975 Colum—

2178 5002 2403 5077 narum.
2457 5029 2594 5083 quas
2656 5027 2760 5084 ego
2790 5012 3048 5067 omnibus
3074 5012 3293 5085 Egypti
3324 5012 3646 5084 prodigiosis
3672 5028 3769 5082 py~

2182 5107 2506 5168 ramidibus,
2554 5104 2845 5159 elaboratis
2897 5115 2952 5159 et
3012 5105 3170 5175 pictis
3197 5104 3479 5169 obeliscis,
3512 5105 3765 5167 colossis,

2182 5197 2564 5266 columnisque
2592 5196 2834 5267 Traiani,
2873 5206 3095 5266 propter
3129 5197 3242 5267 ipsa
3276 5213 3394 5266 quin
3431 5213 3594 5266 supra
3650 5198 3768 5251 illas

2183 5290 2465 5361 fulgebant
2496 5289 2671 5345 sidera
2700 5300 2978 5357 antepono
2998 5330 3010 5353 ,
3069 5289 3242 5343 forma
3271 5287 3385 5342 fere
3412 5288 3533 5353 fuit,
3577 5298 3637 5341 ut
3682 5305 3771 5340 nr-

2185 5387 2378 5451 bilror,
2412 5385 2668 5449 rotunda,
2701 5381 2930 5436 altitudo
2986 5381 3154 5435 varia.
3194 5381 3398 5435 Auctor
3425 5382 3574 5434 enim
3607 5379 3768 5451 Styli-

2186 5486 2383 5545 tarum,
2413 5477 2650 5546 Symeon
2706 5476 2942 5545 primum
2994 5473 3338 5529 columellam
3373 5473 3622 5527 ascendit
3659 5488 3773 5527 non.

2183 5570 2289 5624 nisi
2338 5585 2530 5623 senum
2591 5560 2900 5624 cubitorum
2938 5568 3074 5639 (sive
3114 5583 3309 5622 novem
3371 5565 3593 5640 pedum)
3643 5580 3769 5620 mox

2187 5662 2521 5723 duodcnmu,
2551 5671 2734 5731 postea
2766 5662 3014 5715 vicenum
3049 5662 3235 5725 duum,
3278 5668 3556 5732 postremo
3605 5658 3769 5714 trice-

3386 5756 3445 5813 ll
