4156 6414
439 259 542 324 331

1641 265 1928 329 MENSIS
1961 271 2420 339 JANUARIUS.
3587 267 3696 333 332

439 386 570 425 num
611 385 826 438 senum,
875 371 1010 439 sive,
1048 381 1105 428 ut
1142 371 1484 444 Nicephorus
1511 385 1563 430 et
1615 377 1704 430 alii
1771 379 2013 444 tradunt,
2045 389 2089 443 Α
2122 384 2286 440 habet
2334 383 2678 454 Niccpliorus
2726 383 2870 439 libro
2909 397 3023 448 xlv,
3053 397 3173 454 cap.
3207 381 3294 445 5i,
3329 380 3383 434 in
3411 394 3520 451 quo
3540 393 3694 434 error

439 463 866 536 quadragenum.
905 463 1112 521 Modius
1141 481 1236 520 seu
1265 468 1398 522 cella
1430 468 1544 522 sive
1565 469 1900 526 domicilium
1924 488 2018 528 co-

441 557 646 612 lamnis
683 557 1019 629 impositum,
1060 557 1114 612 in
1136 572 1245 628 quo
1283 558 1674 624 consistebant,
1712 561 1764 614 in
1797 577 2014 617 omnem

439 659 650 720 partem
681 650 840 706 binos
863 650 1077 705 cubitos
1121 665 1216 704 seu
1265 659 1376 706 tres
1398 652 1566 722 pedes
1596 653 1832 722 patebat,
1869 663 2015 710 tecto

439 744 610 807 nullo,
662 755 723 798 ut
753 744 925 798 libere
976 743 1172 798 crelum
1203 759 1366 798 omne
1393 746 1918 816 contemplarentur,
1961 755 2017 802 et

439 835 694 890 omnibus
725 835 941 906 injuriis
994 835 1118 890 cmli
1172 835 1403 906 expositi
1433 837 1694 906 majorem
1752 839 2017 894 haberent

439 927 740 982 tolerantiae
791 936 1030 997 segetem
1081 936 1136 982 et
1190 941 1444 982 messem.
1501 927 1706 986 Januas
1742 931 2016 987 habebant

439 1018 706 1082 nonnulli,
735 1018 914 1072 nullas
963 1017 1076 1081 alii,
1104 1017 1247 1086 quod
1275 1020 1615 1088 tempestatis
1637 1020 1890 1075 violentia
1921 1037 2017 1092 pa-

438 1110 590 1164 rietis
615 1119 823 1180 partem
852 1108 1180 1180 disjecisset.
1209 1106 1378 1164 Scalae
1403 1109 1855 1178 admovebantur,
1888 1127 2012 1167 eum

439 1201 526 1257 vel
553 1201 642 1254 alii
673 1187 740 1256 ad
772 1200 894 1255 illos
919 1200 1293 1266 enitebantur,
1336 1201 1418 1254 vel
1443 1201 1517 1254 illi
1553 1201 1620 1255 ad
1651 1201 1786 1257 alios
1807 1217 1866 1258 se
1913 1203 2012 1258 de-

437 1295 741 1359 mitterent,
763 1292 907 1362 quod
923 1292 1144 1362 quidem
1167 1292 1249 1346 vel
1271 1308 1575 1361 nunquam,
1599 1293 1682 1348 vel
1703 1292 1767 1347 ad
1801 1310 2012 1349 summa

435 1386 672 1456 lieipub.
745 1384 984 1455 pericula
1061 1384 1306 1438 devocati
1366 1383 1705 1440 factitabant.
1767 1385 2014 1440 Statione

436 1493 602 1549 porro
630 1485 830 1532 aeterna
871 1489 931 1528 sc
957 1473 1277 1528 cruciabant
1315 1491 1328 1526 :
1376 1489 1478 1529 nec
1507 1476 1651 1529 enim
1687 1476 1902 1546 jacendi
1929 1479 2012 1532 vel

437 1565 797 1626 deeumbendi
831 1565 1064 1636 spatium
1113 1574 1266 1620 erat:
1293 1575 1548 1636 poterant
1577 1577 1754 1621 tamen
1785 1569 2010 1635 sedere;

435 1661 644 1716 sedisse
681 1673 811 1712 vero
857 1671 1124 1727 nusquam
1183 1656 1325 1727 lego,
1357 1672 1635 1727 nunquam
1677 1668 1828 1728 puto.
1876 1659 2010 1714 Nam

436 1753 644 1823 primus
687 1748 1048 1818 quadraginta
1093 1747 1286 1802 diebus
1329 1748 1562 1818 Symeon
1617 1748 1680 1802 ad
1714 1751 1919 1804 trabem
1954 1767 2013 1805 se
2045 1735 2086 1790 Β

435 1841 638 1914 alligari
675 1840 908 1905 curavit,
953 1839 1248 1909 alterisque
1306 1840 1664 1911 quadraginta
1695 1857 1822 1896 mox
1878 1843 2014 1898 liber

433 1937 636 2005 absque
663 1932 997 1988 adminiculo
1025 1930 1381 1996 consistebat,
1434 1933 1614 1987 medio
1647 1949 1877 2003 corpore
1925 1952 2014 1990 su-

433 2042 602 2098 perne
636 2025 784 2080 velut
836 2023 1194 2079 Ecclesiastes
1227 2025 1284 2078 in
1310 2025 1544 2080 ambone
1595 2027 1860 2082 exstabat.
1900 2027 2011 2082 Etsi

434 2121 500 2174 de
529 2119 789 2174 omnibus
826 2133 938 2171 non
969 2118 1303 2172 aliirmarim.
1365 2137 1383 2168 ι
1426 2116 1700 2173 Hactenus
1750 2119 2008 2175 lladcrus.

433 2211 511 2266 De
541 2210 796 2265 domicilii
825 2225 988 2280 supra
1013 2211 1324 2264 columnam
1363 2209 1684 2264 cxaalilicati
1731 2227 2009 2278 mensura,

431 2301 576 2356 idem
639 2309 870 2355 testatur
910 2298 1173 2370 Evagrius
1238 2299 1330 2354 lib.
1369 2315 1407 2362 ι,
1449 2315 1567 2369 cap.
1618 2301 1702 2366 l5,
1745 2301 1828 2353 vix
1875 2300 2014 2355 duo-

434 2411 554 2449 rum
612 2394 781 2449 fuissc
843 2393 1178 2460 cubitorum,
1233 2401 1289 2448 et
1346 2391 1690 2464 Nicephorns
1752 2393 1847 2448 lib.
1899 2409 2010 2461 xw,

432 2502 546 2558 cap.
585 2488 672 2543 51.

675 2631 704 2704 §
729 2632 820 2688 ΙΙΙ.
861 2630 1046 2688 Sancti
1075 2629 1348 2702 ngeonis
1380 2632 1588 2702 Stylitw
1613 2641 1765 2688 (clas.

500 2759 554 2816 6.
587 2759 660 2816 De
689 2759 862 2816 sancti
934 2755 1218 2830 Symeonis
1245 2759 1538 2816 aetateha-c
1571 2761 1734 2816 tradit
1761 2759 2014 2834 Rosvvey-

429 2853 531 2909 dus
583 2861 770 2907 noster
819 2852 874 2906 in
934 2850 1224 2906 Notatione
1265 2853 1333 2906 ad
1367 2853 1489 2922 ejus
1531 2853 1694 2906 vitam
1755 2853 1850 2908 lib.
1887 2871 1900 2909 ι
1937 2854 2011 2910 De

425 2942 566 2998 Vitis
602 2940 706 2996 PP.
747 2960 767 2995 σ
806 2939 881 2997 De
906 2950 1152 3012 tempore
1201 2957 1310 3013 quo
1353 2943 1507 3009 vixit,
1537 2959 1604 3000 ex
1641 2943 2006 3014 Thcodoreto,

2118 478 2171 532 in
2201 493 2489 533 numerum
2539 477 2776 548 irrepsit.
2835 475 2970 530 Nam
3005 491 3104 546 pro
3141 473 3528 544 undetriginta,
3555 469 3694 524 scri-

2116 570 2354 624 bendum
2387 569 2629 640 triginta.
2665 569 2798 636 Qua:
2823 569 3032 639 putatio
3064 567 3108 621 si
3134 581 3263 622 vera
3313 577 3417 624 est.
3461 579 3570 618 non
3603 578 3696 628 po-

2118 663 2220 717 tuit
2253 663 2567 731 pervenisse
2603 662 2668 718 ad
2717 661 3078 718 centesimum
3103 675 3332 714 annum.
3363 656 3572 725 Alioqui
3605 671 3698 709 ne-

2116 767 2270 808 cesse
2292 762 2437 808 εεεεῑ
2474 768 2721 808 asserere
2748 767 2899 815 eum,
2951 767 3075 807 cum
3111 766 3233 805 κων
3258 756 3375 803 erat
3401 761 3694 808 annorum,

2115 843 2353 914 primum
2393 843 2699 913 ingressum
2732 857 2854 898 esse
2890 840 3279 896 monasterium
3327 857 3342 892 :
3403 836 3546 906 quod
3584 850 3696 890 non

2114 931 2348 1000 quadrat
2375 945 2502 985 cum
2533 930 2654 985 Vita
2683 929 2774 985 hic
2826 930 2896 986 ab
2922 929 3163 984 Antonio
3189 927 3412 996 scripta,
3443 927 3538 995 qui
3568 941 3696 978 eum

2116 1021 2298 1076 statim
2325 1021 2393 1075 ab
2422 1021 2792 1076 adolescentia
2821 1022 3124 1092 ingressum
3156 1034 3277 1074 esse
3304 1017 3698 1074 monasterium

2115 1113 2324 1169 scribit.

2187 1204 2240 1259 8.
2289 1225 2308 1257 ι
2347 1203 2425 1260 Ex
2476 1219 2586 1275 quo
2630 1205 2744 1259 haec
2799 1203 2930 1258 Vitae
2961 1217 3172 1258 summa
3223 1201 3491 1272 colligitur
3525 1214 3697 1257 zeum

2115 1297 2512 1352 erattredecim
2539 1311 2832 1359 annorum,
2863 1296 3122 1366 pascebat
3145 1309 3296 1350 oves.
3329 1293 3462 1349 lndc
3483 1294 3698 1346 videtur

2116 1387 2400 1459 ingressus
2431 1389 2849 1452 monasterium,
2896 1387 2989 1441 tibi
3017 1387 3150 1440 vixit
3174 1400 3322 1440 anno
3347 1402 3386 1450 ι,
3447 1385 3576 1440 inde
3634 1397 3696 1438 ιιι

2116 1479 2276 1534 annis
2303 1481 2357 1534 in
2411 1481 2662 1535 clausura
2691 1499 2703 1534 :
2737 1488 2860 1550 post
2895 1497 2947 1534 tv
2975 1480 3135 1534 annis
3175 1479 3228 1532 in
3255 1478 3506 1533 columna
3536 1477 3697 1532 cubi-

2117 1580 2297 1627 torum
2335 1587 2426 1639 tv;
2456 1573 2654 1627 iterum
2687 1587 2764 1626 xu
2799 1572 2963 1626 annis
2993 1572 3048 1625 in
3077 1571 3330 1626 columna
3388 1572 3696 1624 cubitorum

2120 1679 2224 1728 xtl,
2253 1679 2446 1719 rursus
2474 1680 2552 1719 xu
2578 1663 2738 1720 annis
2761 1664 2814 1718 in
2841 1664 3096 1718 columna
3113 1663 3422 1717 cubitorum
3447 1677 3539 1724 xx,
3576 1669 3702 1730 post

2118 1773 2171 1811 tv
2200 1772 2374 1810 annos
2427 1756 2484 1810 in
2537 1756 2792 1810 columna
2851 1755 3162 1810 cubitorum
3198 1769 3332 1818 xxx;
3362 1753 3580 1808 demunt
3609 1767 3698 1807 xvr

2117 1863 2291 1903 annos
2315 1847 2368 1900 in
2400 1847 2655 1902 columna
2680 1847 2992 1902 cubitorum
3025 1863 3111 1902 ιι..
3161 1845 3340 1914 Atque
3388 1845 3462 1899 ita
3491 1843 3700 1900 cxerei-
3753 1867 3766 1886 ι

2119 1938 2340 1992 talionis
2363 1939 2489 1992 anni
2514 1948 2818 2010 exsurgunt
2839 1955 2934 2006 ut,
2964 1939 3110 1993 haud
3129 1938 3360 1992 multum
3377 1935 3700 1999 diﬂerentes

2116 2045 2146 2082 a
2174 2045 2406 2084 numero
2435 2031 2672 2101 Evagrii.

2187 2122 2240 2176 9.
2282 2141 2299 2172 ‹
2358 2121 2517 2191 Apud
2553 2120 2958 2177 Theodoretum
3005 2121 3256 2185 habetur,
3285 2119 3431 2191 quod
3465 2135 3500 2176 ιι
3525 2133 3700 2174 annos

2117 2212 2319 2267 mansit
2349 2213 2402 2266 in
2433 2215 2614 2284 primo
2640 2215 3011 2270 monasterio:
3039 2231 3071 2270 ι
3094 2215 3256 2270 annis
3281 2215 3338 2269 in
3367 2213 3703 2303 mgnasterio

2115 2306 2396 2363 lleliodori
2453 2327 2466 2362 :
2511 2324 2568 2363 ιιι
2625 2325 2799 2365 annos
2853 2309 2908 2364 in
2965 2310 3090 2365 vico
3120 2309 3416 2364 Telanesso
3467 2325 3483 2361 :
3531 2311 3698 2362 xxv‘nt

2115 2400 2276 2456 annis
2310 2401 2362 2454 in
2397 2401 2673 2464 columna,
2699 2403 2752 2455 in
2793 2403 2850 2457 id
2887 2411 3126 2472 tempus,
3177 2417 3287 2473 quo
3318 2401 3700 2456 Theodoretus

2114 2493 2236 2564 ejus
2288 2492 2462 2549 Vitam
2523 2494 2764 2564 scripsit.
2818 2494 2917 2549 llic
2967 2503 3178 2549 tantum
3242 2494 3516 2549 habentur
3571 2493 3701 2547 anni

2114 2603 2248 2642 xmu
2303 2587 2712 2643 exercitationis
2763 2604 2777 2641 :
2833 2585 2928 2642 sed
2961 2600 3029 2641 eo
3053 2594 3301 2656 tempore
3339 2585 3520 2640 adhuc
3563 2584 3706 2638 vive-

2113 2679 2229 2735 bat.

2185 2771 2271 2824 l0.
2317 2790 2336 2824 ι
2375 2770 2659 2828 Cedrcnus
2688 2772 2742 2826 in
2777 2770 3117 2840 Compendio
3167 2770 3411 2826 historia:
3465 2771 3563 2836 ait,
3607 2786 3698 2826 an.

2115 2880 2220 2920 xxv
2243 2865 2536 2919 Theodosii
2560 2865 2795 2935 junioris
2814 2880 2939 2920 eum
2956 2866 3262 2920 colunmam
3285 2864 3614 2928 ascendisse,
3649 2870 3706 2921 et

2115 2973 2205 3010 an.
2273 2974 2320 3012 tv
2378 2948 2577 3013 Leonis
2636 2958 2744 3013 vita
2796 2961 3070 3013 functum.
3110 2959 3184 3012 I‘Jx
3242 2973 3354 3028 quo
3407 2958 3702 3013 intervallo

427 3033 602 3104 ἱσιτιυὶι
625 3033 911 3128 Batonius}
939 3035 1060 3128 ei"?
1085 3033 1384 3128 Prifnf’rdia
1403 3035 1578 3108 collisi
1608 3049 1854 3107 Possum»
1880 3039 2008 3093 dum
2036 3066 2082 3128 ρ
2111 3051 2264 3120 juxta
2323 3059 2640 3121 computum
2701 3049 2992 3105 Annalium
3053 3050 3269 3105 Baronii
3336 3050 3703 3106 coniiciuntur

426 3128 504 3182 ait
531 3126 839 3182 columnam
887 3125 998 3196 jam
1047 3125 1340 3181 incoluisse
1406 3131 1748 3199 temporibus
1802 3129 2004 3187 Meletii

427 3218 667 3290 episcopi
699 3217 1050 3284 Antiocheni,
1082 3219 1176 3290 qui
1236 3221 1338 3276 sub
1369 3218 1597 3276 Valente
1652 3223 1784 3294 imp.
1849 3225 2005 3292 vixit,

425 3309 799 3378 desiitque‘ab
833 3309 1090 3364 humanis
1124 3323 1189 3365 co
1245 3325 1392 3364 anno
1445 3326 1556 3381 quo
1613 3313 1884 3368 celebrata
1929 3323 2011 3369 est

427 3417 618 3472 magna
676 3402 916 3472 synodus
969 3401 1618 3474 Constantinopolitana,
1690 3405 1901 3476 Siagrio
1957 3417 2013 3463 et

425 3493 700 3548 Enehario
718 3509 884 3560 coss.,
911 3497 1002 3566 qni
1031 3505 1540 3551 numeraturannus
1568 3513 1597 3550 a
1624 3496 1840 3553 Christo
1857 3499 2013 3568 juxta

429 3585 672 3640 veriores
697 3586 1142 3658 chronographos
1180 3585 1305 3644 581.
1355 3587 1668 3657 Supervixit
1696 3600 1878 3644 autent
1910 3591 2012 3660 Sy-

426 3690 610 3740 mcon,
642 3686 702 3732 ut
736 3678 812 3732 ait
843 3676 1128 3734 Cedrcnus
1150 3718 1166 3744 ,
1198 3693 1372 3749 usque
1405 3679 1473 3734 ad
1499 3695 1702 3734 annum
1734 3682 1766 3736 4
1816 3681 2013 3736 Leonis

428 3769 606 3840 Magni
634 3769 790 3840 imp.,
822 3771 968 3842 quod
997 3771 1159 3827 etiam
1191 3771 1460 3843 colligitur
1492 3787 1558 3826 ex
1598 3773 1748 3828 Actis
1779 3774 2013 3829 ltanielis

426 3858 652 3932 Stylittr.
687 3861 780 3917 Est
813 3879 991 3918 annus
1051 3862 1098 3917 is
1126 3879 1152 3916 a
1191 3862 1411 3919 Christo
1469 3862 1595 3927 460,
1653 3880 1757 3932 qua
1802 3865 2014 3920 ratione

419 3957 530 4022 jam
558 3955 878 4010 centenario
903 3956 1080 4026 major
1107 3955 1822 4026 obdormissedignoscitur.
1851 3957 2015 4028 Apud

423 4044 800 4116 Nicephorum
865 4047 922 4101 in
981 4046 1227 4117 margine
1285 4047 1399 4102 edit
1455 4049 1626 4103 Paris.
1689 4064 1821 4104 ann.
1877 4051 2016 4106 1574

425 4137 660 4193 habetur
695 4138 890 4195 vixisse
946 4137 1272 4210 Symeonem
1339 4140 1440 4196 105
1469 4155 1644 4196 annos
1698 4159 1712 4196 :
1749 4143 1844 4199 sed
1876 4143 2012 4198 nihil

425 4231 533 4285 tale
559 4231 615 4285 in
645 4239 816 4286 textu.

497 4321 548 4375 7.
597 4341 615 4374 ι
651 4323 916 4394 Evagrius
941 4337 1210 4378 summam
1247 4321 1382 4378 Vitae
1410 4323 1530 4396 ejus
1555 4341 1747 4382 severe
1777 4332 1913 4381 actm
1939 4326 2013 4382 ita

2112 3150 2322 3197 tantum
2351 3142 2482 3196 anni
2513 3141 2604 3198 28.
2644 3161 2663 3194 ι

2183 3233 2270 3287 ll.
2342 3233 2620 3288 llactenus
2670 3231 3027 3305 Rosweydus.
3079 3233 3305 3303 Singula
3337 3232 3701 3303 expendenda

2111 3333 2262 3380 sunt.
2298 3325 2375 3380 De
2406 3323 2646 3391 bieletio,
2695 3326 2948 3396 quicum
3001 3335 3191 3382 sancto
3249 3325 3523 3397 Symcone
3571 3325 3700 3392 egit,

2113 3419 2326 3488 accepit
2360 3417 2626 3474 Baronius
2666 3434 2730 3472 ex
2765 3418 3116 3474 Theodorcto
3145 3434 3266 3487 cap.
3298 3419 3369 3472 26
3429 3417 3704 3472 Philuthei

2113 3509 2186 3564 ita
2214 3511 2491 3566 scribente
2522 3529 2534 3564 :
2571 3530 2590 3562 ‹
2629 3511 2926 3582 Postquam
2983 3521 3167 3568 autem
3198 3511 3452 3566 Meletins
3483 3512 3572 3567 ille
3606 3511 3706 3566 ad-

2113 3601 2404 3669 mirabilis,
2439 3602 2526 3657 cui
2559 3611 2689 3658 tunc
2715 3603 2971 3658 mandata
3017 3614 3138 3658 erat
3177 3619 3310 3658 cura
3355 3591 3706 3674 episcopatus

2114 3694 2357 3764 regionis
2386 3694 2744 3751 Antiochense
2790 3696 3046 3757 civitatis,
3083 3696 3166 3750 vir
3218 3697 3472 3751 cordatus
3491 3705 3545 3749 et
3578 3712 3706 3766 pru-

2113 3784 2300 3838 dentia
2332 3785 2535 3852 clarus,
2574 3794 2632 3840 et
2674 3785 2876 3856 ingenii
2935 3786 3160 3840 solertia
3199 3796 3452 3850 ornatus,
3515 3805 3534 3839 ι
3594 3797 3703 3842 etc.

2113 3874 2192 3931 lta
2221 3876 2387 3931 vertit
2415 3875 2720 3932 Gentianus
2751 3878 3041 3933 Hervetus.
3084 3878 3185 3932 Ast
3215 3879 3500 3934 Albericus
3561 3881 3706 3935 Len-

2115 3983 2216 4038 gus
2241 3965 2558 4022 Salentinus
2582 3984 2596 4021 :
2634 3985 2653 4018 ι
2687 3965 2822 4022 Cum
2850 3983 2981 4022 vero
3008 3965 3279 4032 Mcletius,
3308 3967 3400 4036 qui
3429 3976 3558 4021 tunc
3588 3968 3706 4020 An-

2117 4057 2388 4112 tiochena'.
2419 4057 2628 4128 regioni
2649 4057 2944 4127 praefectus
2973 4067 3110 4112 erat.
3144 4075 3162 4108 ι
3195 4057 3408 4124 Quibus
3433 4073 3498 4112 ex
3524 4057 3706 4112 verbis

2118 4164 2229 4204 non
2255 4149 2464 4218 liquido
2527 4157 2748 4203 constat
2798 4148 3076 4204 Meletinm
3145 4151 3298 4206 illum
3342 4152 3706 4208 Antiochense

2119 4239 2266 4296 sedis
2293 4240 2657 4307 patriarcham
2695 4240 2887 4307 fuisse,
2922 4241 3050 4297 licet
3080 4243 3133 4298 id
3174 4244 3322 4298 clare
3357 4253 3567 4300 asserat
3594 4245 3707 4298 lle-

2119 4333 2448 4403 taphrastes.
2511 4333 2568 4386 Si
2595 4333 2708 4403 jam
2758 4333 2886 4389 inde
2914 4349 2944 4388 a
2973 4333 3150 4406 Magni
3179 4335 3379 4390 Meletii
3413 4336 3592 4408 (cujus
3617 4337 3704 4389 vi-

423 4412 624 4485 colligit
649 4413 742 4470 lib.
783 4429 822 4480 t,
857 4429 977 4486 cap.
1009 4415 1076 4470 15
1131 4433 1145 4470 :
1181 4417 1433 4488 Διέτριψε
1483 4417 1664 4473 τοίνυν
1727 4420 1786 4471 ἐν
1842 4419 2010 4490 σαρκὶ

2119 4432 2231 4478 tam
2273 4423 2339 4476 1‘2
2378 4421 2656 4478 Februarii
2700 4423 2978 4495 dabimus)
3014 4433 3292 4496 tempore,
3345 4427 3401 4482 in
3446 4427 3702 4484 columna

421 4503 570 4558 τόνδε
626 4504 718 4560 τὸν
775 4505 913 4577 βίον,
945 4505 1244 4562 διαολέυων
1281 4507 1378 4578 ἔτη
1414 4507 1473 4576 ἓξ
1527 4510 1622 4564 καὶ
1652 4510 2009 4580 πεντήκοντα.

419 4595 513 4648 Ἐν
543 4595 643 4665 μὲν
674 4595 752 4666 τῷ
778 4597 982 4670 πρώτῳ
1007 4599 1434 4672 φροντιστηρίῳ,
1459 4599 1588 4655 ἔνθα
1617 4601 1687 4656 τὰ
1722 4601 1842 4655 θεῖα
1873 4619 2011 4657 κατ-

419 4685 622 4758 mm,
680 4687 776 4760 ἔτη
825 4691 1002 4744 ὲννὲα·
1045 4692 1103 4745 ὲν
1141 4691 1196 4746 δὲ
1231 4692 1370 4764 αὐτῇ
1406 4693 1721 4766 καλουμένῃ
1759 4695 2009 4766 Μάνδρᾳν

423 4777 564 4832 επτὰ
604 4780 698 4834 καὶ
745 4781 1178 4852 τεσσαράκοντα·
1211 4785 1269 4836 ἐν
1303 4799 1412 4836 τινι
1443 4783 1542 4854 μὲν
1576 4783 1838 4854 στενωπῷ
1863 4783 2010 4836 ἔτεσι

417 4868 551 4924 δέκα
583 4871 673 4926 τὸν
702 4873 892 4940 ἀγῶνα
917 4873 1177 4939 διανύσας
1203 4889 1218 4904 ⁸
1255 4877 1314 4929 ὲν
1347 4874 1404 4930 δὲ
1457 4874 1601 4929 κίοσι
1647 4874 2010 4946 βραχυτέροις

419 4959 582 5028 ἑπτὰ,
615 4962 712 5016 καὶ
734 4963 828 5017 ἐπὶ
861 4965 1464 5036 τεσσαρακονταπήχει,
1531 4965 1626 5036 ἐτη
1671 4965 1964 5036 τριάκοντα
1991 4981 2006 5018 :

421 5073 437 5101 α
501 5051 610 5108 Iste
665 5053 966 5126 Symeones
1021 5056 1125 5111 hoc
1191 5071 1442 5112 severum
1491 5055 1707 5111 vivendi
1739 5071 1914 5126 genus
1949 5055 2002 5110 in

422 5162 438 5193 ι
486 5157 652 5198 cerne
681 5143 998 5209 traducens,
1033 5145 1200 5200 vitam
1247 5145 1315 5201 ad
1362 5144 1432 5200 56
1461 5160 1641 5200 annos
1662 5145 2000 5216 propagavit.

419 5253 438 5283 ε
487 5233 622 5290 Nam
651 5236 706 5290 in
756 5237 1116 5302 monasterio,
1147 5238 1203 5293 in
1251 5253 1360 5308 quo
1408 5237 1640 5305 primum
1680 5237 1896 5292 divinas
1916 5238 2002 5292 vi-

421 5344 439 5376 ‹
490 5327 652 5382 vendi
698 5329 1101 5400 praeceptiones
1160 5329 1372 5396 didicit,
1399 5343 1574 5384 annos
1629 5329 1764 5384 vixit
1813 5346 1888 5384 ix.
1942 5328 2000 5383 ln

419 5439 436 5468 ι
487 5419 708 5476 Mandra
729 5432 934 5491 autem,
966 5423 1046 5479 sic
1067 5422 1216 5478 enim
1242 5433 1490 5487 vocatur,
1515 5439 1681 5488 xtvtt,
1712 5433 1876 5492 atque
1898 5424 1999 5479 ho-

421 5525 436 5554 ι
485 5525 604 5564 rum
627 5526 896 5569 annorum
941 5531 975 5569 ι
1021 5515 1076 5570 in
1121 5515 1243 5571 loco
1281 5514 1573 5569 admodum
1605 5524 1834 5584 angusto
1863 5531 2001 5568 con-

424 5617 440 5646 ί
488 5600 747 5659 lecit:in
782 5607 1055 5664 columnis
1109 5607 1475 5670 brevioribus,
1531 5605 1896 5675 vu,dcniquc
1945 5609 1996 5661 in

2122 4514 2367 4570 stetisset
2417 4513 2674 4586 Symeon,
2723 4519 3000 4585 quomodo
3053 4534 3165 4574 non
3209 4521 3332 4589 ejus
3375 4521 3588 4590 uspiam
3617 4523 3702 4577 vel

2121 4619 2348 4663 sanctus
2373 4606 2616 4664 Joannes
2672 4608 3114 4681 Chrysostomus,
3169 4613 3256 4667 vel
3287 4613 3433 4669 illius
3462 4614 3705 4684 aequales

2120 4698 2366 4754 historici
2394 4701 2816 4758 meminissent?
2857 4703 3109 4759 Arbitror
3157 4705 3324 4776 igitur
3355 4707 3502 4761 hunc
3536 4705 3703 4761 Mele-

2120 4793 2254 4846 tium
2289 4809 2318 4847 a
2349 4792 2694 4850 Theodoreto
2733 4797 3038 4864 laudatum,
3091 4800 3322 4855 alterius
3353 4801 3523 4856 fuisse
3555 4801 3704 4855 sedis

2117 4881 2460 4952 episcopum,
2526 4883 2582 4938 in
2640 4886 2865 4956 regione
2921 4888 3286 4944 Antiochena.
3333 4889 3468 4945 Nam
3503 4899 3708 4960 praeter

2115 4972 2394 5030 Mcletium
2453 4976 2608 5031 illum
2665 4976 3000 5036 Theodoreti
3029 4981 3291 5052 collegam
3332 4983 3393 5038 in
3443 4983 3704 5038 concilia-

2113 5065 2242 5120 bulo
2261 5075 2454 5122 contra
2485 5077 2733 5124 sanctum
2755 5069 3041 5142 Cyrillum,
3063 5072 3424 5142 quifortassis
3447 5088 3476 5128 a
3499 5073 3702 5128 minori

2112 5157 2290 5227 aliqua
2325 5158 2455 5213 sede
2475 5158 2578 5214 sub
2632 5161 2977 5218 Antiocheno
3010 5163 3325 5234 patriarcha
3358 5163 3427 5219 ad
3476 5164 3705 5219 Neocre-

2110 5263 2426 5306 sareensem
2491 5249 2599 5306 fuit
2653 5253 2976 5321 translatus,
3022 5254 3163 5310 alius
3193 5269 3338 5325 saepe
3369 5263 3706 5312 memoratur

2110 5339 2166 5393 in
2198 5341 2407 5410 synodo
2431 5339 2866 5398 Chalcedonensi
2917 5343 3168 5398 Mcletius
3207 5344 3439 5400 Larissa:
3485 5346 3704 5415 episco-

2110 5447 2234 5500 pus,
2265 5433 2357 5502 qui
2393 5433 2448 5486 in
2503 5448 2568 5488 ca
2615 5435 2824 5506 synodo
2861 5436 3012 5491 vices
3045 5437 3182 5492 obiit
3219 5440 3588 5513 metropolita:
3607 5445 3696 5501 σοὶ

2111 5522 2304 5576 Domni
2356 5523 2614 5594 Apameae
2658 5525 2832 5598 Syrias
2865 5542 2902 5582 ιι
2933 5527 3206 5598 θρίεοορί.
3244 5529 3350 5601 Est
3377 5527 3554 5586 autem
3585 5521 3694 5576 La-

2108 5613 2249 5666 rissa
2298 5614 2430 5668 urbs
2463 5614 2806 5682 Cassiotidis,
2837 5634 2944 5688 qua
2989 5619 3046 5673 in
3096 5602 3372 5691 ρι’ωνὶτῐδῖα
3415 5621 3472 5667 ει
3498 5613 3694 5668 Milio-

425 5710 439 5738 ι
488 5692 734 5751 columna
783 5699 1138 5770 quadraginta
1191 5700 1524 5766 cubitorum,
1565 5713 1691 5753 xxx.
1732 5715 1750 5750 ›
1794 5696 1995 5754 Eadem
2102 5704 2224 5759 chia
2249 5721 2464 5776 quoque
2483 5715 2583 5764 est.
2615 5700 3117 5795 Quanquajnai/ﬁic
3144 5701 3396 5761 Meletius
3417 5703 3542 5770 fuit,
3572 5721 3692 5760 non
