4156 6408
580 262 692 325 333

1420 267 1595 332 VlTA
1645 271 1705 333 S.
1740 266 2118 331 SYMEONIS
2152 263 2505 328 STYIJTJE.
2547 294 2603 305 -
2631 268 3021 331 PROOEMIA.

3760 267 3868 341 334

583 378 805 434 videtur
827 386 950 434 tum
1015 380 1249 439 Larissa.-
1273 384 1451 441 adhuc
1482 387 1775 459 episcopus
1833 386 2023 450 fuisse,
2055 400 2179 439 cum
2209 389 2253 448 Α
2289 383 2341 437 in
2378 394 2612 454 quatuor
2639 377 2838 457 pedum
2870 385 3121 441 columna
3153 385 3208 452 4,
3243 385 3297 441 in
3326 385 3613 443 duodecim
3648 388 3868 447 cubito-

581 470 804 526 con'cilii
839 470 1108 541 Ephesini
1153 485 1417 545 tempore,
1444 493 1592 532 anno
1617 478 1718 533 451
1755 478 2046 548 episcopus
2071 476 2180 530 La-

587 564 752 618 rissze
806 573 957 619 esset
1009 563 1285 634 Julianus,
1333 569 1426 639 qui
1478 569 1655 624 eidem
1706 569 2180 624 schismaticornm

583 655 960 710 conciliabulo
1006 657 1357 738 subscripsit.
1387 659 1513 715 Fuit
1546 660 1793 716 fortassis
1822 658 2181 729 chorepisco-

590 760 701 815 pus
730 747 1058 815 patriarcha!
1104 750 1431 805 Antiocheni
1461 770 1473 805 :
1518 768 1645 806 nam
1674 763 1729 807 et
1758 752 2022 823 quosdam
2052 750 2185 821 legi-

581 854 715 893 mus
730 839 966 894 concilio
994 839 1432 897 Chalcedonensi
1481 860 1581 913 per
1601 840 2029 914 chorepiscopos
2052 843 2183 897 sub-

585 930 905 999 scripsisse.
957 930 1113 996 Quod
1182 949 1384 988 munus
1432 945 1578 990 esset
1632 935 2181 1005 chorepiscOporum,

582 1022 819 1091 exponit
849 1024 1141 1077 concilium
1190 1026 1616 1091 Antiochenum,
1646 1042 1793 1082 anno
1821 1027 2021 1082 Christi
2054 1026 2181 1091 3H,

582 1111 911 1167 Marcellino
958 1123 1016 1168 et
1066 1114 1305 1171 Probino
1353 1112 1509 1172 Coss.
1571 1118 1639 1173 ab
1701 1118 1922 1172 Arionis
1965 1115 2182 1187 episco-

584 1206 675 1275 pis
705 1205 1069 1269 celebratum.
1099 1224 1224 1263 can.
1248 1210 1280 1265 8
1303 1220 1360 1265 et
1397 1212 1481 1276 l0,
1512 1211 1605 1266 ubi
1636 1227 1733 1266 eos
1773 1219 1929 1266 vocat
1976 1211 2101 1272 τοὺς
2124 1211 2183 1262 ὲν

581 1303 711 1362 ταῖς
734 1298 950 1369 κώμαις
977 1301 1010 1371 ἦ
1035 1304 1155 1366 ταῖς
1184 1301 1411 1373 χώραις,
1434 1305 1469 1375 ἢ
1494 1305 1622 1367 τοὺς
1646 1304 2012 1374 καλουμένους
2035 1319 2180 1373 χωρ-

583 1392 952 1456 επισκόπους,
1019 1413 1039 1445 ι
1105 1395 1199 1464 qui
1250 1395 1304 1449 in
1358 1396 1495 1451 vicis
1552 1396 1638 1451 vel
1692 1397 1846 1468 pagis
1894 1394 2179 1450 constituti

585 1494 715 1538 sunt
744 1485 1152 1556 chorepiscopi,
1209 1505 1230 1540 ι
1267 1496 1326 1542 ut
1359 1488 1526 1543 habet
1572 1489 1749 1544 versio
1777 1487 2016 1559 Dionysii
2055 1486 2177 1541 Exi-

666 1575 678 1585 .
1484 1566 1523 1591 ρ

590 1592 704 1647 gul.

2289 491 2411 529 rum
2443 478 2695 532 columna
2733 479 2821 540 12,
2848 478 2901 532 in
2934 480 3187 534 columna
3223 480 3532 536 cubitorum
3564 482 3657 547 20,
3694 498 3869 541 annos

2287 567 2375 631 l2,
2410 567 2462 620 in
2490 569 2739 622 columna
2777 570 3086 624 cubitorum
3126 570 3217 636 50,
3255 587 3431 627 annos
3469 573 3524 639 4,
3557 574 3775 629 tandem
3811 576 3866 630 in

2285 656 2535 710 columna
2557 657 2627 711 10
2657 658 2967 713 cubitorum
3001 675 3176 715 annos
3206 660 3289 727 16,
3328 662 3518 732 sicque
3556 663 3869 720 efficiuntur

2286 748 2413 803 vitae
2436 748 2504 803 68
2532 750 2616 803 vel
2641 749 2729 816 69,
2770 752 3087 807 tuonasticze
3130 754 3538 810 exercitationis
3565 755 3633 810 55
3674 756 3756 810 vel
3775 754 3866 816 56.

2284 839 2376 907 qui
2426 840 2493 893 ad
2540 857 2833 895 numerum
2869 841 3083 913 Evagrii
3123 844 3348 913 propius
3380 846 3868 913 acceduntzatque

2286 932 2332 986 is
2361 949 2623 988 numerus
2646 935 2968 1005 exprimitur
3007 937 3060 990 in
3102 935 3291 990 Latina
3321 939 3426 992 vita
3450 954 3569 1009 cap.
3604 940 3655 998 8.
3686 955 3740 993 ιι.
3775 939 3865 994 5'5.

2285 1023 2580 1080 Pauciorcs
2624 1026 2784 1097 longe
2827 1042 3003 1082 annos
3046 1039 3302 1083 numerat
3346 1029 3618 1084 Antonius
3661 1030 3712 1083 in
3756 1030 3865 1086 vita

2286 1117 2482 1186 prima,
2515 1134 2675 1187 quam
2703 1135 2733 1173 e
2763 1119 2968 1177 Grzccis
3012 1137 3142 1176 mss.
3182 1120 3436 1177 dabimus
3466 1139 3480 1187 ;
3513 1123 3607 1178 sed
3648 1123 3867 1195 aliquod

2285 1210 2544 1264 mendum
2587 1211 2875 1281 irrepsisse
2916 1213 2970 1267 in
3002 1225 3285 1284 comperto
3317 1224 3422 1272 est.

2496 1342 2524 1414 §
2556 1341 2645 1397 IV.
2689 1342 2808 1397 Vita
2838 1342 2896 1398 S.
2945 1342 3217 1415 Symeom's
3245 1364 3277 1401 a
3309 1364 3411 1418 quo
3437 1348 3657 1417 scripta.

2359 1475 2446 1530 16.
2490 1474 2668 1530 Vitam
2704 1476 2760 1531 S.
2816 1476 3103 1548 Symeonis
3149 1480 3370 1551 scripsit
3415 1481 3695 1537 Antonius
3746 1484 3869 1553 ejus

2285 1566 2611 1640 discipulus,
2657 1585 2822 1641 quem
2867 1571 3137 1644 Evagrius
3168 1575 3474 1645 significat,
3520 1592 3644 1631 cum
3688 1577 3781 1632 lib.
3826 1590 3865 1642 t,

668 1667 748 1721 l2.
784 1666 840 1721 Si
865 1666 1293 1739 chorepiscopus
1312 1670 1579 1740 ejusmodi
1601 1670 1703 1725 fuit
1729 1668 1817 1724 ille
1831 1669 2182 1723 Tlxeodoreto

2284 1676 2405 1732 cap.
2431 1664 2519 1729 15,
2552 1665 2626 1718 ita
2648 1664 2840 1719 scribit
2864 1681 2877 1718 :
2907 1663 3111 1719 Τούτου
3137 1665 3235 1730 τὰς
3260 1666 3589 1738 θεοσημείας
3618 1669 3868 1741 γέγραφε

601 1759 843 1814 laudatus
875 1759 1122 1815 aleletius
1150 1768 1231 1831 (ut
1269 1763 1492 1816 omnino
1522 1763 1689 1818 fuisse
1734 1763 2019 1833 conjicio),
2059 1761 2170 1831 jam

2283 1756 2382 1825 μὲν
2411 1756 2506 1811 καί
2547 1775 2629 1821 τις
2670 1756 2777 1811 τῶν
2809 1758 3096 1812 αὐτοπτῶν
3140 1760 3471 1829 γενομένων,
3518 1763 3765 1833 γέγραφε
3810 1764 3865 1820 δὲ

587 1850 906 1906 collabascit
927 1853 1123 1906 calculi
1154 1852 1445 1907 Baroniani
1476 1854 1915 1908 fundamentum.
1944 1853 2172 1908 Accedit

582 1944 736 2011 quod
784 1946 1021 1999 [ieiunus
1065 1943 1465 2010 Antiochenus,
1515 1955 1574 2000 ut
1619 1944 1787 2000 refert
1832 1944 2172 2011 Nicephorus

587 2035 690 2090 lib.
720 2051 829 2100 xzv,
859 2051 909 2090 c.
938 2035 1028 2102 5|,
1056 2046 1112 2089 et
1140 2038 1401 2107 Evagrius
1434 2038 1527 2094 lib.
1559 2054 1597 2099 ι,
1630 2054 1680 2094 c.
1719 2040 1806 2103 l5,
1838 2030 1906 2092 ad
1948 2038 2174 2110 Symeo-

584 2142 718 2179 nem
757 2127 925 2190 venit,
959 2142 1136 2198 eoque
1170 2128 1289 2182 viso
1315 2138 1705 2185 consternatus
1733 2139 1815 2182 est
1844 2145 1955 2199 prce
1992 2127 2173 2183 admi-

583 2220 846 2273 ratione:
881 2218 1025 2274 unde
1063 2219 1376 2288 conjicitur,
1415 2235 1525 2274 non
1575 2220 1746 2275 multo
1787 2229 1913 2275 ante
1957 2220 2171 2290 cepisse

578 2312 920 2383 Sytneonetn
951 2312 1004 2365 in
1037 2312 1260 2382 praealta
1295 2312 1384 2367 illa
1422 2312 1675 2367 columna
1704 2311 1924 2366 morari.
1957 2311 2028 2365 At
2065 2309 2173 2364 Do-

585 2420 780 2468 mnus,
814 2414 875 2458 ut
899 2404 1063 2459 habet
1092 2403 1380 2470 Baronius,
1405 2419 1475 2458 an
1510 2404 1636 2466 452,
1666 2403 1735 2458 ab
1762 2418 1968 2468 eremo,
1999 2402 2172 2456 invito

588 2496 652 2552 S.
682 2496 972 2569 Eutbytnio
998 2496 1248 2559 recessit,
1284 2506 1343 2551 ut
1363 2495 1694 2551 avunculum
1723 2510 1882 2549 suum
1906 2494 2170 2549 Joannem

585 2591 1000 2645 Antiochenum
1040 2591 1406 2659 patriarcham
1446 2589 1697 2645 Nestorio
1724 2588 1999 2643 faventem
2036 2603 2172 2641 con-

585 2688 871 2735 verteret:
896 2694 1043 2735 anno
1068 2680 1267 2735 deinde
1286 2680 1394 2735 436
1444 2679 1494 2735 ei
1522 2680 1574 2733 in
1606 2680 1924 2750 episcopatu
1955 2693 2173 2733 succes-

588 2773 688 2828 sit.
734 2772 866 2838 Quze
914 2788 1045 2827 vero
1079 2773 1127 2827 ei
1176 2770 1369 2829 fuisSet
1413 2772 1549 2827 tanti
1596 2772 1837 2843 stuporis
1879 2785 2076 2834 causa.
2127 2771 2171 2826 si

585 2867 706 2935 jam
749 2866 911 2920 annis
953 2865 1349 2935 quinquaginta
1390 2864 1684 2919 stationem
1723 2863 1871 2917 illam
1906 2870 2174 2917 tenu.sset

587 2959 828 3030 Symeon
853 2960 877 3015 7
907 2958 1085 3025 Quid?
1128 2958 1275 3029 quod
1304 2957 1375 3013 ab
1406 2972 1472 3014 eo
1502 2968 1770 3027 tempore,
1803 2972 1913 3026 quo
1942 2956 2170 3027 rigidam

588 3044 747 3106 illam
794 3050 1144 3106 abstinentia!
1188 3051 1479 3113 rationem,
1530 3049 1631 3104 sub
1674 3048 1842 3102 Blasti
1891 3056 1985 3101 aut
2022 3046 2169 3101 Bassi

590 3142 1047 3213 disciplina,iniit
1070 3141 1327 3212 Symeon,
1348 3155 1521 3209 usque
1541 3139 1669 3194 dum
1685 3137 2032 3192 l’bilotbeum
2049 3136 2179 3192 scri-

600 3238 714 3309 psit
748 3235 1145 3301 Theodoretus,
1180 3234 1310 3290 anni
1344 3232 1622 3289 ﬂuxerunt
1663 3231 1838 3288 solum
1883 3231 1986 3286 28?
2018 3229 2178 3299 Atqui

589 3328 759 3384 annis
787 3327 1075 3383 minimum
1102 3327 1279 3382 tribus
1306 3333 1436 3381 ante
1466 3325 1617 3381 illum
1653 3340 1778 3379 cum
1806 3323 2020 3378 Melctie
2050 3339 2183 3378 con-

590 3434 866 3491 gressum,
889 3433 1011 3473 eam
1033 3427 1407 3490 assumpserat
1433 3418 1692 3474 inediam.
1716 3417 1860 3488 Ergo
1877 3416 1921 3472 si
1955 3415 2181 3488 Magnus

595 3510 850 3567 Heletius
866 3511 914 3566 is
939 3510 1060 3575 fuit,
1080 3510 1195 3581 jam
1220 3510 1290 3566 ab
1314 3525 1460 3564 anno
1476 3509 1580 3564 377
1605 3519 1698 3563 aut
1730 3508 1836 3562 578
1855 3505 2180 3561 numerandi

592 3600 670 3657 illi
714 3590 894 3656 erunt‘
923 3600 1091 3665 anni;
1139 3601 1330 3672 sicque
1369 3614 1516 3655 anno
1544 3597 1750 3655 Christi
1799 3597 1906 3653 405
1949 3597 2031 3653 vel
2077 3596 2182 3650 406

593 3693 885 3765 scripsisse
915 3691 959 3746 Τ
963 3693 1319 3749 beodoretum
1343 3692 1613 3748 fateamur
1637 3706 1862 3747 necesse
1887 3700 2004 3758 est;
2034 3690 2183 3760 quod

597 3787 835 3857 ipsemet
861 3784 1084 3851 refellit,
1112 3785 1243 3841 dum
1282 3785 1339 3840 in
1367 3784 1600 3856 epistola
1631 3784 1697 3839 ad
1728 3783 2028 3839 Eusebium
2063 3784 2180 3838 An-

604 3893 738 3949 cyrae
768 3876 1093 3950 episcopum
1121 3878 1263 3933 inter
1291 3877 1396 3932 alia
1420 3894 1451 3931 a
1482 3892 1543 3932 se
1564 3884 1687 3947 post
1705 3876 1972 3947 synodum
1995 3877 2183 3946 Ephe-

609 3970 770 4026 sinatn
807 3969 1014 4041 scripta
1060 3978 1315 4024 recenset
1347 3968 1548 4022 librum
1582 3967 1653 4022 de
1687 3967 1816 4022 vitis
1842 3979 2178 4023 sanctorum.

675 4063 763 4116 15.
804 4061 940 4117 Cum
971 4076 1101 4133 ergo
1127 4061 1245 4117 haec
1272 4061 1347 4116 ita
1367 4060 1496 4126 sint,
1519 4068 1568 4115 et
1591 4074 1881 4114 numerum
1911 4075 2181 4114 annorum

602 4154 672 4209 ab
702 4154 938 4224 Evagrio
970 4154 1227 4209 traditum
1251 4161 1551 4225 sequantur
1582 4151 2181 4223 Menaea,Menologium

597 4241 812 4307 Sirleti,
848 4252 903 4299 et
932 4243 1301 4314 Antbologion
1331 4259 1362 4297 a
1403 4242 1684 4299 Clemente
1714 4242 1822 4299 Vlll
1871 4245 2180 4314 probatum,

598 4349 711 4388 non
758 4334 916 4391 video
965 4350 1065 4390 cur
1108 4336 1158 4390 ei
1207 4335 1545 4406 refragemur
1574 4353 1590 4391 :
1624 4336 1926 4407 prmsertim
1961 4352 2085 4390 cum
2126 4342 2182 4390 et

598 4417 995 4496 Metaphrastes
1034 4427 1288 4485 assentiri
1330 4426 1601 4491 videatur,
1632 4429 1761 4482 dum
1797 4428 1875 4483 ait
1905 4438 2046 4484 totos
2079 4444 2171 4484 sex
2208 4438 2257 4500 υ

597 4529 654 4573 et
681 4519 1077 4591 quinquaginta
1111 4534 1285 4575 annos
1314 4519 1533 4585 vixisse,
1562 4520 1617 4573 in
1651 4520 1777 4576 vita:
1809 4520 2065 4579 nimirum
2099 4538 2180 4576 re-

597 4608 806 4682 ligiosa:
833 4614 1242 4667 exercitatione.

676 4702 764 4757 14.
811 4701 985 4768 Quem
1015 4717 1143 4757 vero
1169 4700 1506 4768 Rosweydus
1531 4701 1586 4756 in
1614 4717 1873 4758 numeros
1899 4703 2041 4773 apud
2082 4703 2178 4758 Ni-

598 4792 903 4865 cephorum
941 4795 1233 4865 irrepsisse
1254 4810 1498 4849 errorem
1530 4801 1701 4855 notat.
1728 4795 1772 4847 is
1801 4811 1903 4850 nec
1931 4797 1985 4850 in
2013 4796 2182 4851 Fron-

601 4886 750 4941 tonis
806 4885 986 4941 Duca:i
1035 4896 1291 4941 accurata
1335 4886 1579 4941 editione
1630 4896 1910 4941 correctus
1960 4897 2064 4942 est.
2122 4886 2181 4941 In

599 4975 792 5032 Graeco
811 4986 994 5033 tamen
1021 4964 1280 5048 expresse
1309 4977 1509 5032 dicitur
1537 4975 1630 5045 ἐτη
1654 4977 1971 5048 τριάκοντα,
2003 4994 2180 5034 annos

598 5068 674 5126 30
712 5068 767 5123 in
795 5069 1154 5140 quadraginta
1186 5068 1498 5124 cubitorum
1529 5068 1787 5123 columna
1825 5069 2175 5140 transegisse.

675 5159 762 5215 15.
804 5161 976 5228 Quem
1008 5158 1209 5216 deinde
1225 5176 1294 5216 ex
1319 5161 1429 5215 vita
1452 5159 1640 5214 Latina
1669 5176 1699 5213 a
1727 5174 1785 5214 se
1807 5161 1953 5215 edita
1978 5162 2181 5232 colligit

597 5267 867 5307 annorum
898 5266 1193 5307 numerum
1226 5250 1579 5323 Rosweydus,
1602 5250 1668 5316 is,
1704 5259 1762 5305 ut
1782 5251 1925 5311 infra
1955 5253 2179 5322 patebit,

599 5358 713 5397 non
744 5344 972 5398 omnino
991 5352 1076 5397 est
1099 5352 1302 5408 certos,
1324 5354 1447 5396 cum
1472 5355 1605 5394 mss.
1635 5331 1873 5407 codices,
1901 5342 2185 5412 negligen-

609 5434 684 5490 tia
714 5434 1063 5489 librariorum
1099 5433 1292 5498 vitiati,
1324 5431 1466 5487 haud
1504 5444 1694 5503 parum
1720 5430 2050 5501 discrepent.
2086 5433 2186 5488 Hic

602 5523 750 5591 iuxta
765 5544 886 5584 eam
907 5528 1074 5583 vitam
1095 5528 1254 5582 nobis
1272 5526 1502 5581 maxime
1520 5526 1845 5598 probaretur
1868 5524 1995 5594 (nisi
2015 5526 2187 5581 Theo-

604 5614 832 5671 doretns
857 5619 1120 5687 obstaret)
1154 5620 1395 5674 calculus
1417 5636 1431 5672 :
1456 5619 1510 5673 in
1535 5620 1698 5675 domo
1737 5627 2024 5688 parentum
2056 5619 2186 5675 vixit

602 5719 784 5767 sanos
813 5705 900 5774 l3,
933 5704 989 5760 in
1025 5712 1203 5774 primo
1231 5710 1570 5767 monasterio
1600 5711 1656 5776 ι,
1689 5711 1746 5766 in
1776 5712 1914 5766 cella
1937 5713 1993 5781 5,
2020 5713 2106 5772 vel
2124 5708 2188 5782 4,’

2273 1846 2367 1898 καὶ
2399 1845 2603 1915 λογίως
2633 1845 2867 1900 ἀπέθετο
2887 1849 2982 1901 καὶ
3010 1848 3355 1921 Θεοδὼρητος
3380 1853 3407 1904 ὁ
3433 1852 3542 1905 τῶν
3570 1854 3868 1925 Κυρεστῶν

2270 1939 2671 2011 ὲπισκοπήσας.
2711 1958 2729 1990 ι
2761 1939 2935 2011 Hujus
2965 1952 3054 1996 res
3084 1952 3265 2011 gestas
3294 1983 3308 2007 ,
3359 1960 3481 2013 qua:
3512 1948 3741 2001 omnino
3784 1948 3867 2005 di-

2277 2030 2417 2084 vinm
2445 2031 2665 2087 virtutis
2702 2032 2857 2102 signa
2888 2042 3065 2098 erant,
3101 2034 3326 2105 scripsit
3351 2036 3548 2106 aliquis
3580 2053 3643 2091 ex
3671 2038 3737 2094 iis
3772 2043 3863 2112 qui

2272 2119 2448 2175 oculis
2480 2129 2897 2190 conspexerant.
2932 2120 3166 2192 Scripsit
3189 2124 3379 2191 etiam,
3413 2125 3726 2197 disci-teque
3755 2145 3864 2186 ex—

2271 2211 2461 2281 posuit
2491 2212 2873 2269 Theodoretus
2897 2215 3155 2285 Cyrensis
3182 2216 3494 2287 episcopus.
3528 2235 3547 2269 ο
3579 2218 3863 2291 Dupliccm

2274 2302 2441 2357 vitam
2476 2304 2564 2357 hic
2610 2305 2832 2372 damus,
2884 2309 3042 2376 cujus
3086 2306 3358 2362 Antonius
3396 2321 3588 2365 auctor
3634 2313 3857 2368 citatur.

2273 2392 2516 2451 Priorem
2550 2397 2736 2453 Graece
2785 2400 3043 2470 scriptam
3093 2415 3122 2454 e
3154 2400 3480 2457 bibliotheca
3508 2401 3861 2460 Serenissimi

2273 2487 2516 2544 Bavarite
2560 2489 2718 2545 ducis
2768 2493 3109 2561 accepimus,
3170 2509 3333 2564 quam
3392 2494 3582 2550 Latine
3630 2496 3866 2553 reddidit

2274 2578 2597 2634 Guilielmus
2628 2581 2848 2649 Gratius
2875 2583 3170 2653 Brngensis
3196 2584 3487 2640 Societatis
3518 2596 3720 2644 nostra:
3760 2586 3863 2641 Sa-

2274 2670 2489 2725 cerdos.
2520 2670 2676 2739 Eam,
2705 2675 2830 2742 quia
2861 2674 3075 2730 brevior
3104 2676 3284 2747 longe,
3309 2677 3631 2733 crediderim
3687 2680 3870 2749 potius

2276 2764 2342 2814 ab
2359 2761 2599 2818 Antonio
2623 2779 2744 2819 esse
2764 2766 3049 2835 scriptam.
3079 2766 3156 2820 Ita
3183 2782 3418 2837 namque
3436 2769 3861 2841 Metaphrastcs:

2274 2853 2463 2919 Μέγας
2480 2857 2658 2907 τοίνυν
2671 2856 2842 2921 οὕτως
2866 2856 2941 2910 ὢν
2959 2860 3053 2911 καὶ
3072 2859 3236 2922 πολὺς
3253 2859 3350 2933 τὴν
3366 2863 3556 2933 φήμην
3576 2865 3867 2936 γενόμενος

2280 2942 2495 2997 πολλῶν
2519 2943 2680 3015 ἔτυχε
2716 2946 2810 2998 καὶ
2833 2947 2944 2999 τῶν
2969 2948 3229 3017 γραφέων
3249 2964 3262 2977 °
3289 2950 3404 3003 ἀλλ’
3437 2952 3614 3016 οὐδεὶς
3649 2949 3867 3009 οὐδέπω

2292 3033 2435 3085 κατὰ
2466 3034 2631 3105 μέρος
2662 3037 2729 3088 τά
2777 3037 2898 3089 κατ’
2930 3037 3097 3091 αὑτοῦ
3127 3038 3407 3109 διεξῆλθεν
3426 3080 3440 3107 ,
3471 3042 3618 3106 ὅπως
3648 3043 3867 3099 ἅπαντα

2285 3124 2523 3192 καθῆκεν
2566 3127 2743 3198 ἐαυτῷ
2764 3142 2777 3156 ·
2812 3128 2936 3181 οὐδὲ
2967 3129 3229 3202 ἀκριϐῶς,
3263 3130 3410 3195 ὅπως
3441 3133 3647 3189 ἕκαστα
3691 3132 3865 3206 εἶχεν,

2284 3215 2545 3286 ἔγραψεν.
2579 3237 2598 3270 ι
2638 3218 2865 3291 Magnus
2888 3220 3056 3292 igitur
3082 3222 3218 3277 adeo
3245 3237 3370 3277 cum
3397 3234 3578 3291 esset,
3617 3226 3869 3299 famaque

2294 3310 2625 3375 celebratus,
2667 3312 2870 3369 multos
2910 3315 3130 3384 quidem
3177 3324 3374 3372 nactus
3411 3318 3711 3387 scriptores
3758 3331 3864 3375 est.

2285 3401 2485 3459 verum
2514 3420 2678 3460 nemo
2714 3422 2940 3477 prorsus
2979 3409 3164 3463 omnia
3197 3412 3470 3478 quomodo
3500 3411 3548 3466 ei
3582 3415 3867 3469 evenerint

2284 3492 2599 3563 singillatim
2639 3497 2926 3567 exposuit;
2953 3512 3132 3567 neque
3158 3509 3435 3564 accurate,
3463 3509 3521 3554 ut
3544 3502 3752 3574 singula
3782 3520 3870 3559 se~

2283 3596 2345 3636 se
2376 3584 2686 3661 habuerint,
2727 3585 2966 3655 scripsit.
2998 3605 3019 3639 )
3061 3587 3217 3654 Quod
3259 3590 3468 3645 scilicet
3495 3589 3766 3648 facturum
3806 3610 3865 3649 se

2284 3672 2682 3744 Metaphrastes
2718 3677 3023 3747 pollicetur.
3074 3678 3275 3733 Verum
3308 3681 3480 3735 altera
3510 3683 3717 3753 pridem
3762 3688 3865 3740 sub

2283 3764 2509 3819 Antonii
2548 3766 2770 3820 nomine
2802 3767 3021 3837 vulgata
3062 3767 3175 3823 vita
3216 3767 3362 3844 haud
3399 3771 3571 3825 multo
3606 3774 3864 3843 pauciora

2285 3856 2452 3912 habet
2482 3857 2871 3928 Metaphraste.

2359 3950 2447 4005 17.
2484 3951 2830 4006 Arbitrantur
2870 3952 3035 4023 igitur
3067 3968 3187 4009 eam
3217 3954 3327 4025 jam
3360 3956 3490 4011 olim
3524 3970 3589 4011 ex
3612 3957 3863 4014 breviore

2286 4043 2376 4098 illa
2413 4044 2632 4099 Antonii
2671 4046 2935 4102 relatione
2965 4048 3369 4114 concinnatam,
3400 4050 3600 4105 additis
3625 4066 3746 4121 quae
3778 4054 3860 4108 vel

2285 4136 2430 4192 fama
2467 4137 2553 4192 vel
2586 4138 2815 4192 aliorum
2851 4139 3073 4209 scriptis
3104 4141 3172 4195 de
3214 4155 3281 4195 eo
3320 4141 3659 4197 ferebantur.
3703 4142 3865 4199 Certe

2285 4244 2449 4298 quem
2485 4229 2865 4287 Theodoretus
2890 4233 3026 4288 adeo
3053 4234 3325 4288 celebrem
3365 4236 3527 4290 tradit
3559 4236 3726 4291 fuisse
3754 4236 3867 4291 Ro-

2285 4337 2390 4377 mae
2424 4331 2645 4394 totoque
2695 4324 2748 4378 in
2779 4323 3075 4381 Occidente
3097 4364 3112 4393 ,
3155 4327 3274 4397 ejus
3316 4343 3425 4383 non
3460 4328 3621 4383 isthic
3650 4345 3866 4400 quoque

2286 4412 2559 4484 vulgatam
2591 4414 2759 4469 fuisse
2784 4416 2975 4480 vitam,
3009 4417 3270 4472 credibile
3295 4432 3403 4471 non
3427 4427 3530 4473 est.
3556 4419 3688 4473 Eam
3717 4435 3748 4474 e
3775 4437 3866 4475 vo-

2286 4505 2591 4562 tustissimo
2640 4507 2828 4563 codice
2883 4510 3199 4565 monasterii
3243 4508 3300 4564 S.
3348 4509 3626 4565 Laurentii
3674 4512 3861 4568 Lcodii

2284 4613 2507 4659 exarato
2529 4613 2655 4659 ante
2680 4619 2888 4660 annum
2910 4603 3116 4659 Christi
3147 4605 3305 4669 103s,
3333 4606 3697 4678 descripserat
3723 4608 3864 4662 Rosc

2285 4696 2509 4767 weydus
2537 4706 2744 4761 noster,
2775 4711 2938 4765 quam
2969 4711 3072 4750 nos
3102 4712 3226 4750 cum
3260 4698 3382 4751 aliis
3408 4716 3538 4753 mss.
3571 4700 3865 4769 lmper‘alis

2288 4789 2606 4846 monasterii
2638 4787 2696 4843 S.
2732 4788 2949 4842 Maximi
2986 4787 3249 4868 Treviris,
3291 4789 3348 4842 S.
3376 4791 3557 4847 Mariae
3596 4793 3664 4847 dc
3697 4791 3864 4862 Ripa-

2286 4887 2445 4950 toriu,
2478 4882 2722 4939 ecclesiae
2756 4884 2814 4937 S.
2852 4884 3148 4938 Audomari
3190 4887 3544 4940 contulimus.
3587 4887 3642 4941 ln
3676 4890 3866 4943 codice

2285 4977 2556 5048 Bipatorii
2573 4985 2691 5030 erat
2710 4977 2911 5046 passim
2934 4986 3233 5032 contracta.
3255 4977 3534 5044 Eatndem,
3560 4981 3653 5035 sed
3678 4978 3861 5050 pltrasi

2287 5070 2610 5140 plerumque
2656 5067 3049 5138 aliquantulum
3092 5068 3456 5139 discrepante,
3491 5071 3660 5128 edidit
3690 5072 3787 5128 lib.
3819 5088 3866 5135 τ,

2292 5163 2365 5215 De
2398 5158 2535 5214 Vitis
2563 5160 2667 5214 PP.
2702 5160 2842 5213 idem
2877 5160 3230 5231 Rosweydns.

2361 5252 2449 5305 18.
2494 5253 2722 5306 Detnum
2783 5251 2840 5304 S.
2891 5252 3178 5321 Sytneonis
3228 5252 3391 5305 vitam
3440 5272 3459 5303 ι
3502 5255 3707 5324 optime
3741 5261 3868 5326 post

2287 5344 2540 5416 Magnum
2576 5345 2618 5398 Τ
2626 5345 2992 5409 1ινοάοι-ἰιιιιιι,
3021 5362 3040 5394 ι
3074 5353 3133 5397 ιιι
3161 5345 3351 5399 scribit
3390 5344 3730 5417 Nicephorus
3770 5347 3864 5402 lib.

2289 5454 2399 5499 xiv,
2446 5453 2495 5492 c.
2537 5438 2628 5504 5|,
2686 5457 2704 5488 ι
2731 5446 2786 5491 et
2814 5437 3156 5506 cognominis
3189 5435 3423 5506 Symeon
3472 5436 3871 5507 Metaphrastcs

2292 5529 2653 5598 conscripsit;
2696 5544 2898 5583 novum
2933 5529 3205 5597 quoddam
3241 5538 3294 5582 et
3322 5529 3704 5583 admirandum
3728 5530 3781 5583 in
3806 5544 3870 5585 ca

2293 5637 2359 5676 ex
2398 5621 2576 5675 omnis
2612 5622 2829 5691 generis
2859 5621 3080 5675 cibariis
3114 5621 3419 5675 convivium
3455 5622 3710 5676 omnibus
3743 5637 3873 5691 pro-

2291 5728 2525 5788 ponens.
2561 5732 2578 5764 ›
2616 5714 2767 5768 Hanc
2811 5714 3080 5769 Baronius
3109 5714 3162 5769 in
3189 5713 3396 5770 Not.ad
3428 5713 3729 5787 Martyrol.,
3762 5715 3873 5771 Ra-

3420 5936 3439 5969 \
