4156 6402
258 243 378 332 ,335

1484 240 1773 303 MENSIS
1810 239 2268 304 JANUARIUS.

3421 232 3526 294 33S

265 360 431 414 dcrus
471 362 624 426 parte
661 369 718 408 ιιι
755 350 1008 408 Viridarii
1045 350 1172 418 SS.,
1203 366 1327 422 cap.
1381 350 1444 419 l;
1495 349 1744 407 Molanus
1785 352 1842 406 in
1873 361 1915 420 Α
1947 352 2137 410 Graeco
2166 347 2309 420 regis
2348 346 2550 412 Gallia},
2587 345 2780 401 Latine
2810 359 3022 401 versam
3065 343 3136 399 ab
3167 342 3360 398 eodem
3390 344 3526 402 Gui‘

266 451 468 503 Annot.
494 445 560 500 ad
587 443 857 515 Martyrol.
884 443 1489 513 Usuardiﬁlleribertus
1511 443 1844 514 Rosweydus

270 540 323 594 in
341 537 478 594 Vitis
495 533 628 601 PP.;
652 533 844 591 Petrus
861 535 1211 592 Ribadineira
1225 535 1281 590 in
1303 535 1460 589 Flore
1483 534 1579 589 SS.
1599 537 1844 590 scribunt

268 645 379 688 non
422 636 656 684 exstare.
701 623 811 683 Nos
876 627 1036 696 primi
1077 643 1196 684 eam
1247 627 1578 697 proferimus
1625 641 1688 680 ex
1737 641 1840 680 ms.

1949 441 2132 496 lielmo
2159 438 2345 495 Gratio
2379 447 2590 492 nostro.
2626 436 2814 492 Priora
2843 435 3025 490 omnia
3059 433 3175 490 fere
3199 433 3268 488 ad
3297 431 3529 492 verbum

1949 549 1978 588 c
2025 531 2360 588 Theodoreti
2427 529 2710 586 l’hilotlico
2753 544 2804 584 c.
2847 528 2920 584 26
2959 527 3234 598 descripta
3287 533 3434 593 sunt,
3471 533 3532 580 ut

1949 624 2252 682 conl‘erenti
2283 623 2511 694 patebit!

1037 979 1722 1112 ΣΥΜΕΩΝ
1799 972 2786 1110 ΜΑΓΙΣΤΡΟΥ

1601 1206 1722 1260 ΚΑΙ
1764 1206 2176 1260 ΛΟΓΟΘΕΤΟΥ

959 1371 1327 1459 ΛΟΓΟΣ
1407 1371 1578 1457 ΕΙΣ
1653 1372 1881 1458 TON
1954 1373 2293 1461 ΟΣΙΟΝ
2367 1374 2823 1464 ΣΥΜΕΩΝ

1559 1553 1702 1606 ΤοΝ
1743 1551 1846 1606 EN
1889 1554 1973 1624 rp
2010 1552 2259 1628 ΣΤΙΙΛῼ

506 1866 1231 1983 SYMEONIS
1329 1867 2022 1986 MAGISTRI
2386 1873 3300 1989 LOGOTHETIE

1000 2105 1280 2196 Vl'l‘A
1357 2103 1452 2194 S.
1530 2104 2151 2199 SYMEONIS
2229 2111 2785 2201 STYLITjE

281 2295 506 2357 (Grccus
531 2299 702 2347 textus
735 2308 866 2346 nunc
886 2299 1096 2359 primum
1118 2295 1280 2360 prodit
1305 2309 1367 2348 ex
1410 2296 1602 2348 duobus
1633 2296 1865 2412 codicignta

1723 2375 1786 2410 no
1863 2376 1865 2410 1

1968 2300 2245 2428 linguai:
2289 2301 2444 2354 Paris.
2473 2317 2524 2355 n.
2569 2303 2661 2356 156
2693 2318 2809 2358 sec.
2839 2319 2925 2356 nn
2951 2314 3004 2357 et
3041 2322 3088 2357 n.
3138 2307 3276 2370 1607,
3299 2322 3414 2360 sec.
3441 2323 3540 2369 xiv,

1712 2667 1938 2724 CAPUT
1975 2670 2015 2724 1.

836 2797 899 2856 8.
932 2798 1208 2872 Symeonis
1241 2807 1410 2865 ortus,
1439 2808 1486 2854 et
1516 2801 1637 2854 vita:
1669 2802 1929 2872 religiosae
1973 2803 2274 2856 rudimenta
2299 2803 2354 2854 in
2384 2799 2584 2855 duobus
2613 2804 2965 2858 monasteriis.

345 2970 396 3026 l.
416 2968 738 3039 Symeonem
754 2960 932 3016 virum
953 2957 1093 3013 fama
1109 2957 1552 3020 celeberrimum,
1571 2973 1858 3028 magnum-

2035 2955 2104 3010 α’.
2154 2957 2382 3026 Συμεὼν
2435 2956 2525 3009 τὸν
2558 2956 2724 3021 πάνυ,
2765 2958 2825 3010 τὸ
2863 2959 3004 3028 μέγα
3034 2959 3221 3032 θαῦμα
3243 2966 3341 3034 τῆς
3366 2966 3519 3022 οἰκου

273 3079 380 3134 que
409 3057 638 3118 habitati
668 3054 818 3112 orbis
841 3052 1164 3108 miraculum
1201 3060 1407 3105 norunt
1427 3065 1621 3106 omnes
1657 3051 1857 3104 Itoma-

275 3147 470 3211 norum
536 3146 770 3220 imperio
813 3143 1016 3202 subditi
1063 3161 1078 3198 :
1131 3143 1252 3214 ejus
1309 3157 1508 3197 nomen
1566 3157 1736 3212 usque
1790 3142 1860 3197 ad

272 3241 505 3312 Scythas
529 3248 584 3293 et
633 3233 906 3293 Nomadas
957 3231 1305 3301 pervolavit:
1367 3231 1568 3296 Persae,
1601 3239 1655 3285 et
1717 3229 1858 3295 ludi,

279 3333 716 3400 Ethiopumque
778 3324 952 3389 natio,
997 3331 1054 3380 et
1115 3323 1435 3392 quicunque
1499 3323 1658 3378 aliam
1711 3324 1861 3382 orbis

273 3425 492 3497 plagam
520 3419 790 3483 incolunt,
817 3416 910 3471 alii
964 3415 1139 3472 oculis
1167 3416 1582 3486 perspicientes,
1612 3418 1863 3474 nonnulli

275 3517 470 3572 auditu
492 3513 616 3583 eius
643 3525 734 3566 res
765 3517 949 3582 gestas
989 3517 1410 3579 cognoscentes,
1451 3525 1577 3564 eum
1610 3508 1864 3565 laudibus

277 3605 665 3680 praedicarunt.
697 3599 924 3672 Magnus
945 3599 1108 3671 igitur
1131 3599 1269 3654 adeo
1298 3614 1424 3654 cum
1450 3608 1597 3654 esset
1625 3615 1688 3656 ac
1719 3600 1864 3654 cele-

277 3702 414 3766 bris,
449 3700 650 3756 multos
679 3695 898 3766 quidem
923 3693 1220 3763 scriptores
1251 3702 1583 3748 consecutus
1621 3702 1738 3759 est;
1770 3693 1864 3763 qui

280 3805 465 3852 tamen
511 3793 630 3862 ejus
681 3789 914 3845 virtutes
963 3787 1231 3842 hactenus
1282 3785 1592 3858 singulatim
1655 3787 1863 3858 scripto

279 3885 755 3955 complecteretur,
787 3880 996 3936 exstitit
1025 3895 1210 3944 nemo,
1246 3894 1424 3948 neque
1465 3879 1609 3936 ullus
1635 3881 1702 3936 ad
1745 3881 1864 3935 sin-

280 3979 432 4051 gulas
481 3983 740 4035 accurate
805 3973 1213 4044 percensendas
1268 3972 1511 4026 animum
1579 3972 1860 4042 applicuit.

283 4073 487 4130 Verum
515 4068 608 4140 qui
647 4064 1026 4136 superioribus
1055 4064 1394 4133 temporibus
1423 4063 1576 4118 brevi
1608 4078 1866 4133 compen-

283 4166 375 4222 dio
413 4163 482 4224 de
507 4161 626 4232 ejus
649 4158 760 4216 vita
793 4157 1191 4220 disseruerunt,
1217 4154 1464 4224 quaedam
1483 4170 1604 4224 quin
1631 4154 1865 4210 mediam

283 4257 404 4326 ejus
443 4261 661 4310 aetatem
691 4249 979 4304 continent
1019 4246 1226 4302 cursim
1259 4247 1718 4317 perstrinxerunt.
1776 4263 1866 4303 ne-

287 4361 393 4418 que
422 4354 530 4400 tam
578 4338 824 4398 celebres
883 4338 1002 4407 ejus
1031 4338 1277 4397 actiones
1306 4338 1374 4393 ad
1405 4342 1568 4393 tinem
1600 4340 1868 4409 perduxe-

286 4449 438 4492 runt.
468 4433 815 4504 Quapropter
869 4431 1020 4486 utilis
1049 4431 1284 4486 maxime
1315 4430 1383 4485 de
1414 4429 1520 4486 hoc
1551 4431 1672 4486 viro
1708 4432 1869 4486 nobis

287 4543 470 4585 sermo
493 4525 713 4582 futurus
751 4540 768 4578 :
827 4536 1052 4592 remque
1109 4537 1140 4577 a
1169 4522 1344 4592 capite
1375 4523 1676 4589 ordiemur,
1707 4532 1870 4594 atque

287 4619 356 4676 ad
389 4619 554 4676 ﬁnem
582 4629 1000 4688 prosequemur.
1035 4613 1146 4672 Sed
1183 4629 1378 4671 vereor
1407 4629 1479 4670 ne
1529 4615 1762 4686 posteris
1789 4615 1872 4670 fa.

287 4710 541 4768 bularum
564 4706 816 4771 similior,
842 4715 900 4760 et
921 4705 1065 4762 nuda
1092 4720 1124 4760 a
1163 4704 1390 4760 veritate
1415 4703 1658 4759 narratio
1685 4703 1876 4758 videa-

295 4814 404 4859 tur.
440 4797 862 4857 Consuever'unt
893 4797 1040 4852 enim
1071 4797 1324 4853 homines
1356 4805 1556 4852 natura
1581 4795 1760 4851 metiri
1785 4809 1874 4850 res

289 4890 644 4965 praeteritas:
695 4888 784 4945 ubi
849 4904 980 4946 vero
1031 4889 1311 4958 quippiam
1369 4894 1579 4942 natura:
1612 4886 1875 4941 terminos

295 4981 614 5047 excesserit,
641 4981 824 5037 omnis
848 4981 917 5036 de
967 4994 1034 5035 eo
1061 4995 1242 5034 rerum
1271 4978 1580 5034 divinarum
1605 4975 1878 5049 imperitis

291 5074 462 5138 falsus
491 5088 616 5129 esse
680 5088 863 5128 sermo
909 5072 1272 5126 existimatur.
1301 5069 1571 5138 Quoniam
1622 5086 1754 5126 vero
1784 5069 1875 5126 hic

297 5167 379 5221 vir
408 5175 620 5221 naturae
647 5165 862 5236 legibus
910 5179 1020 5220 non
1064 5163 1252 5228 cessit,
1283 5177 1349 5218 ac
1382 5178 1449 5220 ne
1482 5164 1720 5217 humana
1752 5162 1878 5231 qui-

291 5257 419 5316 dem
445 5271 644 5329 passus
693 5264 802 5320 est,
847 5270 1038 5312 verum
1069 5255 1513 5326 incorporeorum
1547 5254 1602 5308 in
1658 5255 1876 5310 mortali

293 5363 524 5419 corpore
561 5348 802 5404 ostendit
858 5347 1258 5410 constantiam;
1313 5362 1438 5402 cum
1475 5347 1776 5417 prasertim
1811 5347 1878 5402 iis

293 5439 386 5508 qui
411 5439 481 5496 ab
514 5453 581 5494 eo
597 5437 782 5502 divina
815 5437 994 5494 edocti
1021 5445 1170 5504 sunt,
1205 5447 1352 5494 terra
1374 5437 1556 5494 omnis
1610 5451 1674 5492 ac
1704 5438 1876 5493 maria

319 5541 416 5594 psa
459 5527 669 5602 repleta
714 5529 856 5597 sint;
903 5529 1032 5585 hinc
1060 5529 1224 5601 igitur
1274 5529 1646 5587 narrationem
1695 5544 1874 5585 meam

319 5617 587 5676 achoabo.

1969 3053 2160 3125 μένης,
2197 3052 2348 3104 ῐσασι
2385 3049 2484 3121 μιν
2535 3049 2736 3114 πάντες
2765 3051 2815 3104 oi
2860 3054 2960 3122 τῆς
2999 3053 3288 3124 Ῥωμαίων
3340 3060 3546 3128 ⁴ἡγεμο-

1965 3147 2081 3209 νίας
2140 3145 2410 3216 ὁπήκοοι’
2449 3139 2654 3212 έδραμε
2701 3142 2757 3196 δὲ
2813 3145 3107 3216 καὶμέχρι
3162 3147 3386 3202 Σκυθῶν
3435 3151 3545 3204 τῶν

1963 3235 2214 3306 νομάδων
2275 3236 2342 3304 τῇ
2374 3231 2567 3305 φήμῃ·
2607 3235 2708 3304 ἤδη
2745 3233 2802 3286 ὁὲ
2829 3234 2926 3288 καὶ
2974 3237 3205 3306 Πέρσαι,
3243 3239 3338 3292 καὶ
3375 3239 3544 3303 Ἰνδοὶ,

1964 3331 2058 3384 καὶ
2105 3329 2381 3384 Αἰθιόπων
2403 3330 2556 3400 έθνη,
2593 3329 2690 3384 καὶ
2715 3331 2832 3383 ὅσοι
2869 3328 2971 3398 τῆς
2999 3329 3103 3398 γῆς
3129 3328 3259 3382 ἄλλο
3286 3347 3340 3383 τι
3385 3331 3548 3402 μέρος

1963 3425 2135 3477 οἰκεῖν
2167 3423 2385 3492 ἔλαχον,
2435 3424 2485 3476 οἱ
2529 3422 2628 3493 μὲν
2662 3421 2782 3491 ὕψει
2815 3420 2886 3474 τὰ
2917 3421 3151 3484 ἐκείνου,
3206 3423 3254 3474 oi
3308 3421 3366 3474 δὲ
3410 3423 3549 3496 ἀκοῇ

1967 3517 2416 3588 παραλαϐόντες,
2481 3515 2728 3585 γλώττης
2795 3513 3007 3585 τρυφὴν
3051 3513 3144 3566 τὸν
3214 3515 3381 3586 ἄνδρα
3455 3533 3552 3570 πε·

1964 3609 2239 3680 ποίηνται.
2299 3609 2488 3677 Μέγας
2520 3608 2704 3660 τοίνυν
2747 3599 2903 3670 οὗτος
2930 3604 3028 3669 ὢν,
3085 3605 3178 3658 καὶ
3236 3605 3405 3668 πολὺς
3455 3605 3554 3676 τὴν

1965 3702 2156 3772 φήμην
2195 3701 2508 3772 γενόμενος,
2538 3696 2751 3751 πολλῶν
2807 3697 2968 3768 ἔτυχε
3013 3696 3108 3750 καὶ
3142 3697 3251 3750 τῶν
3309 3715 3554 3768 συγγρα-

1966 3795 2144 3862 φέωνο
2175 3792 2288 3847 ἀλλ’
2329 3792 2504 3856 οὐδεὶς
2561 3789 2776 3844 οὐδέπω
2825 3789 2970 3843 κατὰ
3011 3790 3176 3861 μέρος
3213 3789 3279 3843 τὰ
3303 3790 3426 3844 κατ’
3458 3791 3554 3843 αὐο

1965 3887 2058 3942 τὸν
2097 3885 2397 3957 διεξῆλθεν,
2422 3884 2600 3946 οὐδεὶς
2632 3884 2854 3938 ᾶπαντα
2888 3884 3136 3952 καθῆκεν
3177 3883 3392 3949 ἑαυτὸν,
3434 3884 3556 3937 οὐδὲ

1969 3980 2238 4052 ἀκριϐῶς,
2270 3980 2419 4042 ὅπως
2447 3979 2660 4032 ἕκαστα
2688 3975 2837 4046 εῖχεν
2883 3977 3187 4046 ἀνέγραψε.
3227 3976 3386 4030 Ἀλλὰ
3431 3977 3557 4038 τοὺς

1969 4073 2080 4127 ἄνω
2108 4071 2334 4142 χρόνους
2364 4073 2422 4124 ὲν
2443 4067 2877 4140 κεφαλαιώδεσιν
2932 4069 3222 4137 ἑπιτομαῖς
3279 4066 3552 4129 εἰπόντες,

1970 4163 2090 4218 ἐνιά
2121 4181 2180 4216 τε
2229 4163 2340 4217 τῶν
2384 4163 2440 4215 ὲν
2477 4164 2626 4232 μέσῳ
2666 4161 3046 4232 παρέδραμον,
3099 4161 3192 4212 καὶ
3247 4159 3371 4213 οὐδὲ
3420 4160 3557 4230 πρὸς

1975 4256 2110 4310 αὐτὸ
2149 4255 2211 4309 τὸ
2238 4256 2390 4318 τέλος
2419 4254 2526 4307 τῶν
2558 4253 2751 4306 τούτου
2799 4251 3056 4322 πράξεων
3082 4247 3270 4322 ἦλθον.
3305 4252 3467 4322 Ἡμῖν
3500 4251 3558 4303 δὲ

1896 4387 1939 4443 C
1977 4353 2252 4424 χρήσιμος
2283 4349 2520 4418 μάλιστα
2552 4349 2579 4401 ὁ
2607 4348 2736 4420 περὶ
2761 4346 2927 4401 αὐτοῦ
2957 4346 3115 4414 λόγος
3140 4348 3312 4407 ἔσται,
3351 4344 3558 4400 ἄνωθέν

1972 4461 2032 4497 τε
2058 4443 2410 4514 ἀρχομένοις,
2453 4441 2550 4495 καὶ
2584 4441 2676 4494 ἐπὶ
2703 4439 2772 4493 τὰ
2792 4440 3078 4492 τελευταῖα
3112 4437 3207 4490 τοῦ
3242 4437 3434 4509 ἀνδρὸς
3461 4454 3560 4490 κα-

1973 4535 2330 4600 ταϐιῦάζουσι
2371 4535 2468 4605 τὴν
2522 4533 2795 4604 διήγησιν.
2848 4531 3014 4584 Ἀλλὰ
3043 4530 3259 4584 δέδοικα
3309 4531 3385 4600 μὴ
3446 4531 3560 4594 τοῖς

1978 4627 2120 4698 μετὰ
2142 4628 2318 4681 ταῦτα
2347 4626 2517 4696 μῦθος
2543 4621 2682 4678 εἷναι
2717 4622 2846 4694 δόξῃ
2875 4625 2975 4692 τῆς
2996 4622 3254 4692 ἀληθείας
3273 4638 3562 4689 γεγυμνω-

1979 4720 2158 4790 μένος.
2190 4717 2407 4772 Φιλοῦσι
2463 4718 2571 4786 γὰρ
2626 4719 2674 4769 οἱ
2718 4715 3000 4786 ἄνθρωποι
3034 4717 3100 4783 τῇ
3143 4712 3304 4781 φύσει
3336 4715 3558 4783 μετρεῖν

1975 4811 2044 4864 τὰ
2075 4811 2355 4880 γινόμενα·
2395 4811 2445 4861 εἰ
2471 4809 2528 4862 δέ
2561 4827 2612 4862 τι
2647 4811 2756 4862 τῶν
2794 4807 2970 4876 αὐτῆς
2999 4807 3141 4876 ὅρων
3180 4804 3439 4858 ἐπέκεινα
3475 4804 3562 4856 λέ-

1975 4919 2159 4970 γοιτο,
2221 4902 2424 4973 ψευδὴς
2459 4905 2571 4966 τοῖς
2598 4901 2710 4954 τῶν
2741 4902 2906 4956 θείων
2935 4901 3208 4971 ἀμυήτοις
3241 4899 3270 4952 ό
3299 4899 3458 4966 λόγος
3481 4918 3565 4952 νο-

1987 4997 2222 5068 μίζεται.
2263 4996 2484 5068 Ἐπειδὴ
2541 4996 2598 5050 δὲ
2635 4992 2791 5059 οὗτος
2826 4993 3000 5064 αὐτῆς
3045 4993 3264 5060 φύσεως
3293 4991 3402 5058 εἶξε
3438 4993 3566 5045 θεσ-

1989 5091 2132 5160 μοῖς,
2161 5088 2282 5143 οὐδὲ
2306 5087 2626 5160 ἀνθρώπινα
2651 5092 2836 5143 πονεῖν
2861 5089 3062 5153 εἵλετο,
3099 5087 3235 5142 ἀλλὰ
3259 5085 3567 5156 ἀσωμάτων

1983 5182 2044 5234 έν
2081 5179 2296 5251 σώματι
2325 5181 2507 5252 θνητῷ
2551 5181 2867 5246 ἐπεδείξατο
2915 5182 3218 5253 καρτερίαν
3244 5197 3258 5210 ⁸
3300 5180 3477 5241 ἄλλως
3507 5194 3568 5230 τε

1983 5274 2080 5327 καὶ
2109 5274 2220 5327 τῶν
2242 5274 2310 5328 τὰ
2331 5273 2451 5326 θεῖα
2484 5274 2938 5344 πεπαιδευμένων
2977 5274 3050 5345 γῆ
3079 5289 3138 5326 τε
3168 5273 3318 5325 πᾶσα
3351 5269 3567 5336 πλήρης

1982 5365 2075 5418 καὶ
2135 5365 2403 5436 θάλασσα,
2466 5365 2678 5421 ἐνθενδέ
2733 5383 2823 5438 μοι
2867 5365 3101 5438 ἀρκτέον
3151 5364 3246 5418 τοῦ
3291 5362 3568 5434 διηγήμασ-

1981 5476 2091 5522 τος.
