4156 6450
515 491 627 557 ἳῖΠ

1607 496 1784 557 VITA
1825 496 1883 554 S.
1924 492 2303 556 SYMEONIS
2342 495 2699 564 STYLszE.

3698 497 3805 560 338

592 604 659 675 β’.
717 603 903 673 Κὼμη
956 603 1041 668 τίς
1066 605 1184 657 ἐστι
1240 604 1442 674 μεταξὺ
1476 605 1663 675 Σύρων
1713 606 1807 658 καὶ
1848 605 2091 657 Κιλίκων

2268 604 2322 657 2.
2359 604 2518 663 Vicus
2571 610 2795 678 quidam
2849 610 2988 666 inter
3020 609 3232 681 Syriam
3282 616 3339 666 et
3360 602 3613 666 Ciliciam,
3637 609 3779 665 situs

512 695 873 765 διακειμένη,
899 696 1066 750 Σισὰν
1103 696 1159 749 δὲ
1184 696 1354 766 αὐτὴν
1379 696 1735 765 ὀνομάζουσι.
1776 698 1870 749 Ἐκ
1898 697 2105 766 ταύτης

509 791 541 843 ὁ
581 787 904 857 θαυμαστὸς
950 786 1175 857 Συμεὼν
1204 784 1358 851 οὗτος
1396 789 1753 856 ὁρμώμενος.
1792 789 2111 858 Ποιμαίνειν

513 877 817 948 θρέμματα
864 876 926 929 τὸ
979 876 1195 944 πρῶτον
1245 876 1350 930 ὑπὸ
1392 876 1500 929 τῶν
1567 878 1980 946 γεγεννηκότων
2034 880 2110 932 δι-

512 971 805 1036 δάσκεται,
872 970 959 1023 ἵνα
1014 972 1110 1024 καὶ
1158 971 1302 1023 κατὰ
1343 971 1502 1024 τοῦτο
1543 974 1656 1033 τοίς
1713 972 1977 1041 μεγάλοις
2010 972 2110 1043 τὴν

511 1062 724 1133 ἀρετὴν
787 1060 1025 1125 ἐκείνοις
1079 1061 1532 1133 συναριθμεῖται’
1604 1061 1799 1115 Ἰακὼϐ
1860 1062 1939 1133 τῷ
1999 1081 2111 1116 πα-

511 1155 780 1225 τριάρχῃ,
811 1155 979 1224 φημὶ,
1015 1155 1107 1207 καὶ
1148 1153 1347 1225 Ἰωσὴφ
1390 1154 1469 1224 τῷ
1519 1153 1780 1224 σώφρονι,
1820 1156 2013 1209 Μωσεῖ
2051 1172 2109 1208 τε

512 1246 593 1317 τῷ
622 1246 913 1322 νομοθέτῃ,
954 1248 1052 1301 καὶ
1084 1247 1247 1300 Δαὸὶδ
1272 1247 1352 1317 τῷ
1393 1248 1608 1316 βασιλεῖ
1668 1249 1763 1300 καὶ
1821 1248 2106 1318 προφήτῃ.

517 1340 617 1393 καὶ
679 1338 935 1410 Μιχαία,
984 1339 1083 1393 καὶ
1141 1344 1253 1404 τοῖς
1309 1340 1432 1394 κατ’
1504 1341 1750 1403 ἐκείνους
1805 1340 1972 1404 θείοις
2020 1342 2112 1393 ἁν-

522 1433 711 1501 δράσι.

588 1529 659 1588 γ’.
684 1522 925 1592 Nmpe-soi}
965 1524 1023 1576 δέ
1066 1541 1193 1577 ποτε
1247 1524 1446 1578 πολλοῦ
1492 1526 1811 1595 γενομένου.
1861 1529 1954 1580 καὶ
1999 1527 2110 1578 τῶν

527 1613 812 1681 προόάτων
834 1614 984 1667 ἔνδον
1021 1615 1203 1684 μένειν
1232 1617 1694 1687 ἠναγκασμένων,
1731 1618 1930 1688 σχολῆς
1975 1621 2109 1671 ἀποο

534 1706 750 1769 λαὺσας,
783 1708 864 1768 εἰς
891 1705 983 1759 τὸν
1015 1706 1159 1761 θεῖον
1210 1707 1348 1762 νεὼν
1382 1707 1524 1778 μετὰ
1560 1709 1669 1763 τῶν
1698 1710 1967 1762 τεκόντων
2002 1709 2109 1780 ἀφ’

536 1796 693 1850 ίκετο.
722 1797 836 1867 Τῆς
869 1797 1235 1870 εὐαγγελικῆς
1260 1799 1439 1853 τοίνυν
1470 1802 1657 1869 φωνῆς
1692 1800 1954 1864 ἀκούσας,
1997 1818 2107 1871 μα-

522 1886 860 1958 καριζούσης
934 1888 1035 1959 μὲν
1070 1890 1196 1953 τοὺς
1248 1889 1540 1953 κλαίοντας
1600 1891 1695 1943 καὶ
1746 1890 2104 1956 πενθοῦντας,

520 1979 743 2042 ἀθλίους
791 1979 847 2033 δὲ
873 1982 1000 2045 τοὺς
1035 1980 1310 2049 γελῶντας
1351 1981 1755 2052 ἀποκαλούσης,
1786 1982 1882 2035 καὶ
1928 1960 2183 2052 ζῆλον,Β

517 2073 647 2135 τοὺς
668 2072 1044 2142 όνομαζοόσης
1076 2075 1203 2138 τοὺς
1236 2074 1336 2146 τὴν
1382 2074 1561 2144 ψυχὴν
1595 2073 1844 2144 καθαρὰν
1901 2090 2103 2144 κεκτην

518 2163 743 2233 μένους,
776 2165 867 2218 καὶ
891 2166 959 2218 τὰ
990 2165 1127 2219 ἄλλα
1155 2167 1254 2219 ὅσα
1288 2165 1498 2230 τούτοις
1525 2164 1907 2230 συνέζευκται,
1938 2166 2104 2234 ἤρετό

513 2273 643 2309 τινα
700 2256 811 2310 τῶν
862 2258 1184 2326 παρόντων·
1247 2258 1300 2311 τί
1355 2258 1421 2312 ἄν
1461 2276 1543 2322 τις
1579 2260 1836 2329 ποιήσας,
1895 2260 2103 2313 τούτων

513 2347 752 2400 ἕκαστον
796 2350 1093 2418 κτήσαιτο;
1142 2349 1246 2401 Τὸν
1263 2349 1341 2410 δὲ.
1385 2346 1475 2419 (ἧν
1534 2351 1644 2419 γὰρ
1675 2353 1769 2405 καὶ
1821 2346 1997 2415 οὗτος,
2028 2350 2104 2415 ὡς

513 2440 698 2494 ἔοικεν
730 2442 969 2513 ἐργάτης
994 2442 1094 2511 τῆς
1117 2442 1341 2513 ἀρετῆς)
1371 2443 1463 2495 τὸν
1493 2444 1785 2513 μοναδικὸν
1809 2445 1957 2515 αὐτῷ
1990 2444 2104 2514 βίον

514 2533 922 2604 ὑπαγορεὼαι,
975 2533 1073 2587 καὶ
1104 2533 1202 2604 τὴν
1234 2533 1412 2603 ἄκραν
1456 2535 1675 2606 ἐκείνην
1709 2536 1987 2601 ὑποδεῖξαι
2018 2554 2104 2605 φι-

515 2624 801 2693 λοσοφίαν.

589 2717 657 2770 δ’.
686 2717 987 2786 Δεξάμενος
1020 2718 1201 2773 τοίνυν
1223 2719 1318 2774 τοῦ
1346 2720 1494 2774 θείου
1522 2722 1680 2789 λόγου
1702 2722 1768 2774 τὰ
1789 2722 2103 2792 σπέρματα,

517 2810 619 2862 καὶ
637 2812 757 2872 ταῖς
774 2809 1021 2879 βαθείαις
1039 2815 1136 2882 τῆς
1154 2813 1338 2884 ψυχῆς
1356 2814 1551 2880 αῦλαξι
1565 2814 1741 2890 ταῦτα
1759 2814 1989 2884 κρύψας,
2015 2816 2107 2867 ἐπὶ

515 2900 614 2955 τὸν
658 2901 888 2972 πλησίον
920 2902 1031 2956 τῶν
1077 2905 1240 2975 ἱερῶν
1268 2906 1566 2977 μαρτύρων
1617 2907 1912 2977 ἀποτρέχει
1960 2906 2104 2961 ναόν.

527 2989 624 3042 Ἐν
653 2989 829 3060 τούτῳ
860 2992 917 3045 δὲ
950 2994 1015 3063 τῇ
1034 2995 1103 3063 γῇ
1129 2994 1186 3046 τὸ
1209 2995 1463 3064 μέτωπον
1501 2994 1596 3048 κοιλ⁵
1626 2995 1693 3050 τὰ
1713 2996 1915 3064 γόνατα
1940 3013 2108 3064 προσ-

509 3079 737 3149 ερείσας
802 3081 1039 3136 ἱκετεύει
1095 3083 1186 3137 τὸν
1242 3087 1453 3146 πάντας
1512 3084 1838 3155 ἀνθρώπους
1911 3085 2108 3149 σώζειν

515 3170 806 3239 ἐθέλοντα,
848 3174 1125 3245 ὀδηγῆσαι
1186 3177 1352 3230 αὑτὸν
1409 3178 1547 3248 πρὸς
1586 3177 1686 3249 τὴν
1738 3176 1953 3230 τελείαν
2007 3178 2109 3248 τῆς

511 3263 806 3328 εὐσεϐείας
865 3265 1019 3320 ὁδόν·
1060 3267 1156 3321 ὲπὶ
1196 3268 1332 3323 πολὺ
1359 3269 1417 3322 δὲ
1449 3269 1640 3322 τοῦτον
1673 3268 1966 3339 διατρίψας
2015 3269 2109 3323 τὸν

512 3358 743 3425 τρόπον,
769 3359 1145 3414 ὑπολισθαίνει
1171 3361 1274 3432 ἠδη
1298 3361 1432 3431 προς
1466 3359 1660 3425 ὕπνον,
1694 3360 1830 3431 ὄναρ
1872 3361 1931 3414 δὲ
1960 3361 2110 3414 τόνδε

511 3451 643 3520 ἐρᾷ.
688 3451 978 3522 Ὀρύττειν
1019 3452 1200 3506 ἐδόκει
1229 3453 1483 3523 θεμέλια.
1512 3448 1635 3509 εἷτά
1683 3470 1832 3514 τινος
1877 3454 2112 3519 ἑστῶτος

511 3538 764 3605 ἀκούειν,
800 3542 876 3604 ὡς
901 3540 981 3595 ἔτι
1010 3541 1266 3613 βαθύνειν
1289 3542 1350 3594 τὸ
1388 3542 1617 3614 ὄρυγμα
1658 3543 1761 3597 δεῖ.
1796 3543 2113 3613 Προστεθει-

515 3628 635 3692 κὼς
661 3629 845 3683 τοίνυν
867 3631 943 3695 ὡς
975 3631 1228 3685 ἐκέλευσε
1261 3633 1449 3701 βάθος,
1509 3633 1674 3686 πάλιν
1723 3634 1983 3703 ἐπειρᾶτο
2037 3635 2115 3686 δι-

516 3723 927 3778 αναπαύεσθαι³
944 3725 1081 3779 ἀλλὰ
1102 3727 1196 3780 καὶ
1213 3722 1369 3790 αὖθις
1386 3727 1634 3796 ὀρύττειν
1649 3728 1797 3796 αὐτῷ
1812 3729 2087 3798 προσέτατ
2100 3757 2115 3767 ο

518 3831 613 3865 τεν
641 3816 670 3867 ό
696 3814 911 3881 φανεὶς,
951 3816 1049 3869 καὶ
1114 3816 1189 3887 μὴ
1215 3816 1404 3887 λήγειν
1438 3818 1534 3871 τοῦ
1562 3819 1744 3872 πόνου.
1779 3818 1911 3888 Τρὶς
1930 3818 1995 3870 ’δὲ
2020 3818 2115 3871 καὶ

529 3906 778 3971 τετράκις
836 3906 995 3961 τοῦτο
1028 3910 1443 3979 παρεγγυήσας,
1512 3909 1666 3974 τέλος
1719 3910 1907 3980 ἐπειδὴ
1964 3914 2116 3982 παρὰ

537 4000 633 4064 τὴν
675 3998 765 4050 τοῦ
808 3998 1007 4068 βάθους
1051 4000 1360 4073 ὑπερϐολὴν
1415 4003 1513 4072 οὐχ
1570 3996 1680 4055 οἷόν
1732 4020 1791 4055 τε
1834 3998 1902 4073 ἦν
1952 4002 2114 4057 πλέον

533 4086 792 4155 ὀρύττειν,
822 4092 1190 4162 ἀποχρώντως
1221 4088 1322 4164 εἶχ’
1365 4093 1468 4163 ἔφη
1510 4094 1571 4148 τὸ
1621 4095 1805 4166 βάθος,
1841 4100 1937 4152 καὶ
1966 4102 2113 4167 οἰκοτ-

531 4178 715 4246 δομεῖν
752 4181 1006 4236 ἐκέλευσε
1061 4183 1157 4237 τοῦ
1213 4183 1429 4251 λοιποῦ,
1457 4186 1533 4249 ὠς
1559 4187 1826 4257 λήξαντός
1870 4206 1931 4242 τε
1965 4191 2115 4261 αὐτῷ

526 4270 624 4322 τοῦ
678 4272 843 4327 πόνου
886 4276 1112 4347 καὶτῆς
1154 4277 1467 4347 οἰκοδομίας
1512 4279 1790 4351 ἑπομένης
1851 4282 2113 4347 εὐκόλως.

527 4365 718 4436 ταύτῃ
742 4371 807 4438 τῇ
846 4371 1148 4441 προρρήσει
1184 4373 1253 4425 τὰ
1282 4372 1590 4442 πράγματα
1616 4377 1888 4445 μαρτυρεῖ
1915 4390 1929 4406 °
1957 4375 2117 4430 τοῦτο

534 4457 636 4529 (ἀρ
669 4458 767 4512 καὶ
798 4461 832 4530 ἠ
859 4460 981 4531 ὄψις
1018 4462 1209 4533 ἐδήλου
1236 4463 1320 4518 ὅτι
1352 4464 1498 4534 πέρα
1524 4482 1584 4518 τε
1617 4466 1717 4535 τῆς
1754 4465 1971 4536 φύσεώς
1997 4469 2113 4522 ἐστι

518 4550 592 4602 τὰ
617 4550 903 4621 γινόμενα,
934 4554 1029 4608 καὶ
1057 4555 1141 4608 ὅτι
1171 4555 1314 4623 μετὰ
1341 4557 1466 4620 τοὺς
1521 4558 1824 4629 ὑπερφυεῖς
1869 4559 2115 4624 ἐκείνους

2218 704 2322 761 est,
2359 697 2552 756 incolae
2584 701 2762 757 Sisam
2789 704 2862 775 (l)
2896 705 3306 760 nominantzex
3330 705 3424 759 illo
3441 703 3804 760 admirandus

2217 788 2308 842 hic
2343 790 2576 861 Symeon
2612 795 2877 850 oriundus
2908 797 3030 851 fuit.
3084 798 3162 853 Ac
3218 798 3454 867 primum
3502 796 3723 866 quidem
3773 812 3804 851 a

2216 884 2533 949 parentibus
2552 894 2683 940 ones
2708 902 2931 955 pascere
2948 888 3194 954 docetur,
3225 899 3283 944 ut
3312 889 3364 942 in
3393 904 3459 944 eo
3483 901 3804 959 magnarum

2214 973 2491 1042 quondam
2544 976 2809 1031 virtutum
2866 980 2998 1033 viris
3036 969 3451 1045 adnumei'ctur,
3485 978 3684 1038 Jacob,
3719 978 3806 1031 in-

2213 1080 2396 1134 quam,
2449 1068 2802 1135 patriarchze,
2859 1070 3065 1142 Joseph
3120 1073 3445 1133 continenti,
3498 1069 3666 1140 Μυγεὶ
3723 1069 3799 1121 le-

2212 1156 2476 1224 gislatori,
2540 1159 2726 1215 Davidi
2796 1162 2906 1233 regi
2970 1173 3025 1218 et
3087 1164 3388 1234 prophetae,
3468 1171 3529 1216 ut
3593 1169 3648 1215 et
3708 1159 3801 1211 Mi-

2213 1250 2384 1315 είλετο,
2409 1253 2731 1324 carterisque
2762 1256 2982 1311 demum
3017 1257 3381 1312 sanctissimis
3435 1256 3555 1326 eius
3598 1255 3803 1310 ordinis

2215 1360 2368 1399 Viris.

2284 1526 2334 1578 5.
2372 1524 2506 1580 Cum
2537 1540 2665 1579 vero
2691 1525 2986 1596 aliquando
3016 1526 3087 1581 ob
3116 1527 3342 1582 nimiam
3385 1528 3491 1581 vim
3534 1526 3742 1580 nivium
3771 1541 3801 1580 e

2212 1613 2351 1668 coelo
2412 1614 2685 1669 labentem
2744 1629 2875 1670 oves
2928 1615 3075 1670 domi
3133 1631 3358 1669 manere
3431 1625 3799 1684 cogerentur,

2211 1703 2384 1760 otium
2420 1715 2614 1758 nactus
2641 1704 2714 1759 ad
2747 1720 2957 1761 sacram
2992 1706 3282 1761 ecclesiam
3315 1720 3438 1758 cum
3480 1703 3801 1773 parentibus

2212 1794 2483 1849 concessit
2516 1794 2664 1849 :illic
2695 1810 2818 1849 cum
2842 1811 3032 1850 vocem
3062 1795 3430 1866 evangelicam
3454 1794 3799 1858 inaudiisset,

2211 1902 2334 1957 qua
2389 1888 2638 1957 lugentes
2678 1897 2734 1942 et
2788 1886 2981 1942 ﬂentes
3028 1888 3218 1942 beatos
3246 1888 3528 1958 praedicat,
3558 1886 3803 1940 infelices

2212 1994 2345 2036 vero
2367 1979 2609 2035 ridentes
2651 1980 2963 2045 denuntiat,
2992 1980 3235 2051 itemque
3276 1980 3580 2035 inuitatione
3609 1980 3802 2050 dignos

2213 2089 2409 2129 omnes
2462 2076 2555 2144 qui
2602 2077 2809 2130 mundo
2846 2083 2975 2130 sunt
3026 2077 3212 2140 corde,
3244 2083 3301 2130 et
3347 2088 3687 2144 quaecunque
3718 2071 3805 2125 his

2212 2165 2417 2220 similia
2450 2167 2706 2236 adjuncta
2731 2177 2896 2234 sunt;
2930 2182 3099 2221 unum
3124 2183 3155 2222 e
3186 2166 3546 2236 praesentibus
3570 2164 3805 2218 interro-

2212 2260 2379 2329 gavit,
2443 2259 2640 2329 ecquid
2698 2259 2821 2329 quis
2865 2260 3123 2314 faciendo
3151 2261 3345 2313 borum
3372 2256 3583 2329 singula
3611 2269 3805 2310 conse-

2212 2362 2509 2421 queretur;
2556 2360 2669 2406 tum
2699 2352 2858 2415 alter,
2919 2352 3012 2420 qui
3071 2351 3401 2414 et‘virtutis,
3451 2358 3505 2403 nt
3553 2357 3800 2417 apparet,

2213 2443 2391 2497 cultor
2415 2452 2550 2507 erat,
2582 2445 2943 2499 monasticam
2991 2444 3040 2497 ei
3092 2443 3259 2498 \itam
3310 2443 3526 2505 suadet,
3573 2441 3804 2511 ejusque

2215 2534 2502 2590 sublimem
2536 2535 2941 2605 philosophiam
2961 2536 3225 2591 ostendit.

2285 2709 2336 2761 4.
2366 2710 2624 2779 Symeon,
2645 2708 2808 2777 igitur
2837 2707 3078 2777 acceptis
3105 2706 3273 2761 divini
3307 2704 3460 2761 verbi
3481 2704 3803 2766 seminibus,

2215 2800 2391 2870 iisque
2446 2801 2499 2854 in
2556 2801 2766 2854 intimis
2811 2800 2978 2853 animi
3039 2796 3350 2853 recessibus
3386 2796 3690 2862 abseonsls,
3736 2795 3807 2849 ad

2214 2892 2522 2960 proximum
2581 2906 2860 2945 sacrorum
2913 2899 3215 2961 martyrum
3292 2889 3552 2958 templum
3617 2887 3806 2943 confu-

2215 2983 2314 3053 git,
2346 2983 2456 3037 illic
2479 2982 2619 3038 facie
2652 2992 2707 3037 et
2747 2983 2979 3053 genibus
3043 2983 3100 3036 in
3135 2990 3335 3036 terram
3368 2979 3582 3044 defixis,
3634 2977 3804 3031 Deum

2216 3076 2307 3147 qui
2335 3091 2528 3131 omnes
2584 3075 2841 3130 homines
2878 3075 3089 3130 salvare
3121 3073 3273 3143 cupit
3323 3082 3598 3142 precatur,
3650 3078 3712 3123 ut
3736 3068 3807 3123 ad

2217 3177 2421 3222 rectam
2456 3167 2675 3237 pietatis
2710 3167 2850 3221 viam
2879 3166 3094 3237 dirigat.
3133 3164 3268 3221 lluie
3298 3163 3376 3219 rei
3409 3166 3535 3217 dum
3560 3161 3809 3231 aliquan-

2219 3261 2311 3315 diu
2336 3261 2593 3324 intendit,
2628 3260 2889 3331 paulatim
2912 3261 2967 3315 in
3001 3273 3255 3314 somnum
3289 3256 3581 3319 delabitur,
3614 3270 3677 3309 ac
3703 3255 3807 3309 tale

2218 3353 2437 3408 demum
2471 3352 2646 3407 visum
2679 3352 2980 3423 cognoscit.
3026 3350 3401 3405 Fundamenta
3431 3348 3677 3418 quaedam
3700 3347 3805 3402 sibi

2217 3447 2457 3501 ell'odere
2488 3448 2638 3501 visus
2681 3455 2784 3509 est,
2837 3445 3036 3500 deinde
3067 3445 3136 3499 ab
3187 3453 3405 3499 astante
3430 3444 3666 3513 quodam
3709 3458 3809 3496 au-

2216 3540 2358 3603 dire,
2409 3549 2470 3594 ut
2528 3539 2729 3593 fossam
2789 3537 2971 3593 adhuc
3006 3537 3173 3591 altius
3204 3535 3445 3590 effodiat.
3475 3534 3613 3589 Cum
3645 3533 3809 3604 igitur

2213 3635 2346 3703 jam.
2374 3632 2453 3686 uti
2484 3633 2698 3699 jnssum
2730 3631 2929 3692 fuerat,
2956 3629 3240 3684 effossioni
3299 3629 3611 3692 institisset,
3644 3624 3809 3695 cmpit

2217 3727 2285 3779 ab
2308 3738 2474 3793 Opere
2497 3722 2800 3792 quiescere.
2827 3720 2966 3776 Cum
3012 3736 3141 3776 ecce
3179 3736 3392 3791 rursus,
3419 3719 3510 3787 qui
3539 3732 3809 3788 apparue-

2218 3824 2323 3881 rat,
2365 3815 2594 3869 ultcrius
2653 3814 2892 3868 eﬂ‘odere
2945 3813 3120 3883 jubet,
3164 3827 3341 3880 neque
3390 3812 3457 3864 ab
3487 3824 3654 3880 opere
3685 3823 3807 3863 ces-

2217 3924 2358 3963 sare.
2401 3908 2539 3962 Cum
2575 3906 2736 3961 tertio
2763 3921 2826 3959 ac
2870 3914 3066 3975 quarto
3097 3903 3343 3971 boclieri
3379 3903 3708 3967 mandasset,
3742 3916 3810 3955 ac

2218 4000 2437 4055 tandem
2486 3999 2557 4054 ob
2607 3998 2830 4052 nimiam
2891 3999 3052 4054 fossae
3109 3996 3531 4067 profunditatem
3572 3994 3808 4064 amplius

2219 4092 2407 4148 fodere
2448 4109 2558 4147 non
2586 4092 2812 4158 valeret,
2844 4095 2979 4147 satis
3026 4093 3140 4161 jam
3175 4090 3435 4146 eliossum
3469 4105 3591 4145 esse
3621 4089 3806 4144 deela-

2220 4194 2327 4251 rat,
2351 4201 2415 4240 ac
2449 4183 2740 4240 aedificium
2775 4184 2914 4240 strui
2958 4184 3214 4255 imperat,
3239 4199 3417 4253 neque
3454 4199 3519 4238 eo
3563 4199 3592 4236 a
3618 4183 3808 4239 labore

2216 4277 2325 4347 jam
2384 4285 2637 4330 cessante
2699 4274 2975 4329 dilIicilem
3009 4275 3270 4344 deinceps
3302 4274 3418 4329 fore
3473 4282 3807 4329 structuram

2220 4373 2425 4421 monet.
2463 4364 2600 4419 Huic
2633 4364 2895 4421 vaticinio
2931 4365 3216 4435 respondit
3243 4375 3495 4421 eventus.
3526 4363 3809 4436 Signiﬁca-

2219 4460 2316 4515 bat
2367 4459 2514 4513 enim
2566 4459 2728 4524 visio,
2782 4459 2930 4529 quod
2987 4475 3110 4529 quae
3163 4460 3422 4530 deinceps
3479 4460 3548 4515 ab
3599 4474 3667 4514 eo
3708 4474 3807 4531 ge-

2221 4560 2302 4605 sta
2370 4557 2499 4605 sunt
2551 4559 2763 4605 natura:
2826 4549 3033 4605 limites
3092 4551 3444 4606 excederent.
3511 4549 3810 4606 Monastica

523 4644 726 4706 πόνους
754 4643 849 4710 οὓς
875 4646 977 4717 τὴν
1028 4647 1204 4721 ἀρχὴν
1237 4650 1267 4704 ό
1291 4650 1522 4720 Συμεὼν
1575 4650 1907 4721 ἠγωνίσατο,
1971 4654 2111 4707 κατὰ

2222 4642 2368 4697 enim
2400 4642 2509 4697 vita
2546 4650 2672 4712 post
2698 4641 2927 4696 eximios
2959 4640 3081 4696 illos
3111 4642 3350 4707 labores,
3377 4657 3513 4712 quos
3562 4643 3618 4697 in
3664 4642 3809 4713 prin-

526 4733 660 4806 ῥοῦν
679 4736 710 4788 ό
740 4735 1038 4809 ἀσκητικὸς
1068 4739 1217 4812 αὗτῷ
1242 4742 1662 4812 διανυσθήσεται
1704 4741 1854 4817 βίος..

596 4922 660 4971 ε’.
697 4916 940 4972 Ἐκεῖθεν
971 4920 1000 4972 ό
1022 4918 1246 4989 Συμεὼν
1281 4918 1547 4986 ἀναστὰς,
1580 4920 1675 4972 ἐπὶ
1702 4918 1762 4972 τὸ
1793 4921 2117 4988 ἐκγειτόνων

523 5008 981 5077 ἀσκητῶνπτινων
1006 5011 1355 5080 καταγώγιον
1388 5009 1727 5081 μεταϐαίνει.
1760 5011 1864 5064 Δύο
1893 5012 1951 5065 δὲ
1984 5029 2117 5066 συν-

521 5098 756 5169 αγαγὼν
804 5100 1018 5165 τούτοις
1081 5100 1177 5172 ἔτη
1228 5103 1322 5156 καὶ
1358 5101 1699 5174 τελεωτέρας
1755 5103 1957 5173 ἀρετῆς
1990 5106 2091 5176 ἐρα

523 5192 703 5259 σθεὶς,
743 5194 976 5249 Τελεδὰν
1018 5196 1239 5266 ἐκείνην
1279 5195 1380 5266 τὴν
1418 5194 1616 5266 κώμην
1676 5196 2115 5267 καταλαμϐάνει,

523 5284 653 5337 καθ’
676 5283 788 5357 ἠνό
817 5284 1134 5358 θαυμαστὸς
1180 5286 1508 5356 Ἡλιόδωρος
1558 5285 1659 5358 τὴν
1683 5286 1793 5343 τῶν
1826 5289 1923 5341 σὺν
1965 5289 2117 5359 αὐτῷ

531 5502 680 5623 cati)
721 5502 1102 5561 Theodoretus
1138 5504 1309 5563 Sason
1339 5515 1511 5617 vocat.
1552 5508 1740 5567 Graece
1776 5510 1867 5566 hic
1903 5520 1989 5567 est
2029 5513 2117 5565 Σιν

607 5608 743 5711 (ξοδ)
782 5643 924 5702 Fuso
948 5646 1284 5705 describitur
1313 5608 1527 5707 Teleda:
1544 5651 1683 5707 situs
1701 5651 1770 5707 25
1784 5650 1912 5707 Jan.
1933 5653 1988 5706 in
2006 5651 2116 5707 vita

530 5710 594 5793 ἓ.
617 5710 1191 5793 ,Εῃεορξίειιηλγίιαμὸρ
1228 5718 1468 5779 Danielis
1499 5720 1708 5793 Stylitae
1739 5723 1799 5777 ll
1853 5723 2111 5778 Decemb.

528 5781 753 5844 Telada,
784 5783 1054 5837 Τελλαδάν
1081 5788 1302 5845 dicitur.

608 5853 683 5922 (ὃ)
723 5852 1297 5934 Theodorctusaddit
1358 5875 1467 5934 non
1506 5861 1815 5934 ingressum
1855 5878 1976 5919 esse
2008 5863 2108 5934 Sy-

531 5939 658 5979 meo
700 5942 787 5981 em
840 5929 1233 5982 monasterium
1265 5929 1322 5983 S.
1358 5928 1608 5994 Eusebii,
1643 5933 1738 5989 sed
1774 5934 1919 5990 aliud
1959 5928 2106 6004 quod

2218 4736 2364 4806 cipio
2398 4736 2645 4791 exercuit
2676 4734 2934 4806 Symeon,
2968 4734 3044 4789 illi
3092 4749 3160 4789 ex
3193 4735 3361 4791 animi
3394 4735 3668 4791 sententia
3685 4749 3809 4791 suc-

2216 4825 2404 4882 cessit.

2272 4919 2342 4974 '5.
2371 4919 2503 4973 Inde
2531 4932 2655 4972 cum
2684 4917 3036 4985 surrexisset,
3062 4917 3129 4972 ad
3147 4918 3388 4973 vicinum
3411 4918 3805 4972 monachorum

2216 5018 2421 5068 emtum
2452 5009 2711 5076 divertit;
2770 5008 2863 5064 ubi
2921 5009 3146 5065 biennio
3199 5019 3593 5075 commoratus,
3622 5008 3806 5080 perfe-

2214 5103 2403 5157 etioris
2428 5101 2651 5156 virtutis
2676 5102 2977 5171 cupidusin
3006 5102 3262 5158 Teledam
3291 5102 3432 5171 (2-5)
3455 5117 3649 5173 pagum
3676 5116 3806 5156 con—

2217 5195 2417 5260 cessit;
2451 5196 2504 5249 in
2530 5209 2641 5265 quo
2680 5194 2987 5250 admirabili
3016 5196 3135 5251 viro
3172 5196 3464 5252 Heliodoro
3496 5197 3570 5267 (4)
3614 5210 3806 5249 monav

2218 5290 2521 5345 naeborum
2578 5304 2710 5344 cura
2756 5297 2876 5344 erat
2906 5291 3240 5355 concredita,
3285 5292 3378 5363 qui
3434 5291 3732 5362 equinque
3753 5296 3808 5344 et

2221 5528 2287 5568 ex
2314 5525 2381 5565 eo
2414 5510 2758 5582 germinavit,
2790 5506 3120 5582 aedificatum
3161 5506 3229 5562 ab
3262 5504 3547 5582 Euscbona
3580 5513 3637 5557 et
3679 5500 3805 5582 Alii-

2223 5592 2373 5647 tone,
2414 5570 2776 5650 quibusivit'a
2811 5580 3010 5634 functis
3048 5576 3313 5650 successit
3357 5574 3693 5650 Heliodorus.
3733 5570 3807 5625 De

2220 5653 2325 5709 hoc
2361 5644 2565 5707 autem
2627 5649 2920 5706 Heliodoro
2979 5664 3141 5719 agere
3197 5644 3808 5719 videturASozomenus

2215 5722 2310 5777 lib.
2348 5737 2421 5788 vr,
2455 5737 2576 5792 cap.
2610 5722 2679 5776 35
2704 5730 2758 5777 et
2796 5720 2886 5792 ξι,
2930 5716 3039 5775 ubi
3055 5718 3300 5774 celebres
3331 5716 3643 5792 leesyriae
3690 5728 3809 5768 mo-

2214 5787 2427 5866 nachos
2471 5787 2747 5866 recenset.
2794 5791 3187 5866 Theodorettts
3221 5804 3352 5866 cum
3395 5803 3464 5843 eo
3508 5787 3805 5866 egisse'se.

2215 5865 2445 5933 ejusque
2486 5863 2896 5933 simplicitatem
2935 5870 2991 5918 et
3021 5862 3189 5917 animi
3233 5859 3529 5931 puritatem
3562 5858 3808 5914 admira-

2216 5944 2329 5989 tum
2358 5933 2567 5991 scribit.
