4156 6400
352 470 460 539 339

1554 472 1837 533 MENSIS
1870 468 2334 534 JANUARIUS-

3519 470 3624 534 340

356 582 638 655 sexaginta
685 583 886 653 qulbus
949 581 1158 638 vixerat
1213 580 1414 647 annis,
1474 581 1698 636 totidem
1772 579 1938 634 tribus

2051 580 2385 634 πεπίστευτο
2421 581 2781 652 προστασίαν,
2818 580 2878 643 ὃς
2902 580 2997 652 ἔτη
3050 579 3152 651 μὲν
3181 578 3344 633 πέντε
3375 581 3468 635 καὶ
3499 581 3628 651 ἐξή-

354 673 615 743 dernptis,
650 688 710 728 se
741 673 797 728 in
821 673 953 728 cella
981 672 1357 735 concluserat,
1392 679 1503 726 tres
1533 670 1680 725 enim
1711 671 1767 725 in
1799 669 1939 723 lacte

354 771 411 820 et
444 763 677 820 infantili
740 763 1084 818 institutione
1133 761 1510 833 consumpsit;
1564 776 1689 814 nam
1721 776 1751 815 a
1780 760 1940 814 tertio

354 857 533 912 aetatis
566 872 712 915 anno
764 872 794 910 a
826 856 1151 926 parentibus
1192 856 1301 911 Deo
1350 864 1434 910 est
1473 863 1846 921 consecratus,
1886 861 1942 907 et

358 950 505 1006 hunc
532 949 906 1005 admirabilem
937 948 1329 1003 monachorum
1393 962 1609 1019 gregem
1661 946 1941 1017 ingressus

356 1053 461 1099 est.
498 1042 592 1097 Vir
623 1043 713 1099 hic
771 1042 1023 1111 exemplo
1075 1042 1257 1112 magni
1293 1041 1437 1095 illius
1485 1039 1657 1094 .Iacob
1708 1038 1941 1107 simplex

356 1140 494 1198 erat,
536 1149 600 1189 ac
629 1149 697 1188 eo
751 1134 971 1189 demum
1007 1132 1444 1187 mansuetudinis
1478 1147 1542 1186 ac
1570 1129 1786 1201 pietatis
1814 1146 1939 1200 per-

356 1233 603 1289 venerat,
650 1234 707 1281 ut
739 1226 1005 1281 asceticas
1038 1223 1186 1296 leges
1230 1240 1632 1295 supergressus,
1689 1221 1940 1277 homines

355 1330 550 1371 omnes
614 1317 764 1372 omni
819 1317 1079 1372 virtutum
1114 1330 1315 1386 genere
1354 1322 1663 1386 superaret,
1714 1330 1780 1370 ac
1834 1311 1939 1384 ipsi

358 1409 470 1467 Deo
489 1409 709 1467 demum
749 1409 1087 1479 propinquus
1121 1408 1295 1463 ﬁeret.

426 1582 480 1640 6.
523 1583 603 1641 Ad
640 1586 787 1641 hunc
823 1585 1177 1655 quinquertio
1216 1596 1403 1642 noster
1438 1588 1765 1657 perveniens
1788 1630 1802 1653 ,
1849 1588 1940 1645 ille

358 1678 578 1747 pietatis
606 1687 843 1733 certator
868 1672 1057 1733 decem
1087 1680 1143 1733 in
1181 1679 1284 1734 hoc
1317 1680 1588 1749 Spirituali
1632 1682 1937 1736 certamine

357 1770 625 1841 transegit
650 1786 865 1826 annos:
896 1772 991 1841 qui
1046 1788 1171 1827 cum
1219 1773 1493 1843 octoginta
1538 1773 1938 1829 commilitones

358 1860 606 1925 haberet,
633 1875 827 1915 omnes
858 1861 1119 1928 anteivit;
1149 1862 1379 1931 aliisque
1402 1870 1521 1932 post
1541 1863 1767 1918 biduum
1795 1879 1938 1919 sem-

2042 688 2207 725 κοντα
2235 672 2442 732 διεϐίω,
2476 672 2713 726 τοσαῦτα
2742 672 2799 726 δὲ
2830 672 2999 743 τριῶν
3030 671 3261 726 δεόντων
3293 673 3351 726 ὲν
3398 673 3627 745 οἰκίσκῳ

2041 762 2335 833 καθεῖρκτο
2354 780 2366 791 ·
2392 763 2565 816 ταῦτα
2583 763 2692 833 γὰρ
2711 762 2859 832 αὐτῷ
2873 762 2940 815 τά
2962 762 3089 833 τρία
3114 762 3417 831 ὲνγάλακτι
3436 763 3629 833 ὲτρίϐη

2041 854 2134 907 καὶ
2165 856 2443 916 παιδικαῖς
2481 856 2756 922 ἀγωγαῖς·
2797 853 2933 924 ὁμοῦ
2956 872 3015 907 τε
3045 855 3154 924 γὰρ
3190 854 3374 924 τρίτον
3408 854 3526 917 ἔτος
3559 850 3627 923 ἦν

2040 944 2301 1013 γεγονὼς,
2330 946 2425 1000 καὶ
2444 946 2616 1016 δῶρον
2638 947 2800 1010 εὐθὺς
2822 946 2975 1019 παρά
2997 947 3110 1001 τῶν
3135 949 3407 1001 τεκόντων
3455 948 3625 1018 ἀνέοη

2040 1036 2181 1107 Θεῷ,
2211 1039 2304 1091 καὶ
2327 1039 2427 1108 τὴν
2453 1038 2766 1108 Θαυμασίαν
2799 1039 3003 1109 ἀγέλην
3032 1038 3349 1109 εἰσελήλυθε
3396 1040 3627 1110 ταύτην.

2055 1129 2224 1201 Ἀνὴρ
2254 1122 2411 1194 οὗτος
2445 1130 2725 1195 ἄπλαστος
2750 1132 2868 1202 μὲν,
2902 1132 3045 1186 κατά
3072 1133 3166 1186 τὸν
3214 1133 3388 1202 μέγαν
3416 1135 3625 1187 ἐκεῖνον

2041 1222 2137 1276 καὶ
2171 1222 2478 1290 θαυμάσιον
2512 1222 2728 1288 Ἰακὼϐ,
2760 1225 3071 1295 πρᾳότητος
3097 1224 3154 1278 δὲ
3178 1225 3275 1279 καὶ
3310 1224 3625 1296 καθαρότη-

2040 1330 2133 1376 τος
2163 1316 2245 1377 εἰς
2274 1314 2432 1368 τοῦτο
2463 1315 2683 1380 ἐλάσας,
2712 1314 2789 1378 ὡς
2816 1315 2944 1378 τοὺς
2970 1316 3308 1386 ἀσκητικούς
3337 1333 3396 1369 τε
3431 1317 3629 1387 νόμους

2044 1404 2481 1477 ὑπεραναϐῆναι,
2520 1406 2613 1458 καὶ
2645 1406 2857 1470 πάντας
2888 1406 3028 1459 κατά
3086 1408 3194 1461 πᾶν
3243 1406 3449 1477 ἀρετῆς
3481 1401 3628 1471 εἶδος

2041 1494 2364 1566 ἀνθρώπους
2404 1499 2789 1566 παρενεγκεῖν,
2823 1498 2918 1551 καὶ
2943 1498 3063 1568 Θεῷ
3084 1499 3408 1571 πλησιάσαι.

2113 1595 2189 1653 ς’.
2223 1588 2366 1659 Πρὸς
2391 1588 2580 1642 τοῦτον
2607 1591 2635 1643 ὁ
2670 1590 2968 1655 πένταθλος
2991 1591 3324 1660 ἀφικόμενος
3349 1584 3506 1655 οὗτος
3528 1593 3630 1661 τῆς

2040 1683 2322 1745 εὐσεϐείας
2354 1682 2697 1752 ἀγωνοθέτης
2729 1683 2861 1736 δέκα
2894 1683 2993 1752 μὲν
3029 1683 3331 1736 διετέλεσεν
3362 1684 3631 1752 ἀγωνιζόο

2044 1791 2202 1845 μενος
2231 1775 2324 1845 ἔτη
2345 1792 2358 1804 ο
2384 1774 2713 1845 ὀγδοήκοντα
2743 1775 2799 1829 δὲ
2827 1775 3234 1843 συναγωνιστὰς
3271 1776 3435 1846 ἔχων,
3455 1777 3628 1846 ὑπερο

2041 1867 2294 1938 ηκόντισε
2349 1866 2578 1931 πάντας,
2645 1868 2741 1921 καὶ
2778 1868 2891 1920 τῶν
2909 1867 3086 1922 ἄλλων
3110 1867 3264 1940 παρά
3296 1869 3390 1922 δύο
3423 1885 3623 1939 τρεφο-

357 1965 455 2018 per
500 1949 685 2007 cibum
736 1953 1112 2018 sumentibus,
1168 1927 1306 2021 ipse
1338 1927 1506 2007 totam
1546 1953 1937 2008 hebdomadam

2046 1927 2222 2031 μένων
2265 1958 2502 2030 ἡμέρας,
2533 1927 2697 2022 αὐτὸς
2753 1962 2933 2013 πᾶσαν
2965 1960 3152 2024 ἄσιτος
3187 1927 3290 2032 ἦγε
3325 1961 3425 2029 τὴν
3460 1927 3626 2015 16.60-

358 2041 481 2097 sine
524 2041 648 2097 cibo
695 2043 930 2098 ducebat
961 2045 1145 2113 :quod
1203 2045 1410 2115 reliqua
1459 2044 1829 2100 consodalium
1866 2045 1946 2118 (5)

357 2134 517 2189 turba
556 2150 700 2205 aegre
737 2135 1035 2191 admodum
1084 2137 1316 2202 ferebat,
1350 2138 1553 2208 quippe
1590 2138 1681 2207 qui
1719 2139 1946 2209 Symeo-

258 2282 261 2283 ν
357 2241 484 2281 nem
515 2226 717 2282 imitari
752 2228 1019 2297 nequivit,
1048 2230 1277 2300 ejusque
1311 2230 1592 2299 spirituale
1618 2231 1941 2285 exercitium

359 2316 739 2374 confusionem
779 2333 842 2373 ac
889 2320 1252 2376 temeritatem
1291 2321 1585 2392 quamdam
1629 2336 1752 2375 esse
1797 2322 1943 2376 dice-

358 2408 515 2465 bant.

2044 2052 2206 2122 μάδα.
2245 2050 2659 2121 Ἑδυσχέραινον
2691 2046 2785 2105 οὖν
2814 2051 3079 2118 πολλάκις
3106 2055 3134 2106 ὁ
3169 2052 3435 2116 σύναθλος
3473 2044 3629 2117 οὗτος

2039 2143 2222 2214 χορὸς,
2243 2144 2339 2197 ἆτε
2373 2142 2658 2213 μιμεῖσθαι
2688 2142 2780 2196 τὸν
2810 2142 3038 2212 Συμεὼν
3078 2145 3139 2197 οὐ
3185 2144 3498 2216 δυνάμενοι,
3535 2145 3633 2199 καὶ

2041 2237 2350 2305 ἀσκητικῆς
2386 2234 2665 2298 πολιτείας
2691 2234 2956 2306 σύγχυσιν
3001 2236 3064 2290 τὸ
3109 2237 3343 2309 πρᾶγμα
3368 2236 3463 2292 καὶ
3495 2238 3629 2293 ἀτα‹

2043 2328 2162 2395 ξίαν
2196 2327 2452 2381 ἐκάλουν.

1814 2551 2038 2607 CAPLT
2075 2552 2138 2605 ll.

1443 2673 1782 2737 Pmnitentia,
1830 2681 1878 2725 et
1914 2672 2229 2725 abstinentia
2260 2670 2538 2723 miruiih’s.

431 2791 483 2845 7.
529 2792 730 2847 Verum
761 2807 878 2847 non
914 2792 971 2845 in
1016 2792 1084 2847 iis
1127 2794 1292 2848 rebus
1328 2794 1503 2858 stetit,
1548 2809 1729 2863 neque
1756 2808 1943 2862 prom-

358 2885 687 2952 ptitudinem
717 2884 858 2939 hanc
892 2885 1145 2949 frenavit,
1185 2886 1279 2940 sed
1299 2886 1573 2941 occultum
1603 2886 1945 2938 occultorum

357 2979 601 3032 omnium
623 2978 911 3033 scrutatori
936 2977 1045 3032 Deo
1072 2990 1349 3034 certamen
1377 2978 1596 3032 obtulit.
1616 2976 1796 3032 Nostis
1828 2992 1948 3029 om-

359 3084 457 3123 nes
482 3069 558 3139 (6)
593 3086 757 3140 quam
790 3069 992 3139 asperi,
1021 3086 1297 3141 quamque
1337 3072 1421 3125 vel
1464 3069 1657 3125 leviter
1695 3069 1946 3122 manibus

357 3164 543 3219 attaeti
579 3162 796 3218 molesti
826 3164 938 3217 sint
975 3162 1136 3217 funes
1187 3179 1254 3217 ex
1300 3163 1475 3233 palma
1523 3162 1782 3217 contexti.
1822 3161 1935 3215 Tali

358 3256 492 3309 l‘nne
511 3254 744 3326 Symeon
770 3254 985 3308 lumbos
1008 3254 1280 3324 cingebat,
1302 3269 1413 3307 non
1437 3261 1649 3306 tantum
1676 3254 1938 3317 exterius,

358 3347 454 3403 Sed
487 3354 543 3401 et
579 3346 690 3400 cuti
723 3345 881 3416 quasi
908 3345 1128 3416 agnasci
1164 3344 1420 3409 faciebat,
1450 3360 1514 3398 ac
1538 3345 1610 3397 ita
1644 3344 1941 3398 vehemen-

361 3446 445 3489 ter
477 3434 795 3506 stringebat,
826 3443 885 3489 ut
915 3435 1094 3489 omnis
1131 3435 1216 3488 illa
1235 3438 1482 3504 corporis
1508 3450 1631 3504 pars
1656 3434 1710 3488 in
1734 3433 1939 3488 saniem

362 3527 724 3598 undequaque
765 3526 1057 3584 dilllneret.
1094 3528 1290 3584 Decem
1340 3529 1458 3584 dies
1489 3528 1837 3599 autamplius
1868 3529 1940 3584 ita

362 3628 721 3692 transegerat,
763 3637 888 3677 cum
923 3637 1075 3687 ecce,
1120 3624 1303 3678 ulcere
1350 3622 1459 3693 jam
1503 3623 1937 3693 ingraveseente,

358 3712 547 3768 sanies
589 3729 698 3769 una
737 3730 861 3770 cum
903 3716 1169 3786 sanguine
1205 3716 1331 3770 inde
1368 3715 1642 3786 proﬂuens
1683 3716 1937 3769 latentem

358 3804 510 3859 intus
534 3803 745 3876 plagam
771 3805 1152 3861 denuntiabat.
1180 3805 1319 3860 Tum
1354 3821 1499 3860 unus
1539 3821 1607 3859 ex
1648 3804 1940 3874 spectanti-

358 3893 480 3961 bus,
516 3910 638 3966 qute
671 3896 805 3951 tanti
833 3898 1114 3966 sanguinis
1150 3913 1315 3953 causa
1358 3904 1525 3961 esset,
1563 3896 1937 3966 interrogavit.

356 3984 498 4040 Dum
547 3986 780 4058 Symeon
830 3989 967 4042 nihil
1023 3989 1252 4043 omnino
1278 3990 1483 4045 doloris
1512 3988 1738 4042 subesse
1783 3988 1936 4051 dicit,

354 4074 673 4145 neutiquam
696 4079 987 4147 persuasit,
1012 4080 1277 4148 sanguine
1302 4080 1356 4132 in
1376 4079 1619 4133 omnium
1642 4088 1939 4147 conspectu

356 4167 654 4233 deﬂuente,
678 4185 741 4225 ac
764 4185 929 4241 supra
963 4185 1182 4226 omnem
1217 4172 1318 4226 viri
1342 4172 1635 4226 clamorem
1660 4173 1941 4242 etpatien-

357 4260 489 4313 tiam
512 4261 944 4327 contradicente,
969 4271 1023 4317 et
1043 4263 1199 4332 quasi
1222 4263 1288 4317 de
1317 4264 1573 4335 mysterio
1597 4263 1939 4333 triumphan-

356 4359 431 4406 te.
475 4350 662 4420 Itaque
695 4369 822 4408 cum
865 4355 1086 4424 quidam
1119 4371 1150 4410 e
1200 4356 1672 4411 commilitonibus
1718 4372 1936 4410 manum

355 4445 625 4502 violenter
662 4448 717 4500 in
771 4447 916 4502 latus
959 4447 1255 4513 intulisset,
1294 4450 1511 4504 tandem
1546 4465 1764 4505 causam
1802 4448 1940 4503 didi-

2116 2789 2182 2851 ζ’.
2219 2790 2278 2840 ὐ
2322 2787 2377 2840 δὲ
2403 2789 2465 2840 οὐ
2502 2786 2665 2856 μέχρι
2716 2783 2909 2837 τούτου
2932 2782 3118 2836 ἵστατο
3148 2782 3329 2853 μόνον,
3363 2781 3475 2835 οὐδ’
3506 2782 3633 2852 exc.

2044 2881 2193 2934 λίνου
2221 2883 2321 2947 τὴν
2353 2878 2701 2949 προθυμίανο
2748 2876 2887 2931 ἀλλά
2917 2894 2968 2929 τι
3012 2877 3110 2930 καὶ
3143 2876 3375 2945 κρύφιον
3406 2874 3483 2944 τῷ
3522 2874 3632 2927 τῶν

2046 2978 2294 3046 κρυφίων
2332 2974 2593 3042 ὲξεταατῇ
2641 2970 2929 3039 ἀγώνισμα
2977 2969 3191 3039 ἔφερεν.
3251 2968 3315 3020 Ἥ
3367 2967 3476 3035 γὰρ
3524 2965 3633 3019 ἀπὸ

2053 3066 2315 3136 φοινίκων
2372 3064 2725 3133 πεπλεγμένη
2762 3065 2994 3131 σχοῖνος,
3055 3063 3172 3114 ίστε
3226 3060 3449 3122 πάντες,
3481 3060 3631 3121 ὅπως

2048 3160 2276 3229 τραχείά
2302 3159 2362 3211 τέ
2387 3160 2506 3210 ἐστι
2562 3159 2656 3211 καὶ
2681 3154 2983 3226 ψαυούσαις
3003 3155 3164 3221 μόνον
3198 3155 3355 3225 χερσὶ
3376 3153 3597 3221 λυπηρά
3615 3168 3629 3184 ·

2048 3251 2163 3304 ἀλλ’
2206 3248 2489 3318 όλΣυμεὼν
2520 3247 2812 3317 καὶταύτῃ
2859 3246 3086 3311 διὲξωσε
3141 3245 3240 3316 τὴν
3285 3245 3490 3313 όσιρύν·
3527 3246 3631 3298 οὐκ

2045 3343 2245 3406 ἔξωθεν
2280 3340 2545 3412 περιθεὶς,
2574 3339 2688 3393 ἀλλ’
2724 3338 2871 3410 αὑτῷ
2902 3339 3225 3409 προσφύσας
3262 3337 3341 3407 τῷ
3379 3337 3632 3407 δέρματι,

2045 3438 2137 3488 καὶ
2161 3433 2303 3487 οὕτω
2324 3434 2444 3487 λίαν
2479 3432 2837 3502 συνέσφιγξεν
2859 3473 2873 3496 ,
2897 3431 2973 3494 ὡς
2996 3432 3142 3484 ἆπαν
3163 3432 3339 3483 ἐκεῖνο
3362 3429 3548 3499 κύκλῳ
3573 3430 3636 3482 τὸ

2048 3528 2212 3596 μέρος
2243 3526 2479 3579 ὲλκῶσαι
2525 3525 2553 3578 δ
2604 3528 2935 3594 περιεκεῖτο.
2973 3523 3064 3586 Ὠς
3094 3523 3147 3576 δὲ
3178 3522 3397 3586 πλείους
3428 3522 3461 3592 ἢ
3502 3522 3635 3575 δέκα

2044 3616 2257 3687 ἡμέρας
2280 3614 2466 3669 τοῦτον
2492 3614 2761 3667 διετέλεσε
2794 3614 2883 3667 τὸν
2912 3613 3133 3683 τρόπον,
3163 3615 3258 3667 καὶ
3285 3612 3381 3666 τοῦ
3436 3613 3636 3673 ἕλκους

2042 3707 2424 3779 χαλεπωτέρου
2447 3706 2759 3774 γινομένου,
2789 3706 2925 3777 ἰχὼρ
2951 3707 3185 3775 αἵματος
3215 3706 3428 3759 ἐκεῖθεν
3462 3705 3635 3775 ἀπορο

2045 3799 2183 3865 ῥέων
2200 3797 2299 3862 τῆς
2320 3799 2457 3861 τέως
2474 3797 2845 3864 λανθανούσης
2865 3798 3081 3867 πληγῆς
3102 3797 3316 3863 ἐγίνετο
3351 3798 3594 3867 μηνυτής
3617 3812 3631 3825 ·

2042 3891 2205 3961 ἤρετό
2228 3907 2310 3952 τις
2332 3890 2495 3943 αὐτὸν
2529 3889 2867 3958 θεασάμενος
2892 3890 2974 3953 τίς
3000 3890 3032 3957 ἡ
3080 3889 3233 3942 αἰτία
3258 3888 3352 3940 τοῦ
3378 3888 3632 3957 αἵματος.

2058 3982 2117 4033 '0
2147 3982 2204 4034 δὲ
2248 3982 2413 4051 μηδὲν
2444 3982 2592 4053 ἔχειν
2624 3982 2849 4052 ἀνιαρὸν
2905 3982 3082 4047 λέγων
3129 3982 3233 4034 οὐκ
3282 3980 3489 4041 ἔπειθε,
3534 3978 3631 4031 τοῦ

2042 4079 2100 4131 ὲν
2133 4078 2436 4147 ὀφθαλμοῖς
2458 4077 2868 4148 κατάρῤἑοντος
2904 4076 3160 4145 αἵματος,
3195 4076 3381 4146 μεῖζον
3413 4075 3633 4143 καὶτῆς

2041 4169 2138 4222 τοῦ
2169 4168 2468 4239 πάσχοντος
2501 4170 2686 4238 φωνῆς
2706 4168 2801 4222 καὶ
2829 4170 2929 4237 τῆς
2961 4170 3241 4239 ὑπομονῆς
3272 4169 3632 4237 ἀντιφθεγγο-

2046 4261 2208 4331 μένου
2250 4262 2347 4313 καὶ
2376 4261 2813 4332 θριαμϐεύοντος
2847 4261 2909 4314 τὸ
2931 4263 3253 4333 μυστήριον.
3291 4260 3634 4330 Βιασάμενος

2039 4352 2220 4404 τοίνυν
2252 4353 2279 4404 ό
2313 4353 2746 4423 συναγωνιστὴς,
2783 4354 2879 4407 καὶ
2912 4353 3013 4427 τὴν
3063 4358 3223 4426 χεῖρα
3270 4354 3515 4419 ἐνέϐαλε,
3541 4354 3635 4408 καὶ

2039 4448 2139 4514 τὴν
2171 4444 2348 4498 αἰτίαν
2376 4446 2676 4514 κατέμαθε,
2731 4447 2828 4500 καὶ
2859 4450 3066 4516 ταύτην
3106 4447 3186 4519 τῷ
3237 4449 3632 4519 προστάττοντι

354 4535 450 4600 cit,
495 4550 721 4607 remque
764 4554 984 4593 omnem
1022 4539 1279 4609 praefecto
1326 4540 1639 4595 nuntiavit:
1672 4542 1765 4611 qui
1808 4556 1932 4595 cum

2043 4536 2407 4605 κατεμήνυεν.
2452 4535 2510 4589 ’0
2547 4535 2604 4589 δὲ
2633 4536 2832 4591 αὐτίκα
2885 4537 2979 4590 καὶ
3008 4536 3285 4608 ἐπιτιμῶν
3316 4537 3410 4590 καὶ
3444 4552 3631 4606 παρα-

353 4639 481 4678 eum
512 4628 752 4696 graviter
782 4629 1233 4699 reprehenderet,
1276 4646 1339 4685 ac
1376 4630 1573 4701 jurgiis
1616 4638 1820 4685 tantam
1857 4630 1936 4684 rei

355 4717 731 4774 crudelitatem
764 4732 1036 4792 argueret,
1071 4723 1155 4777 vix
1182 4725 1399 4798 tandem
1421 4726 1640 4780 vinculo
1659 4725 1934 4787 liberavit,

354 4824 464 4878 quo
500 4825 560 4865 se
601 4810 734 4867 solvi
767 4813 987 4883 quidem
1025 4816 1295 4885 patienter
1326 4816 1478 4883 tulit;
1514 4833 1703 4872 verum
1745 4825 1805 4871 ut
1848 4816 1933 4870 ul-

353 4900 465 4953 teri
515 4901 733 4972 aliquod
789 4906 1090 4959 remedium
1140 4906 1530 4968 adhiberetur,
1579 4905 1935 4975 pertinaciter

349 4990 564 5046 obstitit
592 4991 692 5061 (Ἰ).

418 5079 474 5137 8.
521 5080 704 5145 Quare
751 5098 877 5138 cum
909 5083 1135 5139 ascetiei
1175 5085 1390 5140 sodales
1428 5086 1544 5140 haec
1577 5094 1634 5141 et
1661 5084 1933 5155 ejusmodi

346 5170 454 5226 alia
520 5171 844 5242 Symeonem
896 5184 1304 5244 perpetrantem
1357 5176 1646 5241 viderent,
1697 5184 1753 5231 et
1804 5176 1937 5232 hinc

346 5264 570 5332 quidem
601 5281 776 5335 neque
804 5282 864 5321 se
894 5283 1018 5323 cum
1052 5268 1293 5322 minimis
1323 5269 1443 5339 ejus
1473 5267 1771 5324 virtutibus
1795 5283 1931 5323 con-

346 5363 561 5409 certare
590 5370 771 5425 posse,
802 5357 929 5412 inde
954 5358 1201 5428 superari
1234 5374 1291 5413 se
1317 5374 1426 5412 non
1454 5358 1712 5423 ferentes,
1744 5360 1928 5427 jusse-

349 5453 477 5498 runt
505 5454 564 5500 ut
606 5462 636 5499 a
673 5463 811 5518 pago
841 5449 1144 5516 recederet,
1174 5464 1245 5505 ne
1287 5449 1422 5513 fors,
1458 5456 1516 5504 ut
1551 5449 1793 5512 aiebant,
1830 5448 1932 5501 im-

345 5531 723 5593 becillioribus
761 5540 942 5594 damni
984 5540 1217 5613 alicujus
1260 5558 1429 5597 causa
1474 5542 1788 5596 exsisteret.
1828 5539 1931 5612 Sy-

347 5638 509 5681 meon
539 5629 606 5684 ad
634 5630 838 5686 montis
863 5633 1213 5689 solitudinem
1247 5649 1480 5706 pergens
1512 5633 1719 5688 invenit
1751 5632 1929 5687 lacum

416 5769 496 5840 (5)
539 5769 713 5825 Etiam
743 5772 892 5842 ipsos
913 5773 1173 5845 praesides
1187 5792 1329 5848 regre
1359 5774 1410 5830 id
1438 5776 1625 5831 tulisse
1642 5774 1719 5829 ait
1749 5775 1932 5829 Theo-

416 5850 518 5894 μου
576 5879 592 5893 .

348 5840 495 5975 ιω(εἰ)
516 5854 909 5970 ι’ἕιιθοιίοτθιυε
942 5916 1057 5970 haec
1080 5931 1139 5971 se
1171 5915 1238 5972 ab
1274 5933 1359 5981 eo,
1387 5920 1473 5986 qui
1505 5933 1629 5971 cum
1654 5919 1765 5972 haec
1788 5916 1928 5971 scri-

2037 4624 2243 4685 καλῶν,
2269 4626 2363 4677 xal
2392 4623 2487 4677 τοῦ
2511 4625 2842 4697 πράγματος
2870 4628 2969 4697 τὴν
2999 4626 3261 4698 ὠμότητα
3305 4627 3629 4690 διαϐάλλων,

2040 4716 2191 4786 μόλις
2220 4719 2426 4770 ἐκεῖνον
2447 4717 2605 4770 ἔλυσε
2629 4719 2735 4771 τῶν
2767 4719 3007 4788 δεσμῶν,
3050 4720 3169 4773 ἀλλ’
3206 4716 3274 4790 ἦν
3304 4721 3332 4773 ὁ
3359 4719 3626 4789 γεννάδας

2038 4808 2202 4877 μέχρι
2240 4810 2339 4879 μὲν
2365 4809 2460 4861 τοῦ
2488 4810 2719 4879 λυθῆναι
2775 4811 2879 4880 τῆς
2913 4812 3130 4881 σχοίνου
3178 4813 3443 4882 ὑπήκοος*
3489 4809 3627 4875 ὥςτε

2034 4900 2093 4952 δὲ
2122 4901 2461 4971 θεραπεῦσαι
2497 4904 2556 4955 τὺ
2591 4903 2772 4967 ἕλκος,
2802 4905 3128 4968 ὲνστατικδς
3194 4905 3291 4958 καλ⁸
3319 4904 3439 4958 λίαν
3477 4907 3633 4974 ἰσχυ-

2039 4991 2216 5061 ρογνώ
2223 5009 2362 5061 μων.

2107 5089 2177 5155 η’.
2220 5086 2285 5137 υἱ
2321 5085 2378 5137 ὲν
2404 5087 2472 5156 τῇ
2510 5086 2783 5159 ἀσκητικῇ
2811 5087 2992 5141 τοίνυν
3019 5086 3352 5160 παλαίστρᾳ,
3380 5087 3474 5140 καὶ
3493 5086 3631 5141 ἄλλα

2032 5176 2259 5231 τοιαῦτα
2296 5176 2512 5248 δρῶντα
2534 5181 2789 5248 ὁρῶντες,
2818 5182 2913 5234 καὶ
2938 5181 3080 5235 ὥστε
3119 5182 3220 5251 μὲν
3249 5180 3626 5252 ἀμιλληθῆναι

2038 5269 2174 5337 μηδὲ
2211 5272 2328 5332 τοῖς
2389 5274 2608 5340 μικροῖς
2665 5271 2773 5326 τῶν
2817 5274 3028 5327 ἐκείνου
3088 5276 3268 5326 πόνων
3312 5273 3625 5341 δυνάμενοι,

2034 5359 2176 5412 ὥστε
2230 5362 2288 5414 δὲ
2338 5362 2501 5415 πάλιν
2554 5364 2784 5428 ἑαυτοὺς
2839 5367 2973 5437 ὁρᾷν
3026 5365 3497 5433 ἀπολειπομένους
3550 5361 3627 5433 μὴ

2035 5450 2436 5521 ἀνασχόμενοι,
2498 5453 2803 5523 ἀναχωρεῖν
2852 5454 2944 5508 τὸν
3000 5451 3226 5521 Συμεὼν
3283 5451 3383 5521 τῆς
3427 5448 3627 5517 κώμης

2036 5540 2321 5606 ἐκέλευον,
2356 5542 2503 5604 ὅπως
2531 5542 2606 5613 μὴ
2640 5547 2757 5605 τοῖς
2804 5544 3215 5615 ἀσθενέστερον,
3248 5541 3534 5608 λέγοντας,
3562 5536 3624 5587 τὸ

2040 5634 2201 5703 σῶμα
2250 5634 2642 5705 διακειμένοις,
2695 5635 2791 5688 καὶ
2849 5634 3047 5707 ζηλοῦν
3076 5635 3144 5690 τά
3190 5633 3333 5703 ὑπὲρ
3391 5628 3622 5697 δύναμιν

2041 5772 2198 5845 beret
2224 5773 2560 5845 monasterio
2588 5770 3294 5845 prmerat,dicitaccep_isse._

2078 5844 2190 5925 ⁸(Ἰ)
2221 5842 2403 5917 Longe
2439 5836 2603 5899 aliter
2649 5836 2942 5901 narrantur
2987 5844 3104 5900 haec
3129 5836 3217 5898 'in
3252 5839 3373 5897 aliis
3403 5836 3620 5895 duabus

2041 5924 2187 5971 vitis.
