4156 6418
496 459 607 528 341

1596 463 1775 526 νιτΑ
1811 467 1870 527 s.
1916 465 2292 527 srmo-ms
2327 438 2680 526 snam

3654 461 3762 527 342

489 581 888 656 πειρωμένοις,
925 579 1137 651 βλάϐης
1163 577 1334 642 αἴτιος
1370 579 1616 648 γένηται.
1667 577 1930 642 Ἐξελθὼν
1967 580 2071 631 τοί-

2187 578 2476 646 quemdam
2510 576 2628 631 sine
2665 591 2825 645 aqua,
2863 587 2963 630 nec
2992 574 3282 629 admodum
3325 571 3674 643 profundum,
3707 573 3762 628 in

489 692 616 737 νυν,
646 675 744 728 καὶ
775 672 846 726 τὰ
886 672 1213 744 ἐρημότατα
1248 669 1342 722 τοῦ
1393 667 1550 739 ὅρους
1610 669 1957 734 καταλαϐὼν,
1992 670 2088 722 καί

488 779 622 816 τινα
673 761 879 814 λάκκον
925 758 1109 828 εὑρὼν
1173 755 1458 826 ἄνυδρόν-τε
1499 757 1591 808 καὶ
1623 756 1743 808 λίαν
1770 755 1958 826 βαθὺν,
2009 759 2089 820 εἰς

491 852 691 906 τοῦτον
720 850 981 918 καθίησιν
1011 850 1223 914 ἐαυτὸν,
1258 851 1358 920 τῆς
1392 849 1656 920 συνήθους
1681 849 1846 918 εὑχῆς
1865 851 1922 901 ἐν
1941 850 2088 914 αὑτῷ

493 947 596 999 καὶ
623 943 950 1013 φιλοσοφίας
990 944 1268 1013 ἐχόμενος.
1328 941 1498 994 Πέντε
1528 942 1585 994 δὲ
1640 941 1866 1011 ἡμερῶν
1899 941 2087 1009 διαγε-

494 1040 769 1109 νομένων,
819 1038 1199 1110 μεταμελῆσαι
1238 1035 1393 1101 αὖθις
1412 1039 1524 1100 τοῖς
1555 1037 1653 1105 τῆς
1684 1036 2086 1108 ὑποχωρήσεως

495 1133 597 1187 τοῦ
634 1133 830 1205 ἀνδρὸς
857 1133 1055 1196 αἰτίοις
1075 1148 1089 1164 ·
1130 1131 1239 1186 τῶν
1262 1134 1323 1187 ἐν
1353 1133 1540 1196 αὑτοῖς
1566 1132 1662 1186 δύο
1685 1131 1836 1194 τινὰς
1878 1131 2084 1186 ἀπολε-

500 1224 734 1297 ξάμενοι
765 1224 912 1279 κατὰ
943 1225 1175 1296 ζήτησιν
1199 1225 1480 1298 πέμπουσι
1500 1223 1595 1278 τοῦ
1635 1224 1888 1296 Συμεὼν·
1938 1219 2007 1295 ἦν
2027 1222 2085 1278 δέ

501 1320 694 1380 αὑτοῖς
751 1317 1070 1388 εἰρημένον,
1112 1319 1167 1372 εἰ
1195 1335 1296 1372 που
1321 1317 1512 1372 τοῦτον
1557 1317 1740 1385 εὑρεῖν
1777 1315 2080 1386 δυνηθεῖεν,

501 1404 640 1474 πρὸς
659 1406 721 1458 τι
759 1405 938 1460 κοινὸν
961 1407 1330 1475 ἐπαναγαγεῖν
1369 1407 1806 1477 φροντιστήριον.
1869 1407 2083 1459 Παντα-

505 1493 606 1563 χοῦ
649 1495 824 1548 τοίνυν
880 1495 976 1548 τοῦ
1035 1495 1196 1568 ὑρους
1246 1485 1622 1568 περιελθόντες
1693 1499 2084 1566 ἐντυγχάνουσι

518 1586 732 1656 ποιμέσι
760 1587 1119 1659 θρεμμάτων,
1153 1591 1246 1642 καὶ
1275 1589 1634 1644 πυνθάνονται
1664 1589 1864 1652 αὑτῶν,
1895 1589 1949 1641 εί
1979 1588 2081 1641 πού

519 1694 638 1730 τινα
680 1678 908 1732 τοιοῦτον
961 1679 1150 1744 ῐδοιεν,
1212 1682 1309 1752 τὴν
1351 1682 1569 1752 μορφὴν
1613 1681 1818 1744 αὑτοῖς,
1881 1680 1974 1732 καὶ
2023 1679 2082 1732 τὸ

507 1769 715 1839 σχῆμα,
742 1770 837 1824 καὶ
866 1771 966 1841 τὴν
993 1773 1266 1842 άιαϐολὴν
1305 1773 1398 1825 τοῦ
1427 1773 1640 1843 ἀνδρὸς,
1685 1773 1874 1840 σαφῶς
1905 1771 2082 1824 πάντα

2189 683 2352 736 quem
2395 682 2451 720 se
2481 665 2720 724 demisit.
2751 665 3029 720 consuetis
3067 663 3323 735 precibus
3359 680 3422 720 ac
3458 665 3762 719 meditatio-

2190 759 2355 812 nibus
2399 757 2675 812 insistens.
2715 756 2843 810 Post
2875 757 3114 826 quinque
3155 757 3274 812 dies
3325 755 3450 810 facti
3499 756 3769 826 poenitere

2187 849 2357 919 coepit
2385 863 2499 911 eos,
2535 847 2627 918 qui
2659 863 2825 905 causa
2855 847 3190 903 dimissionis
3234 849 3449 902 fuerant
3483 849 3559 917 γε)
3587 867 3598 910 ;
3627 864 3764 917 qua-

2189 949 2412 1010 prepter
2438 940 2576 994 duos
2607 955 2674 994 ex
2703 941 2850 995 onmi
2887 955 3114 994 numero
3149 939 3392 996 delectos
3422 941 3486 994 ad
3537 939 3762 1012 Symeo-

2189 1047 2315 1087 nem
2353 1033 2709 1102 quzerendum
2753 1032 3040 1098 miserunt,
3079 1033 3277 1102 quibus
3323 1033 3658 1090 mandatum.
3703 1039 3764 1088 ut

2187 1123 2236 1180 si
2269 1139 2499 1194 usquam
2530 1139 2657 1180 eum
2689 1125 3020 1186 invenirent.
3053 1125 3118 1180 ad
3145 1141 3432 1182 commune
3451 1125 3764 1181 cmnobium

2187 1215 2535 1272 reducerent.
2571 1218 2649 1272 Illi
2696 1228 2936 1274 montem
2969 1218 3168 1288 passim
3203 1219 3525 1272 oberrantes
3571 1217 3626 1271 in
3667 1231 3762 1287 pa-
3865 1285 3870 1288 _

2189 1316 2368 1364 stores
2395 1308 2578 1364 ovium
2613 1309 2882 1374 incidunt,
2907 1327 3042 1381 quos
3064 1326 3188 1366 cum
3215 1309 3282 1365 de
3301 1309 3392 1364 illo
3414 1309 3515 1363 viri
3541 1308 3765 1363 formam

2188 1409 2244 1456 et
2277 1401 2524 1457 habitum
2567 1403 2962 1467 describentes,
2996 1403 3446 1474 interrogassent,
3477 1400 3652 1456 lacum
3687 1401 3770 1456 eis

2187 1495 2518 1562 proximum,
2553 1493 2606 1545 in
2635 1507 2798 1560 quem
2843 1507 2903 1546 se
2943 1491 3272 1560 coniecerat.
3309 1490 3478 1561 digito
3509 1489 3768 1544 ostende-

2189 1593 2336 1639 runt.
2379 1585 2462 1638 illi
2497 1585 2563 1638 ad
2601 1585 2780 1638 locum
2809 1584 3154 1647 festinantes,
3189 1583 3514 1655 Symeonem
3544 1583 3770 1637 nomine

2188 1691 2288 1730 suo
2315 1683 2624 1738 evocatum,
2668 1674 2797 1730 fune
2826 1675 3065 1730 demisso
3120 1689 3150 1730 e
3195 1683 3362 1743 puteo
3392 1683 3768 1739 extraxerunt,

2187 1782 2298 1820 non
2325 1767 2443 1822 sine
2471 1782 2663 1838 magno
2687 1767 2870 1820 lahore
2897 1782 2911 1820 :
2950 1767 3087 1820 solet
3109 1766 3252 1820 enim
3277 1765 3547 1821 descensu
3583 1779 3772 1820 ascen-

498 1858 914 1930 ειηγησάμενοι.
952 1863 1015 1914 Oi
1067 1862 1125 1916 δέ
1179 1863 1406 1934 πλησίον
1437 1862 1541 1934 γὰρ
1584 1859 1650 1934 ἦν
1679 1860 2071 1926 καταδεδυκὼςι

2183 1879 2278 1918 sus
2301 1878 2422 1918 esse
2453 1863 2740 1918 diliicilior.

493 1947 590 2000 τὸν
647 1947 848 2004 λάκκον
903 1953 1089 2016 αὑτοῖς
1151 1954 1230 2026 τῷ
1295 1954 1546 2024 δακτύλῳ
1603 1953 2038 2006 ὑποδεικνύουσι.
2093 1953 2324 2008 Ἐκεῖνοι
2390 1953 2470 2024 τῷ
2502 1955 2656 2024 τόπῳ
2710 1955 2873 2019 εὐθὺς
2931 1955 3256 2020 ἐπιστάντες
3297 1954 3771 2025 ὀνὸματιτδνΣυ-

494 2041 648 2113 μεὼυ
688 2045 918 2100 ἐκάλουν
966 2048 1060 2100 καὶ
1107 2047 1340 2118 σχοινίον
1391 2047 1722 2118 κομίσαντες
1775 2049 1871 2101 σὺν
1925 2048 2105 2118 πολλῷ
2146 2050 2311 2102 αὑτὸν
2357 2051 2699 2122 ἀνιμήσαντο
2756 2050 2937 2122 πόνῳ·
2975 2051 3036 2104 οὑ
3064 2053 3169 2122 γὰρ
3205 2053 3269 2123 τῇ
3304 2052 3516 2122 καθόδῳ
3586 2071 3768 2126 παρα-

491 2138 746 2207 πλησίως
773 2141 1010 2210 εὐπετὴς
1037 2143 1152 2194 ἐστι
1187 2142 1279 2194 καὶ
1310 2143 1343 2212 ἠ
1374 2141 1580 2204 ἄνοδος.

561 2231 632 2286 θ’.
665 2229 798 2286 Εἶτα
850 2233 944 2286 καὶ
983 2233 1124 2304 πρὸς
1166 2236 1266 2304 τὴν
1299 2234 1640 2303 ἀδελφότητα
1691 2234 1788 2288 σῦν
1809 2233 1957 2306 αὑτῷ
1989 2235 2083 2288 καὶ

485 2323 550 2373 τὺ
583 2324 956 2394 μοναστήριον
991 2324 1376 2392 ἐπανήκουσιν.
1419 2323 1632 2392 Ὀλίγον
1663 2325 1719 2378 δέ
1747 2327 1876 2397 παρ’
1899 2326 2083 2388 αὑτοῖς

484 2414 549 2482 ἐξ
578 2416 796 2468 ἐκείνου
831 2413 1124 2486 διατρίψας
1152 2414 1364 2487 χρόνον,
1397 2419 1477 2481 είς
1507 2417 1802 2472 Τελανισδν
1854 2419 2082 2486 ἀφίκετο

485 2511 693 2580 κώμην
737 2508 896 2580 (αὕτη
947 2507 1003 2562 δὲ
1030 2508 1165 2578 πρὸς
1189 2511 1253 2580 τῇ
1285 2509 1532 2580 ὑπωρείᾳ
1547 2509 1642 2564 τοῦ
1669 2510 1830 2580 ὅρους
1855 2512 2077 2580 κεῖται)⁹

489 2601 550 2653 ἐν
586 2601 762 2671 ταύτῃ
809 2599 1006 2670 μικρὸν
1039 2599 1284 2652 οἰκίσκον
1344 2599 1523 2670 εὑρὼν
1579 2600 1763 2670 τρίτον
1809 2603 1956 2671 ἑξῆς,
2021 2604 2080 2657 ἐν

488 2687 648 2757 αὑτῷ
689 2687 978 2757 καθεῖρκτο
1008 2689 1276 2742 ἐνιαυτόν.
1311 2687 1504 2754 Αὑξειν
1530 2689 1588 2742 δὲ
1621 2692 1710 2744 ἀεὶ
1737 2692 1836 2759 τῆς
1875 2692 2077 2762 ἀρετῆς

487 2777 732 2830 πλοῦτον
769 2776 1111 2846 φιλονεικῶν,
1176 2778 1312 2848 μετὰ
1356 2778 1464 2830 τῶν
1509 2779 1684 2834 ἄλλων
1717 2782 1926 2850 Μωῦσῆ
1983 2783 2078 2834 καὶ

498 2866 665 2920 ⁹ῐίλία
691 2867 791 2936 τὴν
819 2865 990 2936 καλὴν
1017 2867 1253 2936 ἅμιλλαν
1281 2869 1601 2937 ἁμιλλᾶται,
1645 2869 1742 2924 καὶ
1778 2869 1909 2942 παρ’
1949 2869 2078 2934 ὅλας

483 2962 898 3028 τετταράκοντα
933 2961 1026 3014 καὶ
1051 2956 1205 3028 οὗτος
1231 2963 1445 3036 ἡμέρας
1477 2964 1662 3030 ἄσιτος
1692 2969 1960 3039 διαμένει.

557 3058 616 3106 ι’.
654 3051 857 3116 Βλάσος
888 3053 944 3108 δέ
974 3071 1058 3118 τις
1093 3055 1233 3128 ἀνὴρ
1268 3055 1528 3129 θεοσεϐὴς
1575 3060 1666 3112 καὶ⁵
1695 3063 1900 3134 σφόδρα
1938 3065 2074 3136 πρὸς

481 3149 586 3215 τὴν
617 3146 731 3200 τῶν
781 3147 1029 3216 ἀδελφῶν
1063 3149 1204 3222 δρῶν
1254 3149 1606 3222 εὐδοκίμησιν
1649 3152 1740 3206 καὶ
1763 3154 2070 3224 ὠφέλειαν,

479 3234 666 3298 ἄλλως
697 3251 758 3288 τε
799 3235 895 3290 καὶ
923 3239 1034 3302 τοῖς
1060 3238 1202 3291 κατὰ
1224 3237 1420 3309 κώμας
1454 3238 1661 3310 ἱερεῦσι
1687 3239 1746 3292 τὸ
1769 3243 2072 3312 τηνικαῦτα

480 3326 822 3393 ἐπιστατῶν,
851 3329 1130 3401 πανταχοῦ
1157 3333 1396 3405 περιῄει,
1433 3335 1570 3405 πρὸς
1612 3337 1703 3390 τὸν
1765 3337 2071 3409 ἀσκητικὸν

481 3418 602 3488 βίον
629 3420 758 3485 τοὺς
785 3423 845 3474 ἐν
869 3421 1063 3486 αὑταῖς
1089 3422 1402 3492 ὑπαλείφει,
1431 3426 1526 3480 καὶ
1553 3426 1774 3480 πλείονα
1813 3429 2070 3501 παρέχων

2256 2231 2310 2287 9.
2349 2233 2480 2287 Inde
2525 2247 2743 2286 rursum
2779 2231 2845 2286 ad
2879 2239 3080 2286 coetum
3114 2229 3342 2285 fratrum
3388 2231 3767 2294 reduxerunt:

2185 2326 2277 2382 ubi
2303 2325 2540 2398 Symeon
2567 2325 2762 2397 exiguo
2802 2333 3046 2396 tempore
3080 2334 3341 2394 moratus,
3368 2329 3433 2382 ad
3453 2329 3768 2386 Telanisum

2187 2419 2260 2488 (9)
2291 2434 2487 2490 pagum
2512 2417 2806 2482 concessit,
2839 2417 2908 2489 (is
2942 2417 3011 2474 ad
3039 2419 3232 2489 pedem
3264 2419 3466 2476 montis
3493 2422 3630 2478 situs
3662 2425 3768 2497 εει)

2185 2509 2274 2564 ubi
2299 2525 2462 2580 parva
2489 2516 2702 2579 reperta
2727 2524 2876 2574 casa,
2903 2508 2958 2562 in
2988 2524 3107 2564 eam
3137 2512 3376 2566 triennio
3397 2527 3455 2567 se
3479 2514 3766 2571 conclusit.
3829 2527 3850 2544 “

2185 2600 2283 2656 llic
2317 2618 2484 2672 porro
2519 2616 2798 2670 nunquam
2835 2617 2963 2662 ,non
2994 2603 3257 2658 virtutum
3293 2604 3512 2660 divitias
3543 2606 3645 2662 sibi
3675 2623 3768 2664 ac-

2183 2694 2461 2748 cumulare
2483 2694 3005 2754 contendebat.cum
3031 2695 3208 2766 Moyse
3225 2705 3281 2752 et
3308 2698 3423 2754 El'a
3448 2701 3765 2769 prreclarnm

2181 2794 2454 2841 certamen
2493 2786 2688 2853 iniens,
2735 2787 3092 2859 quadraginta
3135 2789 3279 2860 ipsos
3321 2791 3440 2848 dies
3478 2792 3596 2850 sine
3642 2795 3766 2852 cibo

2181 2880 2479 2948 perdurab:
2494 2889 2535 2935 t.

2255 3057 2338 3114 10.
2382 3057 2718 3114 Blasusvero
2743 3068 2859 3113 erat
2885 3059 2964 3115 vir
2992 3061 3044 3114 in
3069 3061 3236 3115 Deum
3297 3061 3581 3133 religiosus
3628 3063 3762 3134 (l0),

2177 3155 2231 3201 et
2271 3149 2427 3204 valde
2467 3151 2758 3205 attendens
2804 3151 2870 3204 ad
2925 3151 3155 3206 fratrum
3211 3153 3661 3223 approbationem
3708 3166 3766 3212 et

2177 3241 2498 3308 utilitatem;
2535 3251 2800 3312 prieterca
2846 3245 3228 3300 sacerdotibus
3259 3245 3314 3301 in
3349 3247 3484 3302 vicis
3513 3249 3765 3319 degenti.

2176 3331 2277 3385 bus
2323 3337 2436 3384 tum
2482 3332 2745 3402 temporis
2789 3332 3114 3402 puerei-tus,
3171 3334 3598 3406 circumquaque
3646 3338 3762 3392 loca

2175 3422 2276 3477 sibi
2312 3423 2625 3478 concredita
2651 3423 2859 3491 obibat,
2892 3425 2961 3479 ad
3003 3425 3166 3480 vitam
3197 3425 3532 3496 spiritualem
3567 3445 3760 3483 mona-

479 3511 670 3574 αὑτοῖς
694 3512 796 3583 τὴν
829 3512 959 3585 περὶ
977 3512 1076 3576 τὰς
1105 3513 1270 3585 εὑχάς
1299 3517 1599 3588 καρτερίαν
1628 3517 1733 3572 κατ
1749 3519 1848 3591 τὴν
1873 3524 1931 3574 ἐν
1946 3524 2067 3586 ταῖς

2174 3513 2306 3568 chos
2323 3512 2496 3584 magis
2515 3513 2794 3584 magisque
2818 3513 3136 3580 roborabat,
3164 3517 3229 3572 ad
3249 3533 3470 3586 precum
3498 3519 3758 3588 majorem

478 3603 761 3675 νηστείαις
788 3604 1048 3660 ἐπίδοσιν.
1073 3600 1242 3670 Οὗτος
1275 3608 1487 3677 ἀπῆλθε
1511 3609 1610 3679 μὲν
1635 3611 2066 3682 ἐπισκεψόμενός

482 3711 612 3748 ποτε
659 3695 754 3748 καὶ
787 3695 880 3748 τὸν
927 3695 1189 3768 Συμεών·
1239 3699 1268 3752 ὁ
1303 3699 1360 3752 δέ
1392 3699 1696 3772 σύμϐουλον
1739 3705 1944 3758 σκοποῦ
1974 3705 2066 3760 τὸν

485 3785 649 3856 ἀνδρα
669 3785 964 3856 λαμϐάνει,
995 3788 1087 3842 καὶ
1115 3788 1184 3842 τὰ
1208 3790 1310 3862 τῆς
1333 3791 1561 3863 γνώμης
1590 3794 1886 3848 κοινοῦται.
1955 3798 2064 3851 Καὶ

493 3879 524 3928 δ
543 3877 740 3944 Βλάσος
767 3879 832 3933 τδ
858 3878 954 3934 τοῦ
993 3880 1320 3953 πράγματος
1348 3883 1602 3955 ἐργῶδες
1625 3887 1720 3940 καὶ
1753 3887 1926 3956 βίαιον
1979 3889 2066 3942 ἐν·

493 3968 789 4041 νοούμενος,
828 3973 1180 4029 συνεϐούλευε
1209 3977 1304 4029 καὶ
1324 3976 1560 4048 παρῄνει
1591 3977 1669 4048 τῷ
1717 3979 1944 4048 Συμεὼν
1986 3981 2062 4054 μὴ

487 4057 576 4112 τδν
597 4057 769 4129 βίαιον
797 4059 1031 4116 θάνατον
1059 4063 1262 4134 ἀρετὴν
1287 4059 1427 4117 εἶναι
1462 4066 1724 4136 νομίζειν,
1754 4067 2064 4126 τούναντίον

485 4149 588 4219 μὲν
613 4149 708 4204 οῦν
763 4153 964 4208 κακίαν
1009 4154 1268 4225 ἐσχάτην,
1315 4156 1412 4210 καὶ
1467 4156 1604 4210 Θεοῦ
1652 4160 1937 4230 χωρισμὸν
1961 4161 2060 4216 καὶ

476 4242 661 4314 ψυχῆς
686 4243 763 4308 ὡς
796 4244 1014 4314 άληθῶς
1063 4247 1234 4318 αὑτῆς
1270 4246 1520 4306 θάνατον.
1560 4267 1580 4302 ι
1607 4251 1839 4314 Οὑκοῦν,
1873 4254 1991 4308 ἀλλ’
2017 4249 2063 4310 ὦ

481 4335 694 4406 Πάτερ,
727 4337 758 4390 ὀ
785 4334 1013 4408 Συμεὼν
1045 4337 1172 4408 ἔφη,
1195 4337 1327 4393 δέκα
1355 4356 1445 4410 μοι
1469 4341 1663 4412 ἄρτους
1693 4344 1939 4414 παράθου
1966 4346 2062 4400 καὶ

478 4427 718 4499 στάμνον
749 4428 960 4494 ὕδατος,
986 4431 1083 4486 καὶ
1103 4432 1172 4486 ἂν
1203 4429 1298 4485 ῐδω
1321 4432 1381 4486 τὸ
1418 4433 1576 4504 σῶμα
1626 4436 1834 4507 τροφῆς
1865 4438 2062 4513 δεόμε-

475 4537 593 4584 νον,
637 4521 1022 4592 μεταλήψομαί
1061 4539 1125 4592 γε
1159 4522 1362 4588 αὑτῶν,
1395 4526 1489 4579 καὶ
1519 4525 1677 4579 τοῦτο
1729 4530 2062 4602 παραμυθή-

476 4630 653 4684 σομαι
699 4613 770 4669 τὰ
827 4617 1036 4670 εἰκότα.
1063 4615 1218 4670 Ἐπεὶ
1255 4612 1348 4670 οὗν
1381 4618 1564 4683 καλῶς
1619 4618 1796 4686 ἔδοξεν
1827 4621 1972 4693 ἐχειν
1991 4624 2060 4678 τά

474 4705 774 4776 εἰρημένα,
820 4707 1214 4779 παρατίθενται
1241 4709 1340 4780 μέν
1367 4709 1419 4764 oi
1435 4727 1494 4764 τε
1523 4711 1680 4782 ἄρτοι
1711 4712 1872 4778 εὐθὺς
1909 4716 2060 4788 αὑτῷ

474 4797 575 4850 καὶ
591 4797 656 4850 τὸ
688 4797 860 4870 ὕδωρ·
892 4799 1134 4854 κλείεται
1165 4800 1222 4854 δέ
1247 4802 1281 4872 ἡ
1323 4800 1416 4856 τοῦ
1477 4803 1725 4857 οίκίσκου
1767 4805 1927 4878 θύρα,
1965 4809 2062 4862 καὶ

472 4889 547 4942 τά
585 4887 813 4961 κλεῖθρα
846 4891 1016 4962 πηλὸς
1042 4888 1112 4964 ἦν
1161 4891 1364 4957 ἔξωθεν
1393 4893 1568 4968 ταύτῃ
1623 4897 2065 4969 περιπλαττὸμε-

471 4994 589 5041 voc,
623 4978 696 5041 ὡς
716 4978 782 5033 ἂν
813 4981 978 5034 παντὶ
1005 4981 1208 5044 ἄϐατος
1233 4982 1318 5053 εἴη
1339 4983 1415 5052 τῷ
1445 4985 1748 5052 προσιόντι.
1770 4987 2064 5059 Ἐπειδὴδέ

471 5070 510 5138 ἡ
536 5068 948 5142 τεσσαρακοστὴ
979 5070 1090 5124 τῶν
1123 5072 1346 5143 ἡμερῶν
1373 5068 1531 5144 ἧκεν,
1579 5073 1908 5142 ἐφίσταταιὸ
1926 5076 2061 5129 θαυ-

473 5159 690 5250 μαστὸς
720 5160 927 5227 Βλάσος
944 5161 1035 5250 .τῷ
1061 5162 1320 5234 δωματίῳ
1358 5167 1435 5228 εἰς
1457 5165 1749 5236 ἐπίσκεψιν
1780 5167 1876 5220 καὶ
1900 5167 2061 5232 αὖθις

469 5249 574 5304 τοῦ
615 5251 876 5322 Συμεών·
931 5249 997 5308 τὰ
1021 5255 1249 5330 κλεῖθρά
1284 5275 1341 5310 τε
1389 5257 1481 5311 τὸν
1515 5258 1688 5327 πηλὸν
1720 5258 1938 5328 ἀφελὼν
1964 5260 2056 5316 καὶ

471 5342 580 5412 τῆς
618 5343 790 5416 θύρας
812 5345 946 5400 είσω
995 5347 1290 5418 γενόμενος
1330 5343 1459 5420 εῦρε
1497 5350 1600 5420 μὲν
1622 5350 1730 5404 τῶν
1757 5352 1938 5422 ἄρτων
1965 5351 2056 5405 τὸν

471 5433 712 5506 ἀριθμὸν
763 5438 885 5491 οὑδέ
921 5437 1262 5510 βραχύτατον
1306 5440 1472 5513 μέρος
1528 5442 1796 5506 ἐνδέοντα,
1837 5439 1963 5514 εὗρε
1999 5443 2057 5497 δέ

467 5526 666 5600 πλήρη
721 5529 824 5601 τὴν
870 5533 1113 5602 στάμνον
1163 5533 1258 5588 τοῦ
1293 5533 1484 5599 ὕδατος
1507 5551 1522 5564 ³
1579 5537 1682 5606 ὁρᾷ
1729 5535 1787 5588 δέ
1837 5538 1929 5590 καὶ
1965 5536 2061 5590 τὸν

471 5726 1050 5858 ὼ.τ1ιεοάοι·ειιιε
1079 5733 1212 5789 o'icrt
1237 5734 1406 5792 fuisse
1435 5737 1578 5794 illius
1609 5739 1876 5808 pztlzestrae
1916 5753 2055 5808 pra:-

551 5867 632 5938 (9)
686 5868 898 5928 Theod.
945 5870 1279 5931 Tehnmum
1308 5915 1326 5945 ,
1377 5884 1434 5934 et
1481 5877 1651 5945 addit,
1699 5880 1879 5937 vicum
1908 5880 2064 5936 illum

2173 3605 2517 3660 tolerantiam
2541 3619 2605 3659 ac
2621 3605 2954 3675 jejuniorum
2971 3607 3372 3663 incrementum
3395 3610 3758 3666 adhortando.

2168 3693 2409 3764 Contigit
2437 3704 2620 3750 autem
2651 3703 2712 3750 ut
2761 3696 3056 3766 aliquando
3089 3712 3155 3752 ex
3187 3695 3365 3752 oﬂicio
3399 3715 3618 3768 quoque
3664 3700 3764 3772 Sy-

2169 3797 2422 3838 mconem
2454 3783 2728 3848 visitaret;
2761 3784 2855 3854 qui
2898 3785 3075 3840 virum
3110 3794 3320 3840 tantum
3375 3796 3635 3856 tanquam
3671 3791 3760 3842 in-

2167 3873 2342 3928 stituti
2375 3874 2460 3929 sui
2491 3875 2861 3930 consultorem
2893 3878 3124 3948 excepit,
3155 3893 3279 3933 cum
3327 3893 3504 3950 quuc
3561 3896 3760 3936 arcana

2168 3964 2370 4020 mentis
2396 3981 2512 4020 sua:
2536 3967 2986 4048 communicavit.
3024 3968 3212 4024 Blasus
3242 3969 3370 4024 dum
3405 3987 3578 4042 usque
3613 3973 3750 4026 adeo

2167 4057 2400 4112 arduum
2441 4073 2506 4112 ac
2559 4058 2859 4114 violentum
2904 4059 3123 4115 vivendi
3190 4062 3412 4117 modum
3459 4067 3758 4134 cognoscit.

2167 4150 2313 4205 serio
2347 4149 2672 4222 Symeonem
2705 4162 2912 4218 monet,
2944 4155 3249 4226 suadetque
3285 4171 3355 4211 ne
3384 4167 3618 4211 mortem
3643 4160 3754 4212 vio~

2165 4242 2369 4297 lentam
2403 4243 2628 4298 virtutis
2658 4244 2780 4299 loco
2807 4245 3010 4300 habeat
3037 4263 3050 4312 ;
3077 4256 3265 4301 contra
3286 4263 3416 4302 vero
3447 4249 3760 4318 huiusmodi

2164 4333 2426 4389 virtutem
2454 4345 2756 4402 extremam
2819 4337 3171 4403 dementiam,
3207 4354 3272 4394 ac
3319 4355 3350 4394 a
3388 4340 3500 4396 Deo
3545 4357 3762 4412 separa-

2167 4430 2396 4494 tionem,
2449 4428 2650 4483 animae
2698 4429 2935 4500 denique
2983 4439 3214 4486 mortem
3276 4433 3758 4501 prresentissimam

2165 4537 2288 4578 esse
2319 4521 2618 4576 existimet.
2653 4521 2950 4578 Enimvero
2976 4524 3042 4578 ad
3078 4523 3195 4579 haec
3229 4522 3464 4596 Symeon
3498 4539 3512 4578 :
3564 4526 3758 4580 Decem

2167 4630 2338 4686 panes
2359 4615 2512 4684 juxta
2544 4630 2628 4669 me
2661 4616 2891 4680 colloca,
2925 4631 3140 4671 necnon
3176 4630 3332 4686 aqua:
3363 4617 3666 4688 vasculum,
3700 4626 3759 4673 ut

2167 4720 2292 4760 cum
2329 4706 2514 4761 videro
2539 4721 2740 4776 corpus
2771 4706 3033 4760 alimento
3057 4707 3523 4778 indigere,statim
3551 4710 3758 4778 aliquid

2097 4837 2140 4891 Β
2167 4813 2403 4864 sumam,
2437 4799 2677 4891 illudque
2727 4797 2926 4853 merito
2957 4797 3286 4891 refucillem.
3340 4799 3605 4854 Probatur
3658 4800 3758 4871 Sy—

2166 4891 2378 4946 meouis
2405 4890 2676 4945 sententia
2704 4907 2718 4944 :
2752 4903 2922 4958 panes
2947 4905 3073 4944 cum
3104 4905 3245 4960 aqua
3271 4890 3428 4959 juxta
3455 4900 3751 4960 ponuntur,

2163 4979 2494 5034 clauduntur
2539 4977 2886 5032 domuncula:
2942 4975 3108 5040 fures,
3145 4984 3200 5030 et
3231 4992 3367 5032 serae
3415 4977 3535 5032 IOtO
3564 4968 3751 5049 argilla

2163 5071 2647 5134 circumlinuntur,
2686 5079 2747 5125 ut
2774 5069 2930 5126 locus
2967 5069 3141 5126 cuivis
3184 5069 3408 5124 adeunti
3441 5069 3752 5127 inaccessus

2162 5176 2402 5222 maneat.
2434 5167 2753 5223 Transactis
2801 5167 3022 5221 tandem
3050 5164 3120 5220 ιο
3150 5165 3344 5220 diebus
3375 5174 3515 5220 astat
3542 5179 3640 5234 pro
3671 5164 3756 5220 fo-

2167 5259 2319 5314 ribus
2348 5257 2691 5314 admirabilis
2735 5257 2826 5312 ille
2859 5257 3070 5319 Blasus,
3094 5256 3422 5328 Symeonem
3459 5259 3642 5311 denuo
3669 5256 3772 5314 νίς».

2167 5354 2430 5405 sitaturus
2457 5349 2749 5414 accedens,
2783 5348 2876 5418 qui
2925 5350 3166 5404 claustro
3199 5348 3492 5418 argillaceo
3536 5347 3753 5403 sublato

2168 5443 2390 5496 domum
2451 5442 2754 5512 ingressus,
2810 5458 3012 5511 panum
3058 5456 3348 5496 numerum
3400 5456 3470 5496 ne
3527 5441 3753 5496 minima

2171 5537 2391 5608 quidem
2424 5547 2577 5608 parte
2631 5538 2934 5603 minutum,
2973 5547 3147 5592 utrem
3205 5553 3342 5608 aqua
3398 5537 3577 5594 adhuc
3633 5536 3749 5607 ple-

2168 5736 2474 5812 subjeetum
2505 5738 2775 5794 cacumini
2816 5741 3038 5812 montis,
3071 5741 3126 5796 in
3157 5757 3264 5812 quo
3291 5749 3476 5812 postea
3501 5739 3748 5797 sublimia

2170 5817 2340 5884 stetit.
2377 5808 2604 5884 [Lad'a'tts
2635 5819 2792 5884 vocat
2825 5810 3140 5868 Telas‘nnm
3175 5808 3462 5884 eppidum.

2243 5879 2352 5947 (10)
2397 5877 2604 5938 Thcod.
2636 5879 2864 5936 Bassum
2901 5891 3076 5940 vocat.
