4156 6404
395 399 502 464 343
1601 420 1886 482 MENSIS
1935 421 2395 484 IANUARIUS.
3547 415 3652 481 ait

396 524 527 566 nutu
568 509 806 584 invenit;
840 516 911 574 ad‘
935 518 1052 576 haec
1085 521 1324 593 pugilem
1354 538 1515 579 suum
1549 524 1702 580 littmi
1736 535 1962 596 prostra-

2083 528 2390 602 ἀγωνιστὴν
2424 533 2565 588 κατὰ
2594 535 2695 605 γῆς
2728 531 3084 606 ἐρριμμένον,
3137 531 3234 586 καὶ
3263 528 3403 602 μόνη
3431 529 3496 600 τῇ
3523 528 3654 582 ἀνα-

397 611 512 656 tum
547 604 715 672 vldet,
744 608 837 678 qui
879 609 994 665 solo
1025 613 1402 682 respirationis
1433 616 1588 686 signo
1618 632 1677 672 se
1697 626 1962 672 mortuum

2079 623 2214 691 πνοῇ
2253 622 2314 674 τὸ
2349 623 2424 694 μὴ
2456 604 2662 696 νεκρὸς
2686 604 2828 679 εἶναι
2884 622 3274 678 ἀναπείθοντα·
3313 619 3652 691 φθέγγεσθαι

397 711 510 752 non
535 713 656 754 esse
685 701 994 759 declarabat
1019 723 1032 771 ;
1064 722 1240 778 neque
1269 710 1414 763 enim
1439 725 1660 766 movere.
1685 725 1764 775 se,
1799 726 1962 780 neque

2076 711 2185 778 γὰρ
2217 711 2249 781 ἢ
2275 713 2540 766 κινεῖσθαι
2574 715 2750 784 πάντη
2767 715 3026 777 ἀδύνατος
3047 709 3136 785 ἦν,
3163 715 3230 785 τῇ
3264 713 3449 782 μακρᾷ
3467 710 3652 782 ἐκείνῃ

395 789 545 860 loqui
585 792 694 847 ullo
751 795 912 849 modo
966 806 1198 866 poterat,
1253 799 1507 855 vitalibus
1540 801 1820 870 spiritibus
1877 816 1962 870 per

2076 800 2262 872 ἀσιτία
2307 803 2408 872 τῆς
2447 803 2684 876 ζωτικῆς
2726 805 2874 876 αὐτῷ
2911 805 3192 874 δυνάμεως
3228 801 3648 856 ὲναποσϐεσθεί-

395 880 608 952 longam
633 884 866 940 inediam
894 887 1008 964 fere
1037 892 1346 946 exstinctis.
1377 891 1720 963 Quapropter
1757 893 1962 948 divinus

2077 908 2196 960 σης.
2229 893 2508 961 Σπογγίαν
2530 897 2820 964 τοιγαροῦν
2855 895 3048 960 ὓδατος
3077 895 3105 946 6
3133 893 3274 954 θεῖος
3325 891 3528 954 Βλάσος
3561 893 3650 944 αἰ-

397 971 488 1028 ille
547 973 741 1031 Blasus
794 993 950 1049 aqua:
1004 983 1228 1056 spongia
1290 1000 1384 1038 ore
1416 985 1690 1040 Simeonis
1728 985 1968 1058 irrigato,

360 1094 366 1100 -
394 1063 666 1135 sinleue
693 1068 901 1134 abluto,
927 1085 1205 1127 sacrorum
1229 1075 1609 1146 mysteriorum
1625 1077 1864 1149 symbolo
1891 1077 1969 1132 illi

392 1155 656 1222 porrexit.

468 1243 554 1298 ll.
584 1245 796 1312 Quibus
837 1253 1070 1320 sumptis
1103 1255 1443 1310 corroborari
1477 1258 1643 1328 erepit
1706 1277 1718 1312 :
1771 1267 1885 1313 tum
1938 1273 1970 1314 e

393 1335 512 1388 solo
563 1337 822 1406 paulatim
880 1356 1193 1414 assurgens,
1250 1345 1353 1401 levi
1404 1348 1688 1414 alimento,
1743 1349 1968 1406 lactucis

391 1440 590 1496 nempe
613 1431 915 1498 agrestibus
953 1447 1017 1488 ac
1047 1435 1250 1504 intybo,
1285 1451 1486 1508 corpus
1517 1440 1814 1495 reﬁciebat.
1861 1439 1966 1497 lla-

391 1531 498 1584 que
543 1516 732 1574 Blasus
761 1537 870 1590 prae
899 1523 1071 1578 inedia
1137 1524 1250 1581 fere
1307 1539 1692 1601 consumptum
1738 1533 1967 1590 ulterius

390 1609 791 1674 reprehendere
819 1611 1000 1679 desiit,
1035 1617 1205 1687 magis
1233 1633 1362 1674 vero
1395 1620 1496 1675 viri
1546 1625 1963 1694 temperantiam

387 1697 703 1768 admiratus,
729 1703 795 1758 ad
819 1705 1099 1774 proprium
1129 1724 1342 1780 gregem
1371 1714 1681 1782 revertitur,
1706 1731 1961 1789 magnum

387 1785 520 1841 illud
547 1789 868 1846 miraculum
902 1793 1161 1852 fratribus
1187 1799 1302 1854 suis
1355 1800 1538 1870 (supra
1569 1785 1832 1860 ducentos
1862 1807 1962 1861 ha-

385 1877 570 1951 bebat)
601 1892 920 1941 narraturus
953 1888 1082 1958 (ll).
1120 1888 1356 1962 Symeon
1392 1911 1520 1950 vero
1565 1911 1632 1950 ex
1683 1897 1775 1952 illo
1825 1907 1963 1954 tem-

385 1985 520 2038 pore
547 1973 602 2027 in
633 1977 780 2030 omni
810 1979 920 2033 vita
945 1981 1056 2050 (12)
1075 1983 1264 2038 eadem
1295 1986 1476 2042 inedia
1535 2005 1666 2044 usus
1728 1989 1852 2058 fuit,
1901 2008 1965 2046 ac

384 2077 581 2118 novem
628 2069 853 2122 omnino
883 2079 938 2125 et
969 2073 1184 2144 triginta
1214 2077 1330 2133 dies
1355 2077 1474 2134 sine
1505 2080 1628 2136 cibo
1652 2082 1761 2138 ullo
1791 2093 1966 2141 trans-

385 2155 610 2226 igebat;
665 2160 1076 2233 quadragesima
1109 2167 1248 2236 dies,
1288 2173 1574 2240 prazscntis
1619 2175 1965 2232 abstinentiae

385 2247 535 2316 ﬁnis,
565 2249 788 2308 initium
819 2255 982 2310 dabat
1004 2257 1222 2324 futurae,
1265 2277 1572 2334 corpusque
1610 2267 1960 2334 exhaustum,

383 2354 564 2410 neque
594 2359 692 2412 par
723 2356 1004 2416 perpetuae
1025 2351 1271 2420 stationi,
1297 2354 1392 2410 sed
1443 2356 1554 2426 jam
1596 2357 1788 2429 jacens
1819 2360 1966 2416 velut

384 2445 582 2487 manus
609 2433 954 2492 sublevabat.
995 2439 1272 2510 Jejunium
1305 2435 1428 2499 curn
1473 2446 1584 2517 jam
1642 2449 1823 2504 denuo
1876 2451 1963 2506 in-

383 2521 629 2588 choaret,
683 2538 1002 2585 consuetam
1049 2533 1372 2602 stationem,
1426 2538 1677 2596 coalestes
1734 2541 1964 2614 hymnos

383 2617 655 2672 cantando
685 2623 1002 2690 usurpabat.
1033 2623 1262 2698 illosque
1284 2639 1500 2685 erectus
1527 2631 1640 2687 Deo
1655 2633 1962 2692 dedicabat.

380 2705 516 2762 Cum
547 2709 614 2764 ad
643 2712 880 2768 medium
929 2718 1362 2788 quadragesimae
1403 2725 1762 2793 pervenisset,
1795 2728 1962 2784 nimia

381 2797 699 2871 defatigatio
727 2805 889 2861 etiam
922 2809 1198 2866 nolentem
1231 2814 1423 2869 sedere
1445 2817 1691 2888 cogebat,
1714 2823 1963 2892 corporis

379 2892 729 2954 facultatibus
754 2917 863 2971 prae
911 2904 1091 2960 inedia
1135 2909 1394 2978 paulatim
1421 2914 1779 2984 consumptis.
1829 2915 1966 2973 Evo-

377 2985 493 3042 luto
524 2989 722 3047 deinde
777 3004 930 3050 certo
987 2998 1200 3052 dierum
1233 3001 1437 3057 circulo
1479 3003 1674 3060 vitales
1717 3007 1965 3064 actiones

379 3080 689 3146 cessabant,
725 3091 840 3138 tum
871 3095 922 3140 et
951 3086 1097 3142 hunc
1117 3091 1336 3159 quidem
1366 3093 1418 3146 in
1442 3093 1617 3149 solum
1655 3107 1963 3168 prosterne-

2073 989 2267 1054 τήσας,
2294 985 2578 1059 καὶταύτῃ
2604 985 2681 1057 τῷ
2703 988 2931 1058 στόματι
2971 985 3066 1039 τοῦ
3103 982 3330 1051 Συμεὼν
3361 981 3650 1053 διαόρέξας

2074 1079 2170 1131 καὶ
2185 1077 2521 1142 ὰποκλύσας,
2545 1079 2613 1134 τὰ
2647 1079 2890 1149 σύμϐολα
2909 1081 3016 1131 τῶν
3045 1077 3205 1130 θείων
3244 1075 3392 1146 αὖτῷ
3443 1077 3650 1146 προσή-

2072 1187 2237 1238 νεγκε
2283 1171 2625 1241 μυστηρίων,

2149 1271 2240 1320 ια’.
2281 1264 2339 1316 '0
2367 1264 2423 1317 δὲ
2469 1261 2790 1334 ανερῤώσθη
2847 1278 2904 1314 τε
2939 1259 3246 1332 μετασχὼν,
3284 1259 3380 1314 καὶ
3430 1258 3642 1312 ὑπανα-

2073 1357 2202 1420 στὰς
2227 1355 2368 1410 κατὰ
2387 1353 2564 1428 ὀραχδ
2584 1353 2674 1407 τοῦ
2710 1354 2962 1424 ἐδάφους,
2996 1353 3312 1423 θριδακίνας
3344 1353 3439 1404 καὶ
3465 1350 3648 1420 σέρεις

2069 1450 2273 1520 λεπτὴν
2317 1465 2438 1502 τινα
2498 1445 2709 1518 τροφὴν
2773 1445 2868 1498 καὶ
2918 1444 3178 1516 βραχεῖαν
3234 1443 3512 1511 προσίετο.
3569 1439 3644 1492 T6

2069 1542 2321 1610 ἐγκαλεῖν
2351 1539 2501 1610 αὐτῷ
2526 1537 2815 1608 τοιγαροῦν
2847 1539 2875 1590 6
2905 1537 3214 1606 θαυμαστὸς
3231 1536 3439 1598 Βλάσος
3456 1535 3639 1602 ἀφεὶς,

2067 1631 2156 1689 οἷα
2173 1633 2368 1704 μικροῦ
2384 1633 2471 1685 διὰ
2483 1633 2581 1702 τὴν
2597 1631 2812 1685 ἀσιτίαν
2835 1629 3191 1690 ὲκλελοιπύτι,
3211 1627 3412 1698 μᾶλλον
3440 1625 3538 1696 μὲν
3549 1625 3644 1680 οὖν

2066 1729 2160 1783 καὶ
2195 1726 2598 1796 ὑπεραγασθεὶς
2636 1725 2729 1777 τὸν
2754 1723 2922 1794 ἄνδρα
2953 1722 3052 1792 τῆς
3081 1721 3402 1791 καρτερίας,
3440 1719 3538 1788 τὴν
3562 1719 3643 1770 oi-

2068 1819 2223 1872 κείαν
2264 1815 2468 1885 ἀγέλην
2518 1814 2682 1886 (ὑπὲρ
2733 1809 3037 1872 διακοσίους
3072 1809 3162 1860 τὸν
3193 1805 3428 1876 ἀριθμὸν
3459 1805 3646 1874 ὄντας)

2071 1907 2504 1974 καταλαμϐάνει,
2554 1907 2648 1959 καὶ
2685 1905 2747 1956 τὺ
2793 1903 2937 1974 μέγα
2965 1901 3124 1954 τοῦτο
3150 1899 3332 1962 αὐτοῖς
3371 1897 3644 1969 διηγεῖται

2068 2004 2274 2074 θαῦμα.
2320 2004 2378 2056 '0
2424 2004 2606 2074 μέντοι
2659 1998 2885 2069 Συμεὼν
2927 1997 2985 2064 ὲξ
3032 1996 3243 2050 ἐκείνου
3295 1996 3362 2063 τῇ
3415 1989 3642 2060 τοιαύτῃ

2066 2096 2156 2150 διὰ
2203 2097 2384 2162 πάσης
2434 2092 2600 2147 αὐτοῦ
2653 2094 2752 2160 τῆς
2799 2091 2942 2159 ζωῆς
2989 2087 3263 2157 ἐπέχρητο
3294 2085 3500 2154 ἀσιτίᾳ,
3547 2081 3641 2132 καὶ⁵

2067 2186 2362 2252 τριάκοντα
2393 2185 2490 2255 μὲν
2513 2184 2650 2254 πρὸς
2704 2184 2821 2244 ταῖς
2851 2179 3008 2234 ἐννέα
3034 2179 3160 2241 ὅλας
3194 2177 3410 2246 ἡμέρας
3441 2173 3501 2225 τδ
3535 2188 3645 2224 πα-

2069 2280 2249 2350 ράπαν
2279 2279 2458 2340 ἄσιτος
2520 2269 2704 2329 εἷλκεν
2727 2289 2740 2303 ·
2784 2277 2816 2343 ἠ
2852 2258 3266 2344 τεσσαρακοστῆ
3299 2269 3355 2322 δὲ
3399 2267 3644 2333 διαγενο-

2070 2369 2208 2440 μένη
2242 2369 2392 2432 τέλος
2419 2365 2568 2437 αὐτῷ
2605 2367 2707 2436 τῆς
2742 2365 3023 2436 παρούσης
3055 2362 3290 2424 ἀσιτίας,
3336 2360 3430 2413 καὶ
3461 2360 3642 2428 ἀπαρ-

2065 2463 2168 2534 χὴν
2196 2462 2296 2532 τῆς
2339 2459 2642 2530 μελλούσης
2697 2457 3007 2529 είργάζετο,
3045 2453 3360 2514 πεπονηκός
3390 2470 3449 2504 τε
3505 2453 3642 2504 ἁνα-

2065 2555 2422 2626 λαμσὰνουσα
2446 2553 2507 2606 τὸ
2542 2559 2736 2622 σῶμα,
2757 2551 2850 2604 καὶ
2880 2549 3014 2620 μηδὲ
3057 2547 3190 2618 πρὸς
3225 2547 3326 2617 τὴν

2065 2649 2283 2719 ἐκείνην
2325 2648 2516 2701 στάσιν
2564 2643 2959 2716 ὑπηρετεῖσθαι
3013 2641 3320 2710 δυναμένῳ,
3383 2635 3500 2690 ἀλλ’
3538 2635 3642 2707 ἢδη

2064 2741 2306 2810 κειμένῳ
2329 2738 2494 2792 οἱονεί
2518 2755 2640 2791 τινα
2664 2739 2823 2807 χεῖρα
2842 2734 3130 2806 ὀρέγουσα.
3179 2731 3508 2802 Ἀρχόμενος
3541 2726 3642 2796 μὲν

2063 2833 2172 2903 γὰρ
2203 2833 2304 2900 τῆς
2325 2831 2582 2903 νηστείας
2607 2831 2673 2900 τῇ
2702 2828 2921 2899 συνήθει
2947 2827 3134 2881 στάσει
3169 2823 3438 2926 περὶὶοἰυς
3461 2819 3641 2926 θείους

2064 2924 2269 2992 ὕμνους
2300 2923 2518 2992 ἐχρῆτο,
2548 2919 2644 2974 καὶ
2679 2920 2837 2989 ὀρθὸς
2880 2918 3100 2982 τούτους
3127 2917 3267 2970 ἀνίει
3297 2913 3414 2985 Θεῷ
3434 2931 3448 2945 ·
3477 2911 3642 2983 ἡνίκα

2063 3013 2120 3066 δὲ
2144 3012 2272 3082 περὶ
2305 3011 2476 3081 μέσας
2518 3009 2616 3074 τὰς
2653 3010 3066 3080 τεσσαράκοντα
3094 3007 3378 3076 φθάσειεν,
3415 3003 3640 3056 ἐκάθισε

2067 3105 2158 3159 καὶ
2200 3105 2401 3157 ἄκοντα
2452 3101 2640 3154 τοῦτον
2673 3103 2700 3154 ὁ
2738 3100 2926 3164 κόπος,
2988 3099 3088 3168 τῆς
3130 3095 3450 3167 σωματικῆς
3475 3093 3638 3146 δυνά-

379 3167 559 3227 bant:
613 3173 728 3244 ipse
780 3193 916 3233 vero
972 3196 1154 3251 neque
1202 3183 1280 3238 sic
1333 3186 1726 3245 constitutusa
1781 3193 1952 3248 sacris

2066 3214 2205 3268 μεως
2237 3197 2302 3266 τῇ
2351 3194 2536 3266 ἀσιτίᾳ
2569 3194 2712 3248 κατὰ
2739 3194 2934 3263 μικρὸν
2971 3167 3399 3252 ὑποδεδωκυίας.
3426 3188 3645 3257 Λήγον-

379 3259 596 3332 hymnis
627 3265 969 3336 abstinebat;
1019 3289 1208 3326 verum
1254 3273 1505 3332 laborum
1540 3281 1807 3347 remissio,
1850 3283 1961 3339 imo

379 3351 722 3422 alimentum,
754 3359 988 3430 denique
1009 3371 1062 3418 et
1089 3378 1312 3420 somnus
1341 3367 1414 3422 illi
1451 3379 1610 3426 erant
1635 3373 1813 3428 divina
1845 3375 1959 3431 elo-

377 3445 525 3512 quia.
566 3445 693 3506 llam
724 3450 978 3522 Symeoni
1029 3457 1144 3526 jam
1200 3459 1338 3515 cudo
1367 3461 1552 3533 digno,
1598 3463 1726 3521 licet
1756 3475 1956 3524 terram

375 3535 662 3607 incolenti,
694 3543 820 3600 vitae
848 3547 988 3603 ratio
1023 3559 1166 3606 erat.

2063 3304 2154 3350 τος
2184 3287 2242 3340 δὲ
2273 3287 2372 3358 ήδη
2409 3286 2504 3338 τοῦ
2531 3285 2774 3340 τοιούτου
2825 3284 2936 3338 τῶν
2965 3283 3188 3354 ήμερῶν
3220 3281 3445 3344 κύκλου,
3477 3297 3646 3332 συνα-

2067 3382 2272 3452 πέληγε
2304 3381 2398 3434 καὶ
2450 3380 2520 3434 τὰ
2573 3379 2668 3448 τῆς
2708 3377 2946 3448 ζωτικῆς
2974 3373 3424 3474 ὲνεργεία;,“καί·
3451 3372 3642 3474 τοῦτον

2069 3474 2164 3544 μὲν
2189 3473 2282 3526 ἐπὶ
2301 3472 2392 3527 τοῦ
2422 3473 2650 3538 ἐδάφους
2679 3470 2997 3524 κατέκλινεν
3017 3485 3030 3498 ·
3059 3469 3087 3520 6
3115 3467 3170 3521 δὲ
3208 3465 3328 3519 οὐδὲ
3368 3463 3511 3518 οὕτω
3534 3463 3644 3516 τῶν

2065 3569 2226 3638 ἱερῶν
2259 3567 2484 3620 ἐκείνων
2509 3565 2692 3636 ὓμνων
2720 3563 3008 3634 ἀφίστατο,
3037 3561 3170 3616 ἀλλὰ
3202 3561 3296 3614 καὶ
3328 3562 3510 3620 ἄνεσις
3533 3557 3644 3610 τῶν

375 3632 556 3686 πόνων
586 3635 736 3706 αὒτῷ
767 3640 856 3693 καὶ
880 3643 1053 3715 τροφὴ
1079 3646 1172 3698 καὶ
1201 3644 1366 3710 ὕπνος
1387 3647 1456 3700 τὰ
1507 3649 1625 3705 θεῖα
1677 3653 1830 3724 λόγια
1863 3654 1951 3729 ἦν,
1993 3659 2142 3731 Αὕτη
2177 3661 2276 3732 μὲν
2335 3661 2401 3732 δὴ
2442 3661 2542 3731 τῆς
2564 3662 2667 3731 γῆς
2715 3659 2795 3713 ἔτι
2825 3658 3056 3727 ψαύοντι
3117 3655 3195 3727 τῷ
3237 3654 3345 3708 τῶν
3374 3650 3645 3724 οὐρανίων

373 3721 511 3798 ἀξίῳ
537 3729 763 3800 Συμεὼν
791 3737 823 3807 ἡ
851 3737 1124 3813 διαγωγή.

447 3818 536 3874 l2.
571 3819 932 3898 Posteaquam
959 3850 1090 3890 vero
1121 3853 1243 3893 eum
1307 3841 1361 3895 in
1415 3844 1648 3901 sublime
1687 3845 1960 3904 clevatum

375 3909 630 3970 columna
659 3921 855 3984 tenuit,
891 3927 1135 3983 omnium
1168 3947 1288 4000 qua:
1319 3934 1372 3988 in
1403 3951 1584 3990 rerum
1615 3948 1808 3993 natura
1835 3949 1964 3995 sunt

375 4001 577 4060 oblitus
621 4022 749 4064 esse
795 4013 1100 4085 videbatur,
1147 4037 1366 4078 onmem
1413 4026 1598 4081 sedem
1632 4043 1695 4084 ac
1721 4029 1958 4083 cubandi

377 4099 845 4165 opportunitatem
872 4110 1184 4166 recusabat.
1210 4113 1293 4168 Ad
1323 4115 1440 4170 inec
1483 4117 1692 4172 trabem
1719 4128 1959 4174 erectam

376 4201 544 4256 super
571 4189 885 4249 columnam
917 4201 1215 4267 statuebat,
1261 4205 1347 4260 cui
1373 4222 1432 4262 se
1461 4208 1600 4263 adeo
1629 4208 1844 4265 fortiter
1871 4211 1954 4264 al-

375 4275 602 4348 ligabat,
625 4289 683 4335 ut
708 4299 778 4340 ne
806 4287 1008 4344 volenti
1041 4293 1262 4361 quidem
1291 4305 1386 4351 aut
1436 4299 1627 4354 sedere
1652 4310 1747 4356 ant
1797 4301 1954 4357 ineli-

377 4386 514 4426 »οι-ε
543 4387 604 4430 se
637 4375 848 4442 liceret,
887 4381 990 4438 hac
1023 4385 1237 4442 ratione
1265 4389 1397 4446 illud
1431 4394 1792 4465 quadraginta
1837 4395 1956 4450 die-

378 4478 498 4518 rum
539 4465 736 4537 jejunii
789 4473 1026 4528 stadium
1077 4479 1413 4546 perﬁciebat.
1445 4483 1796 4541 Postmodum
1828 4503 1958 4551 vero

2136 3847 2222 3915 ιβ’.
2259 3847 2479 3916 Ἐπειδὴ
2534 3845 2592 3900 δὲ
2657 3845 2950 3916 μετάρσιον
3005 3841 3170 3894 αὑτὸν
3232 3834 3350 3910 εἶχε
3404 3840 3432 3891 ὀ
3478 3836 3643 3896 κίων,

2061 3940 2480 3995 ἐπιλανθάνεται
2533 3937 2634 4009 μὲν
2690 3938 2789 4008 τῆς
2846 3927 3033 4004 κοινῆς
3083 3933 3337 3988 ἁπάντων
3384 3929 3638 4000 φύσεως·

2059 4036 2336 4105 ἠρνήσατο
2359 4033 2415 4086 δὲ
2459 4032 2554 4085 καὶ
2574 4031 2672 4102 τὴν
2709 4029 2983 4099 καθέδραν
3019 4027 3114 4082 καὶ
3157 4025 3254 4098 τὴν
3295 4023 3640 4086 κατάκλισιν,

2061 4127 2155 4182 καὶ
2187 4127 2344 4180 δοκὸν
2363 4125 2462 4196 μὲν
2491 4124 2674 4195 ὄρθιον
2703 4125 2800 4178 ἐπὶ
2837 4123 2932 4176 τοῦ
2962 4123 3140 4186 κίονος
3182 4122 3411 4191 στήσας,
3449 4117 3642 4171 ἑαυτὸν

2060 4219 2115 4274 δὲ
2147 4221 2211 4290 τῇ
2242 4217 2382 4288 δοκῷ
2416 4217 2750 4290 προσδήσας,
2781 4217 2858 4280 ὡς
2894 4217 2960 4269 ἂν
3017 4214 3150 4286 μηδὲ
3181 4213 3489 4284 βουλομένῳ
3541 4229 3644 4264 κα-

2061 4310 2376 4366 τακλίνεθαι
2396 4309 2530 4380 μηδὲ
2553 4309 2798 4374 καθίζειν
2815 4309 2962 4378 ὲξῆν,
2982 4307 3124 4362 οὕτω
3151 4308 3210 4360 τὸ
3228 4306 3644 4377 τεσσαράκοντα.

2065 4403 2292 4474 ἡμερῶν
2322 4405 2498 4456 ἐκεῖνο
2530 4402 2630 4472 τῆς
2682 4401 2940 4470 νηστείας
2975 4401 3104 4472 ἤνυε
3159 4399 3393 4452 σταδιον.
3449 4397 3644 4476 Χρόνῳ

2066 4495 2124 4549 δὲ
2175 4495 2400 4565 ὕστερον
2435 4493 2833 4564 δαψιλεστέρας
2897 4493 3215 4555 ἀπολαύσας
3267 4491 3369 4560 τῆς
3431 4489 3643 4544 ἄνωθεν

379 4556 691 4615 uberiorem
735 4577 767 4617 e
811 4565 952 4622 caelo
1005 4569 1239 4640 adeptus
1296 4575 1564 4644 gratiam,
1625 4593 1803 4649 neque
1853 4581 1956 4636 hoc

2066 4581 2446 4653 χάριτος,ούδὲ
2473 4582 2677 4652 ταύτης
2707 4583 2877 4637 ἐδεῖτο
2914 4583 3014 4652 τῆς
3048 4582 3328 4654 βοηθείας,
3363 4581 3496 4645 ἀλλὰ
3545 4579 3644 4633 καὶ

377 4649 584 4708 auxilio
639 4652 920 4730 indigebat
964 4677 978 4716 :
1024 4679 1212 4720 verum
1239 4669 1602 4741 quadraginta
1663 4681 1805 4728 totos
1848 4675 1965 4730 dies

374 4739 610 4800 vinculis
629 4747 862 4812 solutus,
889 4751 1008 4809 sine
1040 4765 1203 4824 ter-to,
1229 4739 1477 4826 erectus,
1501 4778 1612 4820 non
1649 4763 1964 4830 inclinatus.

375 4831 664 4904 impastus,
702 4839 812 4896 imo
861 4841 974 4899 fere
1029 4847 1151 4901 sine.
1197 4865 1364 4906 carne
1404 4853 1660 4907 columna
1713 4855 1966 4923 qua-dam

374 4925 497 4982 viva
527 4937 584 4984 et
607 4931 844 4990 animata
883 4938 1240 4996 consistebat.

2060 4677 2158 4739 τὰς
2189 4677 2601 4746 τεσσαράκοντα
2623 4677 2750 4740 ὅλας
2775 4679 2987 4749 ἡμέρας
3018 4677 3228 4740 ἄδετος,
3261 4678 3511 4744 ἄστεγος,
3547 4674 3643 4743 δρ-

2061 4767 2196 4830 θιος,
2229 4767 2482 4837 ἀκλινὴς.
2521 4768 2729 4834 ἄσιτος,
2787 4767 2988 4839 μικροῦ
3045 4770 3139 4822 καὶ
3190 4769 3430 4839 ἄσαρκος
3457 4767 3645 4820 ἵστατο

2065 4861 2237 4930 στήλη
2266 4878 2351 4923 τις
2388 4861 2537 4924 ζῶσα
2579 4863 2672 4916 καὶ
2707 4861 2970 4933 ἔμψυχος.

1837 5083 2064 5140 CAPUT
2100 5085 2188 5139 lll.

1432 5197 1657 5254 Maximi
1693 5202 1762 5255 ad
1789 5217 1907 5256 eum
1950 5203 2262 5272 populorum
2287 5217 2592 5258 concursus.

451 5307 534 5364 l3.
568 5306 772 5366 Verum
804 5312 1054 5370 ordinem
1083 5331 1267 5372 rerum
1297 5329 1573 5388 gestarum
1601 5331 1788 5376 nostra
1818 5339 1956 5392 prte-

374 5400 544 5456 vertit
568 5403 769 5470 oratio,
792 5419 915 5474 quae
946 5406 1120 5462 instar
1147 5408 1341 5464 ﬂorum
1375 5411 1516 5467 bene
1544 5413 1812 5468 olcntium
1840 5433 1958 5470 om-

376 5490 467 5547 nia
505 5493 576 5548 ad
629 5507 690 5550 se
730 5497 978 5553 trahunt.
1003 5497 1174 5556 Nobis
1207 5517 1334 5558 vero
1365 5504 1640 5574 prioribus
1683 5505 1960 5562 iub-mens

415 5630 569 5712 ._(ll)
602 5629 840 5712 lixponit
884 5633 976 5692 hic
1015 5635 1394 5696 Theodoretus
1446 5649 1722 5698 austeram
1772 5657 1963 5699 eorum

384 5709 502 5752 Vitae
532 5709 826 5758 rationem.

453 5767 566 5854 (12’)
603 5769 950 5854 liibadineira
980 5776 1056 5830 ait
1094 5780 1386 5847 quotannis
1443 5783 1614 5838 semel
1647 5783 1697 5837 id
1736 5782 1964 5854 Symeo.

383 5851 508 5892 arm
527 5838 830 5907 factitasse,
859 5854 1051 5910 postea
1070 5838 1200 5906 vero
1246 5858 1468 5917 propter
1505 5855 1750 5917 corporis
1777 5838 1960 5911 imbe-

2141 5321 2225 5392 ιγ’.
2272 5321 2434 5376 Ἀλλὰ
2459 5320 2875 5394 προφθάνειτὴν
2902 5323 3012 5377 τῶν
3039 5324 3382 5396 πραγμάτων
3414 5321 3644 5378 ἀκολου-

2066 5417 2188 5472 θίαν
2220 5419 2248 5471 ὁ
2287 5416 2467 5485 λόγος,
2509 5413 2728 5480 πάντως
2764 5415 3122 5486 ἐπαγομένων
3167 5415 3303 5486 πρὸς
3344 5411 3507 5468 ὲαυτδ
3543 5431 3644 5467 κα-

2067 5509 2246 5581 Θὰπερ
2271 5509 2338 5564 τὰ
2369 5509 2545 5582 εὐώδη
2577 5509 2684 5562 τῶν
2716 5507 2944 5576 ἀνθέων,
2981 5510 3112 5580 ἡμῖν
3147 5508 3202 5563 δὲ
3231 5508 3340 5564 τῶν
3363 5506 3650 5579 προτέρων

2073 5643 2352 5723 cillitatem
2411 5652 2663 5698 coactum
2717 5644 3105 5723 austeritatem
3146 5645 3438 5700 moderari.
3495 5640 3647 5723 pltat

2072 5713 2478 5769 Theodoretum
2517 5733 2530 5766 :
2567 5729 2757 5768 verum
2811 5713 2861 5767 id
2920 5713 3296 5770 Tbeodoretus
3334 5729 3444 5768 non
3476 5713 3648 5778 dicit;

2069 5785 2228 5853 cujus
2255 5785 2371 5839 haec
2403 5785 2564 5864 verba
2590 5793 2718 5864 sunt
2748 5801 2772 5864 :_
2797 5802 2814 5834 ι
2841 5778 3080 5864 ξΐςιιιρυε
3107 5793 3286 5840 autent
3317 5795 3372 5840 et
3399 5781 3652 5864 as_suel'a«

2067 5855 2176 5911 etio
2213 5858 2444 5910 multum
2470 5855 2706 5911 detraxit
2741 5855 2806 5909 de
2843 5853 3044 5910 labore.
3091 5873 3112 5906 ›
