4156 6408
237 463 350 527 345
1388 461 1564 520 νιΤΑ
1606 460 1670 520 S.
1711 460 1867 520 SYMT

1971 458 2094 518 ms
2129 459 2485 522 smtm.
3469 442 3576 530 346

236 577 355 647 ῆτω
386 571 718 642 ἐχόμενος.
761 572 861 626 Ἑν
892 572 978 643 τῷ
1018 573 1402 644 προειρημένῳ
1443 573 1629 628 τοίνυν
1655 574 1867 644 οίκίσκιι

1990 575 2376 644 progrediatur
2396 575 2664 630 narratio.
2694 575 2753 628 ln
2784 577 3041 645 prmdieta
3067 576 3396 633 domuncula
3427 594 3577 649 post-

240 666 426 734 τρίτον
477 662 983 734 διακαρτερήσας
1014 664 1261 717 ἐνιαυτὸν
1290 665 1385 717 ἐπὶ
1429 665 1531 736 τὴν
1578 664 1867 736 πολυθρύλι

1996 681 2162 736 quam
2187 668 2428 722 triennio
2445 669 2816 737 perdurasset,
2839 668 3175 723 celebratum
3196 670 3349 724 illum
3373 673 3574 727 montis

247 757 405 825 ὶητον
436 752 699 822 ἐκείνην
760 753 866 806 τοῦ
917 754 1082 825 ὅρους
1134 755 1383 824 κοφυερὴν
1447 755 1755 821 ἀναϐαίνει,
1797 774 1866 809 κα

1994 760 2255 815 verticem
2314 761 2582 824 ascendit,
2649 761 2742 815 ubi
2788 761 3139 816 circumcirca
3172 778 3328 816 muro
3362 763 3573 819 cinctus

246 845 436 915 κύκλῳ
455 843 700 914 τειχίον
734 843 1185 914 περιϐαλόμενος
1217 843 1483 916 ὕπαιθρον
1538 847 1637 917 μὲν
1679 848 1778 917 τὴν
1807 847 1867 900 οίε

1995 865 2180 906 casam
2239 854 2543 909 subdialem
2586 854 2797 918 habuit,
2850 854 2901 908 in
2953 871 3059 925 qua
3113 872 3235 910 cum
3282 858 3484 928 frigore
3517 868 3572 912 et

244 956 413 1007 κησιν
435 933 593 1008 εἶχε,
637 936 915 991 καύσωνι
943 940 1040 992 καὶ
1072 937 1239 1008 ψύχει
1264 938 1539 995 παλαίων.
1569 939 1793 992 ’Δλυσιν
1828 939 1867 992 δί

1993 943 2177 997 calore
2226 944 2559 999 luctabatur.
2610 946 2691 999 Ad
2728 947 2843 1000 haec
2881 957 3130 1001 catenam
3173 963 3203 1002 e
3231 948 3374 1001 ferro
3402 950 3571 1018 longi-

255 1032 488 1099 σιδηρᾶν
548 1031 811 1101 πήχεων
844 1030 1021 1084 εῐκοσι
1078 1032 1472 1101 κατεσκεύασε,
1525 1032 1619 1086 καὶ
1655 1032 1867 1101 θάτεροη

1996 1034 2188 1088 tudine
2204 1035 2513 1090 cubitorum
2548 1035 2734 1106 viginti
2767 1036 2869 1091 sibi
2898 1049 3197 1108 comparat,
3224 1040 3377 1110 cujus
3404 1056 3567 1093 unam

266 1124 360 1192 μὶν
382 1123 502 1177 τῶν
550 1122 770 1193 ἄκρων
794 1121 974 1193 αὐτῆς
1004 1122 1183 1194 πέτρᾳ
1228 1124 1336 1178 τινί
1374 1126 1608 1197 μεγίστῃ
1643 1125 1859 1196 ὲνείρας

1992 1126 2393 1180 extremitatem
2438 1127 2643 1198 ingenti
2698 1142 2833 1182 saxo
2892 1130 3156 1194 annectit,
3197 1131 3421 1184 alteram
3473 1148 3569 1197 per

269 1217 493 1287 θάτερον
519 1217 586 1270 δὲ
614 1216 720 1271 διά
749 1233 904 1280 τινος
934 1218 1127 1287 κρίκου
1153 1217 1231 1288 τῷ
1264 1220 1450 1290 οἰκείῳ
1500 1220 1625 1273 ποδὶ
1650 1221 1887 1288 ἐνήρμο-

272 1323 383 1371 σεν,
420 1305 499 1367 ὡς
526 1305 604 1360 ἂν
640 1306 798 1376 μηδὶ
827 1306 1038 1377 σφόδρα
1061 1306 1261 1361 ἐθέλων
1293 1306 1398 1373 ἔξω
1428 1307 1538 1361 τῶν
1571 1308 1713 1379 ὅρων
1743 1308 1889 1362 ὲκεί-

269 1398 590 1453 νωνάπίοι.
623 1397 931 1470 Διέτριϐεν
976 1398 1126 1453 ἔνδον
1163 1400 1248 1452 ἀεὶ
1274 1397 1351 1470 τῷ
1390 1400 1634 1470 οὐρανίῳ
1693 1399 1883 1459 κάλλει

278 1491 434 1559 μόνῳ
466 1487 840 1553 ένατενίζων,
868 1489 982 1551 τοῖς
1012 1490 1071 1542 ὲν
1098 1488 1247 1558 αὐτῷ
1278 1506 1339 1541 τε
1358 1489 1625 1559 θεάμασιν
1658 1489 1882 1559 ὲμφιλο-

286 1582 517 1651 χωρῶν,
541 1581 642 1634 καὶ
665 1580 888 1636 πλείονι
919 1582 998 1651 τῷ
1047 1580 1198 1651 πόθῳ
1227 1583 1322 1635 καὶ
1367 1582 1688 1652 θερμοτέρῳ
1744 1582 1883 1649 πρὸς

295 1671 516 1725 ἐκείνου
557 1672 892 1742 δημιουργὸν
928 1674 1286 1742 ἀναγόμενος.
1321 1673 1581 1736 Μελέτιος
1616 1673 1693 1737 δὲ,
1727 1668 1769 1740 ᾦ
1813 1674 1881 1727 τὰ

294 1763 707 1831 τῆςεὼεϐείας
734 1762 1044 1833 τηνικαῦτα
1088 1764 1390 1833 ὲνίδραστο,
1425 1764 1516 1816 τὸν
1563 1764 1881 1833 ἀρχιερατι-

285 1854 385 1907 κόν
421 1856 619 1924 θρόνον
656 1855 762 1924 τῆς
803 1857 1080 1925 Ἀντιόχου
1128 1856 1352 1919 διέπων,
1398 1856 1539 1923 μετά
1604 1857 1730 1909 θέαν
1786 1856 1878 1909 τοῦ

1989 1218 2253 1271 annulum
2290 1220 2512 1289 proprio
2552 1221 2676 1290 pedi
2699 1222 2922 1292 adaptat
2953 1222 3090 1289 (l3).
3123 1231 3183 1276 ut
3213 1239 3279 1277 ne
3308 1224 3351 1277 si
3409 1225 3567 1276 vellet

1988 1309 2210 1378 quidem
2235 1310 2435 1367 limites
2453 1321 2689 1368 statutos
2708 1314 2943 1369 transire
2966 1324 3170 1383 posset.
3193 1315 3393 1369 Verum
3420 1316 3566 1368 intus

1989 1410 2256 1470 perpetuo
2313 1403 2652 1465 morabatur,
2716 1404 2810 1458 uni
2857 1405 2997 1460 ctelo
3049 1406 3371 1471 intendens;
3403 1406 3565 1473 inque

1987 1493 2107 1561 ejus
2135 1494 2208 1548 ita
2241 1494 2490 1550 haerebat
2510 1494 2720 1551 deﬁxus
2753 1505 2998 1565 aspectu,
3053 1498 3205 1565 quasi
3235 1497 3345 1564 jam
3382 1498 3564 1551 animo

1988 1583 2296 1639 inhabitare
2328 1584 2647 1653 videretur;
2682 1587 2878 1655 majori
2923 1594 3107 1641 tamen
3138 1602 3202 1642 ac
3250 1587 3562 1641 ferventiori

1987 1674 2258 1731 desiderio
2282 1675 2338 1729 in
2363 1676 2669 1732 caelestium
2699 1692 2883 1732 rerum
2906 1676 3241 1731 conditorem
3264 1676 3561 1729 ferebatur.

1988 1761 2144 1817 Tunc
2191 1763 2443 1819 Mcletius
2473 1763 2608 1834 (14),
2641 1764 2724 1817 vir
2755 1763 2807 1817 in
2848 1781 2955 1834 quo
2985 1766 3184 1835 religio
3218 1764 3398 1819 sedem
3432 1762 3563 1817 ﬁxe-

1987 1861 2089 1915 rat,
2161 1854 2252 1923 qui
2320 1854 2698 1925 patriarcltalis
2764 1854 3065 1910 Δηιίοοιιίιυ
3126 1853 3304 1909 throni
3363 1853 3560 1924 guber-

282 1947 480 2020 ἀνδρὸς
502 1949 932 2019 παραγεγονὼς.
963 1945 1051 2003 οἷα
1080 1950 1178 2018 τῆς
1212 1949 1341 2018 περὶ⁵
1360 1947 1526 2001 αὑτοῦ
1569 1950 1759 2019 φήμης
1790 1950 1867 2005 διὰ

1988 1945 2181 1999 uacula
2207 1946 2449 2009 tenebat,
2476 1946 2543 2000 ad
2573 1948 2670 1999 viri
2724 1948 3094 2015 spectaculum
3123 1946 3356 2009 excitus,
3417 1944 3557 1997 fama

285 2043 504 2094 πάντων
529 2036 856 2110 χωρούσης.
892 2036 1115 2107 Ἐπειδὴ
1170 2038 1359 2092 τοῦτον
1394 2038 1566 2101 οὕτως
1628 2039 1877 2108 ὑπαίθρῳ

283 2136 346 2201 τῇ
384 2131 643 2200 διαγωγῇ
707 2127 1001 2197 χρώμενον
1039 2123 1168 2188 εἶδε.
1230 2128 1368 2199 πρὸς
1421 2128 1477 2182 δὲ
1514 2130 1610 2183 καὶ
1664 2128 1740 2198 τῷ
1770 2129 1877 2181 ἀπὸ

287 2229 508 2297 σιδήρου
542 2226 748 2295 δεσμῷ
777 2225 873 2278 τὸν
897 2227 1087 2295 ἓτερον
1116 2225 1224 2279 τῶν
1257 2225 1436 2278 ποδῶν
1472 2224 1875 2294 πεπεδημένον,

285 2321 351 2374 τὰ
369 2320 464 2391 μιν
487 2318 641 2372 ἄλλα
669 2319 733 2369 ὲν
751 2317 1030 2386 θαύματος
1054 2317 1195 2387 λόγῳ
1222 2320 1460 2370 suetam
1479 2331 1492 2345 °
1521 2316 1612 2371 τὸν
1639 2316 1696 2368 δὲ
1723 2315 1875 2385 σίδη-

282 2430 373 2485 ρον
394 2414 499 2465 οὐκ
527 2410 762 2482 ὲπῂνει,
796 2410 1050 2480 περιττὸν
1070 2412 1233 2464 αὑτὸν
1271 2409 1413 2464 εἶναι
1450 2411 1644 2479 λέγων,
1674 2409 1877 2482 ἀρκού-

276 2520 374 2571 aq;
401 2504 504 2573 τῆς
539 2501 790 2572 γνώμης
804 2501 1003 2569 λογικὰ
1024 2500 1101 2572 τῷ
1121 2503 1333 2571 σώματι
1355 2502 1661 2573 περιθεῖναι
1676 2502 1874 2574 δεσμά.

268 2597 537 2650 Πείθεται
567 2593 797 2658 τούτοις
849 2595 880 2648 ό
904 2594 1217 2665 θαυμαστὸς
1247 2594 1494 2663 Συμεὼν,
1531 2599 1626 2649 καὶ
1669 2595 1875 2665 χαλκέα

270 2689 557 2759 κληθῆναι
587 2686 888 2751 κελεύσας,
917 2686 1075 2740 λῦσαι
1101 2689 1199 2757 μὲν
1220 2688 1506 2757 ἐπιτρέπει
1532 2688 1628 2741 τοῦ
1652 2689 1876 2758 σιδήρου

273 2780 363 2834 τδν
401 2780 553 2833 πόδα
572 2795 592 2811 ο
617 2781 649 2832 ὁ
671 2778 733 2831 δὲ
759 2778 857 2832 καὶ
883 2777 1093 2841 λυθεὶς,
1121 2779 1271 2846 ὅμως
1302 2778 1421 2831 οὗδέ
1456 2778 1599 2831 οὓτω
1622 2780 1748 2841 τοὺς
1774 2778 1876 2846 τῆς

277 2870 529 2933 ἁλύσεως
576 2867 949 2939 ὑπερέϐαινεν
1001 2869 1193 2936 δρους·
1232 2871 1448 2936 συνεῖχε
1511 2873 1621 2939 γὰρ
1675 2868 1875 2938 μᾶλλον

279 2961 440 3014 αείτδν
471 2962 502 3016 ὁ
558 2959 661 3016 τοῦ
713 2958 959 3033 Χριστοῦ
995 2958 1157 3023 πάθος
1210 2960 1321 3012 τῶν
1373 2959 1482 3013 ἀπὸ
1521 2958 1614 3011 τοῦ
1653 2959 1873 3031 σιδήρου

275 3055 519 3125 δεσμῶν.

341 3148 431 3203 ιδ’.
474 3146 639 3201 Καθδ
670 3145 735 3197 δὲ
776 3143 946 3214 μέρος
984 3144 1079 3198 τοῦ
1110 3144 1339 3208 σκέλους
1373 3146 1401 3198 ὁ
1435 3144 1650 3213 σίδηρος
1684 3144 1872 3198 τοῦτον

1976 2036 2086 2104 jam
2125 2037 2278 2108 longe
2309 2038 2524 2107 lateque
2548 2048 2823 2101 currente,
2854 2048 3139 2107 postquam
3167 2037 3318 2090 illum
3340 2038 3440 2089 sub
3470 2037 3561 2087 (Im

1981 2128 2226 2184 habitare
2255 2129 2407 2194 vidit,
2434 2129 2499 2185 ad
2530 2128 2646 2184 haec
2671 2138 2917 2184 catenam
2980 2128 3212 2183 ferream
3248 2128 3401 2182 alteri
3436 2129 3555 2196 pedi

1981 2219 2293 2290 alligatam;
2338 2221 2444 2276 alia
2477 2221 2699 2291 quidem
2740 2221 3121 2277 admirationis
3174 2221 3298 2275 loco
3345 2221 3555 2286 habuit,

1980 2310 2215 2366 ferream
2270 2320 2455 2367 autem
2489 2324 2736 2369 catenam
2786 2315 3014 2368 minime
3046 2313 3312 2383 probavit,
3367 2330 3558 2383 super-

1979 2401 2147 2457 lluam
2178 2418 2301 2458 esse
2353 2402 2565 2471 dicens,
2623 2406 3064 2475 quandoquidem
3108 2421 3262 2460 mens
3291 2406 3562 2462 subiceret

1978 2497 2047 2552 ad
2092 2498 2477 2566 apponendum
2537 2499 2752 2554 vincula
2792 2499 3138 2555 rationabilia
3170 2499 3405 2568 corpori.
3457 2498 3557 2555 llis

1978 2589 2098 2643 sine
2124 2603 2274 2644 mora
2313 2589 2665 2646 admirandus
2685 2591 2775 2645 ille
2812 2591 3049 2661 Symeon
3082 2591 3441 2661 obtemperat.
3491 2608 3557 2648 ac

1977 2676 2135 2733 fabro
2167 2678 2350 2733 vocari
2372 2679 2543 2749 jusso,
2579 2680 2773 2749 pedem
2801 2680 2979 2734 ferreo
3007 2679 3227 2734 vinculo
3282 2681 3417 2735 solvi
3454 2681 3557 2735 im-

1979 2780 2136 2840 perat
2169 2792 2180 2826 :
2210 2788 2398 2826 verum
2430 2772 2671 2839 solutus,
2707 2788 2890 2842 neque
2942 2773 3018 2827 sic
3048 2781 3253 2829 catena:
3290 2775 3554 2829 terminos

1979 2861 2215 2915 excessit
2243 2879 2256 2914 :
2311 2863 2517 2932 quippe
2548 2878 2703 2917 amor
2739 2864 2939 2919 Christi
2973 2864 3124 2920 illum
3146 2864 3294 2919 omni
3332 2865 3557 2921 vinculo

1978 2952 2158 3011 ferreo
2187 2955 2359 3028 magis
2393 2954 2641 3011 strictum
2673 2956 2913 3011 tenebat.

2049 3127 2141 3183 14.
2179 3126 2349 3182 Porro
2387 3129 2436 3185 ei
2463 3129 2610 3185 tibiae
2636 3128 2807 3201 parti,“
2834 3142 2967 3200 qum
2989 3127 3134 3185 ferro
3160 3126 3551 3199 circumcinge-

270 3238 722 3310 περιελάμϐανε,
771 3237 905 3307 δορὰ
935 3236 1208 3308 προϐάτου
1261 3235 1740 3307 προῦποϐέϐλητο,
1777 3235 1867 3290 τὸν

1977 3219 2159 3286 batur,
2208 3221 2365 3290 pellis
2401 3231 2518 3277 erat
2556 3222 2719 3277 ovina
2767 3223 3064 3293 supposita,
3092 3240 3210 3292 qua:
3242 3223 3385 3277 idem
3422 3238 3549 3276 cum

272 3332 391 3385 ἶσον
427 3331 529 3382 καὶ
558 3329 706 3399 αὑτὴ
735 3329 811 3399 τῷ
839 3329 1042 3399 σιδήρῳ
1066 3328 1162 3382 τοῦ
1182 3329 1405 3392 σκέλους
1440 3329 1717 3398 ἐπέχουσα
1780 3328 1868 3382 τό·

275 3437 396 3484 πον,
418 3420 580 3481 ὅπως
607 3417 687 3487 μὴ
721 3419 905 3487 γυμνῇ
937 3416 1282 3487 προσομιλῶν
1328 3412 1393 3486 τῇ
1427 3414 1591 3485 σαρκὶ
1627 3430 1871 3483 τραυμα-

274 3512 412 3572 τίζοι
441 3526 506 3564 τε
537 3508 742 3577 αὐτὴν,
764 3506 860 3560 καὶ
888 3505 1069 3576 φέρων
1109 3507 1190 3571 είς
1218 3505 1431 3574 πληγὰς
1455 3505 1604 3575 ἀνιᾷ.
1650 3504 1867 3575 Ἐπειδὴ

274 3600 393 3666 οὖν,
424 3602 518 3654 ὅτε
546 3599 646 3653 τοῦ
695 3599 917 3670 σιδήρου
950 3598 1144 3668 λυθείη
1188 3598 1409 3668 δεσμὸς,
1440 3598 1535 3651 καὶ
1573 3596 1607 3666 ὴ
1640 3596 1866 3650 ὑποκει-

276 3694 420 3762 μένη
448 3689 785 3760 ἀφαιρεθείη
838 3689 991 3761 δορὰ,
1031 3689 1214 3760 κόρεις
1253 3690 1473 3753 πλείους
1504 3689 1613 3750 τῶν
1661 3689 1867 3742 εῐκοσιν

276 3782 697 3850 ἱμεροὺεύοντες
728 3780 806 3851 τῷ
829 3781 1011 3835 σκέλει
1031 3781 1287 3853 ὁρῶνται,
1321 3783 1416 3836 κα)⁵
1444 3781 1544 3852 τὴν
1578 3781 1758 3853 σάρκα
1784 3781 1864 3851 τῷ

287 3871 437 3941 ἁγίῳ
489 3872 892 3943 ἐπινεμόμενοι.
941 3873 1051 3927 Καί
1104 3890 1172 3942 με
1225 3873 1411 3944 μηδεὶς
1456 3873 1865 3944 ἐπιχλευαζέτω

289 3960 396 4025 τῆς
428 3959 663 4029 ἱστορίας
688 3962 759 4024 ὡς
793 3963 1045 4033 μεγάλων
1069 3964 1250 4033 ἔργων
1270 3964 1365 4016 καὶ
1393 3962 1688 4033 ὑπερφυῶν
1725 3979 1862 4016 παν-

287 4068 349 4103 το
361 4050 524 4122 χξθεν
546 4055 939 4124 περιρρεόντων
961 4071 977 4086 ο
998 4052 1110 4123 ἐγὼ
1131 4054 1208 4119 δὲ,
1236 4054 1358 4107 οὐδὲ
1382 4053 1491 4106 τῶν
1513 4053 1860 4107 λεπτοτάτων

281 4144 611 4213 ἀφίσταμαι,
648 4147 771 4200 οὐδὲ
822 4149 933 4217 γὰρ
967 4149 1051 4201 ὄτι
1101 4148 1273 4219 μικρᾶ
1325 4147 1520 4212 ταῦτα,
1573 4149 1619 4198 οἱ
1677 4146 1863 4216 κόρεις

273 4236 447 4303 φημὶ,
483 4238 659 4308 μικρὰ
696 4239 847 4309 καὶὴ
877 4240 1013 4311 πρὸς
1043 4239 1141 4303 τὰς
1178 4238 1392 4309 πληγὰς
1426 4238 1534 4291 τῶν
1564 4238 1861 4308 δηγμάτων

267 4329 458 4399 ιδρνη,
499 4331 597 4381 καὶ
649 4330 907 4384 τοσοῦτον
953 4333 1204 4402 ἐμποιεῖν
1244 4330 1516 4399 δυναμένη
1562 4328 1623 4381 τὸ
1654 4328 1855 4397 ἄλγος’

267 4423 452 4474 ίσασιν
481 4423 531 4475 οί
557 4422 988 4491 πεπειρωμένοι.
1030 4423 1274 4493 Ἀπὸχρη
1327 4421 1426 4491 μὲν
1456 4420 1566 4490 γὰρ
1593 4420 1686 4474 καὶ
1710 4421 1738 4472 ὁ
1770 4419 1855 4471 σί-

265 4514 431 4582 δηρος
473 4515 557 4576 είς
603 4514 848 4584 μείζονος
892 4514 1165 4580 ἀπόδειξιν
1210 4512 1533 4585 καρτερίας,
1568 4512 1715 4565 τὸδὲ
1763 4511 1858 4564 καὶ

1978 3308 2294 3367 ίοιτοιίὺὶτε
2326 3313 2562 3383 spatium
2594 3315 2915 3383 occupabat,
2967 3329 3036 3368 ue
3063 3313 3203 3368 forte
3243 3314 3296 3368 in
3348 3313 3548 3367 nudam

1973 3418 2195 3459 carnem
2257 3405 2571 3477 impingens
2596 3421 2716 3460 eam
2756 3406 2991 3477 graviter
3030 3406 3354 3462 vulneraret.
3396 3405 3549 3459 Post-

1971 3511 2133 3566 quam
2168 3496 2335 3568 igitur
2377 3497 2558 3553 l'errea
2588 3506 2779 3555 catena
2832 3499 3007 3555 soluza
3042 3508 3146 3566 est,
3178 3515 3239 3554 ac
3269 3500 3549 3569 supposita

1971 3589 2129 3660 pellis
2156 3590 2355 3657 ablata,
2386 3591 2609 3648 cimices
2644 3593 2830 3661 plures
2851 3592 3065 3659 (15-16)
3088 3608 3248 3660 quam
3276 3592 3465 3662 viginti
3489 3592 3547 3646 in

1969 3681 2102 3736 tibia
2129 3681 2248 3750 ejus
2300 3682 2601 3742 latitantes,
2635 3698 2967 3751 carnemque
3003 3689 3358 3751 depascentes
3380 3696 3547 3750 appa-

1969 3788 2147 3826 ruere.
2179 3772 2366 3841 Neque
2396 3789 2484 3828 me
2530 3773 2620 3829 hic
2668 3773 2959 3843 quisquam
3002 3774 3127 3841 jure
3156 3773 3542 3842 reprehendat.

1966 3865 2059 3934 qui
2093 3864 2197 3919 ista
2224 3880 2463 3929 narrem,
2490 3880 2613 3919 cum
2642 3866 2742 3919 alia
2783 3881 2976 3935 magna
3004 3874 3059 3919 et
3112 3862 3547 3933 supernaturalia

1967 3965 2278 4025 suppetant,
2312 3970 2433 4024 qua:
2468 3966 2971 4010 commemorentur
3000 3971 3187 4025 opera.
3209 3955 3339 4010 Nam
3367 3971 3546 4024 neque

1964 4047 2080 4103 lucc
2118 4046 2437 4103 tenuissima
2468 4046 2902 4117 prmtermittam,
2936 4063 3114 4117 neque
3144 4049 3286 4117 quod
3317 4048 3544 4103 cimices

1965 4139 2158 4210 exigua
2180 4146 2310 4193 sunt
2335 4137 2682 4203 animalcula,
2710 4138 2913 4192 ideirco
2951 4148 3006 4192 et
3052 4139 3277 4208 exiguos
3329 4138 3381 4191 in
3439 4140 3544 4194 bu-

1963 4245 2126 4286 mano
2175 4247 2407 4301 corpore
2466 4230 2740 4285 morsibus
2768 4230 2883 4285 suis
2908 4230 3128 4286 dolores
3194 4241 3402 4295 creant,
3452 4240 3549 4286 aut

1962 4325 2145 4377 minus
2181 4323 2378 4377 indunt
2404 4322 2687 4377 molestiae.
2716 4322 2930 4375 Norunt
2956 4322 3007 4377 id
3041 4323 3130 4389 qui
3158 4322 3363 4392 experti
3394 4332 3545 4376 sunt.

1964 4409 2278 4465 SulIicicbat
2330 4411 2584 4480 equidem
2640 4421 2833 4465 catena
2884 4412 2950 4465 ad
2984 4411 3204 4479 majmis
3245 4411 3553 4466 tolerantiae

1962 4500 2265 4569 specimen,
2308 4516 2499 4555 verum
2547 4500 2939 4555 accedentibus
2968 4501 3193 4571 insuper
3234 4502 3544 4568 cimicibns,

263 4611 392 4672 τοὺς
429 4610 623 4680 κόρεις
661 4613 951 4681 προσῆναι,
974 4612 1068 4664 καὶ
1095 4610 1289 4680 χρόνον
1309 4608 1562 4662 τοσοῦτον
1592 4607 1669 4677 τῷ
1697 4607 1852 4678 κακῴ

1971 4596 2117 4642 tanto
2150 4597 2395 4657 tempore
2429 4588 2479 4641 in
2536 4589 2638 4643 hoc
2674 4589 2815 4642 malo
2875 4589 3190 4657 perdurare,
3239 4591 3548 4659 praesertim

256 4700 445 4770 τοῦτῳ
473 4702 859 4772 εὐκαρτερείν,
884 4702 1058 4765 ἄλλως
1080 4718 1138 4755 τε
1171 4700 1232 4754 τὸ
1257 4700 1352 4755 καὶ
1385 4702 1515 4772 ῥᾷον
1541 4699 1600 4754 ὃν
1622 4704 1688 4772 τῇ
1707 4701 1851 4771 χειρὶ

256 4793 490 4855 τούτους
522 4792 789 4856 πατάξαι,
843 4794 937 4847 καὶ
988 4794 1094 4848 τῶν
1124 4793 1325 4846 ὀδυνῶν
1358 4792 1759 4862 ἀπαλλαγῆναι,
1791 4793 1852 4845 τὸ

256 4881 318 4935 δὲ
348 4882 585 4953 τρέφειν
636 4900 698 4936 τε
745 4885 943 4954 μᾶλλον
996 4885 1092 4939 καὶ
1137 4884 1518 4938 καταπιαίνειν
1553 4883 1749 4946 αὐτοὺς
1780 4886 1847 4955 τῇ

260 4976 452 5044 σαρκὶ,
484 4977 613 5030 τίνα
642 4977 938 5048 καρτερίας
966 4976 1272 5049 ὑπερϐολὴν
1300 4975 1655 5043 καταλείπῃ

331 5190 413 5250 ιε’.
442 5196 561 5267 Τῆς
604 5197 937 5269 τοῦΣυμεὼν
973 5199 1153 5253 τοίνυν
1178 5200 1371 5270 φήμης
1396 5201 1500 5254 οὐκ
1528 5200 1678 5254 ἐστιν
1702 5201 1852 5263 ὅπως

254 5287 333 5358 μὴ
383 5287 739 5359 ϐιαθεούσης,
796 5290 1127 5361 συρρέοντας
1183 5290 1320 5361 πρὸς
1376 5291 1542 5345 αὐτὸν
1595 5290 1752 5360 ἴσμεν
1790 5292 1850 5346 οὐ

247 5381 382 5441 τοὺς
420 5381 489 5432 ἐκ
528 5381 789 5448 γειτόνων
830 5382 1013 5452 μόνον,
1052 5382 1188 5435 ἀλλὰ
1222 5383 1348 5445 τοὺς
1401 5384 1502 5452 μὲν
1547 5384 1852 5452 ἀπέχοντας

246 5473 474 5526 πολλῶν
505 5472 733 5543 ἡμερῶν
778 5475 919 5542 ὁδὸν,
968 5476 1096 5538 τοὺς
1132 5476 1190 5529 δὲ
1236 5477 1329 5529 καί⁵
1370 5476 1555 5546 μηνῶν
1581 5517 1594 5539 ,
1639 5477 1732 5529 καὶ
1774 5478 1851 5541 ὼς

249 5566 495 5618 ἔκαστον
525 5560 642 5635 εἶχε
672 5566 877 5631 πάθους
927 5568 1031 5637 τὴν
1069 5567 1367 5639 θεραπείαν
1419 5568 1725 5631 αἰτοῦντας.
1761 5571 1840 5623 Οὐ

325 5766 442 5829 (l3)
485 5766 819 5822 Tltrodoret.
855 5767 1040 5821 dextro
1074 5769 1213 5836 pedi.

329 5838 445 5909 (li)
486 5837 623 5903 Quis
647 5838 916 5909 bicjucrit
941 5838 1206 5909 Meletius,
1232 5838 1584 5907 quaesivimus
1609 5839 1661 5893 in
1684 5841 1837 5909 przcl'.

1960 4694 2083 4732 cum
2112 4676 2270 4731 facile
2300 4688 2448 4739 esset
2475 4687 2529 4732 ct
2554 4694 2717 4731 manu
2769 4678 3040 4741 occidere,
3071 4687 3127 4731 et
3163 4678 3241 4730 sic
3267 4693 3295 4730 a
3329 4679 3542 4733 dolori-

1957 4769 2061 4823 bus
2088 4769 2327 4834 liberari,
2370 4787 2505 4839 quos
2543 4771 2653 4840 jam
2702 4778 2890 4822 contra
2923 4776 2977 4821 et
3012 4769 3219 4821 nutrire
3256 4772 3542 4841 pergebat,

1958 4871 2013 4914 et
2081 4862 2298 4931 propria
2353 4877 2519 4917 carne
2584 4861 2869 4931 saginare,
2930 4874 3091 4928 quam
3152 4874 3259 4912 non
3318 4862 3541 4915 tandem

1956 4952 2307 5022 quantumvis
2338 4951 2565 5007 illustris
2593 4950 2893 5006 toictantite
2941 4952 3372 5020 magnitudinem
3394 4953 3542 5007 adae-

1954 5044 2124 5113 quat?

2025 5200 2107 5254 15.
2147 5200 2433 5270 Symeonis
2466 5202 2631 5273 igitur
2667 5203 2812 5258 fama
2863 5203 2975 5274 jam
3008 5201 3197 5257 nescio
3241 5217 3378 5272 quas
3421 5217 3536 5256 non

1947 5295 2098 5350 orbis
2118 5296 2302 5367 plagas
2324 5296 2483 5368 longe
2512 5297 2730 5368 lateque
2752 5308 3132 5368 percurrente,
3152 5297 3219 5352 ad
3248 5311 3372 5351 eum
3401 5312 3534 5351 con-

1946 5386 2170 5441 ﬂuxisse
2199 5389 2453 5443 novimus
2487 5404 2597 5443 non
2630 5398 2841 5444 tantum
2872 5389 3102 5455 vicinos,
3141 5404 3331 5443 verum
3365 5389 3535 5443 etiam

1945 5479 2239 5534 multorum
2267 5480 2503 5544 dierum,
2540 5480 2648 5536 into
2682 5482 2951 5535 mensium
3004 5480 3198 5534 itinere
3231 5481 3525 5543 distantes,

1946 5586 2052 5640 qua
2084 5569 2316 5640 quisque
2348 5572 2703 5641 torquebatur
2719 5572 2989 5637 molestia,
3028 5571 3149 5642 ejus
3184 5571 3531 5627 curationem

1943 5771 2531 5842 ebenumgrpiscopum
2572 5772 2795 5827 faciunt.

2015 5839 2571 5913 (15_-16)’Non'recte
2603 5844 2767 5896 vertit
2798 5840 3032 5912 Villegas
3077 5840 3360 5913 mosquitos
3409 5839 3535 5896 sive

256 5904 290 5976 ί
320 5908 378 5962 3.
406 5906 656 5975 Hunnus,
686 5907 941 5972 Crusius,
973 5908 1050 5962 Me
1079 5904 1363 5978 aphratstcs
1398 5919 1453 5963 et
1496 5909 1582 5962 alii
1641 5904 1835 5966 Aittio-
1938 5904 2229 5980 cyriiphcs}
2263 5912 2501 5966 diiudica
2534 5912 2702 5967 voluit
2730 5904 2994 5974 scribere.
