4152 6402
569 441 676 505 347

1786 442 2072 502 MENSIS
2112 441 2579 506 JANUARIUS.

3743 442 3864 505 348

570 557 899 630 ﬂagitantes.
931 555 1117 626 Neque
1146 558 1336 626 quales
1366 558 1430 610 ad
1467 572 1591 611 eum
1614 557 2003 617 adventabant.
2026 556 2159 608 tales

2282 559 2451 611 ιέντοι
2476 563 2540 629 τῇ
2579 560 2715 631 πρὸς
2748 559 2911 613 αὐτὸν
2936 557 3117 628 ἀερίξει
3155 558 3544 627 παραπλησίαν
3566 559 3864 612 ἐποιοῦντο

577 654 993 707 revertebantur
1028 651 1163 704 :sed
1186 666 1310 703 cum
1333 650 1517 705 tristes
1561 658 1617 704 et
1646 651 1823 704 moesti
1878 650 2154 713 venirem,

577 742 684 797 laeti
707 752 761 797 et
796 742 994 796 hilares
1016 742 1371 800 recedebant.
1398 756 1620 795 suarum
1650 741 1846 811 singuli
1882 741 2071 809 a-grizu
2097 742 2159 795 'i-

577 847 709 888 num
739 841 952 901 reperta
983 832 1298 893 curatione;
1332 831 1569 899 denique
1614 830 1762 884 omni
1793 831 2079 884 vexatione
2105 841 2161 886 et

576 923 887 978 calamitate
919 924 1186 991 deposita,
1214 924 1335 978 laeta
1368 938 1500 978 voce
1535 931 1589 977 et
1619 923 1797 991 lingua
1824 922 2024 993 gratias
2054 922 2163 977 Deo

578 1028 633 1073 et
660 1018 914 1089 Symeoni
937 1028 1178 1089 agentes.
1210 1016 1401 1072 Omnis
1422 1016 1587 1087 igitur
1613 1015 1717 1077 via,
1744 1030 1866 1084 qua:
1899 1014 1967 1068 ad
2017 1016 2163 1068 hunc

580 1112 854 1165 medicum
875 1109 1103 1173 ferebat,
1123 1108 1222 1163 fori
1242 1109 1478 1178 speciem
1496 1107 1830 1171 imitabatur;
1847 1106 1997 1161 locus
2012 1121 2161 1171 vero,

580 1206 637 1258 in
669 1219 829 1272 quem
857 1202 1082 1257 aliluens
1110 1202 1399 1256 multitudo
1432 1201 1886 1271 congregabatur,
1928 1199 2167 1254 civitatis

582 1297 814 1351 formam
843 1297 1156 1358 exhibebat,
1214 1296 1299 1349 his
1330 1295 1581 1348 morbum
1644 1293 2029 1348 miserabiliter
2072 1292 2169 1346 de-

584 1391 946 1457 plorantibus,
974 1389 1095 1443 aliis
1124 1388 1377 1457 adeptam
1413 1387 1703 1441 sanitatem
1736 1385 2163 1441 celebrantibus.

580 1483 770 1554 Neque
818 1484 921 1538 hoc
971 1482 1138 1537 semel
1179 1489 1415 1542 tantum,
1453 1479 1552 1533 sed
1608 1477 1806 1548 stepius
1852 1478 2067 1545 accidit,
2108 1489 2169 1535 ut

580 1575 674 1645 qui
705 1573 887 1645 populi
918 1573 1132 1628 turbam
1160 1571 1380 1627 eminus
1415 1570 1694 1635 cernebat,
1727 1570 2007 1625 civitatem
2048 1585 2173 1626 esse

581 1667 917 1735 conjiceret;
971 1665 1225 1719 cominus
1301 1674 1482 1719 autem
1549 1663 1833 1719 accedenti
1890 1680 1999 1719 non
2058 1664 2173 1733 jam

581 1759 796 1824 civitas,
823 1759 919 1813 sed
944 1759 1243 1812 multarum
1302 1760 1523 1812 urbium
1578 1758 1931 1829 congregatio
1974 1773 2176 1814 ερρυη-

584 1850 715 1905 dum
740 1848 1149 1904 multitudinem
1172 1848 1558 1903 distinclarum
1580 1864 1699 1904 esse
1726 1849 2027 1904 videretur.

659 2111 747 2166 l6.
788 2111 931 2178 Quid
979 2113 1141 2168 modo
1186 2114 1385 2169 attinet
1428 2114 1596 2184 Syros
1648 2126 1744 2171 aut
1790 2108 2023 2182 Cilices,
2080 2128 2177 2173 aut

588 2206 910 2261 Phoenicum
970 2223 1161 2278 greges
1202 2223 1557 2272 enumerare,
1618 2219 1713 2263 aut
1753 2211 2174 2281 quibuscnnque

588 2297 960 2356 Romanorum
988 2301 1224 2356 innotuit
1247 2302 1561 2370 sceptrum?
1587 2302 1758 2357 Etiam
1785 2306 2173 2359 lsmaelitarum

588 2393 762 2455 natio,
800 2402 855 2447 et
887 2394 1151 2457 Arabum,
1188 2395 1473 2449 Persarum
1511 2410 1748 2464 quoque.
1790 2398 2174 2450 Armeniorum

588 2495 645 2539 et
675 2487 990 2556 quicunque
1038 2486 1268 2541 lberiam
1307 2489 1539 2558 pepnlus
1577 2490 1786 2553 incolit,
1835 2505 1901 2544 eo
1929 2489 2174 2543 conﬂue-

590 2580 703 2632 bat.
737 2578 880 2644 Quin
908 2581 1015 2633 into
1043 2589 1099 2634 et
1130 2579 1423 2636 llomcrita:
1447 2591 1501 2636 et
1531 2582 1618 2635 his
1642 2581 1983 2644 remotiores,
2015 2583 2176 2650 hujus

588 2671 946 2742 multilingua:
967 2672 1341 2728 multitudinis
1372 2689 1664 2728 numerum
1693 2673 2012 2743 implebant.
2074 2674 2177 2726 Ad-

589 2765 969 2819 ventabantcx
997 2764 1293 2821 Occidente
1310 2783 1418 2820 non
1456 2767 1636 2837 pauci,
1670 2777 1728 2821 ut
1764 2767 2030 2834 Britanni,
2082 2767 2174 2821 lli-

587 2859 741 2927 spani
771 2867 827 2913 et
861 2859 1020 2925 Galli,
1057 2867 1111 2915 et
1150 2862 1465 2930 quicunque
1516 2862 1658 2915 inter
1685 2862 1892 2916 medias
1925 2862 2175 2934 regiones

588 2951 992 3008 inhabitabant.
1866 2946 1883 2961 Χ

663 3044 751 3099 17.
798 3045 892 3099 Vix
920 3047 1103 3101 verbis
1126 3049 1437 3118 exprimere
1467 3047 1619 3113 licet,
1647 3056 1912 3117 quantutn
1942 3048 1994 3102 in
2027 3046 2175 3102 Italia

591 3137 758 3208 hujus
797 3138 899 3193 viri
944 3139 1118 3194 virtus
1165 3141 1549 3209 splenduerit:
1583 3140 1788 3195 etenim
1834 3139 2009 3194 Ruina
2058 3138 2176 3210 ipsa

2262 651 2357 703 xui
2388 650 2484 721 τὴν
2515 652 2778 705 ἐπάνοδον
2809 669 2822 683 ·
2860 650 2996 706 ἀλλὰ
3030 651 3248 715 στυγνοὶ
3276 652 3371 702 καὶ
3395 652 3661 719 κατηφεῖς
3692 650 3864 720 ὲρχὸο-

2266 759 2439 812 μενοι,
2475 742 2692 813 φαιδροὶ
2744 744 2838 795 xui
2901 745 3223 811 περιχαρεῖς
3275 740 3703 809 ἀπηλλάττοντο,
3740 740 3862 793 τῶν

2265 834 2630 902 ἐνοχλούντων
2684 834 2917 897 ἕκαστος
2971 834 3123 886 λύσιν
3161 833 3437 902 εὑρόντες,
3484 832 3580 885 xui
3615 832 3714 903 τὴν
3750 835 3864 884 ἑπ-

2266 925 2462 995 ήρειαν
2496 928 2613 979 ἐκεῖ
2653 927 2837 979 πᾶσαν
2880 928 2975 978 καὶ
3013 924 3112 992 τὴν
3155 924 3447 994 συμφορὰν
3496 923 3857 994 ἀποθέμενοι,

2267 1018 2363 1072 xui
2396 1018 2495 1081 τὰς
2529 1017 2884 1089 εὐχαριστίας
2926 1018 3158 1087 εὐφήμῳ
3185 1017 3278 1069 καὶ
3315 1019 3465 1087 φωνῇ
3507 1016 3602 1069 xui
3638 1016 3864 1090 γλώττῃ

2266 1109 2388 1179 Θεῷ
2441 1110 2641 1178 καὶτῷ
2676 1108 2901 1179 Συμεὼν
2951 1109 3393 1177 ἀναπέμποντες.
3441 1110 3600 1162 Πᾶσα
3621 1110 3719 1179 μὲν
3758 1106 3865 1163 οὖν

2269 1205 2386 1268 ὁδὸς
2444 1204 2535 1257 διὰ
2580 1204 2741 1257 τοῦτο
2784 1206 2919 1275 πρὸς
2969 1204 3059 1257 τὸν
3100 1205 3284 1273 ἰατρὸν
3320 1205 3564 1273 φέρουσα
3618 1203 3865 1274 πλήθους

2271 1293 2479 1364 ἀγορὰν
2533 1296 2828 1365 ἐμιμεῖτοο
2878 1293 2939 1346 τὺ
3000 1294 3058 1347 δὲ
3106 1294 3307 1367 χωρίον
3346 1295 3403 1346 ὲν
3441 1285 3486 1362 ᾧ
3527 1293 3591 1346 τὸ
3656 1296 3865 1365 περιρ-

2274 1386 2395 1457 ρέον
2443 1385 2761 1455 συνελέγετο
2821 1383 3050 1456 πλῆθος,
3113 1385 3321 1448 πόλεως
3375 1383 3496 1454 ὄψιν
3538 1385 3865 1458 παρείχετο,

2274 1477 2369 1529 xui
2420 1475 2632 1541 πόλεως
2688 1474 2785 1531 νῦν
2844 1477 2942 1547 μὲν
2993 1476 3092 1547 τὴν
3159 1477 3313 1530 νόσον
3360 1476 3609 1540 ἐλεεινῶς
3666 1477 3866 1549 ὀδυρο-

2278 1567 2478 1637 μένων.
2510 1568 2606 1621 νῦν
2638 1568 2695 1622 δὲ
2722 1567 3207 1640 πανηγυριζόντων
3232 1568 3333 1638 τὴν
3367 1569 3529 1623 ίασιν.
3564 1572 3671 1623 Kui
3698 1571 3869 1625 τοῦτο

2276 1656 2373 1724 ούχ
2413 1654 2579 1721 ἅπαξ,
2612 1656 2749 1710 ἀλλά
2799 1659 2896 1710 καὶ
2941 1656 3203 1720 πολλάκις
3252 1658 3491 1726 ἐγένετο,
3556 1661 3651 1713 xui
3704 1662 3871 1714 πόλιν

2282 1748 2381 1815 μὲν
2406 1744 2474 1818 ἦν
2507 1749 2723 1803 εἰκάσαι
2763 1748 3051 1821 πόρρωθεν
3075 1749 3167 1801 τὸν
3199 1748 3355 1818 ὄχλον
3397 1750 3582 1813 ἰδόντι,
3625 1751 3871 1820 πλησιά-

2283 1855 2437 1893 σαντι
2467 1840 2523 1894 δὲ
2564 1841 2663 1893 οὐκ
2694 1841 2774 1894 ἔτι
2814 1842 2991 1903 πόλις,
3032 1840 3167 1895 ἀλλά
3207 1840 3419 1894 πολλῶν
3451 1842 3625 1895 ἐδόκει
3659 1850 3870 1914 συστὴ-

2281 1946 2429 1998 ματα
2460 1929 2673 1984 πόλεων
2704 1933 2844 1985 κατά
2881 1930 3087 2002 πλῆθος
3121 1930 3356 2001 ἑκάστου
3392 1934 3458 2002 τῇ
3489 1933 3699 2005 γλώττῃ
3724 1934 3875 1988 διαιρ-

2281 2039 2375 2094 ρου
2384 2024 2581 2094 μένων.

2350 2117 2435 2182 ιζ’.
2501 2118 2613 2171 Καὶ
2665 2118 2717 2171 τί
2768 2118 2852 2173 δεῖ
2902 2118 3109 2189 Σύρους
3149 2118 3181 2190 ἢ
3220 2119 3457 2182 Κίλικας
3511 2120 3543 2189 ἢ
3599 2120 3876 2173 Φοινίκιον

2279 2208 2603 2276 καταλέγειν
2633 2210 2857 2277 ἀγέλας,
2893 2210 2929 2279 ἢ
2961 2211 3055 2264 καὶ
3084 2213 3230 2274 ὅσοις
3263 2211 3447 2274 ἄλλοις
3476 2211 3537 2264 τὸ
3578 2212 3878 2279 Ῥωμαίων

2277 2298 2590 2369 ὠνόμασται
2633 2300 2963 2370 σκῆπτρον;
3017 2301 3177 2354 Ἀλλά
3233 2302 3329 2356 xui
3388 2301 3745 2373 Ἰσμαηλιτῶν
3772 2305 3879 2356 καὶ

2292 2393 2539 2463 Ἀράϐων
2573 2392 2726 2464 ἔθνη,
2761 2394 2987 2466 Περσῶν
3017 2412 3077 2448 τε
3125 2395 3220 2449 καὶ
3274 2395 3601 2465 Ἀρμενίων,
3646 2396 3739 2448 xui.
3768 2397 3878 2449 ὅσα

2279 2488 2375 2555 τὴν
2423 2486 2663 2556 Ἰϐηρίαν
2705 2486 2927 2557 νέμεται
2964 2488 3120 2558 γένη.
3161 2488 3270 2541 Καὶ
3305 2488 3367 2559 δὴ
3403 2489 3501 2542 xui
3536 2490 3587 2541 oi
3641 2490 3876 2560 Ὀμηρί-

2278 2596 2369 2632 ται
2403 2580 2495 2631 xui
2526 2580 2579 2631 oi
2603 2577 2809 2632 τούτων
2844 2579 3139 2650 ὲνδότεροι,
3164 2581 3442 2651 πλήρωμα
3477 2582 3571 2634 xui
3598 2575 3746 2633 οὗτοι
3775 2582 3867 2633 τοῦ

2279 2665 2668 2733 πολυγλώσσου
2727 2666 2965 2736 πλήθους
3010 2669 3222 2722 ἐκείνου
3272 2672 3530 2736 ἐγίνοντο.
3587 2671 3875 2736 ’Δφίκοντο

2276 2763 2332 2817 δὲ
2363 2764 2457 2818 xui
2486 2764 2914 2834 τῶνἙσπερίων
2935 2766 3036 2818 οὐκ
3066 2765 3257 2833 ὀλίγοι,
3293 2767 3585 2837 Βρεττανοὶ
3609 2767 3753 2833 λέγω
3779 2768 3879 2819 καὶ

2290 2855 2534 2909 Ἱσπανοὶ
2561 2857 2656 2909 καὶ
2690 2857 2947 2923 Γαλάται,
2985 2858 3080 2910 καὶ
3122 2859 3238 2912 ὅσοι
3282 2858 3380 2927 τὴν
3423 2857 3628 2927 μεταξὺ
3664 2858 3880 2912 τούτων

2281 2947 2463 3018 χώραν
2489 2948 2719 3003 οἰκοῦσι.

2356 3040 2444 3110 ιη’.
2496 3041 2559 3095 Ἡ
2590 3042 2698 3111 γὰρ
2742 3041 2940 3097 Ἰταλία
2996 3043 3117 3097 οὐδὲ
3172 3041 3235 3097 εὖ
3299 3043 3476 3095 εἰπεῖν
3564 3057 3658 3094 σον
3703 3043 3736 3111 ἡ
3778 3041 3879 3095 τοῦ

2280 3133 2475 3205 ἀνδρὸς
2509 3134 2678 3206 ἀρετὴ
2706 3138 2763 3189 ὲν
2792 3135 2965 3209 ταύτῃ
3005 3135 3277 3206 ἐξέλαμψε
3310 3152 3325 3168 ο
3356 3135 3454 3189 καὶ
3486 3134 3591 3205 γὰρ
3621 3134 3883 3188 τοσοῦτον

591 3238 804 3285 tantum
857 3231 1004 3285 hunc
1047 3232 1423 3287 admirabilem
1460 3233 1636 3286 virum
1683 3233 1987 3302 obstupuit,
2051 3243 2173 3287 tan-

2284 3227 2317 3296 ή
2352 3226 2541 3296 Ῥώμη
2571 3226 2662 3279 τὸν
2686 3227 3008 3296 θαυμαστὸν
3034 3226 3379 3295 κατεπλάγη,
3405 3225 3502 3280 καὶ
3530 3223 3672 3277 οὕτω
3703 3224 3883 3295 πολλή

593 3330 818 3391 tumque
852 3321 900 3376 ei
928 3322 1155 3377 honoris
1186 3332 1240 3377 et
1263 3325 1628 3379 venerationis
1654 3325 1926 3390 exhibuit,
1958 3336 2016 3380 ut
2042 3326 2182 3380 mul-

595 3412 664 3467 tis
694 3412 895 3482 passim
915 3413 1209 3478 columnis,
1243 3414 1567 3483 porticibus,
1598 3415 1959 3469 thalamorum
1987 3417 2177 3485 septis,

591 3506 832 3576 denique
868 3508 1061 3577 quovis
1090 3507 1206 3561 fere
1242 3508 1361 3563 loco
1388 3509 1508 3577 ejus
1550 3508 1786 3577 efﬁgiem
1818 3510 2176 3579 insrulperet,

592 3599 750 3667 quasi
784 3599 1129 3655 inlinitorum
1165 3601 1436 3657 honorum
1471 3600 1788 3657 thesaurum
1818 3601 1941 3656 inde
1985 3617 2180 3657 consc-

592 3698 807 3747 cutura.

664 3785 752 3841 18.
796 3783 871 3840 Ea
905 3787 958 3841 in
998 3787 1152 3842 vultu
1184 3786 1473 3858 Symeonis
1500 3788 1671 3859 gratia
1706 3796 1759 3842 et
1790 3787 1956 3843 decor
1998 3788 2180 3842 elue-ea

594 3875 707 3942 bat,
740 3886 801 3930 ut
838 3879 881 3930 si
926 3878 1049 3947 quis
1080 3877 1233 3933 alteri
1283 3878 1531 3933 infensus
1563 3888 1620 3934 et
1660 3879 1940 3944 inimicus,
1972 3880 2025 3934 in
2057 3895 2181 3933 eum

593 3969 920 4037 coniecisset
941 3970 1151 4035 oculos,
1183 3986 1347 4025 omne
1375 3971 1518 4025 illico
1541 3970 1727 4025 odimn
1762 3981 1817 4025 et
1840 3971 2183 4026 inimicitiam

597 4060 645 4114 ei
680 4075 745 4114 ex
783 4063 967 4114 animo
1008 4063 1263 4117 eraderet
1301 4064 1384 4116 vel
1420 4080 1563 4117 unus
1599 4064 1747 4118 illius
1777 4075 2062 4133 asperius;
2101 4077 2186 4119 at-

594 4156 707 4223 que‘
730 4157 1007 4224 amiciti-.e,
1042 4158 1422 4213 consensionis
1455 4174 1517 4212 ac
1542 4157 1940 4212 benevolentiae
1967 4160 2185 4214 vinculo

595 4249 813 4302 animos
839 4248 1075 4303 invicem
1106 4248 1492 4321 adstringeret.
1521 4250 1677 4315 Quod
1701 4251 1828 4305 inde
1860 4251 2080 4321 planum
2106 4252 2182 4306 iit.

598 4340 777 4395 Varia:
804 4357 869 4396 ex
902 4342 969 4396 iis
1011 4343 1290 4413 gentibus,
1339 4358 1461 4413 quae
1491 4344 1559 4397 ad
1597 4343 1773 4414 ipsum
1812 4344 2183 4411 conﬂuebant,

596 4433 750 4503 prius
773 4441 964 4487 mutuo
988 4435 1588 4506 sanguinejgaudentes.
1616 4445 1904 4505 postquam
1932 4436 2188 4505 utrinque

599 4525 654 4578 in
694 4525 880 4581 Sancti
909 4534 1266 4596 conspectum
1302 4527 1604 4593 venissent,
1654 4527 1973 4584 inimicitias
2006 4528 2188 4597 primo

2284 3334 2367 3381 τις
2397 3313 2465 3388 ἦν
2496 3318 2716 3387 τιμῶσα
2747 3320 2936 3372 τοῦτον
2967 3319 3064 3372 xui
3100 3318 3393 3389 σεϐομένη,
3416 3317 3492 3380 ὼς
3524 3316 3616 3369 xui
3651 3314 3889 3381 πολλαῖς

2285 3412 2349 3483 δὴ
2384 3414 2603 3485 πύλαις,
2636 3415 2732 3468 xui
2785 3414 3167 3486 προπυλαίοις.
3210 3415 3306 3469 xui
3363 3413 3626 3483 θαλάμων
3658 3412 3884 3483 τοίχοις,

2285 3507 2379 3561 xui
2406 3507 2684 3577 πανταχοῦ
2734 3509 2832 3579 τὴν
2864 3509 3049 3562 εἰκόνα
3086 3507 3183 3579 τὴν
3230 3507 3394 3576 ἀγίαν
3434 3506 3644 3561 ἐκείνου
3693 3505 3889 3575 διαχα-

2288 3602 2475 3671 ρὸιξαι,
2500 3602 2689 3675 ῶσπερ
2730 3601 2854 3655 τινὰ
2881 3601 3091 3673 μυρίων
3122 3600 3377 3655 ἐντεῦθεν
3410 3599 3633 3670 ἀγαθῶν
3668 3598 3886 3671 θησαυ-

2290 3694 2383 3767 ρὸν
2430 3694 2828 3764 ἐπισπώμενοι.

2361 3788 2448 3859 ιη’.
2492 3785 2601 3842 Ἦν
2636 3789 2817 3843 τοίνυν
2867 3790 2902 3858 ἡ
2948 3790 3013 3859 τῇ
3053 3787 3175 3857 ὄψει
3218 3788 3313 3840 τοῦ
3350 3783 3581 3857 Συμεὼν
3633 3783 3855 3854 προλάμ

2289 3901 2467 3937 πουσα
2500 3883 2679 3954 χάρις.
2735 3882 2824 3937 οἵα
2885 3883 2981 3935 καὶ
3044 3881 3209 3935 ίδόντι
3265 3882 3373 3933 τινὶ
3431 3879 3689 3950 ἀπεχθῶς
3744 3879 3893 3949 πρὸς

2288 3977 2476 4045 ἓτερον
2518 3977 2697 4048 ἔχοντι
2748 3977 2840 4030 καὶ
2890 3976 3224 4044 ἀδιαρόρως,
3267 3973 3423 4027 λύσιν
3463 3973 3563 4042 μὲν
3599 3972 3751 4039 αύτῷ
3784 3970 3897 4038 τῆ”

2288 4069 2585 4138 ἀπεχθείας
2624 4069 2717 4121 xui
2761 4068 2860 4137 τῆς
2903 4068 3171 4139 διαφορᾶς
3219 4065 3559 4136 ἐμποιῆσαι,
3606 4062 3794 4133 δεσμῷ
3831 4062 3893 4116 δὲ

2291 4165 2551 4233 συνδῆσαι
2610 4163 2785 4232 φιλίας
2834 4161 2887 4215 εἴ
2913 4179 3041 4216 τουν
3079 4160 3389 4231 συμπνοίας
3430 4159 3525 4213 xui
3583 4156 3843 4227 ὁμονοίας
3874 4171 3890 4188 ·

2291 4258 2385 4311 xui
2412 4255 2572 4309 τοῦτο
2601 4255 2758 4327 δῆλον
2787 4254 3062 4308 ἐντεῦθεν.
3100 4253 3278 4307 Πολλά
3316 4254 3424 4323 γὰρ
3454 4250 3564 4305 τῶν
3600 4248 3751 4318 αύτῷ
3785 4266 3892 4302 πε-

2293 4351 2624 4423 ριρρεὸντων
2672 4348 2840 4402 ἐθνῶν
2878 4348 2958 4420 τῷ
3005 4347 3362 4418 καταλλήλων
3390 4345 3659 4418 πρότερον
3693 4343 3892 4413 αἵματι

2291 4444 2552 4513 χαίροντα
2587 4484 2600 4504 ,
2674 4442 2894 4495 ἐπειδᾶν
2947 4440 3153 4494 ἔλθοιεν
3213 4440 3293 4503 είς
3351 4438 3475 4508 δψιν
3525 4438 3766 4507 ἑκάτερα
3810 4434 3892 4505 τῷ

2293 4533 2457 4603 ἁγίῳ,
2486 4532 2802 4587 διελύσαντο
2832 4532 2930 4601 μὲν
2967 4532 3028 4583 τὸ
3064 4529 3249 4600 ἔχθος,
3284 4529 3379 4583 καὶ
3414 4528 3667 4597 ἀλλήλοις
3697 4525 3894 4577 ἐσπεί-

596 4615 819 4687 quidem
848 4615 1242 4684 dissolvebant,
1269 4615 1449 4672 fmdus
1478 4618 1605 4672 dein
1633 4618 1776 4673 inter
1812 4634 1871 4673 se
1903 4618 2177 4688 percutie-

2291 4600 2471 4678 σαντο.
2507 4617 2636 4675 Εἶτα
2683 4623 2776 4675 καὶ
2806 4600 2885 4685 είς
2934 4620 3148 4690 ἀγαθὴν
3182 4619 3300 4693 ἔριν
3352 4617 3653 4689 ἐτρέψαντο
3701 4615 3896 4677 αὐτοῖς

597 4713 760 4779 bant;
801 4715 855 4769 in
888 4715 1204 4785 praeclaram
1236 4715 1495 4785 deinceps
1526 4715 1935 4769 contentionem
1960 4714 2185 4784 antiqua

597 4814 983 4863 convertentes
1015 4799 1262 4870 dissidia,
1308 4808 1438 4864 dum
1482 4808 1714 4877 quisque
1752 4805 1889 4861 alios
1934 4815 2189 4862 antever-

597 4902 714 4949 tere
764 4908 830 4950 ac
862 4895 963 4950 viri
1001 4895 1440 4952 benedictionem
1486 4896 1635 4965 prior
1673 4895 1933 4965 consequi
1970 4909 2188 4949 summo

598 4987 782 5043 studio
819 4989 1070 5045 enititur.
1102 4990 1291 5045 Sancti
1321 5006 1540 5062 quoque
1568 4990 1669 5044 viri
1695 4989 1863 5060 pedes
1896 4988 2063 5043 labris
2092 4995 2188 5041 aut

598 5083 855 5138 manibus
895 5082 1221 5154 contingere
1262 5098 1518 5154 magnum
1554 5083 1859 5138 videbatur.
1908 5080 2059 5136 Multi
2092 5081 2184 5149 qui

598 5177 796 5248 pellem
830 5186 1042 5232 tantum
1092 5193 1200 5247 qua
1240 5178 1577 5233 vestiebatur
1611 5177 1689 5242 (id
1728 5177 1877 5232 enim
1909 5176 1958 5231 ei
2005 5176 2185 5231 solum

600 5269 984 5326 indumentum
1011 5270 1151 5339 erat.)
1177 5272 1592 5342 contingebant,
1625 5286 1845 5326 omnem
1880 5270 2108 5325 omnino
2132 5284 2192 5324 se

598 5360 1042 5418 benedictionem
1078 5364 1308 5433 adeptos
1341 5363 1514 5420 fuisse
1541 5364 1954 5419 existimabant.
1992 5362 2192 5418 Verum

598 5466 823 5508 manum
851 5455 974 5525 ejus
996 5465 1346 5512 contrectare
1392 5468 1487 5512 aut
1508 5472 1604 5512 ore
1631 5457 1890 5522 osculari,
1923 5456 1974 5511 id
2001 5470 2193 5511 eorum

601 5551 724 5595 erat
767 5545 967 5613 quibus
1014 5546 1360 5604 familiaritas
1387 5566 1455 5605 ex
1502 5550 1703 5605 virtute
1737 5559 2019 5606 contracta
2060 5549 2195 5604 ube-

601 5630 805 5690 riorem
839 5634 961 5695 aliis
994 5638 1301 5699 libertatem
1334 5643 1695 5700 concedebat.

2287 4716 2383 4779 τὰς
2417 4713 2710 4784 διαλλαγὰς
2756 4715 2989 4780 ἕκαστος
3022 4713 3204 4768 αὐτῶν
3255 4711 3566 4783 προφθάναι
3591 4751 3605 4775 ,
3653 4708 3749 4762 καὶ
3788 4705 3896 4777 τὴν

2286 4811 2381 4866 τοῦ
2415 4811 2606 4882 ἀνδρὸς
2644 4809 2898 4876 εὐλογίαν
2926 4809 3141 4878 πρῶτος
3177 4804 3483 4875 ἀξιωθῆναι
3519 4799 3896 4871 φιλονεικοῦν-

2288 4921 2400 4967 τες.
2429 4902 2503 4956 Τὸ
2537 4903 2594 4956 δὲ
2618 4902 2711 4954 xui
2749 4899 2858 4954 τῶν
2896 4899 3071 4968 ἁγίων
3116 4897 3327 4952 ἐκείνου
3382 4895 3561 4949 ποδῶν
3606 4893 3815 4964 χείλεσι
3861 4891 3893 4960 ἦ

2289 4996 2386 5051 καὶ
2431 4995 2622 5068 χερσὶν
2670 4992 2911 5063 ἅψασθαι
2972 4992 3113 5061 μέγα
3166 4990 3368 5044 ἐδόκει.
3421 4990 3484 5042 Oi
3524 4985 3711 5040 πολλοὶ
3740 4983 3797 5036 δὲ
3839 4985 3892 5036 ει

2297 5092 2393 5144 καὶ
2428 5091 2527 5159 τῆς
2559 5089 2744 5159 δορᾶς,
2774 5088 2843 5157 ἢν
2891 5082 2952 5141 οὗ
2968 5103 3046 5150 τος
3085 5084 3436 5155 περιέκειτο,
3475 5079 3745 5150 ψαύσειαν
3790 5077 3897 5144 μό-

2296 5201 2409 5249 νον,
2448 5182 2601 5254 (αύτὸ
2633 5182 2742 5251 γὰρ
2764 5176 2831 5251 ἦν
2854 5179 3059 5250 ἔνδυμα
3085 5178 3163 5249 τῷ
3190 5175 3376 5246 ἁγίῳ),
3405 5175 3590 5228 πᾶσαν
3613 5170 3897 5240 τρυγήσας.

2291 5275 2388 5346 τὴν
2420 5274 2674 5342 εὐλογίαν
2710 5272 2980 5342 ἐνόμιζον.
3024 5268 3099 5323 Τὸ
3137 5269 3323 5339 μέντοι
3363 5266 3549 5338 χειρὸς
3598 5262 3795 5330 θίγειν,
3859 5259 3893 5331 ἦ

2294 5368 2440 5421 κατά
2470 5366 2647 5436 στόμα
2698 5361 3207 5435 προσπτύσσεσθαι,
3263 5361 3323 5414 ού
3381 5359 3492 5414 τῶν
3553 5354 3765 5410 πολλῶν
3795 5349 3893 5423 ἦν,

2294 5458 2412 5513 ἀλλ’
2441 5456 2524 5522 οἷς
2556 5460 2589 5529 ἠ
2621 5459 2685 5511 ἐκ
2706 5458 2805 5527 τῆς
2830 5456 3032 5527 ἀρετῆς
3057 5454 3331 5525 οἰκειότης
3359 5450 3515 5523 δαψιλ
3527 5448 3757 5520 εστὲραν
3778 5444 3900 5500 τῶν

2294 5550 2475 5606 ἄλλων
2499 5551 2599 5621 τὴν
2629 5549 2945 5621 παρρησίαν
2981 5547 3175 5602 ἐδίδου.
