4152 6408
155 468 253 533 3ίῦ

1290 491 1463 553 νιΤΑ
1501 493 1563 554 S.
1606 490 1984 555 SYMEONIS
2020 497 2378 563 S'fYLITlE.

3396 511 3504 573 350

1664 621 1891 678 CAPUT
1920 623 2012 680 IV.

1240 743 1579 800 Columnaris
1605 745 1772 800 statio
1797 783 1812 808 ,
1863 746 2086 813 probata
2132 768 2164 804 a
2201 751 2474 809 Pati-ibus.

226 866 308 923 ιον.
362 867 615 942 Ἐπειδὴ
668 870 740 925 δὲ
802 873 1053 946 ἀριθμοῦ
1104 880 1386 951 κρείττους
1418 876 1562 956 ἦσαν
1596 884 1646 937 oi
1699 883 1802 951 ἀφ-

1985 886 2072 944 l9.
2112 888 2251 946 Cum
2291 907 2422 947 vero
2454 893 2780 951 accedentes
2820 911 3041 954 omnem
3082 913 3372 958 numerum
3402 919 3504 959 ex-

163 960 501 1032 ικνούμινοι,
538 964 776 1035 πρῶτα
804 966 914 1038 μὲν
944 969 1214 1027 ἐκκλίνων
1261 973 1322 1028 τὸ
1346 975 1480 1029 πολὺ
1530 978 1629 1046 τῆς
1683 978 1810 1048 περὶ

164 1053 322 1107 αὺτδν
361 1055 567 1128 τιμῆς,
592 1056 822 1114 ἔπειτα
840 1063 942 1115 καὶ
973 1063 1068 1117 τοῦ
1104 1065 1429 1137 πράγματος
1457 1067 1518 1121 τὸ
1546 1068 1806 1122 ἐπίπονον

171 1143 565 1218 δυσχεραίνων,
606 1149 814 1215 ἄλλως
853 1169 916 1206 τε
960 1154 1056 1208 καὶ
1116 1157 1253 1228 πρὸς
1302 1158 1551 1229 οὐρανὸν,
1590 1159 1666 1222 ὡς
1694 1154 1807 1212 οἷόν

177 1252 237 1288 τε
266 1236 657 1311 μηλογισμοτς
695 1243 876 1312 μόνον
909 1246 1004 1301 καὶ
1036 1246 1321 1318 θεωρίαις,
1354 1250 1491 1305 ἀλλὰ
1529 1250 1625 1305 καὶ
1655 1251 1807 1323 αύτῷ

181 1328 395 1401 σώματι
423 1332 786 1404 πλησιάζειν
811 1336 1195 1403 ἐσπουδακὼς,
1226 1340 1325 1411 τὴν
1354 1341 1450 1396 ἐπὶ
1490 1342 1584 1396 τοῦ
1626 1342 1805 1407 κίονος

177 1422 582 1494 ἐμηχανήσατο
616 1424 853 1479 στάσιν.
892 1426 1005 1478 Καὶ
1032 1426 1226 1495 πρῶτα
1261 1427 1386 1500 μὲν,
1410 1430 1492 1492 είς
1526 1428 1586 1495 ἐξ
1611 1431 1639 1483 ὀ
1670 1430 1805 1484 κίων

180 1512 338 1584 αὐτῷ
367 1513 689 1569 ἁνετείνετο
736 1517 941 1587 πήχεις
965 1532 981 1548 ο
1012 1511 1132 1571 εἶτα
1153 1520 1233 1583 είς
1259 1520 1352 1573 δύο
1381 1521 1673 1594 ἀνατρέχει
1709 1522 1806 1575 κα)⁴

193 1603 355 1667 τὲλος
403 1604 472 1671 ἒξ
498 1607 693 1678 πήχεις
728 1607 792 1663 τὸ
848 1608 960 1661 πᾶν
1006 1607 1143 1678 ὕψος
1197 1609 1291 1663 ἐπὶ
1348 1610 1459 1665 τῶν
1506 1612 1803 1684 τριάκοντα

200 1694 383 1767 ἔσχεν.

272 1787 341 1841 κ’.
370 1787 438 1841 El
465 1787 528 1843 δὲ
575 1788 671 1843 καί
710 1789 854 1862 αὐτὴ
903 1790 1208 1862 παράδοξος
1239 1793 1273 1865 ὴ
1324 1793 1556 1856 ἐπίνοια,
1594 1793 1806 1866 θαυμα-

198 1872 322 1928 στὸν
341 1875 502 1930 οὐδέν
527 1892 544 1907 ⁸
568 1879 792 1933 πολλῶν
819 1881 933 1951 γὰρ
958 1880 1268 1954 ἔμπροσθεν
1299 1885 1394 1938 καὶ¹
1419 1885 1692 1956 μεγάλων,
1720 1883 1802 1951 οἷς

196 1966 293 2019 οὐκ
312 1964 429 2021 ἔστι
456 1968 709 2040 μίμησις
739 1971 852 2025 οὐδ’
877 1972 1187 2044 ὑπόδειγμα
1215 1974 1294 2046 τῷ
1333 1973 1545 2047 ἀθλητῇ
1573 1977 1801 2047 προδιη-

199 2058 498 2127 νυσμὲνων,
527 2061 631 2113 καὶ
648 2060 680 2112 δ
714 2062 967 2134 κιονίτης
990 2055 1150 2128 οὗτος
1176 2064 1292 2133 βίος
1320 2066 1419 2137 οὐχ
1440 2066 1523 2120 ὅτι
1551 2068 1627 2137 μὴ
1662 2067 1802 2137 ἔχων

199 2147 497 2221 ὑπόδειγμα
548 2154 893 2223 περιοπτέος
922 2170 936 2185 ⁸
986 2155 1103 2210 ἀλλ’
1141 2157 1222 2210 ὅτι
1256 2157 1458 2227 μᾶλλον
1489 2158 1652 2223 αὐτὸς
1692 2158 1793 2211 ὐπ-

198 2243 373 2313 άρχων
396 2245 735 2310 ἐπαινετέος
765 2262 782 2278 ·
811 2246 993 2312 ἄλλως
1021 2265 1085 2302 τε
1108 2252 1202 2303 καὶ
1229 2248 1305 2313 ὠς
1330 2252 1431 2303 οὐκ
1457 2249 1587 2304 ἄνευ
1610 2250 1797 2318 κρείτ-

194 2351 341 2399 τονος
370 2337 700 2408 ἐπισκοπῆς
749 2339 912 2393 τοῦτό
968 2357 1033 2409 γε
1086 2343 1183 2394 καὶ
1238 2340 1523 2413 θειοτέρας
1570 2342 1639 2396 τὰ
1672 2341 1801 2411 ἑξῆς

200 2428 568 2500 μαρτυρείτω.
612 2429 764 2494 Τοὺς
794 2431 904 2502 γὰρ
950 2432 1305 2505 Ἰσμαηλίτας
1343 2435 1424 2499 είς
1456 2433 1658 2498 πολλὰς
1700 2434 1800 2504 μὲν

193 2518 650 2592 πληθυνομένους
688 2523 986 2595 μυριάδας,
1009 2525 1148 2594 τῷδε
1188 2525 1291 2596 τῆς
1312 2526 1572 2590 ἀσεϐείας
1614 2528 1799 2580 σκότει

184 2614 766 2685 συγκεκλεισμένους,
818 2617 848 2670 ὁ
892 2617 1081 2680 καινὸς
1136 2612 1291 2682 οὗτος
1335 2619 1431 2671 ἐπὶ
1468 2617 1562 2672 τοῦ
1620 2618 1800 2682 κίονος

189 2703 298 2773 βίος
347 2705 579 2759 ἐκεῖθέν
636 2723 702 2759 τε
747 2706 1089 2771 ἀνεσώσατο,
1142 2709 1236 2762 καὶ
1287 2709 1439 2780 αὐτῷ
1496 2709 1606 2764 τῶν
1638 2711 1799 2764 θείων

194 2795 360 2862 λόγων
382 2798 537 2867 φωτὶ
566 2799 675 2863 τὰς
707 2798 893 2853 αὐτῶν
924 2798 1166 2864 διανοίας
1201 2803 1624 2875 περιαστράψας
1648 2804 1797 2867 υἱοὺς

199 2889 370 2958 φωτὸς
414 2891 519 2944 καὶ
577 2891 807 2961 ἡμέρας
836 2892 966 2955 τοὺς
997 2892 1129 2964 πρὶν
1157 2894 1258 2964 τῆς
1300 2894 1499 2959 νυκτὸς
1552 2894 1647 2948 καὶ
1702 2893 1799 2947 τοῦ

197 2982 416 3048 σκότους
444 2982 688 3048 ἔδειξεν.
730 2983 952 3055 ’Δμέλει
979 2985 1075 3038 καὶ
1107 2985 1306 3054 νόμους
1335 2986 1488 3056 παρὰ
1516 2988 1614 3057 τῆς
1648 2987 1799 3056 ἱερᾶς

192 3076 403 3150 ἐκείνης
457 3077 763 3148 δεχόμενοι
829 3077 1101 3161 γλώττης,
1148 3079 1259 3132 τῶν
1311 3079 1414 3149 τῆς
1477 3079 1800 3150 Ἀφροδίτης

183 3170 391 3242 ὀργίων
438 3172 717 3241 (πάτριος
753 3172 866 3242 γὰρ
896 3172 1186 3243 ἐκείνοιςὴ
1217 3171 1430 3243 δαίμων
1472 3173 1609 3243 αὑτὴ
1643 3172 1797 3241 Θεὸς)

191 3263 505 3335 προθύμως
558 3264 891 3332 ἀφίσταντο.
948 3264 1140 3317 Πολλοὶ
1192 3264 1248 3318 δὲ
1290 3264 1386 3318 καὶ
1429 3265 1676 3335 Ἰϐήρων,
1724 3264 1801 3328 ὡς

191 3357 347 3427 ἔφην,
377 3358 480 3412 καὶ
506 3356 747 3427 Περσῶν
768 3355 862 3411 καὶ
898 3357 1203 3427 Ἀρμενίων
1228 3359 1441 3429 μακρὸν
1470 3359 1566 3430 τῆς
1590 3359 1800 3423 οἰκείας

196 3447 410 3521 ἀπάτης
474 3449 704 3517 γέλωτα
765 3450 1135 3522 καταχέαντες
1197 3454 1266 3525 τῇ
1316 3452 1649 3524 εὐαγγελικῇ
1703 3453 1799 3506 καὶ

198 3544 352 3597 αὐτοὶ
374 3542 716 3614 διδασκαλίᾳ
745 3543 1053 3598 συνέθεντο.

269 3641 377 3690 κί’.
426 3633 629 3689 Ἦνίκα
658 3636 719 3689 δὲ
759 3636 863 3705 τὴν
909 3637 1105 3708 καινὴν
1142 3636 1350 3708 ταύτην
1395 3639 1423 3692 ὁ
1448 3636 1675 3710 Συμεὼν
1706 3637 1800 3693 ἐπὶ

190 3727 290 3784 τοῦ
316 3728 504 3792 κίονος
534 3727 822 3782 πολιτείαν
844 3731 1199 3799 ὲπενοήσατο,
1226 3733 1512 3803 πανταχοῦ
1546 3734 1665 3803 τῆςν
1678 3731 1800 3786 κατ’

204 3822 372 3873 αὓτδν
405 3822 597 3890 φήμης
623 3820 791 3888 ὀξέως
822 3821 1157 3892 διαδοθείσης
1211 3822 1383 3893 (φιλεῖ
1431 3823 1541 3895 γὰρ
1565 3826 1625 3877 ἐν
1657 3823 1802 3878 οὕτω

209 3914 429 3975 καινοῖς
489 3914 805 3986 πραγμασιν
859 3913 1000 3985 αὕτη
1071 3915 1358 3986 ταχυτέρῳ
1430 3916 1666 3986 μάλιστα
1724 3914 1803 3985 τῷ

212 4003 410 4075 πτερῷ
462 4005 813 4077 κεχρῆσθαι),
854 4006 905 4061 oi
939 4006 1041 4075 τὴν
1077 4006 1286 4079 ἔρημον
1327 4010 1441 4068 τοῖς
1484 4007 1802 4079 ἀσκητικοίς

212 4095 402 4161 ἄθλοις
457 4099 550 4153 καὶ
596 4098 777 4162 πόνοις
826 4098 1085 4170 οὐράνιον
1135 4099 1590 4170 ἀπεργασάμενοι
1646 4097 1803 4153 πόλιν

207 4191 343 4246 θεῖοι
364 4190 634 4263 Πατέρες,
675 4191 756 4263 τῷ
780 4192 1104 4260 καινοφανεϊ
1134 4191 1312 4263 τούτῳ
1360 4192 1803 4261 καταπλαγέντες

204 4285 296 4339 καὶ
358 4285 563 4358 ξενικῷ
614 4284 715 4339 τοῦ
768 4284 1224 4357 ἐπιτηδεύματος,
1290 4284 1572 4339 στέλλουσί
1648 4301 1804 4348 τινας

201 4384 355 4452 παρὰ
388 4384 486 4436 τὸν
514 4381 819 4455 μετάρσιον
850 4383 1061 4436 ἐκεῖνον
1098 4381 1391 4453 ἄνθρωπον
1422 4397 1436 4413 ·
1471 4381 1567 4435 καὶ
1591 4379 1804 4443 τούτοις

202 4474 551 4527 ἐντέλλονται
590 4474 689 4544 τῆς
714 4473 871 4547 ξένης
896 4475 994 4544 μὲν
1017 4474 1165 4544 αὐτῷ
1187 4472 1430 4536 ἐπινοίας
1456 4474 1802 4543 ἐπιτιμῆσαι,

200 4562 411 4627 διδὰξαι
447 4563 508 4617 δὲ
549 4563 653 4631 τὴν
677 4563 1056 4634 τετριμμένην
1097 4563 1194 4619 καὶ
1245 4562 1453 4634 συνήθη
1491 4566 1605 4624 τοῖς
1627 4563 1804 4632 ἁγίοις

205 4656 575 4727 πορεύεσθαι,
613 4656 710 4709 καὶ
762 4656 838 4728 μὴ
874 4655 1079 4726 ταύτης
1113 4660 1502 4728 καταφρονεῖν,
1541 4656 1609 4729 ἢν
1645 4656 1804 4727 χορὸς

194 4746 483 4801 τοσούτων
508 4746 808 4819 μακαρίων
835 4745 1061 4812 ὁδεύσας
1093 4750 1230 4819 πρὸς
1248 4747 1479 4819 οὐρανόν
1516 4764 1577 4800 τε
1606 4748 1804 4815 ἀνεληη

1911 979 2190 1048 cederent,
2240 982 2480 1053 primum
2523 992 2580 1040 ut
2622 986 2889 1042 honorem
2922 989 3250 1056 declinaret,
3298 994 3500 1051 deinde

1910 1070 2057 1139 quod
2100 1071 2351 1128 molestia
2401 1076 2765 1145 gravabatur;
2821 1087 2935 1134 tum
2966 1110 2973 1117 -
3000 1082 3129 1149 quia
3188 1083 3350 1149 caelo,
3391 1100 3501 1154 qua

1910 1168 2141 1231 poterat,
2175 1179 2286 1219 non
2317 1174 2526 1221 tantum
2556 1177 2742 1224 mente
2779 1177 2836 1223 et
2869 1171 3225 1242 cogitatione,
3255 1176 3351 1229 sed
3379 1191 3503 1230 cor-

1910 1270 2040 1324 pore
2083 1271 2302 1327 quoque
2332 1257 2473 1328 ipso,
2522 1269 2677 1315 tanto
2716 1276 2839 1318 esse
2872 1263 3109 1320 vicinior
3147 1277 3499 1337 percuperet,

1909 1345 2054 1400 illam
2080 1349 2409 1419 excogitavit
2443 1349 2498 1403 in
2531 1351 2791 1406 columna
2822 1355 3139 1409 stationem.
3168 1355 3236 1411 Et
3261 1359 3499 1428 primum

1907 1437 2128 1508 quidem
2155 1441 2409 1496 columna
2438 1440 2507 1495 ad
2544 1458 2640 1498 sex
2675 1452 2858 1498 erecta
2903 1445 3116 1502 cubitos
3142 1457 3250 1512 est,
3297 1449 3505 1507 deinde

1906 1530 1975 1586 ad
2021 1532 2352 1599 duodecim,
2404 1543 2526 1605 post
2576 1536 2642 1591 ad
2694 1536 2883 1608 viginti
2930 1538 3070 1594 duos
3117 1551 3347 1597 extensa
3391 1551 3499 1607 est,

1909 1622 2127 1680 tandem
2169 1632 2283 1680 tota
2322 1625 2555 1682 altitudo
2597 1625 2817 1699 triginta
2856 1644 2951 1684 sex
2992 1631 3236 1686 constitit
3274 1633 3497 1688 cubitis.

1975 1716 2066 1771 20.
2114 1716 2170 1771 Si
2205 1718 2529 1788 quibusdam
2559 1735 2765 1775 novum
2805 1722 2907 1776 hoc
2938 1737 3002 1775 ac
3049 1738 3222 1793 prope
3261 1724 3502 1780 incredi-

1905 1806 2013 1863 bile
2030 1807 2299 1876 videatur,
2324 1811 2525 1865 mirum
2545 1826 2654 1865 non
2680 1819 2764 1868 est
2784 1831 2796 1867 :
2817 1828 2940 1868 cum
2965 1814 3112 1870 enim
3139 1816 3306 1871 multa
3325 1831 3500 1887 eaque

1907 1913 2121 1969 magna,
2152 1915 2390 1969 quorum
2420 1900 2628 1956 nullum
2648 1903 2798 1968 prius
2820 1903 3103 1973 exemplar
3126 1907 3406 1974 exstabat,
3429 1907 3499 1962 ab

1906 1990 2011 2044 hoc
2034 1990 2212 2060 pugile
2232 1991 2471 2061 primum
2488 2003 2747 2063 suscepta
2762 1994 2895 2062 sint;
2918 2004 3030 2049 tum
3050 2005 3198 2051 certe
3215 1999 3500 2053 columna-

1906 2081 1979 2136 ris
1994 2082 2081 2135 illa
2103 2081 2233 2148 vita,
2246 2098 2355 2137 non
2375 2084 2550 2139 solum
2564 2085 2691 2154 quia
2709 2086 2961 2157 exemplo
2977 2093 3129 2141 caret
3145 2096 3502 2144 contemnen-

1908 2174 1975 2229 da
2004 2191 2111 2230 non
2145 2184 2248 2240 est,
2280 2192 2471 2231 verum
2503 2179 2669 2234 etiam
2693 2180 2820 2249 quia
2852 2180 2971 2235 sine
2997 2181 3106 2236 ullo
3157 2182 3410 2252 exemplo
3444 2181 3501 2237 in

1907 2268 2213 2339 exemplum
2251 2270 2432 2339 potius
2485 2272 2764 2343 proposita
2803 2273 3015 2328 caeteris
3053 2281 3157 2341 est,
3206 2274 3497 2330 laudanda.

1905 2359 2212 2416 Praesertim
2236 2363 2378 2431 quod
2424 2378 2536 2417 non
2566 2365 2688 2419 sine
2725 2374 2937 2419 matura
2960 2364 3409 2421 consideratione
3437 2382 3503 2423 ac

1904 2448 2089 2507 divino
2126 2451 2389 2508 instinctu
2419 2452 2624 2510 factum
2653 2471 2794 2520 esse,
2826 2464 2948 2526 quae
2974 2456 3235 2527 deinceps
3259 2472 3502 2526 sequun-

1907 2554 2015 2610 tur,
2055 2554 2312 2600 tcstatum
2342 2544 2581 2614 facient;
2619 2547 2928 2604 lsmaelitas
2955 2549 3103 2603 enim
3142 2550 3278 2619 (l7),
3310 2550 3404 2619 qui
3430 2550 3500 2603 ad

1902 2638 2088 2709 plures
2115 2639 2391 2710 myriadas
2422 2650 2804 2704 excreverant,
2832 2657 2900 2711 ac
2927 2641 3222 2711 impietatis
3262 2641 3502 2696 tenebris

1904 2739 2063 2787 erant
2107 2731 2362 2797 involuti,
2399 2748 2541 2788 nova
2578 2733 2696 2787 11th
2724 2734 2952 2802 agendae
2990 2734 3045 2786 in
3079 2733 3337 2787 columna
3370 2733 3501 2788 vitae

1905 2823 2044 2880 ratio
2075 2824 2205 2878 inde
2250 2823 2475 2891 eripuit,
2522 2839 2586 2876 ac
2630 2823 2799 2880 divini
2857 2823 3006 2877 verbi
3050 2822 3257 2878 lumine
3303 2838 3500 2879 eorum

1905 2921 2117 2968 mentes
2169 2907 2473 2973 illustrans.
2535 2909 2673 2966 ﬁlios
2726 2909 2862 2963 lucis
2910 2917 2965 2963 et
3004 2909 3142 2974 diei,
3180 2909 3273 2979 qui
3324 2908 3503 2963 noctis

1903 3004 2055 3076 prius
2086 3015 2140 3061 ct
2173 3006 2522 3062 tenebrarum
2558 3004 2653 3058 lilii
2696 3011 2876 3067 erant,
2914 3003 3222 3057 constituit.
3258 3001 3500 3071 Denique

1903 3100 2174 3169 susceptis
2215 3115 2245 3154 a
2292 3099 2478 3154 divino
2515 3098 2608 3152 illo
2653 3111 2748 3150 ore
2796 3095 3029 3167 legibus,
3067 3092 3302 3148 Veneris
3349 3092 3498 3164 orgia

1904 3192 2017 3262 (hic
2042 3193 2187 3247 enim
2217 3191 2429 3247 daemon
2463 3190 2635 3260 patria
2672 3189 2738 3243 iis
2772 3190 2872 3242 dea
2918 3196 3037 3242 erat
3069 3186 3207 3256 (l8))
3238 3195 3493 3256 prompte

1902 3260 2245 3339 abdicarunt.
2280 3282 2434 3337 Multi
2484 3296 2618 3335 vero
2667 3281 2972 3342 lberorum,
3018 3278 3099 3333 uti
3137 3278 3344 3333 dictum
3390 3260 3533 3340 est,’

1902 3373 2191 3429 Persarum
2219 3390 2283 3429 ac
2307 3372 2714 3434 Armeniorum,
2751 3371 2957 3443 avitum
2985 3384 3231 3426 errorem
3260 3367 3501 3425 ludibrio

1903 3469 2191 3535 habentes,
2216 3468 2553 3539 evangelica:
2575 3472 2629 3520 ct
2652 3465 2755 3535 ipsi
2784 3464 3050 3522 doctrina:
3076 3461 3322 3529 adjuncti
3348 3467 3499 3517 sunt.

1974 3646 2066 3705 2|.
2107 3646 2276 3720 [gitur
2307 3644 2436 3702 dum
2468 3658 2673 3698 novam
2711 3643 2854 3696 lianc
2892 3641 3127 3711 Symeon
3156 3640 3209 3692 in
3244 3639 3501 3695 columna

1903 3741 2119 3798 vivendi
2148 3741 2416 3794 rationein
2457 3735 2846 3806 excogitasset,
2885 3731 3026 3786 fama
3056 3732 3176 3799 ejus
3212 3744 3374 3798 quam
3408 3743 3502 3783 ce-

1902 3833 2126 3889 lerrime
2151 3843 2594 3902 quaquaversum
2637 3825 2854 3892 vulgata
2891 3823 3032 3892 (ipsa
3061 3821 3206 3875 enim
3247 3820 3302 3873 in
3338 3820 3502 3873 rebus

1903 3925 2041 3980 adeo
2071 3922 2230 3977 novis
2269 3918 2628 3976 celerioribus
2670 3913 3077 3985 quodammodo
3121 3911 3195 3965 uti
3230 3910 3334 3963 alis
3367 3924 3497 3963 eone

1904 4017 2141 4083 suevit),
2183 4015 2374 4068 Patres
2404 4012 2496 4082 qui
2551 4007 2925 4079 spiritualibus
2948 4004 3222 4060 exercitiis
3268 4003 3380 4071 (10)
3436 4014 3504 4058 ac

1904 4107 2186 4164 laboribus
2225 4122 2290 4161 ex
2330 4118 2520 4159 eremo
2564 4101 2845 4157 caelestem
2879 4098 3173 4169 quamdam
3221 4095 3501 4150 civitatem

1906 4201 2199 4265 faciebant,
2234 4199 2336 4253 hoc
2369 4211 2480 4251 tam
2517 4194 2783 4250 inusitato
2813 4209 2877 4247 ac
2916 4190 3208 4261 peregrino
3242 4189 3505 4257 obstupe-

1907 4293 2035 4349 facti
2084 4295 2210 4346 vitm
2253 4289 2505 4344 instituto
2532 4330 2546 4353 ,
2595 4286 2863 4356 quosdam
2907 4284 2975 4338 ad
3012 4283 3306 4338 sublimem
3353 4281 3504 4335 hunc

1908 4387 2190 4440 hominem
2238 4382 2497 4447 mittunt,
2545 4379 2722 4449 iisque
2758 4377 3108 4448 praecipiunt,
3161 4384 3222 4429 ut
3267 4375 3339 4429 ob
3390 4383 3500 4427 tam

1905 4474 2225 4547 peregrinas
2258 4472 2613 4527 inventiones
2652 4485 2780 4525 eum
2810 4466 3240 4539 reprehendant,
3275 4479 3340 4519 ac
3372 4477 3506 4519 con-

1906 4576 2116 4622 suetam
2134 4580 2197 4620 ac
2213 4564 2397 4619 tritam
2419 4562 2678 4618 omnibus
2698 4561 2904 4617 sanctis
2925 4558 3067 4614 viam
3082 4557 3224 4611 inire
3244 4555 3502 4619 doceant,

1907 4675 2087 4735 neque
2139 4673 2257 4713 eam
2308 4664 2707 4719 contemnere,
2762 4667 2927 4722 quam
2976 4657 3165 4704 tantus
3214 4649 3503 4701 beatorum

1908 4754 2112 4809 chorus
2138 4747 2388 4810 calcavit,
2430 4759 2646 4816 quaque
2684 4743 2754 4797 ad
2788 4742 2986 4796 cmlutn
3022 4737 3312 4809 pervenit,
3342 4744 3504 4790 aeter-

196 4840 359 4895 λύθει
392 4840 495 4895 καὶ
536 4841 758 4912 σκηνῶν
791 4841 1019 4895 ἐκείνων
1072 4842 1183 4895 τῶν
1228 4841 1416 4895 ἀϊδίων
1473 4840 1752 4912 ἐπέδησαν
1783 4855 1797 4868 °

1910 4858 2088 4913 Itaque
2112 4840 2203 4895 illa
2225 4837 2431 4894 subivit
2450 4833 2826 4891 tabernacula.
2857 4829 3029 4885 Veriti
3061 4827 3263 4884 deinde
3294 4841 3366 4880 ne
3396 4828 3501 4881 hoc

1944 4934 1953 4935 κ
2067 4930 2079 4935 -
2181 4928 2192 4935 .
2650 4920 2687 4935 n
2827 4919 2841 4935 I
2922 4925 3030 4935 -__-.
3092 4916 3232 4935 1.---
3269 4913 3475 4935 -2-----

206 4930 329 4988 εἶτα
352 4934 643 4997 δείσαντες
686 4933 762 5005 μὴ
812 4934 873 4987 τὸ
916 4935 1159 5004 ἐννόημα
1200 4932 1493 5004 θεάρεστον
1553 4928 1631 5003 ᾗ,
1692 4933 1802 4986 οἶδε

207 5024 576 5097 ἀνθρωπίνως
636 5025 700 5079 τδ
753 5027 991 5097 πρᾶγμα
1054 5024 1435 5099 στοχάζονται,
1492 5025 1591 5077 καὶ
1648 5023 1807 5078 τοῦτο

205 5120 626 5194 ἐπισκήπτουσι
652 5122 768 5185 τοῖς
805 5120 1266 5191 ἀπεσταλμένοις,
1307 5119 1383 5183 ὠς
1415 5120 1464 5173 εί
1505 5119 1603 5189 μὲν
1644 5118 1807 5172 ἴδοιεν

205 5216 299 5267 τὸν
327 5215 505 5288 ἄνδρα
558 5215 652 5268 τοῦ
695 5214 901 5269 οἰκείου
943 5213 1255 5285 θελήματος
1308 5212 1664 5284 ἐξιστάμενον
1714 5212 1809 5266 καὶ

203 5309 342 5379 πρὸς
377 5309 485 5381 τὴν
512 5308 730 5363 ἐκεῖθεν
771 5309 994 5364 εῑκοντα
1038 5308 1291 5373 κάθοδον,
1332 5305 1577 5377 ἐπίσχειν
1615 5303 1806 5359 τοῦτον

199 5401 369 5464 εὐθὺς
401 5401 505 5455 καὶ
559 5399 802 5454 κελεύειν
854 5398 1079 5471 ἔχεσθαι
1138 5400 1237 5471 τῆς
1289 5398 1632 5471 προθέσεως,
1671 5398 1807 5467 μηδὲ

202 5493 438 5565 ἀμελεῖν
476 5489 578 5545 τοῦ
617 5492 848 5547 σκοποῦ.
895 5490 1056 5545 Οὕτω
1098 5491 1210 5563 γὰρ
1254 5490 1321 5545 ἂν
1372 5489 1525 5545 θείαν
1551 5506 1611 5543 τε
1664 5483 1806 5542 εἶναι

278 5649 398 5720 (l7)
440 5646 642 5720 Fusius
662 5648 778 5720 haec
792 5646 1017 5720 deducit
1031 5644 1430 5720 Theodoretus,
1447 5653 1505 5699 et
1525 5645 1808 5699 Cedrenus

206 5712 513 5776 ad'an'num
536 5718 610 5772 25
662 5712 958 5775 Theodosii
984 5717 1240 5781 iunioris.

275 5790 394 5860 (l8)
431 5790 585 5845 ldeln
616 5800 832 5846 conth
857 5804 923 5845 ex
955 5788 1183 5856 Evagrio
1208 5787 1300 5841 lib.
1321 5801 1412 5860 χι,
1446 5800 1568 5855 cap.
1596 5784 1688 5860 2i,
1710 5784 1803 5839 ubi

214 5854 401 5926 refert,
449 5876 673 5916 auream
719 5860 955 5916 Veneris
982 5854 1218 5913 statuam
1259 5873 1288 5910 a
1321 5854 1597 5911 Naamanc
1632 5857 1802 5909 Sara-

209 5947 474 5990 tenerum
500 5932 662 6001 duce,
692 5934 820 6004 igne
855 5928 1220 6001 liquefactam,
1250 5936 1528 5999 erogatum
1579 5927 1631 5980 in
1662 5943 1800 5997 pau-

1906 4934 2027 5002 ejus
2067 4928 2380 4983 institutum
2422 4937 2616 4979 revera
2650 4920 2761 4974 Deo
2793 4919 3056 4989 placeret,
3092 4916 3237 4971 hanc
3263 4913 3386 4983 ejus
3413 4928 3503 4968 ac-

1907 5023 2111 5078 tionem
2136 5015 2439 5090 periclitari
2467 5013 2779 5086 cupientes;
2806 5010 2909 5065 hoc
2929 5008 3038 5063 illis
3062 5020 3202 5077 quos
3228 5005 3298 5061 ad
3325 5004 3503 5073 ipsum

1905 5111 2196 5168 mittebant
2232 5107 2595 5169 mandarunt,
2629 5111 2691 5157 ut
2723 5101 2769 5157 si
2788 5101 2967 5155 virum
2998 5095 3252 5151 viderent
3279 5092 3504 5165 propria

1907 5205 2097 5262 relicta
2132 5201 2462 5257 voluntatee
2493 5194 2716 5252 sublimi
2757 5192 2900 5249 velle
2929 5187 3293 5250 descendere,
3319 5183 3504 5241 statim

1915 5312 1975 5352 se
2007 5300 2374 5365 opponerent,
2407 5303 2473 5344 ac
2513 5287 2696 5358 primo
2728 5282 3014 5356 proposito
3040 5280 3312 5335 inhaerere
3340 5276 3503 5348 jube-

1918 5398 2060 5455 rent,
2107 5402 2287 5456 neque
2328 5397 2556 5452 scopum
2604 5378 2883 5450 negligere
2931 5372 3339 5446 permitterent.
3391 5366 3504 5424 Hac

1919 5484 2069 5542 enim
2096 5481 2310 5537 ratione
2340 5477 2393 5533 id
2415 5475 2543 5535 vitae
2566 5472 2883 5533 institutum
2915 5465 3137 5524 nonnisi
3165 5479 3198 5520 a
3243 5462 3356 5518 Deo
3377 5476 3506 5533 pro-

1906 5655 2089 5782 pezlegl
2130 5698 2852 5782 Deest_l100_fl‘heotloreto.
2901 5692 3154 5782 Refertur
3176 5699 3249 5782 ent.
3272 5687 3528 5782 Eg'agrio‘

1906 5760 2341 5848 “brutam—45.
2366 5784 2423 5848 et
2451 5770 2761 5848 Eicephoro
2783 5768 2891 5847 lib.
2911 5781 3018 5829 xiv,
3044 5779 3166 5848 cap:
3192 5762 3282 5848 bl:
3308 5760 3504 5848 buidas

1905 5832 2073 5907 ἰῖὲέιὶὸ
2100 5832 2339 5921 Βάραθρα
2364 5844 2520 5921 dicit,
2550 5832 2620 5896 ab
2656 5834 3240 5921 (Egyptiis‘monachis
3271 5833 3410 5887 hanc
3433 5832 3502 5887 ad

1907 5924 2082 5979 virum
2115 5909 2366 5976 sanctum
2398 5916 2623 5970 missum
2653 5909 2776 5966 esse
2807 5909 3163 5978 legationem.
