4152 6404
668 439 770 504 351

1869 443 2156 504 MENSIS
2201 441 2654 504 JANUARIUS.

3827 443 3934 506 3.32

670 556 864 612 cedere
905 556 1174 624 arbitrati,
1212 573 1325 615 non
1355 561 1591 631 amplius
1620 575 1740 617 esse
1771 561 1917 630 quod
1951 562 2020 617 de
2049 561 2251 616 tuturis

2360 557 2523 630 ῷοντο
2571 556 2671 626 τὴν
2723 556 3060 626 οἰκονομίαν,
3099 558 3198 610 οὐκ
3231 556 3311 612 ἔτι
3352 557 3605 627 περὶτοῦ
3647 558 3932 626 μέλλοντος

669 646 1009 718 ambigerem
1037 667 1051 702 :
1077 649 1168 704 ubi
1203 649 1350 704 enim
1385 651 1590 706 bonum
1617 659 1703 706 est
1734 649 1974 720 initium,
2004 653 2167 706 talem
2191 663 2248 706 ct

669 737 874 791 exitum
903 737 1020 794 fore
1050 739 1259 808 liquido
1278 750 1508 796 constat.
1533 742 1732 797 Contra
1762 759 1892 796 vero
1922 743 1966 796 si
1995 743 2246 813 indigna-

672 833 844 885 retur,
873 841 974 880 nec
999 827 1426 882 admonitionem
1458 829 1540 883 vel
1573 827 1626 882 in
1657 829 1884 883 minimo
1912 830 2243 893 admitteret,

669 929 862 968 verum
887 917 1211 986 simpliciter
1229 927 1284 974 et
1315 919 1434 974 sine
1465 921 1675 974 ratione
1695 923 1928 990 propria
1954 921 2248 975 voluntatis

671 1005 897 1060 ductum
937 1018 1285 1078 sequeretur,
1311 1010 1516 1064 clarum
1541 1027 1659 1065 esse
1699 1011 1858 1081 longe
1885 1026 2008 1066 eum
2049 1011 2117 1066 ab
2146 1013 2248 1065 hu-

671 1095 920 1152 militatis
962 1097 1161 1153 virtute
1189 1101 1402 1163 abesse,
1438 1109 1601 1170 atque
1627 1101 1764 1154 adeo
1795 1101 2061 1170 ejusmodi
2097 1101 2248 1169 rogi-

675 1186 908 1242 tatioues
954 1189 1169 1244 nonnisi
1221 1207 1250 1245 a
1298 1193 1537 1263 maligno
1591 1192 1640 1246 ei
1701 1203 1982 1264 suggestas
2017 1193 2247 1261 iudicari

675 1285 947 1345 oportere.
979 1279 1163 1348 Itaque
1192 1281 1452 1334 mandant
1484 1288 1541 1334 ut
1577 1281 1620 1336 si
1659 1281 1732 1336 ita
1769 1297 1855 1336 res
1889 1281 2108 1346 haheat,
2135 1291 2250 1336 sta-

676 1367 769 1421 tim
803 1368 929 1424 inde
961 1372 1222 1438 avellant,
1261 1381 1316 1426 et
1356 1373 1437 1426 vel
1466 1374 1696 1428 invitum
1729 1372 2066 1429 descendere
2093 1389 2120 1428 a
2158 1390 2250 1430 co-

675 1458 861 1514 lumna
902 1474 1119 1533 erigant.

743 1550 844 1606 22.
889 1551 1156 1610 Mandatis
1183 1556 1288 1612 hoc
1318 1566 1477 1627 pacto
1508 1559 1810 1628 conceptis,
1841 1567 2131 1629 postquam
2173 1561 2249 1615 le-

675 1640 780 1710 gati
812 1643 879 1696 ad
905 1643 1228 1714 Symeonem
1258 1649 1436 1704 omnis
1467 1651 1795 1706 ohedientiac
1829 1663 1884 1706 et
1927 1653 2252 1709 humilitatis

677 1742 954 1797 parentem
983 1749 1372 1804 pervenerunt,
1420 1740 1474 1793 hi
1507 1742 1590 1794 vel
1611 1757 1676 1794 ex
1706 1743 1822 1796 solo
1849 1753 2071 1812 aspectu
2103 1761 2254 1798 com-

675 1821 877 1888 pellare
912 1839 1038 1878 eum
1080 1841 1190 1894 pra:
1240 1832 1548 1884 reverentia
1591 1831 1740 1886 obliti
1792 1832 2040 1899 fuerunt,
2074 1849 2252 1904 neque

677 1910 876 1966 intueri
905 1929 1030 1968 eum
1064 1917 1179 1970 ausi
1211 1928 1372 1986 sunt;
1407 1929 1588 1974 tamen
1623 1930 1734 1975 tum
1777 1934 2000 1992 prepter
2029 1925 2252 1980 mitten-
2287 1899 2326 1952 Β

679 1999 812 2055 tium
857 2001 1078 2058 Patrum
1115 2008 1430 2062 mandatum
1467 2011 1614 2078 (haec
1661 2013 1929 2080 siquidem
1965 2015 2250 2072 ministerii

678 2093 961 2164 perfectio)
997 2097 1094 2166 ipsi
1137 2102 1320 2154 omnia
1348 2103 1449 2156 sibi
1477 2119 1506 2156 a
1551 2103 1806 2172 Patrihus
1839 2109 2134 2163 contmissa
2163 2126 2254 2164 es-

679 2196 908 2251 ponunt.
939 2187 1032 2241 Ille
1063 2205 1190 2243 vero
1225 2205 1512 2247 mansueto
1542 2197 1746 2259 animo,
1779 2212 1907 2252 vere
1937 2213 2256 2256 mansuetus

677 2273 796 2342 ipse
828 2285 884 2329 et
929 2276 1148 2332 humilis
1180 2283 1364 2346 corde,
1399 2287 1880 2353 reprehensionem
1913 2289 2112 2356 ferens,
2151 2309 2255 2346 non

679 2369 1045 2432 contradixit,
1091 2387 1198 2426 non
1245 2375 1557 2442 indignatus
1603 2389 1716 2442 est,
1759 2395 1871 2434 non
1919 2381 1972 2434 in
2013 2385 2257 2440 convicia

679 2459 951 2528 prorupit,
987 2461 1094 2515 imo
1126 2479 1304 2534 neque
1349 2483 1538 2536 parum
1569 2485 1745 2539 neque
1776 2472 2008 2527 multum
2048 2474 2260 2532 locutus

678 2558 787 2614 est;
825 2567 1010 2607 verum
1041 2555 1190 2610 vultu
1223 2558 1455 2614 maxime
1486 2559 1642 2614 hilari
1695 2563 1977 2634 oculisque
2004 2566 2259 2625 demissis

679 2642 1110 2716 ohjurgatiouem
1159 2663 1472 2722 acceptans,
1505 2655 1694 2726 gratiis
1725 2656 1832 2711 Deo
1867 2657 2103 2727 primum
2135 2659 2262 2714 reli-

679 2733 830 2802 giose
873 2740 1028 2804 actis,
1073 2751 1236 2812 atque
1271 2743 1405 2815 ipsis
1447 2747 1648 2802 deinde
1681 2746 1933 2803 Pati-ilius
1971 2765 2068 2819 pro
2111 2759 2258 2805 tanta

679 2837 808 2878 cura
835 2837 891 2881 et
925 2831 1295 2887 sollicitudine
1322 2835 1616 2904 plurimum
1642 2853 1701 2893 se
1727 2838 1929 2893 debere
1960 2839 2257 2908 professus,

679 2917 997 2988 neutiquam
1028 2931 1316 2979 cunctatus
1351 2942 1381 2980 e
1424 2928 1675 2982 columna
1709 2929 2042 2984 descendere
2080 2942 2258 2998 parat.

678 3007 757 3064 llli
794 3027 924 3068 vero
953 3015 1136 3070 statim
1163 3016 1213 3072 id
1253 3027 1562 3085 vetuerunt,
1593 3019 1814 3075 Patrum
1855 3032 2095 3078 mentem
2132 3040 2262 3094 ape-

679 3103 906 3172 rientes,
943 3123 1173 3194 quorum
1203 3113 1528 3168 auctoritate
1577 3113 1867 3168 stabilitam
1914 3126 2178 3184 perpetuo
2206 3125 2263 3172 et

2349 647 2719 711 ὲνδοιάζοντες
2758 644 2900 719 ἦσαν
2934 667 2945 678 ·
2996 651 3071 712 ὡς
3127 650 3228 704 οὐκ
3275 649 3478 718 ἀγαθὸν
3523 652 3665 721 ἀρχῇ
3693 650 3935 724 τοσαύτῃ

2349 743 2656 812 ἀπαντήσοι
2704 743 2799 795 καὶ
2834 744 2987 806 τέλος
3019 761 3031 774 ·
3069 744 3116 796 εἰ
3167 743 3224 796 δὲ
3256 743 3676 814 δυσανασχετῶν
3705 744 3811 812 εἴη,
3841 746 3938 798 καὶ

2349 835 2472 887 οὐδὲ
2509 835 2680 904 ὀλίγῳ
2717 836 2814 902 τῆς
2853 835 3163 903 συμϐουλῆς
3218 833 3570 904 ἀνεχόμενος,
3603 835 3719 888 ἀλλ’
3747 835 3938 898 ἁπλῶς

2349 925 2494 979 οὕτω
2549 927 2644 979 καὶ
2690 925 2989 994 ἀλογίστως
3047 925 3124 996 τῷ
3169 925 3356 997 οἰκείῳ
3413 927 3683 998 θελήματι
3727 929 3938 997 ἕποιτο,

2353 1014 2511 1084 δῆλον
2539 1018 2614 1079 ὡς
2640 1018 2857 1088 μακρὰν
2885 1019 2986 1086 τῆς
3015 1018 3526 1090 ταπεινοφροσύνης
3573 1020 3690 1072 ἐστὶ
3721 1021 3943 1084 πάντως

2351 1107 2559 1174 ἔλεγον,
2591 1109 2618 1160 ὅ
2652 1125 2735 1172 τις
2768 1109 2834 1162 ἂν
2884 1108 2959 1179 μὴ
3013 1110 3134 1180 οὐχὶ
3187 1109 3276 1162 τὸν
3328 1111 3567 1180 πονηρὸν
3617 1111 3767 1180 αὐτῷ
3811 1114 3943 1176 τοὺς

2351 1199 2649 1270 λογισμοὺς
2677 1201 2903 1265 τούτους
2941 1202 3379 1270 ὑποϐεϐληκέναι
3425 1206 3581 1274 φαίη.
3619 1205 3814 1258 Ἔνθεν
3857 1223 3942 1259 τοι

2352 1291 2448 1345 καὶ
2498 1294 2786 1363 κατασπᾷν
2837 1292 3024 1346 τοῦτον
3079 1295 3128 1346 εἰ
3162 1293 3336 1359 οὕτως
3371 1297 3482 1368 ἔχοι
3524 1298 3793 1360 ἐκέλευον,
3847 1299 3944 1372 καὶ

2353 1384 2560 1438 ἄκοντα
2593 1383 2685 1440 τοῦ
2719 1386 2898 1448 κίονος
2941 1387 3227 1456 κατάγειν.

2426 1563 2532 1620 κδ’.
2559 1567 2716 1620 Οὕτω
2755 1567 2852 1638 τῆς
2899 1567 3122 1638 ἐντολῆς
3171 1569 3426 1639 ἐχούσης,
3462 1569 3652 1638 ἐπειδὴ
3706 1571 3757 1625 οί
3803 1573 3949 1642 πρέ-

2358 1657 2506 1719 σϐεις
2540 1658 2680 1726 πρὸς
2711 1659 2802 1710 τὸν
2833 1659 2932 1728 τῆς
2963 1659 3213 1729 ὑπακοῆς
3243 1661 3334 1714 καὶ
3366 1662 3466 1730 τῆς
3515 1666 3951 1734 ταπεινοφροσύ-

2355 1765 2453 1818 νης
2487 1749 2702 1816 πατέρα
2738 1749 2963 1819 Συμεὼν
3007 1751 3288 1818 ἀφίκοντο,
3332 1748 3478 1807 οὗτοι
3512 1754 3611 1822 μὲν
3644 1755 3738 1809 ἀπ’
3771 1757 3950 1826 αὐτῆς

2357 1839 2481 1902 θέας
2529 1857 2588 1893 τε
2634 1841 2729 1893 καὶ
2785 1842 3273 1912 προσαγορεύσεως
3339 1845 3522 1909 αἰδοῦς
3590 1847 3726 1917 πρὸς
3783 1849 3951 1902 αὐτὸν

2357 1932 2729 2002 ἐπλήσθησαν,
2773 1934 2868 1986 καὶ
2924 1934 3110 1988 οὐκέτι
3157 1936 3280 1989 οὐδὲ
3334 1938 3678 1992 ἀντιϐλέπειν
3733 1937 3836 1994 οἷοί
3890 1959 3950 1996 τε

2329 2019 2496 2093 ,ἦσαν
2519 2041 2534 2055 ·
2575 2025 2726 2094 ὅμως
2757 2025 2843 2080 διά
2876 2043 2934 2078 τε
2961 2028 3060 2098 τὴν
3084 2028 3191 2080 τῶν
3222 2030 3646 2084 ἀπεσταλκότων
3680 2033 3949 2102 Πατέρων

2357 2115 2578 2186 ἐντολὴν
2614 2115 2741 2184 (καὶ
2766 2118 2896 2172 αὐτὸ
2921 2121 2984 2188 δὴ
3016 2119 3174 2173 τοῦτο
3202 2121 3261 2175 τὸ
3286 2122 3386 2192 τῆς
3419 2125 3693 2190 διακονίας
3730 2128 3946 2198 καλὸν),

2360 2212 2754 2278 καταλέγουσιν
2789 2215 2938 2286 αὺτῷ
2969 2217 3144 2270 πάντα
3176 2219 3243 2270 τά
3275 2219 3366 2270 ὑπ’
3397 2220 3620 2274 ἐκείνων
3640 2207 3758 2292 είρη
3771 2225 3910 2290 μένα
3931 2241 3948 2256 ·

2359 2303 2387 2354 ὁ
2413 2303 2467 2355 δὲ
2501 2304 2695 2372 πρᾶος,
2728 2304 2756 2356 ὁ
2800 2306 2970 2374 πρᾶος
2999 2303 3076 2374 τῷ
3106 2305 3219 2357 ὄντι
3247 2307 3340 2358 καὶ
3365 2308 3616 2368 ταπεινὸς
3638 2311 3702 2378 τῇ
3722 2310 3949 2380 καρδίᾳ,

2360 2393 2458 2462 τὴν
2511 2394 2830 2464 ἐπιτίμησιν
2876 2393 3116 2462 ἐνεγκὼν
3145 2397 3247 2448 οὐκ
3275 2398 3550 2462 ἀντεῖπεν,
3581 2399 3680 2452 οὐκ
3733 2402 3951 2468 ἡγανά·

2363 2509 2586 2562 κτηαεν,
2635 2493 2758 2546 οὐδὲ
2803 2493 3018 2565 διέσυρε
3065 2494 3294 2564 ταύτην,
3327 2493 3388 2547 ού
3439 2493 3636 2564 μικρὸν
3684 2494 3840 2546 οὐδὲν
3883 2495 3948 2547 οὐ

2367 2585 2510 2655 μέγα
2541 2585 2844 2654 ἐφθέγξατο
2870 2603 2884 2616 ·
2917 2587 3034 2641 ἀλλ’
3063 2587 3147 2640 ὅτι
3185 2587 3421 2656 μάλιστα
3454 2585 3622 2656 ἱλαρῷ
3653 2585 3746 2638 καὶ
3792 2584 3952 2638 κάτω

2362 2677 2572 2730 νεύοντι
2605 2676 2900 2747 βλέμματι,
2929 2675 3029 2748 τὴν
3070 2678 3390 2746 ὲπιτίμησιν
3435 2675 3841 2744 ἀποδεξάμενος
3863 2673 3949 2743 τῷ

2365 2768 2485 2838 Θεῷ
2515 2785 2575 2822 τε
2597 2769 2696 2838 τὴν
2720 2768 3072 2841 εὐχαριστίαν
3092 2768 3344 2831 ἀποδοὺς,
3371 2769 3464 2822 καὶ
3493 2767 3654 2836 χάριν
3683 2767 3782 2833 τῆς
3815 2767 3949 2837 περὶ

2365 2860 2528 2914 αὐτὸν
2557 2859 2834 2930 φροντίδος
2867 2861 2978 2924 τοῖς
3009 2860 3286 2929 Πατράσιν
3312 2859 3674 2929 ὁμολογήσας,
3709 2857 3782 2926 μὴ
3819 2857 3952 2926 μελ-

2363 2951 2534 3020 λήσας
2567 2951 2756 3021 μηδὲν,
2799 2950 3052 3004 κατιέναι
3101 2950 3194 3004 τοῦ
3228 2948 3422 3003 στύλου
3453 2948 3748 3018 ἐπεχείρει.
3792 2949 3860 3001 Οί
3893 2949 3952 3002 δὲ

2367 3043 2600 3112 ἐπέσχον
2635 3059 2696 3096 τε
2728 3043 2949 3109 αὐτίκα,
2985 3043 3081 3096 καὶ
3107 3043 3206 3114 τὴν
3249 3042 3356 3095 τῶν
3385 3042 3645 3112 Πατέρων
3674 3041 3826 3110 αὐτῷ
3857 3043 3951 3095 ἀν-

2368 3134 2647 3204 εκάλυψαν
2691 3133 2920 3204 γνώμην
2946 3151 2961 3167 ο
3008 3129 3126 3188 εϊτα
3167 3133 3399 3204 μόνιμον
3448 3133 3546 3203 μὲν
3587 3133 3682 3186 καὶ
3725 3132 3950 3202 διηνεκῆ

679 3211 1034 3278 approbatum
1061 3211 1116 3266 in
1138 3213 1391 3269 columna
1421 3217 1712 3270 stationem
1738 3231 1860 3270 esse
1889 3215 2256 3272 declararunt.

2366 3229 2464 3294 τὴν
2497 3227 2589 3280 ἐπὶ
2621 3226 2714 3280 τοῦ
2750 3227 2930 3292 κίονος
2983 3229 3210 3293 στάσιν,
3257 3226 3492 3296 χρηστὸν
3540 3226 3596 3280 δὲ
3649 3225 3804 3287 τέλος
3858 3226 3954 3279 καὶ

681 3301 920 3369 Denique
957 3303 1223 3372 optimum
1257 3306 1420 3361 tinem
1479 3322 1543 3362 ac
1605 3307 1814 3361 [inuam
1876 3308 2265 3363 continuerunt

679 3395 928 3450 laborum
968 3399 1207 3466 quietem
1249 3401 1506 3473 Symeoni
1564 3411 1884 3472 precantes,
1929 3403 2054 3457 inde
2111 3403 2265 3457 abie-

682 3495 828 3540 runt.
889 3487 993 3543 Sed
1046 3499 1102 3545 et
1151 3491 1273 3560 ejus
1363 3492 1688 3548 humilitatis
1767 3493 2156 3547 sublimitatem
2214 3503 2268 3548 ct

679 3578 1008 3637 ohedientiae
1057 3584 1488 3656 magnitudinem
1545 3586 1604 3640 in
1643 3585 1767 3638 aliis
1826 3584 2016 3641 multis
2076 3585 2269 3640 videre

679 3668 826 3727 licet.

2365 3317 2591 3387 βεϐαίαν
2629 3317 2738 3370 τῶν
2771 3317 3012 3386 συνεχῶν
3040 3317 3219 3369 πόνων
3248 3317 3552 3370 ἀνάπαυσιν
3588 3313 3951 3384 ἐπευξάμενοι

2362 3409 2441 3480 τῷ
2474 3405 2720 3478 Συμεὼν,
2755 3407 3176 3478 ἀπηλλάγησαν.
3220 3405 3381 3460 Ἀλλὰ
3425 3406 3485 3460 τὸ
3519 3403 3618 3476 μὲν
3657 3405 3757 3475 τῆς
3786 3404 3951 3458 αὑτοῦ

2363 3499 2868 3568 ταπεινοφροσύνης
2903 3497 3035 3568 ὕψος
3073 3498 3166 3551 καὶ
3193 3497 3290 3569 τῆς
3322 3497 3572 3567 ὑπακοῆς
3597 3497 3658 3550 τὸ
3695 3495 3951 3567 μέγεθος,

2367 3593 2473 3646 κᾶν
2505 3591 2718 3654 πολλοῖς
2745 3589 2809 3644 ἀν
2841 3607 2923 3653 τις
2952 3589 3158 3661 ἑτέροις
3195 3588 3419 3644 κατίδοι.

2131 3815 2360 3873 CAPUT
2397 3816 2457 3870 ν.

1212 3936 1416 3992 Divinis
1450 3938 1730 4004 inliazrens,
1758 3939 1918 3991 matri
1943 3939 2103 3992 etiam
2135 3937 2217 3991 sui
2248 3946 2582 4004 conspectum
2619 3945 2775 4006 negat
2813 3953 2830 3990 :
2861 3936 3122 4006 defuncta:
3155 3943 3421 4005 parentat.

749 4055 839 4110 25.
883 4054 1083 4111 Verum
1106 4057 1376 4118 ordinem,
1409 4074 1572 4126 quem
1597 4058 1846 4113 incidens
1877 4058 2122 4128 prtecidit
2144 4073 2272 4110 nar-

682 4147 842 4213 ratio,
877 4148 1094 4202 tandem
1127 4158 1314 4203 nostra
1335 4165 1622 4204 resumens
1647 4161 1881 4219 exponat
1906 4150 2103 4204 oratio.
2128 4149 2264 4202 Cum

685 4242 969 4300 lsmaelitae
1006 4246 1058 4300 in
1093 4245 1268 4300 tribus
1307 4244 1550 4300 distincti
1593 4245 1658 4299 ad
1705 4245 2029 4316 Syro-onem
2077 4243 2270 4299 salutis

683 4336 876 4392 ducem
909 4339 1264 4404 accederent,
1305 4347 1470 4408 atque
1503 4341 1702 4394 avitam
1736 4338 2068 4408 impietatem
2111 4337 2268 4392 dete-

2442 4055 2545 4123 κγ’.
2594 4056 2668 4107 Τὸ
2719 4055 2775 4107 δὲ
2832 4053 3054 4122 συνεχὲς
3102 4055 3200 4121 τῆς
3256 4048 3614 4112 ἀκολουθίας,
3663 4047 3691 4101 δ
3736 4047 3954 4116 διέκοψε

2369 4146 2462 4199 νῦν
2497 4148 2630 4214 ἡμῖν
2686 4147 2718 4214 ὴ
2778 4141 3212 4213 παρεμπεσοῦσα
3260 4141 3530 4210 διήγησις,
3594 4138 3878 4193 ἀναλαϐὼν
3928 4139 3955 4190 ὁ

2368 4238 2524 4306 λόγος
2553 4236 2803 4306 δηλώσει.
2836 4233 2996 4289 Κατὰ
3018 4233 3193 4302 φυλὰς
3218 4233 3281 4302 δὴ
3321 4233 3426 4286 τῶν
3472 4229 3836 4301 Ἰσμαηλιτῶν
3879 4227 3951 4298 τῷ

2366 4333 2466 4401 τῆς
2510 4329 2788 4400 σωτηρίας
2830 4329 3010 4399 ὁδηγῷ
3061 4323 3288 4396 Συμεὼν
3324 4325 3682 4396 προσιόντων,
3719 4324 3816 4375 καλ⁵
3861 4320 3952 4391 τὴν

683 4436 981 4493 starentur,
1033 4429 1220 4482 divino
1259 4429 1498 4498 denique
1543 4429 1874 4498 baptismate
1922 4429 2256 4492 fruerentur,

2369 4419 2633 4491 πατρῴαν
2663 4418 2918 4473 ἀσέϐειαν
2950 4417 3324 4485 ἀρνουμένων,
3365 4415 3460 4467 καὶ
3497 4413 3590 4466 τοῦ
3636 4411 3782 4465 θείου
3820 4413 3950 4464 ἀπο-

684 4517 771 4570 alii
803 4517 925 4574 aliis
956 4534 1234 4574 sacrorum
1271 4522 1541 4575 rationem
1577 4521 1892 4586 tradentes;
1939 4521 2129 4576 aderat
2162 4519 2260 4574 ali-

2365 4515 2639 4568 λαυόντων
2675 4513 3071 4582 βαπτίσματος,
3107 4510 3256 4563 ἄλλοι
3301 4509 3400 4577 μὲν
3432 4507 3626 4570 ἄλλους
3661 4521 3953 4575 μυσταγω-

679 4612 898 4678 «plaudo
926 4623 981 4668 et
1009 4613 1392 4670 Theodorelus
1422 4615 1682 4670 Ecclesiae
1701 4615 1822 4685 Cyri
1855 4615 2088 4669 antistes
2125 4613 2256 4684 (‘20).

685 4703 742 4757 lii
773 4705 936 4775 igitur
967 4723 1076 4762 non
1111 4705 1362 4778 exiguam
1397 4709 1581 4778 populi
1613 4709 2016 4762 multitudinem
2053 4706 2137 4760 vir
2167 4704 2262 4760 Dci

681 4795 860 4858 oll'ert,
894 4795 1256 4868 hortaturque
1288 4807 1347 4853 ut.
1371 4801 1690 4854 consuetas
1729 4814 1895 4868 super
1937 4813 2031 4852 eos
2073 4811 2264 4863 preces

684 4891 893 4946 rec'tet.
919 4905 1122 4960 eosque
1144 4891 1398 4961 haptizet.
1434 4891 1570 4946 llum
1598 4893 1719 4961 ejus
1753 4893 2022 4946 mandatis
2050 4891 2262 4945 obtem-

681 4995 875 5049 perare
912 4983 1145 5039 antistes
1181 4985 1516 5055 aggreditur,
1547 4987 1768 5040 illorum
1799 4985 2028 5054 quisque
2059 4985 2266 5052 primus

682 5073 974 5130 criminum
1026 5076 1473 5130 suorum-sordes
1517 5075 1702 5133 eluere
1737 5075 1872 5146 (2t),
1903 5089 2120 5130 necnon
2161 5073 2267 5126 im-

684 5165 901 5236 pietatis
956 5166 1216 5224 illuviem.
1264 5167 1578 5238 abstergere
1632 5167 2035 5232 contendebat;
2092 5164 2266 5235 quivis

681 5259 834 5331 prior
858 5259 1087 5332 gratiam
1129 5259 1396 5330 consequi
1447 5268 1736 5332 satagens,
1773 5260 1926 5314 litem
1975 5258 2266 5328 quamdam

759 5418 872 5491 (20)
917 5420 1093 5491 Cyrus
1140 5430 1460 5476 recensetur
1512 5421 1582 5475 ab
1619 5420 1864 5474 Auberto
1915 5417 2264 5491 Miraaointer

685 5489 1015 5560 metropoles
1068 5492 1488 5557 antoeephalas,
1540 5491 1866 5560 patriarchae
1919 5489 2264 5545 Antiocheno

687 5559 985 5628 subiectas.
1019 5561 1192 5616 Distat
1223 5562 1458 5616 duorum
1491 5559 1700 5615 dierum
1743 5561 1932 5614 itinere
1975 5561 2043 5614 ab
2074 5560 2266 5615 Antio-

686 5628 922 5700 chiahut
955 5631 1067 5700 ipse
1093 5647 1212 5700 cap.
1233 5632 1268 5686 Ξ
1311 5632 1476 5688 tradit
1509 5631 1905 5686 Theodoretus.
1941 5629 2058 5684 Non
2093 5638 2176 5684 est
2203 5643 2268 5682 ea

689 5713 826 5772 qua:
844 5697 1142 5772 Ptolomaeo
1163 5697 1448 5772 Cyropolis
1477 5703 1680 5772 dicitur
1710 5719 1724 5756 :
1751 5717 1874 5754 nam
1899 5700 2268 5772 Cerpolisin

691 5765 864 5842 Media
891 5779 993 5842 est_
1004 5770 1070 5822 ad
1100 5765 1250 5842 mare
1283 5765 1542 5842 Caspium
1569 5789 1584 5838 ;
1620 5771 1794 5842 Cyrus
1834 5765 1963 5827 verti
1997 5765 2061 5824 in.
2086 5769 2270 5842 εγὼ,

692 5835 912 5907 Κύρρος
960 5837 1263 5910 Stephano,
1327 5835 1472 5898 unde
1522 5835 1879 5914 κυρβέστης,
1931 5850 1988 5896 ut
2047 5835 2163 5905 ait,
2217 5850 2273 5896 et

2361 4609 2582 4678 γοῡντες
2607 4608 2822 4661 ἐτέλουν
2852 4619 2865 4633 ·
2918 4605 3104 4674 παρῆν
3134 4603 3190 4657 δέ
3222 4620 3351 4656 ποτε
3377 4605 3472 4656 καὶ
3505 4603 3533 4654 ὁ
3553 4601 3654 4668 τῆς
3682 4601 3829 4652 κατά
3866 4597 3952 4650 τὸν

2362 4703 2544 4771 Κῦρον
2569 4700 2866 4772 ἐκκλησίας
2895 4697 3173 4770 προεστὼς
3215 4697 3578 4767 Θεοδώρητος.
3609 4695 3820 4762 Πλῆθος
3848 4691 3954 4744 τοία

2363 4811 2458 4848 νυν
2482 4794 2582 4845 οὐκ
2609 4793 2790 4858 ὀλίγον
2816 4792 2844 4843 ὁ
2877 4790 3019 4861 ἀνὴρ
3049 4789 3145 4842 καλ⁵
3179 4787 3327 4850 αὐτῷ
3354 4785 3732 4858 παρατίθεται,
3760 4786 3861 4845 τάς
3896 4797 3948 4832 τε

2366 4887 2621 4957 συνήθεις
2670 4885 2838 4954 εὐχὰς
2881 4885 3064 4945 αὐτοῖς
3105 4883 3352 4934 ἐπειπεῖν
3399 4881 3491 4931 καὶ
3525 4877 3786 4948 βαπτίσαι
3827 4874 3940 4928 τού-

2363 4997 2488 5043 τους
2514 4979 2904 5048 προτρέπεται.
2951 4975 3012 5028 Ὀ
3046 4975 3142 5044 μὲν
3172 4973 3264 5026 οὖν
3301 4975 3530 5040 ἀγαγεῖν
3563 4973 3642 5034 είς
3673 4970 3834 5036 ἔργον
3857 4965 3950 5036 τὴν

2366 5073 2585 5138 ἐντολὴν
2615 5070 2892 5140 ἐπεχείρει
2926 5085 2940 5101 ο
2970 5063 3102 5122 οἶδὲ
3144 5065 3554 5120 ἀπολούσασθαι
3585 5063 3802 5132 πρῶτος
3825 5061 3950 5113 ’ἐκα-

2368 5181 2491 5226 στος
2523 5163 2624 5234 τὴν
2651 5162 2758 5216 τῶν
2797 5160 2986 5214 παθῶν
3022 5159 3157 5223 ἰλὺν,
3182 5159 3275 5210 καὶ
3301 5157 3398 5227 τὴν
3435 5156 3688 5211 ἀσέϐειαν
3728 5154 3823 5206 καὶ
3863 5150 3950 5201 τὸν

2370 5255 2540 5327 ρὖον
2572 5250 3026 5321 φιλονεικοῦντες,
3069 5249 3163 5304 καὶ
3203 5247 3356 5310 ποῖὸς
3399 5263 3484 5308 τις
3521 5246 3786 5316 πρότερος
3817 5240 3952 5312 φθά-

2363 5415 2510 5486 regio
2576 5409 3119 5486 ipsa‘Kuppocn-txﬁ.
3191 5405 3498 5486 Ptol-onth
3531 5417 3749 5486 quoque

2365 5471 2456 5556 ροἷ
2479 5471 2723 5556 εςεςξεοά
2754 5471 2949 5556 vereor
2978 5489 3038 5556 ut
3066 5471 3245 5556 recte;
3271 5476 3401 5530 Nam
3423 5471 3728 5556 “Procopio
3777 5471 3950 5556 libasti

2364 5537 2726 5616 {litt-diﬁcia
2781 5548 3104 5605 Iustiniani.
3169 5546 3348 5618 Κῦρος
3407 5537 3724 5619 (ιίρῑιυτξει
3783 5537 3950 5619 tradi-

2366 5640 2452 5682 tur
2487 5644 2518 5682 a
2563 5615 2768 5675 Judzeis
2814 5621 3102 5685 aediﬁcata,
3148 5628 3204 5673 et
3245 5615 3313 5673 de
3358 5616 3480 5686 Cyri
3541 5615 3684 5686 regis
3729 5615 3948 5668 nomine

2368 5701 2533 5753 dicta.
3237 5759 3240 5760 ν
3371 5759 3380 5760 κ
3477 5757 3488 5760 _
3621 5755 3654 5760 __
3859 5747 3890 5760 _.

2445 5771 2556 5833 (at)
2593 5768 2747 5838 Apud
2780 5763 3191 5838 Theodoretum
3224 5757 3492 5838 baptismi
3542 5755 3690 5811 nulla
3721 5755 3950 5811 mentio.

2372 5831 2465 5895 sed
2489 5831 2657 5896 solius
2681 5833 3037 5895 sacerdotalis
3061 5831 3482 5890 benedictiOuis.
