4152 6398
147 268 276 333 353

1262 261 1436 322 VITA
1483 262 1543 323 S.
1585 263 1965 323 SYMEONIS
2005 266 2361 326 STYLITIE.

3360 274 3469 339 35$

149 397 248 434 σοι
281 376 390 449 τῆς
432 376 659 447 χάριτος
700 370 1013 442 μετασχὼν,
1064 370 1182 441 ἔριν
1220 370 1281 425 τὸ
1309 372 1544 442 πρᾶγμα
1582 372 1756 427 atoma.

1874 389 1940 428 ex
1970 391 2028 429 re
2058 390 2212 430 saera
2255 374 2494 429 faciebat
2539 394 2551 429 :
2592 378 2665 431 ita
2696 377 2964 434 inurbane
2984 381 3052 436 ad
3078 396 3203 436 eum
3235 399 3470 442 concur-

152 489 348 542 μενοι,
402 464 894 540 βαρϐαρικώτερον
924 463 1343 533 συνδραμόντες,
1366 465 1416 516 οἱ
1453 465 1551 533 μὲν
1585 460 1765 521 εἷλκον

148 569 353 633 αὐτὸν,
389 569 442 620 οἱ
466 566 525 620 δὲ
554 562 843 618 ἀνθεῖλκον
869 578 885 595 ·
922 563 972 615 et
1005 561 1065 614 δὲ
1102 560 1417 631 ἀφεστῶτες
1448 560 1557 611 τῶν
1591 558 1764 614 ἄλλων

150 658 564 720 ἐπιϐαίνοντες,
596 656 695 709 καὶ
730 655 832 716 τὰς
870 654 1061 723 χεῖρας
1113 650 1513 722 προτείνοντες,
1564 651 1615 702 οἱ
1664 650 1764 720 μὲν

148 752 252 805 τοῦ
292 750 585 818 πώγωνος,
634 748 686 800 οἱ
734 747 792 799 δὲ
847 746 956 798 τῶν
1017 744 1251 814 ἱματίων
1299 743 1763 813 ἐπελαμϐάνοντο,

151 842 302 894 ὥστε
337 838 546 909 μικροῦ
601 836 707 891 κᾶν
762 834 1130 888 διεσπάσαντο
1173 833 1265 887 τὸν
1303 833 1495 904 ἄνδρα,
1526 835 1576 886 εί
1631 832 1707 904 μὴ
1737 833 1766 885 ὁ

154 930 476 1000 θαυμάσιος
506 926 720 983 ἄνωθεν
751 924 979 996 Συμεὼν
1019 924 1320 995 ἐμϐοήσας,
1365 926 1466 987 τὰς
1495 925 1765 988 ἀτάκτους

153 1023 307 1076 οὕτω
352 1020 677 1075 κατέστειλε
713 1017 930 1079 τούτοις
963 1018 1164 1086 ὁρμὰς,
1204 1015 1281 1079 ὡς
1317 1016 1521 1070 αὐτίκα
1557 1016 1765 1078 πάντας

159 1112 522 1183 μεταλαϐεῖν,
547 1113 607 1164 ὲν
629 1111 827 1181 κόσμῳ
856 1125 919 1162 τε
948 1109 1047 1179 τῆς
1077 1108 1301 1178 χάριτος
1326 1108 1638 1178 μετασχεῖν,
1670 1107 1765 1161 καὶ

159 1206 243 1271 τῷ
270 1204 404 1275 θείῳ
426 1203 791 1272 τελειωθῆναι
817 1200 1184 1270 βαπτίσματι.
1211 1198 1371 1254 Οὕτω
1391 1200 1571 1254 τοίνυν
1602 1200 1635 1270 ἠ
1666 1200 1766 1270 τῆς

168 1297 382 1349 ἐκείνου
433 1295 685 1366 γλώττης
744 1292 974 1364 λαμπὰς
1006 1293 1102 1347 καὶ
1155 1292 1491 1346 δεδίττεσθαι
1547 1291 1643 1357 οὓς
1696 1292 1764 1347 ἂν

179 1385 440 1453 βούλοιτο,
467 1387 560 1439 καὶ
590 1383 852 1452 φωτίζειν
883 1378 1019 1453 εἶχε,
1047 1383 1145 1452 τῆς
1168 1381 1278 1437 τῶν
1305 1381 1552 1450 ἀδελφῶν
1578 1381 1764 1436 ἕνεκεν

170 1476 450 1545 σωτηρίας
493 1475 798 1545 ἀμφότερα.
841 1474 1093 1544 Μελέτην
1138 1490 1202 1542 γε
1258 1473 1366 1544 μὴν
1405 1473 1627 1543 διηνεκῆ
1665 1476 1764 1537 τὰς

192 1566 535 1627 Δεσποτικὰς
598 1565 811 1629 ἐντολὰς
869 1568 1128 1629 ἐποιεῖτο,
1184 1564 1301 1618 ἀλλ’
1339 1566 1398 1618 οὑ
1452 1565 1610 1636 μέχρι
1664 1566 1762 1636 τῆς

161 1659 392 1709 τούτων
426 1659 703 1727 τηρήσεως
734 1657 917 1727 ἵστησι
946 1657 1007 1709 τὸ
1041 1656 1348 1726 φιλόπονον,
1406 1656 1525 1712 ἀλλ’
1572 1656 1762 1727 ὥσπερ

157 1749 210 1800 εί
244 1749 330 1818 μή
364 1766 416 1799 τι
452 1748 675 1811 ταύταις
702 1748 918 1802 οἴκοθεν
962 1749 1269 1820 προσθήσοι
1311 1749 1405 1802 καὶ
1453 1749 1617 1802 πλέον
1665 1749 1761 1817 ζη-
1795 1727 1836 1782 Β

163 1842 296 1910 μίαν
320 1842 385 1894 οὐ
413 1841 514 1911 τήν
540 1841 808 1912 τυχοῦσαν
836 1840 1163 1913 ἡγούμενος,
1194 1841 1368 1905 οὕτως
1394 1842 1666 1914 ἁνενδὸτῳ
1692 1846 1757 1914 τῇ

164 1934 370 2004 σπουδῇ
400 1934 601 2004 ἐχρῆτο
622 1933 720 1991 καὶ
748 1933 893 1991 οὕτω
918 1934 1055 2004 πρὸς
1081 1932 1258 1988 ταῦτα
1278 1933 1542 1988 διέκειτοί

228 2027 332 2080 κδ’.
406 2026 627 2096 ’Δμέλει
687 2027 795 2097 γὰρ
832 2027 929 2082 καὶ
981 2026 1199 2097 πατέρα
1264 2026 1385 2095 μὲν,
1431 2027 1505 2090 ὡς
1536 2028 1564 2080 ὁ
1602 2027 1757 2095 λόγος

161 2119 376 2188 φθάσας
412 2118 677 2190 ἐδήλωσε,
708 2118 1029 2175 καταλείπει
1055 2119 1151 2175 καὶ
1184 2119 1420 2190 μητέρα,
1449 2120 1529 2191 τῷ
1558 2120 1758 2175 ποθουο

165 2214 309 2284 μένῳ
340 2214 399 2267 δὲ
438 2212 748 2278 ἀκολουθεῖ,
786 2217 880 2271 καὶ
916 2215 1038 2277 ὅλος
1070 2214 1167 2269 τοῦ
1198 2216 1334 2285 πρὸς
1367 2217 1531 2271 αὑτὸν
1556 2216 1758 2287 ἔρωτος

159 2306 392 2373 γίνεται,
442 2306 472 2360 δ
503 2306 605 2375 τῆς
636 2307 980 2378 Δεσποτικῆς
1020 2309 1243 2379 ἐντολῆς
1271 2312 1391 2364 ἐστι
1421 2310 1483 2363 re
1526 2311 1759 2383 ἀκρότα-

160 2417 248 2452 τον
272 2417 289 2432 ·
337 2400 483 2471 πλὴν
516 2399 660 2454 ἀλλὰ
690 2403 788 2455 καὶ
820 2401 981 2454 τοῦτο
1010 2401 1372 2471 προστίθησιν
1401 2404 1495 2471 ἀφ’
1536 2403 1754 2459 ἑαυτοῦ.

170 2493 343 2546 Ἔπτά
371 2495 485 2565 γάρ
508 2494 607 2548 καὶ
636 2494 846 2548 εἴκοσιν
872 2493 1012 2549 ἑτῶν
1038 2495 1455 2564 διαγεγονότων,
1487 2498 1580 2566 ἀφ’
1606 2491 1670 2552 οὗ
1690 2500 1754 2573 δὴ

166 2584 377 2654 φύσεώς
402 2603 464 2638 τε
494 2585 735 2657 θεσμοὺς
773 2588 869 2641 καὶ
900 2588 968 2641 τὰ
991 2591 1050 2641 ὲν
1075 2589 1155 2658 τῷ
1183 2589 1374 2661 κόσμῳ
1397 2590 1577 2644 πάντα.
1603 2593 1631 2645 ό
1654 2593 1757 2646 ὑπ-

164 2677 456 2747 ιρκόσμιος
483 2671 646 2742 οὗτος
671 2680 975 2749 ⁴ήρνήσατο,
1008 2680 1068 2732 τὸ
1097 2680 1342 2749 ἔμφυτον
1373 2683 1406 2751 ἠ
1439 2683 1625 2752 μήτηρ
1655 2682 1754 2751 τῆς

170 2770 553 2841 φιλοστοργίας
594 2771 708 2841 πῦρ
734 2773 830 2824 καὶ
856 2773 1146 2845 ἐγκάρδιον
1169 2773 1250 2826 ἔτι
1281 2777 1392 2833 τοῖς
1419 2776 1753 2845 σπλάγχνοις

162 2859 425 2926 φέρουσι,
462 2862 559 2912 καὶ
594 2861 688 2929 -μὴ
734 2861 912 2924 ἄλλως
945 2864 1287 2917 κατασϐέσαι
1331 2866 1607 2935 δυναμένη
1654 2864 1754 2935 τὴν

159 2952 353 3021 φλόγα,
415 2953 573 3023 παρὰ
627 2954 721 3006 τὸν
764 2956 826 3006 ἐν
885 2956 1053 3026 σαρκὶ
1099 2957 1289 3010 τοῦτον
1343 2958 1586 3029 ἄσαρκον
1638 2961 1755 3011 υἱὸν

1870 468 2085 533 rebaut,
2132 469 2224 522 alii
2276 470 2504 523 horsum
2537 485 2663 524 eum
2730 474 3038 539 trahebant,
3100 476 3192 530 alii
3225 479 3464 535 vicissim

1870 559 2243 615 retraltehant.
2280 559 2384 626 Qui
2410 577 2541 615 vero
2573 563 2871 630 distabant,
2906 566 2958 619 in
3007 568 3144 622 alios
3210 569 3459 626 incurre-

1870 648 2021 715 bant,
2040 660 2095 704 et
2127 666 2321 706 manus
2351 653 2771 721 protendebant.
2805 656 3039 722 Quidam
3063 660 3183 729 ejus
3212 662 3462 729 barbam,

1869 741 2121 797 nonnulli
2166 752 2374 799 vestem
2409 746 2901 814 apprehendebant
2937 767 2950 802 :
3004 766 3195 820 parum
3227 754 3463 825 denique

1869 834 2059 889 aberat
2084 835 2216 903 quin
2233 836 2414 891 virum
2437 837 2833 906 discerperent,
2856 841 2962 895 nisi
2986 843 3341 901 admirandus
3368 849 3466 918 Sy-

1869 940 2029 979 meon
2063 941 2130 982 ex
2157 926 2267 983 alto
2296 942 2488 985 vocem
2544 929 2831 985 extulisset
2864 949 2878 985 :
2904 932 2977 987 ita
3007 936 3154 990 enim
3185 937 3466 993 inordina-

1869 1024 1955 1070 tos
1982 1017 2199 1073 illorum
2260 1020 2499 1090 impetus
2528 1022 2889 1091 compescuit,
2947 1033 3008 1078 ut
3035 1040 3229 1081 omnes
3275 1030 3461 1084 statim

1868 1117 2238 1177 mutarentur,
2292 1118 2457 1181 atque
2485 1112 2555 1168 ad
2594 1114 3007 1184 percipiendam
3058 1118 3288 1187 gratiam
3335 1136 3460 1175 cum

1866 1201 2015 1257 omni
2048 1202 2316 1259 modestia
2338 1204 2690 1271 accederent,
2738 1216 2803 1261 a‘c
2826 1208 3012 1264 divino
3043 1209 3260 1267 lavacro
3288 1212 3466 1282 tinge-
3508 1248 3523 1259 -

1868 1299 2078 1347 rentur.
2129 1292 2207 1346 Ita
2265 1293 2387 1363 ejus
2419 1293 2619 1365 linguae
2650 1295 2761 1362 fax,
2792 1306 2848 1351 et
2876 1305 3088 1353 terrere
3110 1316 3248 1369 quos
3277 1303 3460 1366 vellet,

1866 1390 1921 1435 et
1959 1383 2271 1438 illuminare
2321 1394 2531 1454 poterat
2574 1404 2591 1450 ς
2653 1396 2947 1458 utrumque
2996 1393 3144 1446 enim
3206 1393 3464 1451 fraternas

1867 1473 2058 1529 salutis
2084 1491 2248 1529 causa
2282 1479 2594 1545 prmstabat.
2643 1480 2719 1534 De
2747 1481 2947 1536 divinis
2987 1484 3275 1553 praeceptis
3324 1502 3463 1540 coa-

1868 1563 2053 1617 tinuas
2097 1565 2483 1621 meditationes
2515 1567 2857 1624 instituebat.
2901 1569 3124 1628 Verum.
3168 1589 3348 1642 neque
3404 1576 3459 1629 in

1872 1654 2069 1709 horum
2135 1656 2485 1711 observantia
2558 1659 2680 1729 ejus
2735 1659 3051 1729 quiescebat
3113 1661 3382 1718 industria
3442 1684 3456 1720 :

1866 1746 1971 1801 nisi
2022 1747 2170 1802 enim
2230 1747 2360 1819 quid
2418 1751 2655 1820 amplius
2685 1751 2772 1806 bis
2822 1753 3144 1816 addidisset,
3176 1769 3283 1808 non
3334 1758 3459 1811 vul-

1864 1854 1991 1908 gare
2018 1839 2279 1894 damnum
2300 1841 2669 1898 existimasset
2695 1860 2709 1899 :
2736 1851 2846 1899 tam
2875 1845 3159 1901 irremisso
3190 1847 3455 1904 utebatur

1864 1932 2066 1994 studio,
2093 1939 2149 1985 et
2180 1940 2289 1987 tam
2309 1934 2587 1990 indefesso
2622 1935 2674 1989 in
2702 1936 2790 1991 his
2815 1938 3077 1994 omnibus
3092 1949 3210 1995 erat
3231 1941 3452 1997 animo!

1933 2023 2021 2078 24.
2052 2024 2119 2078 Et
2144 2032 2359 2094 patrem
2394 2025 2638 2095 quidem,
2680 2027 2761 2082 uti
2795 2028 2945 2097 prius
2974 2030 3206 2086 relatum
3231 2041 3335 2101 est,
3360 2034 3460 2089 sed

1861 2124 1911 2169 et
1948 2125 2177 2171 matrem
2206 2116 2449 2186 reliquit,
2478 2117 2552 2171 illi
2580 2119 2680 2174 soli
2710 2134 2874 2188 quem
2905 2123 3457 2190 amabatadhaerens,

1860 2207 2091 2278 ejusque
2120 2208 2292 2262 amori
2323 2216 2469 2264 totus
2503 2208 2816 2277 intendens,
2849 2214 2992 2283 quod
3025 2213 3289 2270 Dominici
3313 2233 3459 2287 prae-

1861 2299 2005 2368 cepti
2036 2308 2202 2369 caput
2230 2307 2330 2354 est.
2368 2300 2475 2356 Sed
2496 2309 2550 2356 et
2569 2301 2699 2356 illud
2724 2303 2792 2358 ad
2818 2312 3017 2360 cmtera
3045 2321 3111 2360 ex
3144 2307 3326 2377 seipso
3355 2309 3456 2365 ad-

1860 2390 2017 2448 didit.
2050 2390 2275 2463 Septem
2316 2400 2372 2447 et
2407 2393 2599 2465 viginti
2630 2394 2744 2465 (ἓξ)
2775 2395 2887 2466 jam
2919 2396 3056 2467 lapsi
3099 2405 3258 2452 erant
3303 2398 3457 2465 anni,

1859 2499 1923 2540 ex
1953 2500 2062 2555 quo
2100 2493 2310 2541 natura;
2338 2486 2507 2558 leges,
2555 2503 2786 2559 quaeque
2823 2489 2883 2544 in
2920 2490 3127 2546 mundo
3177 2501 3325 2558 sunt,
3374 2493 3459 2549 vir

1859 2576 1952 2630 hic
1976 2576 2182 2631 mundo
2211 2576 2480 2633 excelsior
2511 2577 2858 2634 abdicaverat
2891 2597 2905 2635 :
2940 2595 3064 2635 cum
3106 2597 3233 2638 ecce
3256 2593 3454 2650 mater,

1858 2670 2109 2747 innatum
2145 2668 2321 2724 filialis
2354 2668 2588 2725 affectus
2615 2670 2797 2743 ignem
2825 2672 2968 2727 intra
2988 2674 3197 2729 viscera
3221 2691 3319 2730 sua
3358 2691 3457 2747 ge-

1858 2778 2006 2827 rens,
2044 2778 2222 2833 neque
2249 2764 2407 2819 aliter
2436 2766 2626 2820 valens
2669 2765 2941 2820 ﬂammam
2973 2768 3352 2837 exstinguere,
3383 2770 3451 2823 ad

1856 2856 2027 2910 ﬁlium
2057 2870 2220 2910 suum
2250 2856 2405 2920 abiit,
2429 2856 2611 2911 adhuc
2636 2856 2692 2910 in
2723 2872 2891 2912 carne
2916 2858 3037 2913 sine
3070 2872 3236 2911 carne
3268 2860 3455 2913 viven~

1858 2958 1966 3005 tem
2001 2948 2096 3015 (ita
2132 2963 2219 3003 me
2240 2948 2308 3003 de
2333 2963 2400 3004 eo
2447 2950 2597 3019 loqui
2626 2949 2764 3005 ratio
2793 2951 2959 3021 cogit)
2995 2951 3225 3021 cupiens
3274 2951 3446 3005 filium

158 3046 373 3099 ἄπεισιν
413 3043 612 3115 (οὕτως
638 3045 747 3115 γὰρ
783 3047 811 3099 ό
843 3046 1002 3115 λόγος
1031 3050 1208 3102 εἰπεῖν
1258 3049 1528 3121 βιάζεται)
1570 3053 1754 3123 γλιχο-

1861 3044 2087 3109 intueri,
2128 3051 2185 3096 et
2234 3042 2355 3112 ejus
2383 3042 2489 3097 frui
2517 3043 2811 3115 colloquio,
2852 3059 2961 3113 quo
3007 3053 3160 3098 tanto
3206 3053 3453 3115 tempore

160 3135 291 3204 μένη
319 3136 421 3189 καὶ
441 3136 568 3205 ὖψιν
599 3137 731 3191 ἰδεῖν
755 3137 850 3191 τοῦ
877 3139 1089 3204 παιδὸς,
1119 3139 1216 3193 καὶ
1247 3141 1466 3213 ὁμιλίας
1499 3145 1750 3207 ἀκοῦσαι,

156 3221 223 3297 ἦς
257 3229 350 3281 ἐπὶ
374 3228 642 3283 τοσοῦτον
677 3231 1027 3303 ἀπεστέρητο
1062 3234 1277 3305 χρόνον.
1331 3237 1388 3288 '0
1422 3236 1478 3289 δὲ
1518 3238 1618 3308 τῆς
1651 3256 1755 3307 μη·-

157 3318 283 3386 τρὺς
319 3318 510 3386 μαθὼν
541 3320 644 3388 τὴν
675 3321 974 3390 ἐπιδημίαν
1005 3323 1108 3393 ὅρα
1136 3325 1254 3389 πῶς
1285 3326 1498 3395 μερίζει
1532 3329 1627 3380 καὶ
1656 3326 1755 3400 τὴν

160 3415 321 3478 τιμὴν
342 3413 411 3480 τῇ
456 3412 655 3482 μητρὶ,
698 3414 795 3466 καὶ
832 3412 911 3483 τῷ
941 3415 1042 3484 τὴν
1084 3416 1309 3487 ἐντολὴν
1353 3418 1753 3489 ὑπερϐάλλοντι

159 3500 305 3570 νέμω
340 3502 405 3552 τὸ
450 3502 670 3558 ἄλυτον.
706 3504 783 3556 Οὐ
832 3505 1206 3577 παραδέχεται
1258 3508 1359 3577 μὲν
1403 3510 1499 3580 τὴν
1559 3528 1753 3565 συντυ-

159 3591 299 3659 χίαν,
334 3591 710 3664 διαπέμπεται
733 3595 791 3648 δὲ
827 3597 966 3669 πρὸς
995 3600 1163 3671 αὐτὴν
1188 3600 1367 3670 λέγων
1392 3621 1405 3633 ο
1448 3604 1539 3659 ιιῐί
1574 3607 1680 3673 σοὶ,
1708 3602 1755 3663 ὦ

165 3684 365 3752 μῆτερ,
394 3685 563 3748 δοκεῖ,
596 3688 700 3758 τὴν
730 3688 982 3759 ἀλλήλων
1011 3690 1142 3745 θέαν
1195 3693 1273 3763 τῷ
1328 3695 1545 3750 ἐκεῖθεν
1595 3700 1755 3755 αἰῶνι

161 3776 576 3846 ταμιευσόμεθα
597 3792 614 3809 ·
657 3781 752 3832 καὶ
782 3781 944 3853 εἰπερ
980 3783 1273 3854 εὐάρεστος
1304 3785 1424 3856 Θεῷ
1464 3791 1680 3853 πάντως
1719 3792 1752 3863 ή

172 3866 423 3918 πολιτεία
481 3869 656 3937 ἡμῶν,
710 3871 855 3940 μετὰ
903 3871 1005 3944 τὴν
1061 3874 1316 3928 ἐντεῦθεν
1367 3877 1637 3948 ἐκδημίαν
1696 3884 1754 3935 ὲν

160 3958 397 4031 Χριστῷ
430 3962 686 4032 ἀλλήλους
714 3965 987 4036 ὀψόμεθα,
1011 3967 1195 4038 πολλῷ
1220 3970 1549 4041 οἰκειότερόν
1574 3991 1632 4027 τε
1661 3978 1754 4028 καὶ

157 4054 647 4126 γνωριμώτερον.»
678 4059 788 4111 Καὶ
818 4060 846 4110 ὁ
874 4060 972 4129 μὲν
999 4061 1204 4130 ἐμήνυε
1236 4062 1413 4115 ταῦτα
1453 4066 1548 4118 καὶ
1572 4068 1755 4121 ὑπετί-

158 4143 238 4198 θει
273 4160 287 4172 °
315 4146 440 4198 ἐπεὶ
470 4146 527 4199 δὲ
560 4150 662 4219 τὴν
708 4150 928 4221 μητέρα
981 4153 1014 4221 ή
1059 4152 1158 4222 τὴν
1214 4152 1399 4225 ψυχὴν
1450 4156 1752 4212 ἐκκαίουσα

164 4238 289 4306 φλὸξ
319 4240 618 4294 αἰσθέσθαι
664 4242 774 4295 τῶν
831 4244 1146 4315 λεγομένων
1195 4247 1295 4300 οὐκ
1345 4248 1453 4313 εἴα,
1497 4250 1612 4303 ἀλλ’
1657 4253 1754 4304 ἐπ-

166 4330 314 4397 έμενε
357 4331 443 4385 ἔτι
498 4332 598 4401 τὴν
642 4334 943 4405 ἐπιθυμίαν
975 4337 1428 4409 προϐαλλομένης
1454 4340 1550 4411 τῆς
1581 4340 1710 4406 θέας
1733 4358 1748 4374 ⁸

1858 3140 2131 3203 caruerat.
2185 3133 2307 3204 Ipse
2334 3149 2466 3188 vero
2510 3134 2787 3189 intellecto
2816 3135 3010 3189 matris
3034 3134 3294 3197 adventu,
3326 3135 3452 3190 vide

1856 3224 2134 3294 quomodo
2150 3232 2205 3279 et
2236 3223 2396 3278 matri
2418 3225 2682 3279 honorem
2709 3227 2943 3295 partitus
2972 3225 3062 3290 sit,
3095 3233 3149 3279 et
3179 3236 3454 3295 przeeepto

1856 3317 2204 3373 satisfecerit.
2239 3319 2372 3388 Ejus
2405 3333 2761 3390 congressum
2808 3318 3028 3388 quidem
3060 3334 3170 3373 non
3211 3319 3448 3383 admisit,

1855 3426 2046 3466 verum
2072 3412 2189 3466 haec
2219 3411 2271 3467 ei
2296 3412 2461 3482 jussit
2487 3412 2793 3468 renuntiari
2820 3432 2832 3467 :
2860 3412 2917 3467 Si
2948 3413 3067 3478 tibi,
3100 3429 3133 3466 o
3157 3423 3352 3477 mater,
3381 3418 3453 3468 ita

1855 3503 2035 3558 visum
2070 3502 2261 3567 fuerit,
2317 3513 2569 3559 mutuum
2623 3513 2905 3573 aspectum
2971 3505 3025 3558 in
3079 3505 3225 3560 aliud
3272 3522 3452 3560 zevutn

1855 3597 2297 3663 reservabimus;
2331 3604 2387 3652 ct
2435 3596 2481 3651 si
2528 3598 2752 3667 quidem
2782 3606 2933 3668 grata
2972 3598 3137 3652 fuerit
3177 3598 3288 3652 Deo
3316 3613 3452 3653 con-

1854 3687 2092 3743 versatio
2124 3697 2331 3752 nostra,
2376 3696 2666 3758 postquam
2701 3687 2830 3742 hinc
2868 3689 3342 3758 emigraverimus,
3396 3689 3449 3741 in

1855 3778 2076 3833 Christo
2101 3778 2335 3855 invicem
2363 3779 2536 3833 multo
2568 3778 2890 3834 familiarius
2920 3779 3233 3847 clariusque
3297 3781 3451 3833 vide-

1852 3870 2058 3925 bimus.
2088 3868 2213 3925 tlaec
2235 3870 2303 3923 ad
2351 3885 2471 3924 eam
2500 3869 2689 3923 referri
2742 3870 2925 3939 jussit.
2960 3869 3065 3924 Sed
3120 3886 3242 3923 cum
3278 3880 3453 3923 mater

1854 3978 1968 4032 prae
1995 3960 2199 4016 amoris
2233 3960 2474 4022 ﬂamma,
2502 3959 2739 4014 animam
2781 3960 2947 4013 .intus
3008 3970 3294 4017 exurente.
3330 3976 3451 4029 qtae

1857 4054 1999 4108 dicta
2061 4052 2279 4106 fuerant
2335 4068 2444 4105 non
2477 4052 2859 4111 intellexisset.
2913 4052 3009 4105 sed
3036 4052 3215 4105 adhuc
3244 4053 3335 4104 lilii
3370 4052 3453 4104 vi-

1855 4144 2020 4200 dendi
2053 4143 2325 4199 desiderio
2355 4144 2646 4214 flagraret;
2707 4144 2815 4216 Ego
2853 4145 3097 4213 quidem,
3135 4145 3318 4199 denuo
3356 4161 3453 4213 per

1856 4235 2111 4289 nuntium
2156 4236 2250 4298 ait,
2284 4251 2316 4289 ο
2345 4248 2541 4298 mater,
2593 4237 2736 4305 quod
2769 4237 2988 4305 utrique
3025 4247 3277 4291 nostrum
3312 4254 3445 4290 con—

1855 4327 2083 4382 veniens
2116 4337 2199 4382 est
2224 4328 2439 4382 mallem
2460 4329 2750 4382 admittere
2784 4341 2855 4392 te,
2887 4345 3066 4398 neque
3093 4332 3164 4383 ita
3199 4338 3450 4384 mutuum

164 4423 295 4492 Ἐγὼ
318 4423 445 4493 μὲν,
464 4417 511 4477 ὦ
539 4426 801 4495 μῆτερ,τὸ
839 4428 1094 4497 δεύτερον
1151 4430 1293 4499 αὐτῇ
1318 4431 1534 4501 μηνύει,
1567 4434 1661 4487 καί
1692 4452 1750 4488 σε

1859 4434 2212 4491 congressum
2266 4436 2480 4490 urgere.
2549 4420 2843 4491 Postquam
2918 4438 3049 4477 vero
3108 4434 3326 4485 cuncta,
3392 4436 3451 4477 ut

156 4516 212 4568 τὸ
267 4519 428 4588 κοινῇ
490 4522 775 4588 συμφέρον
838 4520 1121 4592 ἑκατέροις
1168 4524 1304 4592 ἡμῖν
1384 4524 1753 4589 ἀποδέξασθαι

158 4611 357 4678 μᾶλλον
390 4610 671 4682 ἡγούμην,
717 4613 813 4667 καλ⁸
843 4614 945 4667 οὐκ
983 4614 1052 4668 ἂν
1082 4613 1231 4668 οὕτω
1278 4617 1602 4682 κατεπεῖξαι
1653 4618 1752 4689 τὴν

154 4704 474 4775 συντυχίαῆ
520 4705 742 4776 Ἐπειδὴ
772 4705 829 4758 δὲ
866 4710 964 4776 τῆς
1000 4707 1101 4777 σῆς
1130 4707 1205 4769 ὡς
1231 4707 1345 4778 ὁρῶ
1375 4708 1609 4779 δεύτερά
1644 4712 1750 4765 εισι

150 4796 334 4851 πάντα
355 4797 628 4866 ἐφέσεως,
663 4798 803 4861 τέως
842 4798 942 4869 μὲν
978 4799 1216 4870 ήσυχίαν
1245 4799 1402 4868 ἄγειν
1452 4803 1745 4872 προσήκει.

152 4886 405 4960 -οψομαι
426 4888 485 4941 δέ
521 4905 581 4941 σε
619 4889 738 4959 μετ’
766 4889 970 4959 ὀλίγον,
1001 4889 1161 4944 τοῦτο
1190 4891 1299 4961 γὰρ
1327 4893 1475 4960 ἔδοξε
1500 4893 1578 4964 τῷ
1601 4895 1744 4965 Θεῷ.

158 4977 233 5031 Ἠ
259 4975 355 5034 οὖν
393 4982 586 5051 μήτηρ
624 4981 698 5043 ὡς
737 4980 935 5053 ἥδιστά
969 4999 1030 5036 τε
1082 4984 1179 5036 καὶ
1237 4984 1602 5041 εὐκταιότατα
1651 4988 1751 5060 τὴν

151 5069 445 5142 ὑπόσχεσιν
507 5071 817 5144 δεξαμένη,
878 5074 1216 5146 μετεώριστο
1265 5077 1358 5130 ὑπ’
1418 5077 1593 5149 αὐτῆς
1648 5080 1751 5150 τὴν

152 5160 349 5233 ψυχὴν,
372 5164 467 5219 καὶ⁴
504 5167 631 5230 ταῖς
665 5165 883 5218 ἐλπίσιν
906 5165 1141 5235 εὐθύμει
1172 5167 1268 5221 καὶ
1290 5167 1535 5239 ἔχαιρεν,
1562 5169 1659 5240 ὅλη
1689 5188 1750 5225 τε

150 5252 248 5306 τοῦ
278 5257 565 5326 μέλλοντος
601 5253 695 5329 ἦν,
739 5258 837 5311 καὶ
884 5259 1112 5328 μονονοὺ
1157 5260 1403 5331 παρόντα
1429 5261 1523 5313 τὸν
1576 5263 1741 5317 παῖδα

148 5348 293 5420 ripis,
320 5353 413 5405 xui.
445 5351 813 5422 περιϐάλλειν
846 5353 939 5403 καὶ
970 5351 1477 5421 προσπτύσσεσθαι,
1514 5355 1608 5410 καὶ
1638 5355 1741 5423 τῆς

146 5440 304 5496 αὐτοῦ
334 5445 527 5516 φωνῆς
557 5443 792 5499 ἀκούειν
824 5443 1024 5498 ἐδόκει.
1078 5444 1167 5496 Ἐν
1210 5445 1320 5511 ὅσῳ
1340 5446 1398 5500 δὲ
1427 5446 1600 5503 ταῦτα
1625 5448 1748 5502 τοῦ·

146 5546 231 5588 τον
255 5532 368 5607 εἶχε
395 5537 493 5591 τὸν
528 5537 737 5595 τρόπον
764 5553 781 5567 ο
816 5534 1188 5607 καταστρέφει
1223 5537 1324 5606 μὲν
1352 5537 1601 5606 ἅφνωτον
1628 5538 1742 5607 βίον

212 5714 316 5787 (Ὠ)
357 5717 484 5775 thec
519 5719 591 5773 de
623 5725 807 5771 matre
832 5713 1060 5770 historia
1109 5715 1262 5771 deest
1291 5715 1659 5772 Thcodoreto.

1854 4512 2037 4578 video,
2092 4512 2236 4566 votis
2285 4513 2392 4569 tuis
2435 4513 2738 4583 posteriora
2764 4514 2943 4580 ducis,
2973 4525 3134 4571 antea
3166 4532 3253 4570 me
3293 4518 3447 4585 quic-

1854 4618 2010 4658 scere
2041 4613 2277 4674 oportet.
2318 4604 2394 4660 Te
2425 4620 2554 4660 vero
2584 4605 2736 4660 brevi
2767 4606 2966 4661 videbo
3001 4624 3014 4660 z
3046 4608 3118 4660 ita
3149 4609 3296 4662 enim
3339 4613 3448 4661 lico

1850 4697 2028 4751 visum
2061 4706 2165 4751 est.
2198 4697 2392 4762 Mater,
2445 4715 2663 4755 summa
2714 4714 2841 4752 cum
2873 4700 3150 4768 voluptate
3185 4717 3249 4753 ac
3310 4709 3424 4755 dest

1851 4787 2004 4842 derio
2027 4787 2391 4857 promissione
2424 4796 2726 4858 acceptata,
2760 4788 3004 4842 animmn
3042 4794 3236 4849 erexit.
3265 4801 3314 4843 et
3347 4808 3444 4859 spe

1854 4897 1933 4952 rei
1991 4895 2188 4952 futura:
2229 4906 2441 4953 tantum
2504 4898 2687 4969 gavisa
2729 4912 2795 4952 ac
2860 4899 3158 4953 exhilarata
3226 4899 3345 4956 fuit.
3386 4910 3449 4955 ut

1852 4985 2022 5041 ﬁlium
2054 5001 2226 5057 prope
2273 4988 2384 5056 jam
2434 4998 2762 5057 praesentem
2821 4989 3030 5053 videre,
3055 5004 3291 5057 eumque
3329 5007 3446 5043 am-

1851 5080 2018 5150 plecti
2065 5095 2130 5134 ac
2159 5081 2420 5142 osculari.
2459 5080 2697 5150 denique
2718 5081 2829 5149 jam
2856 5082 2979 5149 ejus
3025 5094 3221 5134 vocem
3252 5081 3445 5133 audire

1853 5172 2150 5227 videretur.
2183 5172 2293 5228 Res
2334 5172 2481 5228 hunc
2525 5174 2734 5228 exitum
2775 5173 2971 5227 sortita
2998 5179 3103 5226 est.
3135 5171 3231 5225 [lla
3278 5174 3445 5241 paulo

1853 5270 1980 5334 post
2016 5264 2180 5319 vitam
2217 5264 2411 5331 ﬁnivit,
2465 5266 2817 5335 animamque
2873 5266 2983 5319 Deo
3033 5264 3278 5326 tradidit,
3320 5278 3444 5332 quas

1853 5355 1982 5411 felix
2016 5364 2072 5412 et
2093 5356 2250 5413 beata
2284 5357 2341 5412 in
2371 5358 2483 5415 vita
2516 5357 2714 5424 fuerat,
2740 5359 2911 5414 multo
2946 5358 3050 5414 sub
3107 5357 3270 5411 finem
3314 5355 3442 5411 feli-

1854 5450 1992 5515 cior,
2018 5450 2163 5520 quod
2193 5450 2315 5506 talis
2338 5449 2433 5505 filii
2478 5459 2653 5506 mater
2673 5451 2967 5518 audiverit,
3009 5449 3284 5520 tantisque
3331 5452 3444 5513 vtr-_

1857 5541 2069 5597 tatibus
2099 5550 2349 5597 ornatum
2377 5551 2503 5612 post
2526 5558 2585 5597 se
2619 5543 2929 5613 reliquerit.
