4152 6426
678 263 791 329 355

1887 264 2174 328 MENSIS
2213 262 2673 328 JANUABIUS.

3857 277 3959 343 356

680 381 891 453 ἐκείνη,
914 379 1011 434 καὶ
1031 377 1131 451 τὴν
1156 378 1335 450 ψυχὴν
1358 377 1436 449 τῷ
1460 377 1578 449 Θεῷ
1610 378 1983 450 προστίθεται,
2023 380 2275 452 μακαρία
2309 381 2402 433 τὸν
2436 380 2548 451 βίον
2612 380 2684 442 ὡς
2713 378 2951 451 ἀληθῶς,
3012 381 3193 452 πολλῷ
3213 383 3309 438 τοῦ
3332 384 3522 450 τέλους
3547 390 3954 466 μακαριωτέρα,

679 475 764 531 δτι
801 475 1048 530 τοιούτου
1087 475 1277 537 παιδὸς
1312 474 1513 545 ἤκουσε
1561 476 1767 545 μήτηρ,
1817 477 1914 529 καὶ
1963 478 2043 537 εἰς
2093 475 2253 528 τοῦτο
2293 475 2498 546 ἀρετῆς
2526 475 2753 529 ἐλθόντα
2805 476 2897 530 τὸν
2938 479 3053 530 υἱὸν
3085 479 3495 535 καταλέλοιπεν.

753 568 846 624 25.
873 567 1099 622 Divinus
1125 582 1257 621 vero
1283 567 1521 637 Symeon
1544 566 1689 621 intra
1722 569 2005 623 mandram
2034 569 2130 639 (ita
2183 583 2277 622 co-

2455 574 2553 623 xe'.
2597 569 2656 623 Ὀ
2682 567 2828 632 θεῖος
2856 569 2913 623 δὲ
2938 570 3167 640 Συμεὼν
3201 571 3295 625 τὸν
3324 572 3532 643 ταύτης
3571 575 3762 645 νεκρὸν
3800 579 3860 632 ὲν
3886 581 3962 652 τῷ

680 660 882 716 lumnae
910 660 1148 714 ambitus
1166 659 1480 729 vocabatur)
1512 661 1633 730 ejus
1657 674 1859 730 corpus
1876 658 2068 714 inferri
2088 659 2275 729 jussit,

681 762 801 807 erat
832 752 976 806 enim
1002 751 1212 806 circum
1243 751 1556 806 columnam
1615 766 1809 807 murus
1842 751 2165 818 aediﬁcatus,
2220 761 2280 805 ut

683 846 1005 901 mulieribus
1058 844 1271 917 ingredi
1306 844 1389 899 fas
1414 860 1526 899 non
1568 853 1737 899 esset.
1785 842 2081 913 Postquam
2115 842 2280 913 igitur

680 952 856 994 mater
893 939 1040 993 illata
1076 946 1253 1001 esset;
1295 938 1429 993 vidit
1461 953 1582 993 eam
1616 937 1781 1001 ﬁlius,
1813 935 2277 1007 quemadmodum

678 1033 836 1103 prius
861 1034 973 1103 poll
996 1034 1139 1089 citus
1174 1031 1355 1088 fuerat
1386 1050 1402 1088 :
1432 1033 1518 1087 cui
1555 1041 1845 1102 postquam
1882 1040 2147 1086 consueta
2173 1030 2280 1085 im-

680 1122 896 1190 pendit,
948 1136 1253 1192 precesque
1311 1136 1413 1193 pro
1465 1137 1528 1176 ea
1561 1121 1720 1184 fudit,
1759 1122 1914 1193 juxta
1968 1121 2281 1177 columnam

682 1214 978 1283 sepulturae
1028 1215 1330 1270 mandavit.
1379 1213 1457 1268 lta
1505 1215 1667 1268 matri
1715 1214 1959 1269 debitum
2010 1213 2278 1268 honorem

681 1305 993 1374 impertitus
1056 1315 1181 1371 est,
1242 1315 1299 1361 et
1351 1305 1696 1361 Dominicum
1769 1312 2104 1377 prmeeptum
2167 1321 2278 1361 non

683 1406 894 1452 tantum
954 1399 1273 1465 eustodivit,
1333 1400 1430 1455 sed
1465 1408 1520 1453 et
1551 1401 1774 1471 proprio
1799 1400 2049 1470 profectu
2078 1414 2280 1472 augere

681 1490 942 1560 pen-exit.

2375 662 2478 732 τῆς
2529 662 2772 731 μάνδραις
2831 663 3013 732 (τοῦτο
3043 665 3154 735 γάρ
3199 665 3229 717 ὁ
3279 663 3375 717 τοῦ
3429 666 3622 720 στύλου
3678 669 3961 740 περίϐολος

2380 753 2653 825 ἐκαλεῖτο)
2690 756 3069 826 εἰσενεχθῆναι
3102 759 3454 828 προστάττει,
3504 763 3963 833 περιῳκοδομεῖτο

2377 846 2487 916 γάρ
2510 861 2563 899 τι
2598 846 2866 900 πάντοθεν
2894 847 3100 917 τειχίον
3138 847 3216 919 τῷ
3241 848 3403 915 κίονι,
3429 848 3571 902 ὥστε
3612 851 3687 919 μὴ
3721 851 3964 918 γυναιξὶν

2376 939 2650 1006 είσιτητὸν
2695 937 2853 992 εἶναι.
2907 938 3275 1010 Εἰσαχθείσης
3330 940 3624 1014 τοιγαροῦν
3677 943 3829 1013 αὐτῷ
3865 943 3965 1014 τῆς

2386 1031 2627 1101 μητέρος
2650 1031 3004 1100 τεθνηκυίας,
3035 1032 3300 1086 ἐθεάσατο
3327 1034 3499 1106 αὐτὴν
3527 1034 3670 1089 κατὰ
3690 1036 3761 1089 τὰ
3789 1037 3964 1106 ἐπηγ-

2378 1122 2644 1194 γελμένα,
2698 1124 2792 1176 καὶ
2838 1123 2907 1176 τὰ
2958 1125 3191 1179 εἰωθότα
3252 1125 3479 1191 τελέσας
3508 1128 3603 1180 καὶ
3635 1129 3773 1198 αὐτῇ
3807 1129 3969 1181 ὲπευυ

2380 1214 2630 1284 ξάμενος,
2663 1213 2832 1267 αὐτοῦ
2863 1232 2969 1268 που
3002 1216 3197 1270 θάπτει
3230 1217 3383 1288 παρά
3431 1217 3511 1288 τῷ
3567 1218 3766 1288 στύλῳ,
3811 1217 3969 1272 Οῦτω

2377 1309 2474 1361 καὶ
2500 1311 2566 1379 τῇ
2609 1309 2777 1379 μητρὶ
2818 1310 2919 1380 τὴν
2956 1310 3121 1382 τιμὴν
3157 1312 3427 1380 ἀπεδίδου,
3455 1314 3553 1366 καὶ
3582 1311 3680 1383 τὴν
3711 1313 3971 1364 Δεσποτι-

2377 1398 2482 1468 κὴν
2517 1400 2741 1471 ἐντολὴν
2764 1402 2867 1454 οὐκ
2892 1404 2972 1466 εἰς
2992 1404 3146 1467 τέλος
3174 1400 3278 1475 ἦγε
3308 1405 3491 1476 μόνον,
3524 1403 3661 1458 ἀλλὰ
3686 1404 3781 1457 καὶ
3812 1402 3968 1467 ἰδίαις

2378 1491 2557 1560 αὔξων
2585 1492 2858 1546 ἐδείκνυτο
2881 1499 3207 1568 προκοπαῖς.

2145 1630 2377 1689 CAPUT
2414 1634 2503 1693 Vl.

1818 1744 1987 1802 Varia
2012 1748 2300 1806 Ismaelitis
2341 1749 2537 1804 collata
2568 1750 2840 1819 beneﬁcia.

751 1858 844 1915 26.
873 1859 1081 1916 Exinde
1106 1861 1305 1915 iterum
1331 1862 1487 1931 quasi
1512 1861 1599 1916 fax
1633 1862 1939 1919 clarissima
1963 1866 2114 1920 omni
2161 1866 2277 1920 vir-

2454 1870 2569 1927 κς¹.
2636 1864 2922 1919 Ἐντεῦθεν
2959 1860 3049 1919 οἷά
3106 1880 3191 1928 τις
3257 1864 3465 1935 πυρσὸς
3524 1864 3791 1936 διαφανὴς
3866 1866 3979 1930 ταῖς

682 1960 861 2006 tutum
902 1951 1230 2007 eximiarum
1271 1968 1475 2023 genere
1531 1955 1877 2025 resplenduit
1931 1975 1945 2011 :
1980 1958 2182 2027 quibus
2225 1969 2279 2014 et

682 2047 739 2100 in
773 2046 1120 2102 densissimis
1146 2049 1325 2103 noctis
1370 2049 1636 2114 tenebris,
1666 2050 1931 2121 quasique
1961 2052 2126 2107 maris
2155 2068 2280 2124 pro-

681 2138 857 2203 cellis,
896 2139 1194 2210 impietatis
1247 2140 1494 2210 inquam,
1522 2141 1790 2211 iacentes,
1824 2144 1891 2197 ad
1924 2159 2113 2198 verum
2146 2146 2275 2199 reli-

681 2229 859 2300 gionis
895 2243 1111 2297 portum
1160 2233 1495 2301 perducebat
1541 2249 1555 2289 :
1600 2234 1911 2304 multosque
1940 2235 2127 2290 videre
2162 2246 2280 2291 erat

590 2306 611 2319 ”
681 2336 787 2392 ope
806 2324 1093 2393 Symeoois
1122 2325 1419 2380 serenioris
1450 2341 1598 2380 aurae
1624 2326 2019 2392 tranquillitate
2046 2327 2275 2398 perfrui,

687 2414 859 2469 Erant
882 2415 1176 2483 aliquando
1210 2416 1372 2471 simul
1399 2418 1520 2471 dua:
1549 2418 1670 2487 ejus
1703 2418 1839 2488 (25).
1896 2434 2059 2488 quam
2115 2422 2279 2490 paulo

684 2517 813 2561 ante
851 2509 1325 2575 commemoravi,
1380 2510 1560 2580 gentis
1621 2511 2017 2566 lsmaclitarum
2065 2512 2274 2577 tribus;

685 2605 917 2668 utraque
948 2600 1183 2668 supplex
1229 2615 1295 2655 ex
1324 2600 1445 2670 ejus
1475 2615 1571 2654 ore
1604 2601 2046 2657 benedictionem
2085 2616 2279 2673 postu-

681 2689 852 2755 labat,
888 2701 946 2745 ut
970 2706 1091 2745 eam
1119 2693 1272 2761 quasi
1329 2694 1533 2748 donum
1564 2694 1965 2764 amplissimum
1999 2708 2101 2751 suo
2150 2697 2282 2767 phy-

683 2782 873 2837 larchtt
903 2783 1147 2839 deferret
1175 2802 1189 2839 :
1223 2800 1409 2840 verum
1440 2789 1585 2842 circa
1622 2789 1799 2857 ipsum
1832 2788 2037 2841 donum
2060 2798 2284 2841 conten-

685 2873 760 2929 tio
792 2884 1021 2945 repente
1082 2890 1148 2930 ac
1196 2877 1398 2932 seditio
1454 2878 1598 2935 inter
1629 2895 1725 2935 eos
1777 2895 1885 2933 non
1920 2881 2056 2933 levis
2085 2880 2278 2933 oborta

683 2972 801 3031 est;
848 2979 955 3017 una
995 2980 1121 3035 pars
1154 2981 1255 3020 suo
1287 2966 1522 3036 primum
1580 2969 1801 3024 tribuno
1833 2969 2275 3023 benedictionem

681 3054 1036 3111 deferendam
1062 3040 1346 3125 censebat,
1382 3060 1551 3115 altera
1583 3075 1743 3116 suum
1776 3061 2102 3131 pra-ferebat
2137 3075 2278 3129 prae-

685 3145 922 3214 fectum,
987 3163 1052 3203 ac
1111 3151 1411 3220 pmripere
1477 3152 1918 3208 benedictionem
1974 3152 2275 3205 nitebatur.

2381 1955 2695 2027 ὐπερφυέσι
2749 1957 3016 2011 πάντοθεν
3075 1958 3299 2028 ἀρεταῖς
3350 1956 3672 2027 ὲκλάμπων,
3727 1959 3858 2021 τοὺς
3920 1960 3978 2011 ἐν

2380 2050 2757 2120 χαλεπωτάτῳ
2780 2049 2977 2113 νυκτὸς
3006 2049 3239 2104 κλύδωνι
3262 2049 3358 2120 τῆς
3380 2050 3635 2113 ἀσεϐείας
3666 2052 3977 2119 κειμένους,

2381 2141 2571 2214 ὥσπερ
2621 2142 2716 2195 ἐπὶ
2768 2141 2964 2212 λιμένα
3006 2141 3106 2214 τὴν
3159 2140 3445 2195 εὐσέϐειαν
3495 2140 3830 2211 καθωδήγει,
3881 2143 3982 2194 καὶ

2384 2233 2614 2296 πολλοὺς
2683 2229 2752 2305 ἦν
2803 2233 2872 2287 δι’
2899 2234 3066 2287 αὐτοῦ
3097 2234 3342 2305 γαλήνης
3392 2236 3527 2306 ὁρᾷν
3575 2234 3979 2297 ἀπολαύοντας.

2382 2325 2521 2378 Ποτὲ
2565 2324 2696 2395 γοῦν
2749 2325 2900 2396 αὐτῷ
2952 2325 3047 2379 δύο
3078 2328 3218 2379 κατά
3250 2327 3448 2380 ταύτὸν
3489 2324 3587 2378 τοῦ
3647 2324 3831 2395 μικρῷ
3888 2342 3981 2394 μοι

2382 2416 2619 2489 πρόσθεν
2672 2419 2964 2488 εἰρημένου
3015 2418 3201 2481 ἔθνους
3250 2418 3360 2470 τῶν
3413 2417 3772 2487 Ἰσμαηλιτῶν
3826 2435 3982 2488 πσρ-

2383 2512 2525 2581 ῆσαν
2582 2508 2788 2577 φυλαί’
2847 2508 3093 2578 λιπαρῶς
3133 2508 3372 2577 ἑκατέρα
3424 2508 3817 2577 προσκειμένῃ.
3880 2510 3983 2561 καὶ

2381 2602 2482 2672 τὴν
2516 2601 2604 2654 διὰ
2636 2600 2862 2669 χειλέων
2883 2600 3137 2668 εὐλογίαν
3165 2599 3412 2664 αἰτοῦσα,
3443 2597 3585 2651 ὥστε
3605 2598 3776 2667 δῶρον
3802 2599 3987 2668 ἡδέως

2382 2689 2557 2759 αὐτὴν
2582 2688 2662 2756 τῷ
2691 2687 2955 2758 φυλάρχῳ
2986 2686 3217 2756 κομίσαι
3242 2702 3257 2717 ’
3296 2687 3391 2739 καὶ
3421 2689 3550 2755 περὶ
3569 2688 3630 2739 τὸ
3654 2686 3827 2757 δῶρον
3860 2687 3988 2757 ἔρις

2384 2782 2579 2844 αὐταῖς
2619 2781 2882 2849 ἐμπίπτει
2918 2779 3147 2850 σφόδρα,
3194 2783 3289 2833 καὶ
3329 2780 3518 2842 στάσις
3568 2780 3849 2847 ἐγγίνεται
3885 2799 3991 2850 με·

2383 2872 2540 2937 ταξύ.
2587 2872 2651 2925 Ἢ
2685 2873 2785 2942 μὲν
2815 2872 2926 2943 γὰρ
2958 2873 3050 2926 τὸν
3081 2874 3282 2925 οἰκεῖον
3316 2871 3471 2940 ἔλεγε
3522 2870 3799 2942 φύλαρχον
3841 2874 3992 2944 χρῆ-

2384 2982 2473 3017 ναι
2527 2966 2795 3035 πρότερον
2850 2964 3138 3029 ἀξιοῦσθαι
3199 2966 3296 3035 τῆς
3343 2965 3593 3030 εὐλογίας
3626 2982 3639 2995 ·
3679 2968 3713 3034 ἡ
3772 2965 3834 3018 δὲ
3888 2968 3986 3020 τὸν

2385 3058 2589 3129 ἑαυτῆς
2624 3057 2920 3128 προετίθει,
2957 3059 3051 3111 καὶ
3099 3057 3479 3131 προαρπάζειν
3517 3058 3665 3130 αὐτῷ
3695 3059 3794 3128 τὴν
3830 3058 3991 3112 εὐλοει

2387 3151 2514 3218 γίαν
2542 3149 2898 3214 ἐσπούδαζεν.
2936 3147 3093 3202 Οὕτω
3130 3150 3266 3219 πρὸς
3313 3149 3580 3219 ἀλλήλους
3624 3149 3735 3203 τῶν
3790 3150 3990 3218 φυλῶν

682 3239 874 3311 Itaque
902 3241 1158 3298 tribubus
1197 3244 1341 3298 inter
1388 3259 1448 3299 se
1486 3246 1898 3311 dissidentibus,
1942 3244 1996 3299 in
2028 3244 2277 3300 barbari-

2384 3242 2795 3314 διαφερομένων
2838 3242 2918 3303 είς
2949 3240 3292 3310 βαρϐαρικὴν
3328 3238 3395 3294 ἂν
3427 3240 3688 3310 ὠμότητα
3749 3241 3781 3309 ἡ
3832 3241 3995 3310 φιλο-

685 3348 804 3387 cam
834 3334 1213 3390 crudelitatem
1270 3351 1359 3392 res
1416 3339 1712 3409 erupisset,
1771 3336 1876 3391 nisi
1905 3336 2164 3406 Symeon,
2194 3336 2278 3391 vir

686 3424 837 3493 pacis
862 3432 919 3480 et
970 3428 1281 3484 concordia:
1329 3429 1759 3495 amantissimus,
1792 3429 1940 3498 gravi
1973 3428 2279 3481 commina¢

685 3515 837 3573 tione
862 3519 1158 3575 tumultum
1183 3521 1434 3577 sedasset
1480 3521 1615 3592 (24),
1648 3531 1705 3576 et
1733 3520 1926 3589 aequali
1961 3520 2279 3590 precatione

683 3616 741 3662 et
795 3608 1179 3667 benedictione
1237 3613 1514 3681 impertita
1571 3613 1626 3666 in
1661 3627 1795 3682 pace
1835 3627 1932 3667 eos
1957 3612 2276 3667 dimisisset.

684 3698 825 3757 Tum
856 3702 1076 3758 demum
1137 3705 1388 3769 vidisses,
1435 3704 1591 3774 prius
1646 3703 1918 3770 infideles,
1971 3721 2036 3759 ac
2089 3713 2281 3760 contra

682 3793 940 3864 pietatem
970 3796 1213 3866 linguam
1244 3796 1401 3865 quasi
1432 3797 1642 3851 hastam
1674 3797 1976 3863 vibrantes,
2002 3811 2150 3851 nunc
2178 3811 2279 3866 pro

683 3886 788 3941 viri
817 3888 994 3944 sancti
1018 3887 1405 3944 benedictione
1440 3889 1647 3959 quaevis
1701 3889 1880 3944 facere
1932 3897 1989 3943 et
2039 3889 2144 3958 pati
2180 3888 2281 3943 eli-

683 3986 893 4047 gentes.
929 3977 1119 4049 Neque
1151 3978 1317 4034 etiam
1336 3978 1401 4033 in
1428 3979 1666 4036 invicem
1707 3980 1782 4035 ita
1811 3980 2139 4043 saeviissent,
2168 3980 2277 4035 nisi

683 4069 856 4125 divini
879 4070 1046 4141 hujus
1075 4071 1179 4126 viri
1209 4071 1652 4128 benedictionem
1686 4072 1981 4127 maximam
2031 4073 2142 4127 vim
2176 4071 2277 4127 ha-

681 4160 814 4216 bere
845 4161 1008 4233 plane
1039 4162 1424 4219 credidissent.

755 4253 846 4308 27.
879 4254 1034 4309 Nunc
1062 4254 1201 4309 alius
1224 4256 1519 4325 praefectus
1549 4256 1603 4311 in
1636 4256 1876 4311 medium
1904 4247 2152 4327 prodeat,
2177 4255 2278 4312 Sa-

683 4360 1011 4401 racenorum
1050 4353 1106 4400 et
1134 4347 1255 4417 ipse
1304 4350 1582 4419 princeps.
1643 4351 1693 4403 Is
1740 4350 2010 4403 accedens
2059 4364 2276 4405 sacrum

683 4437 817 4493 illud
847 4438 1156 4493 obtestatur
1185 4450 1371 4511 caput,
1406 4451 1466 4495 ut
1487 4456 1557 4495 ne
1589 4451 1849 4513 gravetur
1880 4441 2133 4511 opitulari
2157 4441 2278 4497 viro

2383 3336 2564 3389 νεικία
2588 3334 2800 3398 τούτοις
2827 3331 3132 3403 ἐχώρησεν,
3164 3334 3213 3385 εί
3249 3331 3324 3403 μὴ
3353 3335 3381 3385 ό
3413 3333 3514 3400 τῆς
3532 3333 3755 3402 εἰρήνης
3793 3333 3992 3396 αὐτοῖς

2385 3427 2479 3479 καὶ
2512 3428 2612 3496 τῆς
2654 3425 2911 3495 ὁμονοίας
2966 3424 3253 3495 ἄνθρωπος
3300 3424 3603 3493 ἀπειλήσας
3659 3424 3989 3479 διεσκέδασε

2384 3519 2611 3584 ταύτας,
2645 3520 2740 3572 καὶ
2769 3521 2869 3589 τῆς
2903 3517 3096 3587 ὁμοίας
3127 3516 3369 3581 ἀξιώσας
3395 3517 3564 3587 εὐχῆς
3601 3533 3660 3571 τε
3692 3519 3790 3571 καὶ
3826 3518 3989 3572 εὐλο-

2386 3611 2518 3679 γίας
2548 3610 2824 3665 ἀπέλυσεν
2860 3612 2917 3663 ὲν
2946 3611 3162 3680 εἰρήνῃ.
3215 3610 3325 3663 Καὶ
3362 3610 3465 3679 δρα
3527 3624 3618 3680 μοι
3672 3610 3805 3673 τοὺς
3850 3614 3989 3680 πρὶν

2386 3702 2676 3768 ἀπίστους,
2728 3706 2824 3756 καὶ
2876 3702 2999 3756 κατ’
3049 3700 3224 3770 αὐτῆς
3276 3700 3378 3770 τὴν
3416 3700 3661 3769 γλῶτταν
3714 3696 3801 3754 οἶα
3846 3702 3984 3771 δόρυ

2388 3795 2667 3859 κινοῦντες
2720 3795 2820 3865 τῆς
2876 3794 3182 3857 εὐσεϐείας,
3217 3793 3317 3847 νῦν
3347 3794 3489 3863 ὑπὲρ
3523 3794 3622 3863 τῆς
3669 3793 3766 3846 τοῦ
3817 3794 3985 3861 ἁγίου

2388 3889 2639 3958 εὐλογίας
2668 3889 2848 3942 πάντα
2876 3889 2972 3941 καὶ
2996 3884 3203 3957 πρᾶξαι
3233 3885 3331 3938 καὶ
3353 3884 3546 3939 παθεῖν
3580 3885 3952 3956 αἱρουμένους
3969 3900 3989 3919 ο

2386 3982 2448 4034 οὐ
2482 3982 2594 4052 γὰρ
2623 3981 2688 4035 ἂν
2720 3980 2866 4034 οὕτω
2900 3978 3022 4033 κατ’
3072 3978 3321 4049 ἀλλήλων
3350 3979 3652 4047 ἐμάνησαν,
3689 3978 3739 4030 εἰ
3771 3979 3853 4048 μὴ
3889 3995 3991 4049 με-

2385 4072 2580 4142 γίστην
2622 4071 2769 4141 ἔχειν
2821 4070 3055 4140 δύναμιν
3108 4069 3207 4141 τὴν
3240 4069 3336 4123 τοῦ
3364 4069 3509 4123 θείου
3546 4071 3735 4123 τούτου
3786 4069 3992 4143 ἀνδρὸς

2385 4165 2639 4232 εὐλογίαν
2668 4165 2888 4228 πάντως
2926 4163 3229 4217 ἐπίστευον.

2457 4256 2561 4321 κζ’.
2589 4255 2753 4308 Ἀλλά
2773 4255 2883 4325 γὰρ
2910 4256 3172 4308 ὲπεισίτω
3197 4254 3274 4324 τῷ
3298 4254 3443 4324 λόγῳ
3467 4251 3744 4323 φύλαρχος
3768 4254 3989 4325 ἕτερος,

2384 4350 2725 4421 Σαρακηνῶν
2764 4348 2822 4401 δὲ
2861 4348 2957 4401 καὶ
2996 4347 3158 4411 αὐτὸς
3199 4348 3402 4417 ἄρχων.
3434 4341 3601 4410 Οὗτος
3631 4346 3696 4417 δὴ
3728 4365 3995 4417 παραγε-

2384 4442 2579 4513 γονὼς,
2610 4441 2709 4513 τὴν
2744 4440 2897 4495 θείαν
2926 4441 3144 4511 ἐκείνην
3184 4441 3395 4493 ἱκέτευε
3424 4439 3667 4510 κεφαλὴν
3696 4441 3996 4510 ἐπαμῦναι

684 4530 741 4584 in
767 4529 854 4585 via
874 4530 1137 4586 membris
1157 4534 1408 4603 corporis
1437 4535 1618 4589 soluto
1644 4550 1658 4587 :
1685 4534 1902 4590 dicebat
1923 4544 2108 4589 autem
2131 4536 2278 4591 hunc

2387 4535 2543 4606 ἀνδρὶ
2583 4534 2726 4588 κατὰ
2758 4533 2857 4604 τὴν
2899 4533 3018 4587 ὁδὸν
3051 4531 3347 4603 παραθέντι
3374 4533 3444 4585 τά
3471 4531 3605 4602 μέλη
3638 4530 3734 4585 τοῦ
3795 4532 4001 4602 σώμα-

681 4622 839 4692 juxta
885 4621 1215 4680 Callinicum
1249 4626 1391 4695 (haec
1448 4636 1570 4682 erat
1616 4642 1713 4681 arx
1748 4626 2007 4697 maxima)
2046 4628 2278 4683 subiisse

2387 4645 2479 4691 τος
2512 4644 2527 4662 ·
2564 4627 2718 4695 ἔλεγε
2750 4626 2805 4679 δὲ
2845 4625 3005 4679 τοῦτο
3036 4626 3181 4680 κατά
3207 4625 3307 4697 τὴν
3341 4624 3669 4679 Καλλίνικον
3695 4626 4000 4697 (φρούριον

685 4716 1090 4788 aegritudinem,
1138 4734 1258 4774 eam
1286 4735 1417 4775 vero
1438 4719 1493 4774 in
1519 4720 1705 4792 vigore
1749 4729 1806 4775 et
1826 4721 2008 4775 adhuc
2034 4722 2090 4775 in
2122 4736 2287 4776 exor-

681 4809 776 4866 dio
806 4826 960 4879 esse;
986 4821 1044 4868 et
1064 4796 1388 4869 morbumei
1415 4829 1538 4869 esse
1560 4813 1965 4885 gravissimum,
2000 4823 2116 4869 tum
2138 4815 2282 4884 quod

681 4903 1047 4960 decumbendi
1096 4908 1370 4971 insuetus,
1430 4914 1546 4962 tum
1578 4906 1724 4977 quod
1765 4908 2124 4963 vehementes
2158 4909 2279 4963 illas

679 4997 931 5053 laborum
957 4999 1240 5067 molestias
1287 5015 1551 5070 superare
1580 5010 1815 5070 optaret.
1841 5000 1972 5056 Haec
1998 5001 2087 5055 ille
2117 5017 2279 5073 roga-

681 5089 805 5157 bat;
852 5090 1127 5160 simulque
1168 5091 1327 5161 jubet
1379 5093 1664 5147 hominem
1726 5093 1990 5148 membris
2041 5092 2280 5148 fractum

682 5181 978 5249 introduci,
1008 5192 1172 5253 atque
1219 5184 1539 5238 admirando
1578 5183 1836 5256 Symeoni
1866 5185 2090 5256 dignum
2125 5200 2279 5240 com-

683 5272 1042 5330 miseratione
1092 5277 1465 5345 spectaculum
1523 5277 1776 5346 proponi,
1832 5276 1878 5329 si
1914 5292 2020 5345 qua
2068 5278 2281 5331 ratione

686 5367 808 5437 ipso
836 5366 1166 5423 calamitatis
1192 5380 1417 5439 aspectu
1450 5385 1574 5423 eum
1612 5369 1678 5422 ad
1711 5367 2142 5422 misericordiam
2196 5367 2281 5421 in-

684 5459 950 5515 flecteret.
976 5459 1072 5515 llle
1094 5478 1225 5517 vero
1247 5462 1550 5531 productus
1578 5463 1633 5515 in
1660 5461 1925 5525 medium,
1970 5461 2277 5515 immissum

754 5636 870 5706 (23)
909 5636 1294 5711 Theodoretns
1329 5656 1386 5694 se
1416 5652 1741 5711 prmsontcm
1775 5641 1945 5696 fuisse
1973 5642 2069 5707 ait,
2099 5650 2152 5697 et
2180 5656 2277 5697 co-

686 5715 873 5762 natum
907 5710 1086 5763 verbis
1119 5712 1410 5765 tumultum
1452 5714 1665 5766 sedare.

2385 4722 2441 4775 δὲ
2474 4721 2616 4791 αὐτὴ
2650 4716 2933 4790 μέγιστον)
2967 4717 3426 4789 ὐπομεμνηκέναι
3460 4719 3522 4770 τὸ
3556 4717 3755 4784 πάθος,
3797 4721 3998 4791 ἀκμάο

2388 4813 2505 4879 ζειν
2533 4813 2590 4867 δὲ
2617 4814 2714 4866 καὶ
2747 4813 2806 4866 ὲν
2836 4810 3150 4882 προοιμίοις
3176 4810 3363 4863 οὐκέτι
3393 4805 3556 4875 εἶναι,
3586 4810 3664 4873 ὡς
3687 4812 3790 4864 καὶ
3817 4811 4001 4881 βαρυφ

2385 4906 2557 4975 τάτην
2605 4905 2667 4975 δή
2716 4922 2818 4958 που
2874 4906 2974 4974 τὴν
3025 4904 3180 4957 νόσον
3202 4902 3282 4975 τῷ
3308 4919 3367 4956 τε
3397 4902 3555 4973 ἀήθει
3584 4902 3684 4971 τῆς
3713 4903 4003 4956 κατακλί-

2390 5014 2551 5061 σεως,
2591 4997 2687 5049 καὶ
2729 4997 2850 5057 ταῖς
2890 4995 3149 5064 σφοδραῖς
3184 4995 3421 5057 ἐκείναις
3477 4994 3588 5046 τῶν
3644 4994 3837 5046 πόνων
3870 4994 4004 5049 ὀδύ-

2384 5106 2506 5151 ναις
2533 5088 2803 5157 ὑπάρχειν
2840 5086 2919 5157 τῷ
2953 5088 3237 5156 κάμνοντι.
3270 5085 3458 5141 Ταῦτά
3508 5102 3571 5138 τε
3622 5085 3799 5139 ἐδεῖτο
3830 5104 3846 5118 ’
3902 5088 4003 5140 καὶ

2386 5181 2599 5236 κελεύει
2654 5181 2747 5233 τὸν
2800 5181 3052 5234 ἐνεθέντα
3104 5180 3197 5233 τὸν
3252 5179 3687 5249 παρακείμενον,
3740 5178 4001 5232 ἐλεεινὸν

2387 5276 2571 5345 θέαμα
2599 5272 2675 5344 τῷ
2700 5273 3004 5344 θαυμαστῷ
3032 5270 3261 5342 Συμεὼν
3300 5269 3657 5341 προτεθῆναι,
3677 5268 3733 5321 εἴ
3759 5289 3894 5335 πως
3929 5273 4000 5341 τῇ

2384 5368 2484 5436 τῆς
2542 5367 2833 5436 συμφορᾶς
2889 5366 3011 5434 ὕψει
3061 5364 3283 5417 έλκύσει
3327 5362 3419 5415 τὸν
3452 5362 3621 5415 ἔλεον.
3662 5361 3720 5414 Ὀ
3752 5362 3866 5430 μὲν
3903 5360 4004 5416 οὖν

2379 5457 2687 5529 προτεθεὶς,
2745 5459 2807 5511 τὸ
2860 5456 3224 5525 κατασκῆψαν
3282 5458 3361 5518 εἰς
3418 5456 3582 5508 αὐτὸν
3643 5453 3824 5508 κακὸν
3901 5456 4003 5507 ἀν-

2460 5639 2575 5763 l(24)
2619 5640 2778 5695 Addit
2817 5636 3224 5703 Theodorctus,
3277 5635 3398 5691 illos
3444 5648 3611 5691 canes
3651 5633 3721 5688 ab
3763 5648 3843 5689 eo
3895 5652 4003 5691 vo-

2480 5726 2564 5763 os.

2389 5726 2564 5766 αωοβ.
