4152 6398
602 289 712 355 359

1833 266 2118 327 MENSIS
2157 261 2615 326 JANUARIUS.

3786 251 3893 318 3130

602 399 749 474 quod
775 391 1102 459 honorabat,
1131 401 1327 446 verum
1345 381 1624 474 quidpiam
1647 378 1918 474 divinum,
1947 387 2002 432 et
2021 374 2194 431 oculis

2305 375 2557 429 ἁπάντων
2603 369 2976 438 ἀποτρόπαιον
3024 367 3284 434 ἐπετίθει,
3321 368 3436 428 καὶ,
3464 365 3557 420 τοῦ
3609 365 3773 420 πόθου
3832 364 3896 422 to

600 469 853 564 spectare
864 496 923 543 et
935 481 1290 539 circumlerre
1305 492 1366 532 se
1385 473 1644 530 credebat
1661 488 1674 524 :
1693 469 2199 540 superabatqnippe

607 561 747 639 ﬁdes
792 585 1092 649 aspectum,
1125 580 1182 626 et
1224 567 1558 626 desiderium
1597 563 1828 618 formam
1863 561 2192 614 occultabat.

599 675 746 732 Cum
765 682 996 740 magnus
1008 665 1242 736 Symeon
1267 661 1322 716 id
1337 675 1406 715 ex
1420 657 1704 728 superiore
1721 655 1840 709 loco
1857 651 2106 717 vidisset,
2126 651 2197 704 ob

606 766 877 820 honorem
901 755 1075 812 vermi
1101 755 1343 810 delatum
1373 749 1693 822 praefectum
1726 744 2021 815 increpuit,
2045 757 2199 798 eum-

607 870 716 926 que
755 859 812 908 et
857 849 1006 920 quod
1048 862 1112 902 ex
1163 861 1265 901 suo
1299 857 1528 914 corpore
1569 837 1895 901 decidisset,
1946 844 2002 888 et
2050 832 2195 926 quod

605 925 824 1002 tantum
857 938 1194 998 vermiculus
1235 942 1386 990 esset
1429 932 1520 988 cui
1567 933 1835 986 honorem
1877 925 2193 989 exhibebat,

607 1039 756 1094 clare
793 1032 1055 1098 edocuit;
1097 1026 1280 1098 neque
1313 1025 1517 1080 decens
1549 1037 1671 1077 esse
1703 1028 1764 1074 ut
1793 1018 1938 1088 quod
1979 1027 2032 1072 et
2070 1032 2194 1070 cor-

607 1127 863 1198 ruptione
891 1139 955 1179 ac
984 1118 1386 1194 putrefactione
1414 1124 1604 1168 natum
1635 1118 1804 1175 esset,
1835 1109 1918 1164 vel
1944 1109 2196 1162 manibus

603 1223 1020 1278 contractatur,
1083 1211 1170 1265 vel
1222 1208 1327 1262 alia
1375 1203 1625 1274 corporis
1676 1211 1828 1272 parte
1875 1199 2193 1265 attingatur.

609 1311 908 1368 Praefectus
931 1319 1096 1361 manu
1122 1300 1390 1371 explicata
1420 1295 1864 1352 consideraturus
1885 1289 2195 1362 cuiusmodi
2243 1356 2251 1366 γ

603 1412 757 1460 esset
778 1399 995 1464 vermis,
1027 1398 1083 1451 in
1107 1407 1376 1466 gemmam
1409 1389 1465 1460 (ο
1484 1387 1810 1442 miraculum
1834 1388 1872 1449 l)
1901 1384 2196 1454 Spleudore

607 1503 664 1548 et
683 1487 1094 1562 pulchritudine
1125 1481 1482 1552 conspicuam
1513 1485 1782 1532 mutatum
1809 1473 2194 1544 deprehendit,

607 1583 700 1653 qui
729 1582 855 1636 inde
877 1590 933 1634 et
965 1575 1093 1653 ﬁdei
1121 1575 1268 1630 dono
1293 1572 1565 1644 gaudens,
1593 1577 1648 1626 et
1669 1581 1900 1640 gemmae
1928 1563 2196 1618 miraculo

602 1676 810 1732 ditatus
847 1668 1094 1726 recessit.

2303 463 2668 535 ὑπερϐάλλον,
2717 462 2838 514 οὐδὲ
2883 461 3141 530 σκώληκα
3183 461 3246 514 τὸ
3287 459 3622 530 τιμώμενον,
3666 458 3804 514 ἀλλᾶ
3841 475 3894 516 τι

2302 555 2415 608 τῶν
2444 552 2764 623 σεϐασμίων
2797 552 2890 604 καὶ
2941 553 3073 622 ὁρᾷν
3113 551 3209 604 καὶ
3268 551 3458 620 φέρειν
3480 552 3667 620 ἡγεῖτο
3695 567 3710 582 ο
3737 550 3895 604 ἐνίκα

2302 648 2470 718 γὰρὴ
2509 647 2693 708 πίστις
2731 645 2831 716 τὴν
2882 643 3028 714 ὄψιν,
3091 644 3188 696 καὶ
3233 644 3331 712 τὴν
3382 643 3594 713 μορφὴν
3643 644 3672 696 ὁ
3728 641 3895 705 πόθος

2301 739 2628 792 ἐκάλυπτεν.
2671 737 2727 789 Ὁ
2763 736 2934 806 μέγας
2985 735 3167 788 τοίνυν
3192 734 3400 789 ἄνωθεν
3429 732 3672 802 Συμεὼν,
3701 737 3802 804 τῆς
3831 749 3894 784 τε

2299 832 2429 902 περὶ
2458 832 2549 884 τὸν
2597 830 2859 898 σκώληκα
2890 830 3056 900 τιμῆς
3086 829 3166 900 τῷ
3199 829 3463 899 φυλάρχῳ
3501 828 3759 897 ἐπετίμα,
3797 827 3896 880 καὶ

2297 922 2379 974 ὅτι
2411 919 2630 988 σκώληξ
2673 921 2736 973 τὸ
2765 919 3077 990 τιμώμενον
3109 919 3218 992 εἴη,
3246 921 3342 972 καὶ
3375 919 3476 989 τῆς
3504 918 3714 974 ἐκείνου
3747 917 3897 970 διεκ-

2298 1012 2454 1066 πέσοι
2492 1012 2720 1080 σαρκὸς,
2756 1011 2947 1080 σαφῶς
2981 1012 3160 1064 πάντα
3209 1012 3480 1075 ἐδίδασκε,
3529 1011 3604 1081 μὴ
3633 1009 3744 1063 δεῖν
3774 1006 3892 1073 οὖν,

2297 1105 2473 1173 ἔλεγε,
2534 1105 2739 1174 φθορᾷς
2788 1121 2847 1155 τε
2894 1103 2990 1156 καὶ
3023 1103 3243 1172 σήψεως
3275 1105 3369 1155 καὶ
3401 1100 3670 1164 δυσωδίας
3699 1103 3898 1170 γεννή-

2303 1215 2455 1267 ματι,
2484 1197 2620 1266 μήτε
2651 1198 2811 1266 χεῖρα
2843 1197 3168 1268 προσάγειν,
3204 1196 3342 1266 μήτε
3368 1195 3478 1248 τινὶ
3518 1195 3628 1247 τῶν
3657 1193 3752 1247 τοῦ
3789 1194 3897 1244 σὼ·-

2301 1304 2467 1357 ματος
2497 1288 2692 1357 ψαύειν
2722 1289 2920 1357 μελῶν.
2947 1290 3056 1342 Καὶ
3079 1289 3108 1342 ὁ
3145 1290 3420 1361 φύλαρχος
3449 1287 3765 1352 ἀναπτύξας
3789 1287 3896 1356 τὴν

2297 1381 2457 1449 χεῖρα
2487 1379 2635 1430 ὥστε
2681 1379 2810 1432 ἰδεῖν
2839 1380 3022 1443 όποῖός
3045 1395 3129 1442 τις
3161 1382 3248 1452 εἴη
3289 1380 3316 1431 ὁ
3351 1379 3585 1450 σκώληξ,
3627 1380 3706 1441 είς
3744 1393 3893 1447 μαρ-

2299 1472 2468 1540 γάρου
2512 1469 2699 1540 φύσιν,
2735 1469 2780 1523 ὣ
2820 1471 2916 1524 τοῦ
2943 1471 3246 1542 θαύματος,
3299 1475 3365 1542 τῇ
3425 1489 3484 1524 τε
3541 1471 3894 1541 λαμπρότητι

2299 1563 2392 1614 καὶ
2417 1561 2494 1631 τῷ
2525 1563 2713 1616 κάλλει
2753 1561 3167 1633 μεταϐάλλοντα
3200 1565 3323 1635 όρᾷ,
3365 1563 3458 1616 καὶ
3497 1565 3526 1616 ό
3569 1562 3668 1632 μὲν
3698 1561 3895 1631 ἀπῄει,

2297 1655 2506 1724 χαίρων
2563 1657 2630 1725 τῇ
2687 1656 2895 1722 πίστει,
2952 1657 3048 1710 καὶ
3085 1657 3162 1728 τῷ
3211 1658 3354 1710 κατὰ
3390 1657 3484 1710 τὸν
3543 1655 3895 1727 μαργαρίτην

2228 1732 2272 1785 Β
2301 1747 2550 1801 πλουτῶν
2571 1746 2833 1818 θαύματι.

2065 1910 2297 1966 CAPUT
2334 1913 2444 1966 VII.

1661 2029 1842 2084 Proles
1867 2030 2034 2084 sterit’t'
2061 2031 2348 2098 impetrata
2392 2047 2403 2083 :
2441 2042 2639 2086 sanata
2665 2033 2802 2104 (28).

679 2153 770 2211 '50.
812 2152 1005 2208 Mulier
1048 2151 1296 2221 quaedam
1347 2149 1494 2204 haud
1545 2148 1766 2220 ignobili
1803 2163 2003 2219 genere
2047 2154 2193 2210 nata,

612 2247 1014 2303 Saracenorum
1067 2243 1304 2314 principi
1354 2243 1584 2311 juncta,
1635 2240 1838 2295 stcri'is
1884 2249 2040 2306 erat;
2093 2240 2201 2294 hoc

611 2349 874 2412 praeterea
895 2351 1008 2392 sua:
1037 2337 1244 2391 habens
1277 2334 1598 2390 calamitatis
1622 2341 1998 2404 augmentum,
2021 2331 2201 2385 virum

613 2431 930 2500 frequenter
953 2429 1251 2482 liberorum
1274 2427 1567 2481 orbitatem
1585 2424 2031 2494 exprobrautem.
2057 2421 2202 2488 Qua-

611 2531 837 2594 propter
871 2521 1171 2576 libcrorum
1225 2518 1423 2588 cupida
1471 2517 1537 2573 ad
1569 2533 1826 2587 magnum
1874 2516 2200 2588 Symeonem

611 2613 875 2685 perrexit,
913 2611 1004 2665 ubi
1037 2618 1190 2665 stans
1221 2609 1287 2662 ad
1316 2608 1455 2678 septi
1496 2607 1826 2662 ve-tibulum
1861 2604 2202 2675 (mulieribus

611 2706 758 2761 enim
789 2705 970 2760 aditus
998 2703 1178 2757 omnis
1203 2713 1322 2756 erat
1355 2701 1676 2772 praeclusus)
1709 2715 1897 2754 casum
1929 2713 2088 2752 suum
2114 2697 2199 2750 lu-

611 2797 789 2868 gebat,
811 2792 1060 2848 morbum
1093 2793 1519 2856 lamentabatur,
1554 2791 1652 2844 viri
1677 2789 1974 2860 opprobria
2007 2787 2059 2840 in
2085 2801 2202 2840 me.

611 2884 762 2940 dium
801 2882 1134 2954 proferebat,
1165 2881 1378 2946 orabat,
1423 2895 1533 2934 non
1585 2894 1712 2934 raro
1752 2894 1847 2948 per
1895 2892 1990 2932 eos
2035 2875 2198 2930 etiam

611 2977 814 3046 quibus
842 2974 1053 3044 ingredi
1095 2973 1298 3028 licebat
1327 2971 1690 3043 supplicabat,
1721 2970 2066 3029 obsecrabat,
2089 2977 2200 3022 ste-

612 3067 832 3121 rilitatis
871 3065 1205 3120 solutionem
1249 3065 1610 3134 postulabat:
1650 3063 1900 3122 addebat,
1945 3068 2004 3113 ut
2035 3075 2100 3113 ex
2143 3073 2202 3114 se

611 3157 821 3226 prolem
843 3155 1072 3220 videret,
1100 3168 1160 3210 se
1191 3154 1357 3208 vitam
1381 3167 1537 3208 suam
1569 3153 1806 3206 libenter
1825 3148 2198 3220 profusuram.

2373 2146 2436 2204 λ’.
2471 2149 2613 2218 Γυνὴ
2653 2150 2710 2204 δέ
2745 2168 2830 2215 τις
2871 2149 3145 2224 ἐπιφανὴς
3187 2151 3347 2220 φύσει
3395 2154 3497 2206 οὐκ
3535 2154 3774 2228 ἀσημου,
3812 2156 3895 2228 τῷ

2301 2239 2412 2291 τῶν
2447 2239 2786 2314 Σαρακηνῶν
2833 2243 3056 2315 ἄρχοντι
3121 2245 3378 2316 συνῴκει,
3441 2247 3536 2300 καὶ
3573 2249 3672 2317 τὴν
3726 2251 3897 2320 νηδὺν

2305 2330 2504 2398 ἄγονος
2530 2331 2666 2386 οὖσα
2689 2333 2927 2388 παίδων·
2957 2336 3136 2399 ἄλλως
3168 2354 3225 2390 τε
3248 2337 3304 2388 δὲ
3335 2338 3430 2391 καὶ
3469 2339 3570 2408 τῆς
3603 2345 3898 2410 συμφορᾶς

2304 2422 2556 2476 ἐπίτασιν
2608 2424 2700 2476 τὸν
2755 2424 2924 2495 ἄνδρα
3001 2425 3198 2496 ἔχουσα
3255 2428 3428 2482 πολλὰ
3479 2430 3577 2498 τῆς
3632 2433 3898 2498 ἀπαιδίας

2303 2511 2482 2578 ὀνείδη
2523 2511 2695 2581 αὐτῆς
2739 2511 3098 2584 καταχέοντα.
3156 2513 3266 2566 Καὶ
3324 2514 3624 2590 διαντοῦτο
3683 2517 3896 2572 παίδων

2304 2601 2568 2672 ἐφιεμένη
2626 2603 2778 2674 παρὰ
2838 2604 2931 2656 τὸν
2993 2603 3164 2674 μέγαν
3233 2605 3420 2658 ἄπεισι
3471 2605 3726 2676 Συμεὼν,
3792 2609 3898 2662 καὶ

2307 2694 2481 2744 στᾶσα
2511 2691 2649 2762 πρὸς
2675 2696 2798 2758 ταῖς
2822 2694 2916 2748 τοῦ
2950 2695 3242 2765 περιϐόλου
3261 2697 3508 2762 εἰσόδοις,
3534 2699 3610 2760 ὡς
3631 2700 3730 2752 οὐκ
3768 2699 3896 2764 tibi;

2304 2783 2456 2846 ἐντὸς
2507 2785 2733 2852 γυναικὶ
2781 2787 3064 2861 παριέναι,
3098 2787 3317 2859 ἐθρήνει
3345 2789 3406 2842 τὸ
3449 2790 3641 2852 πάθος,
3671 2790 3896 2859 ὠλοφύ-

2307 2889 2430 2940 ρετο
2460 2875 2560 2946 τὴν
2611 2877 2788 2944 νόσον,
2845 2877 3183 2950 ἐθριάμϐευε
3217 2881 3287 2932 τὰ
3321 2881 3417 2934 τοῦ
3457 2882 3650 2952 ἀνδρὸς
3687 2883 3893 2954 ὀνείδη,

2305 2965 2478 3019 ἐδεῖτο
2511 2967 2600 3022 διὰ
2619 2969 3049 3037 τῶναείσιόντων,
3081 2971 3344 3036 ἱκέτευεν,
3381 2972 3652 3042 ἠντιϐόλει
3676 2974 3773 3040 τὴν
3793 2975 3897 3042 τῆς

2307 3059 2653 3130 στειρὼσεως
2684 3061 2804 3132 ᾔτει
2835 3061 3012 3128 λύσιν,
3045 3063 3140 3116 καὶ
3176 3063 3326 3127 ὅπως
3373 3064 3538 3118 παῖδα
3586 3064 3646 3129 ἐξ
3688 3065 3898 3132 ἑαυτῆς

2308 3149 2434 3211 ἴδοι,
2465 3153 2560 3205 καὶ
2592 3152 2764 3220 αὐτὴν
2819 3153 2974 3221 ἔλεγε
3013 3153 3112 3224 τὴν
3152 3155 3332 3225 ψυχὴν
3382 3156 3555 3225 ἡδέως
3598 3157 3895 3227 προέσθαι.

609 3247 995 3302 Divinissimus
1025 3248 1260 3319 Symcon
1285 3245 1374 3301 hic
1400 3257 1746 3313 nequaquam
1771 3252 2050 3298 consuetae
2073 3243 2202 3297 obli-

2319 3241 2378 3295 Ὀ
2423 3243 2608 3312 μέντοι
2653 3243 2932 3309 θειότατος
2959 3243 3184 3316 Συμεὼν
3218 3246 3328 3300 οὐδ’
3369 3245 3604 3300 ἐνταῦθα
3640 3247 3740 3318 τῆς
3775 3263 3902 3299 συν-

610 3346 702 3396 ttts
724 3347 810 3392 est
830 3336 1326 3393 commiserationis
1347 3352 1361 3388 :
1381 3349 1571 3389 verum
1597 3334 1842 3388 mulieris
1869 3333 2202 3388 calidasillas

2307 3333 2474 3404 ἡθους
2505 3333 2900 3402 ἐπιλαθόμενος
2940 3336 3306 3407 συμπαθείας,
3345 3337 3482 3390 ἀλλὰ
3521 3339 3620 3409 τὴν
3652 3341 3896 3406 γυναῖκα

612 3432 878 3502 lacrymas
903 3431 1221 3493 miseratus,
1257 3427 1514 3498 precibus
1544 3427 1660 3481 suis
1703 3434 1892 3496 partus
1933 3426 1981 3480 ei
2013 3427 2196 3496 priva-

2305 3426 2414 3480 τῶν
2449 3426 2671 3500 θερμῶν
2711 3429 2941 3483 ἐκείνων
3001 3429 3257 3502 δακρύων
3313 3429 3669 3504 κατελεήσας,
3721 3449 3899 3504 προσ-

613 3525 818 3578 tionem
849 3521 1092 3583 sustulit,
1135 3535 1200 3573 ac
1231 3519 1456 3574 domum
1483 3518 1635 3574 abire
1665 3519 1933 3582 hortatus,
1965 3517 2194 3581 addidit,

2305 3522 2497 3590 ευχαῖς
2530 3522 2669 3592 αὐτῇ
2700 3522 2798 3592 τὴν
2827 3522 2934 3577 τῶν
2972 3522 3180 3575 ὠδίκων
3224 3527 3472 3594 πήρωσιν
3522 3525 3751 3589 διαλύει,
3797 3527 3898 3579 καὶ

617 3613 905 3682 Deum,qui
929 3612 997 3666 ab
1021 3609 1180 3665 initio
1205 3619 1460 3665 naturam
1485 3609 1780 3664 humanam
1803 3611 2198 3664 architectatus

2305 3613 2488 3666 οἴκαδε
2521 3613 2741 3666 ἀπιέναι
2776 3615 3170 3686 προτρέπεται,
3221 3615 3412 3680 εἰπὼν,
3459 3618 3534 3681 ὡς
3585 3619 3612 3670 ό
3642 3619 3763 3671 κατ’
3787 3619 3895 3688 ἀρ-

609 3717 716 3771 est,
753 3705 874 3776 ejus
895 3701 1244 3758 sterilitatem
1267 3717 1392 3756 cum
1420 3711 1687 3770 proventu
1719 3703 1772 3754 in
1799 3701 2026 3770 meliora
2051 3713 2200 3754 com-

2305 3707 2404 3775 χὰς
2434 3706 2532 3777 τὴν
2565 3705 2726 3776 φύσιν
2749 3707 2906 3778 ἡμῶν
2936 3707 3348 3781 δημιουργήσας
3371 3710 3504 3772 Θεὸς
3525 3751 3540 3776 ,
3588 3706 3744 3774 οὗτος
3793 3713 3891 3764 καί

613 3807 971 3856 mutaturum.
1011 3793 1154 3850 Tum
1185 3796 1273 3851 illa
1307 3803 1508 3866 (neque
1547 3795 1691 3850 enim
1733 3795 2010 3850 ullatenus
2039 3795 2200 3850 dubi-

2305 3795 2398 3864 τὴν
2428 3797 2597 3866 αὐτῆς
2628 3795 2917 3869 στείρωσιν
2942 3799 3076 3871 πρὸς
3093 3801 3152 3852 τὸ
3177 3802 3460 3871 συμφέρον
3483 3806 3884 3872 ματαποιὴσει.

612 3902 732 3946 tare
761 3889 988 3945 decebat
1025 3887 1131 3957 his,
1155 3903 1278 3960 quae
1309 3889 1554 3943 divinum
1587 3886 1720 3942 illud
1752 3903 1814 3942 os
1844 3887 2001 3956 quasi
2033 3902 2062 3940 a
2089 3886 2201 3940 Deo

2305 3888 2436 3941 Ἥδε
2471 3889 2614 3959 (οὐδὲ
2648 3891 2756 3960 γὰρ
2781 3885 2849 3962 ἦν
2877 3888 3376 3964 έπιλοιδορεῖνζοῖςὴ
3408 3894 3717 3966 θεοκίνητος
3749 3893 3900 3946 ὲκεί-

614 3993 823 4037 motum
855 3981 1330 4050 pronuntiaverat)
1359 3981 1648 4050 plurimum
1680 3979 1939 4041 animata,
1977 3978 2201 4032 domum

2305 3997 2367 4050 νη
2413 3981 2734 4052 διεσήμαινε
2798 3983 3036 4052 γλῶττα,
3083 3987 3466 4059 εὐθυμουμένη
3516 4006 3575 4040 τε
3621 3989 3898 4056 ἐπάνεισι,

615 4090 858 4140 reversa,
893 4075 1014 4128 sine
1043 4089 1199 4128 mora
1227 4073 1502 4142 concepit,
1555 4080 1678 4140 post
1710 4071 1889 4125 ﬁliolae
1918 4079 2092 4124 mater
2122 4069 2202 4124 ef-

2305 4077 2399 4128 καὶ
2423 4075 2796 4148 συλλαμϐάνει
2843 4080 3086 4133 αὐτίκα·
3118 4076 3240 4134 εἶτα
3291 4085 3386 4134 καὶ
3443 4083 3629 4154 μήτηρ
3681 4085 3900 4152 γίνεται

612 4164 757 4217 tecta
789 4181 801 4217 :
829 4163 987 4234 cujus
1019 4162 1220 4217 natalis
1237 4161 1356 4216 dies
1377 4175 1570 4231 magna
1600 4174 1796 4229 pompa
1823 4175 1851 4212 a
1881 4159 2202 4228 parentibus

2306 4165 2624 4240 θυγατρίου,
2659 4173 2895 4236 καὶτοῖς
2943 4177 3336 4244 γεγεννηκὸσιν
3383 4176 3549 4248 ἤγετο
3581 4177 3741 4248 ἑορτὴ
3792 4177 3900 4250 τῆς

612 4255 926 4310 celebratus
961 4263 1066 4310 est.
1095 4252 1302 4309 Verum
1337 4253 1486 4307 brevi
1521 4253 1784 4322 temporis
1812 4253 1990 4321 spatio
2013 4251 2202 4306 termi-

2307 4259 2499 4323 παιδὸς
2568 4262 2638 4314 τὰ
2687 4263 2968 4330 γενέθλια.
3009 4265 3171 4320 Ἀλλὰ
3228 4267 3421 4336 χρόνος
3474 4269 3658 4330 αὐτοῖς
3709 4269 3900 4334 ὀλίγος

613 4358 756 4404 nata-
777 4357 863 4404 est
888 4349 1142 4411 felicitas,
1173 4347 1544 4418 gaudiumque
1569 4345 1838 4414 festivum
1873 4359 2064 4398 amara
2107 4343 2204 4396 tri-

613 4439 774 4494 stitia-
810 4440 1028 4509 excepit
1050 4477 1066 4502 ,
1109 4453 1176 4492 ac
1222 4437 1424 4492 solutio
1451 4436 1776 4492 calamitatis
1807 4437 1860 4488 in
1898 4437 2203 4506 graviorem

613 4539 882 4582 conversa
911 4537 999 4582 est
1027 4527 1236 4582 luctum
1267 4545 1282 4592 ;
1318 4527 1456 4581 adeo
1486 4535 1548 4580 ut
1587 4535 1848 4596 parentes
1877 4526 2204 4582 calamitatis

618 4618 742 4672 loco
774 4619 1062 4686 haberent,
1093 4619 1240 4689 quod
1275 4633 1514 4688 unquam
1551 4619 1959 4688 perperissent;
2005 4621 2205 4677 multo-

615 4725 726 4782 que
750 4711 990 4782 priorem
1021 4713 1312 4767 orbitatem
1346 4720 1731 4781 praeoptarent.
1753 4711 1871 4766 Jam
1907 4711 2067 4768 ﬁliola
2091 4723 2204 4769 tres

614 4814 795 4856 annos
827 4811 954 4857 nata
985 4811 1126 4865 erat,
1167 4803 1277 4874 jam
1319 4795 1497 4875 prima
1539 4800 1833 4864 balbuties,
1883 4810 1940 4856 et
1977 4803 2206 4872 puerilis

618 4893 903 4958 iurasses,
935 4908 1058 4964 quae
1082 4907 1172 4949 res
1195 4893 1516 4963 parentibus
1545 4893 1724 4948 solent
1757 4909 1880 4950 esse
1916 4895 2208 4965 jucundis-

615 4983 792 5050 simae,
823 4986 1286 5055 exspectabantur
1306 5004 1326 5040 ς
1355 4984 1446 5039 illa
1477 4999 1606 5040 vero
1633 4985 1832 5041 lectulo
1858 4987 2038 5051 afﬁxa,
2070 4987 2209 5042 elin-

617 5077 741 5143 guis
783 5075 945 5144 plane
1002 5085 1060 5130 et
1101 5076 1398 5130 immobilis
1442 5078 1738 5143 manebat;
1779 5094 1905 5134 nam
1947 5092 1996 5134 et
2042 5081 2209 5150 pedes

619 5168 777 5234 quasi
814 5167 1046 5231 soiutos,
1069 5175 1126 5220 et
1155 5167 1396 5232 linguam
1421 5169 1776 5224 constrictum
1805 5170 2074 5237 habebat;
2108 5187 2208 5242 pa-

618 5259 977 5328 rentibusque
1026 5268 1332 5313 monstrum
1377 5261 1651 5329 quoddam
1702 5277 1822 5316 esse
1879 5263 2206 5328 videbatur,

621 5349 852 5419 talisque
881 5349 1098 5404 familiae
1131 5349 1308 5404 haeres
1336 5365 1448 5406 non
1481 5353 1656 5406 solum
1689 5353 1910 5422 indigna
1937 5356 2210 5426 majorum

619 5441 932 5510 splendore,
963 5442 1060 5498 sed
1087 5451 1141 5498 et
1169 5441 1414 5514 ipsorum
1442 5443 1630 5516 gloria:
1657 5445 2038 5516 ignominiam,
2073 5464 2208 5504 om-

2307 4349 2532 4420 ὲμέτρει
2563 4350 2661 4420 τὴν
2705 4351 2988 4423 εὐτυχίαν,
3035 4354 3132 4406 καὶ
3181 4356 3278 4424 τὴν
3331 4355 3642 4426 πανήγυριν
3675 4358 3900 4426 ἐκείνην

2309 4442 2526 4513 χαλεπὴ
2569 4445 2846 4516 κατήφεια
2883 4445 3210 4518 διαδέχεται,
3261 4449 3355 4508 καὶ
3399 4452 3502 4520 τῆς
3549 4454 3832 4521 συμφορᾶς
3862 4455 3898 4525 ἡ

2309 4531 2465 4596 λύσις
2522 4535 2604 4597 εἰς
2643 4533 2946 4606 βαρύτερον
3004 4539 3186 4610 πολλῷ
3242 4543 3638 4613 περιτρέπεται
3675 4546 3900 4614 πένθος,

2311 4623 2404 4678 καὶ
2433 4625 2689 4679 τοσοῦτον
2722 4628 2798 4691 ὡς
2825 4631 2918 4682 κα)⁸
2965 4631 3098 4684 αὐτὸ
3126 4633 3190 4702 δὴ
3233 4632 3392 4686 τοῦτο
3445 4637 3730 4705 συμφορὰν
3766 4639 3904 4702 τοὺς

2309 4718 2712 4786 γεγεννηκότας
2762 4719 3028 4791 νομίζειν,
3087 4723 3170 4776 ὅτι
3211 4743 3318 4798 περ
3373 4726 3558 4781 ἔτεκον
3613 4729 3746 4790 ὅλως
3799 4732 3904 4784 καὶ

2310 4809 2486 4863 πολλὰ
2531 4811 2634 4882 τῆς
2689 4815 2964 4886 προτέρας
3024 4817 3318 4888 ἐπιθυμεῖν
3345 4821 3624 4886 ἀπαιδίας.
3672 4822 3904 4894 Ἀπῄτει

2313 4901 2414 4972 μὲν
2441 4903 2554 4975 γὰρ
2582 4905 2610 4957 ὁ
2645 4905 2838 4976 καιρὸς
2885 4907 2982 4976 τὴν
3043 4911 3210 4964 παῖδα
3258 4913 3440 4984 τρίτον
3484 4914 3602 4978 ἔτος
3640 4917 3741 4986 ήδη
3795 4933 3899 4984 γε-

2312 4997 2554 5062 γονυῖαν,
2589 4995 2940 5068 ψελλίσματά
2996 5019 3056 5054 τε
3107 5005 3203 5057 καί
3257 5005 3495 5078 βάδισμα
3531 5008 3802 5072 παιδικὸν,
3835 5009 3902 5062 τὸ

2312 5087 2413 5158 ἡδὺ
2441 5090 2556 5152 τοῖς
2595 5091 2839 5160 πατράσι
2865 5095 3093 5164 χρῆμα·
3133 5097 3166 5166 ἡ
3207 5096 3264 5149 δὲ
3302 5098 3502 5169 ἐπίσης
3539 5099 3638 5169 τῆς
3662 5101 3898 5171 ἐχούσης

2315 5179 2485 5251 αὐτὴν
2542 5181 2733 5252 κλίνης
2771 5182 2989 5252 ἄφωνός
3028 5203 3085 5239 τε
3117 5182 3186 5258 ἦν
3216 5189 3310 5242 καὶ
3349 5189 3636 5260 ἀκίνητος·
3671 5195 3900 5263 παρεῖτο

2316 5273 2415 5341 μὲν
2441 5274 2552 5344 γὰρ
2571 5275 2699 5338 τοὺς
2739 5275 2930 5343 πόδας,
2967 5281 3240 5352 πεπέδητο
3285 5281 3343 5334 δὲ
3376 5283 3474 5352 τὴν
3504 5284 3774 5352 γλῶτταν,
3803 5287 3899 5338 καὶ

2313 5369 2429 5429 τοῖς
2458 5367 2680 5421 τεκοῦσι
2711 5371 2876 5441 τέρας
2909 5373 3031 5426 ἀντὶ
3059 5375 3246 5438 παιδὸς
3270 5371 3336 5446 ἦν
3365 5379 3516 5449 όρᾷν,
3543 5381 3637 5430 καὶ
3669 5379 3766 5450 τὴν
3799 5379 3896 5432 τοῦ

2313 5457 2506 5522 γένους
2527 5459 2782 5532 διαδοχὴν
2808 5463 2912 5516 οὐκ
2959 5464 3186 5532 ἀναξέαν
3236 5467 3397 5536 μόνον
3425 5469 3522 5540 τῆς
3555 5471 3662 5524 τῶν
3697 5472 3898 5544 προγό-

1177 5624 1541 5694 Theodorcto,
1584 5627 1677 5696 qui
1718 5628 1950 5682 alterum
1997 5629 2200 5696 refert,
2241 5633 2385 5702 quod
2414 5645 2468 5692 et
2508 5637 2596 5693 hic
2649 5639 2810 5708 paulo
2843 5637 3091 5709 inferius,
3129 5645 3195 5699 de
3243 5645 3353 5701 lilio
3428 5648 3627 5720 regina:
3689 5649 3891 5703 lsmae-

615 5685 838 5742 litarum
870 5689 1176 5758 impetrato.
