4152 6412
516 344 624 408 353

1759 334 2042 394 MENSIS
2081 320 2543 396 JANUARIUS.

3667 331 3775 395 εει

523 460 618 517 iila
641 460 691 514 dt
711 457 945 527 positum
1001 455 1177 511 libens
1204 452 1346 523 apud
1396 467 1454 507 se
1478 450 1868 506 asservandum
1905 463 2091 503 sesce-

2199 465 2299 500 τινι
2329 446 2437 502 τῶν
2471 448 2895 519 συστρατιωτῶν
2944 450 3012 518 τῇ
3059 447 3282 517 γυναικὶ
3340 446 3771 503 καταλείπουσι*

519 553 619 624 pit.
673 563 859 620 psrem
921 545 1149 618 gratiam
1191 543 1395 600 abillis
1425 541 1687 612 consequi
1741 540 1962 603 volens;
2022 539 2094 592 ita

518 642 666 699 enim
694 657 817 696 cum
855 639 921 694 iis
949 636 1348 707 paciscebatur,
1371 643 1429 689 ut
1452 651 1610 690 suum
1631 633 1865 688 vicissim
1891 648 2094 703 equum

518 730 733 789 illorum
768 726 891 785 ﬁdei
937 724 1329 791 committeret,
1363 731 1715 796 posteaquam
1750 737 1778 775 a
1809 720 2096 793 Symeonis

519 831 740 894 aspectu
791 821 1020 875 reduces
1071 815 1275 873 reversi
1310 827 1536 872 essent:
1577 830 1641 870 ea
1671 813 1749 868 illi
1778 813 1939 868 unica
1975 823 2091 869 erat

517 932 668 980 cura,
695 929 762 970 eo
811 927 1002 967 omnes
1031 909 1390 982 cogitationes
1415 923 1542 963 suas
1565 906 1852 978 dirigebat,
1896 913 1956 960 ut
1994 905 2096 960 viri

517 1004 691 1061 sancti
718 1008 1071 1073 conspectum
1102 1001 1395 1064 obtineret,
1449 996 1679 1068 ejusque
1709 995 2094 1051 benedictione

519 1099 817 1155 frueretur.
877 1095 1074 1150 Verum
1111 1094 1425 1163 neutiquam
1487 1091 1538 1147 ei
1594 1090 1827 1163 contigit
1863 1098 1921 1144 ut
1957 1090 2097 1145 votis

521 1193 637 1247 suis
665 1189 967 1263 potiretur:
996 1197 1352 1258 posteaquam
1372 1183 1515 1239 enim
1543 1182 1747 1237 milites
1775 1181 1844 1236 ad
1877 1179 2098 1251 Symeo-

523 1300 649 1338 nem
701 1281 1082 1353 pervenissent
1132 1287 1188 1334 et
1244 1277 1356 1331 voti
1400 1276 1510 1345 jam
1571 1281 1756 1329 essent
1794 1282 2094 1343 compotes,

524 1385 638 1429 tum
672 1375 747 1429 sic
779 1374 845 1428 ad
877 1386 971 1427 eos
1002 1370 1218 1424 divinus
1248 1367 1480 1438 Symeon
1517 1383 1531 1419 :
1572 1362 1728 1422 Unus
1753 1364 1971 1435 quidem
2003 1378 2095 1417 ve-

522 1480 717 1531 strum,
743 1467 838 1528 ait,
868 1464 1091 1519 relictus
1117 1471 1219 1524 est,
1262 1461 1328 1515 ad
1359 1475 1520 1529 quem
1553 1474 1678 1514 cum
1715 1454 2095 1528 perveneritis,

519 1557 768 1611 nuntiate
802 1558 855 1611 ei
889 1555 942 1609 in
974 1556 1092 1610 lucc
1137 1547 1299 1607 verbi
1346 1569 1358 1606 :
1412 1549 1610 1606 Mentis
1666 1559 1773 1605 tum
1824 1548 1998 1604 oratio
2029 1546 2095 1602 ad

518 1663 679 1705 aures
730 1645 943 1701 Domini
1004 1645 1251 1716 pervenit
1303 1642 1451 1714 (Q9);
1478 1645 1588 1713 jam
1639 1641 1900 1697 Dominus
1928 1643 2092 1704 Deus,

519 1742 609 1812 qui
640 1721 830 1793 iiitima
859 1738 1038 1793 cordis
1074 1736 1342 1792 desideria
1368 1745 1423 1790 et
1451 1734 1805 1805 cegitationes
1842 1749 2095 1803 perseru-
2128 1770 2136 1812 ἶ

522 1842 683 1896 tatur,
723 1830 1162 1886 benedictionem
1185 1828 1280 1883 tibi
1313 1843 1466 1882 suam
1499 1825 1807 1897 inpertitus
1824 1835 1945 1880 est:
1977 1825 2095 1896 ejus

519 1935 846 1982 consecutus
876 1922 1311 1979 benedictionem
1346 1929 1402 1976 et
1458 1935 1672 1974 summa
1701 1927 1973 1983 votorum,
2010 1918 2096 1971 ni-

524 2017 598 2072 hil
634 2031 863 2071 necesse
894 2016 999 2069 erit
1030 2016 1136 2069 hue
1170 2013 1395 2081 venias._
1421 2010 1515 2066 llis
1543 2010 1610 2067 ab
1640 2010 1946 2067 admirabili
1995 2007 2096 2080 Sy-

521 2124 718 2166 meone
766 2106 955 2172 dictis,
999 2106 1200 2160 milites
1260 2113 1415 2174 septo
1476 2102 1682 2174 egressi
1742 2116 1855 2156 non
1918 2100 2097 2156 minus

521 2202 694 2257 Sancti
756 2200 854 2254 viri
920 2198 1211 2268 alloquium
1273 2198 1695 2268 obstupuerunt,
1743 2209 1906 2266 quam
1961 2193 2097 2250 foris

521 2295 693 2350 relicti
722 2291 1115 2349 commilitonis
1140 2288 1391 2347 admirati
1420 2299 1549 2346 sunt
1589 2289 1848 2345 virtutem
1895 2288 2097 2359 (adhuc

521 2386 667 2441 enim
703 2384 892 2439 militis
958 2383 1177 2437 nomine
1223 2380 1600 2453 indigitabaut,
1633 2395 1795 2451 quam
1851 2377 2094 2432 nondum

522 2479 804 2534 mulierem
831 2486 951 2532 esse
989 2474 1461 2532 subodorabantur
1487 2472 1505 2543 )
1531 2491 1544 2527 :
1573 2481 1725 2529 tanto
1778 2472 1922 2527 enim
1954 2479 2096 2526 tam-

520 2588 627 2641 que
662 2572 822 2626 beato
853 2585 948 2624 ore
979 2566 1399 2639 depraedicatum
1456 2565 1680 2621 nonnisi
1740 2563 1957 2620 eximiis
1984 2564 2095 2619 vir-

522 2673 697 2718 tutum
733 2659 1068 2717 ornamentis
1091 2661 1404 2715 decoratum
1432 2672 1553 2715 esse
1579 2657 1895 2714 credebant.
1928 2654 2096 2711 Foras

520 2756 684 2825 igitur
739 2753 964 2825 egressi,
1014 2752 1165 2823 jussa
1224 2751 1507 2815 continuo,
1557 2766 1678 2821 qua:
1719 2750 1775 2805 in
1822 2749 2096 2804 mandatis

519 2848 813 2912 habebant,
844 2846 1165 2900 nuntiarunt
1196 2861 1211 2910 ;
1240 2852 1357 2899 tum
1384 2842 1545 2899 variis
1578 2840 2094 2913 interrogationibus

519 2942 732 2996 beatam
762 2946 1065 2992 matronam
1127 2936 1440 3006 fatigarunt,
1481 2943 1535 2989 et
1560 2949 1810 3005 quaenam
1838 2942 2002 2998 esset,
2040 2941 2097 2987 et

520 3030 662 3085 unde
693 3029 855 3082 tantis
888 3027 1149 3083 virtutum
1202 3027 1410 3080 meritis
1454 3033 1667 3081 ornata.
1727 3023 1916 3094 Neque
1947 3024 2093 3078 enim

2196 539 2349 593 οὔπω
2371 540 2526 610 δῆλον
2548 540 2606 593 δν
2622 541 2697 605 ὡς
2715 542 2801 610 εἴη
2820 541 2953 611 γυνή
2975 580 2988 592 .
3006 540 3072 593 Ἠ
3098 538 3155 592 δὲ
3179 538 3275 610 τὴν
3303 541 3775 614 παρακαταθήκην

2199 632 2430 702 ἑτοίμως
2462 633 2701 701 ἐδέξατο,
2733 634 2843 688 τῶν
2888 632 3020 686 ἴσων
3072 633 3166 686 καὶ
3218 633 3359 705 αὑτὴ
3406 635 3588 704 τυχεῖν
3640 633 3773 706 παρ’

2199 726 2429 789 ἐκείνοις
2453 726 2735 791 ἐθέλουσα,
2760 725 2966 780 καὶτὸν
2986 726 3184 779 οἰκεῖον
3213 725 3374 778 πάλιν
3397 728 3581 790 αὐτοῖς
3605 745 3676 779 πα
3686 744 3776 797 ρα-

2200 818 2534 872 καταθέσθαι
2568 819 2753 882 ἵππον,
2787 817 2954 871 ἐπειδ*
3009 816 3076 870 ἂν
3114 816 3443 887 θεασάμενοι
3480 817 3571 870 τὸν
3616 818 3772 884 ἇγιον

2200 910 2586 983 ἀναστρέφωσι
2612 928 2626 941 ·
2663 911 2860 982 μελέτη
2890 911 3000 983 γὰρ
3041 902 3110 982 ἦν
3153 911 3292 982 αὐτῇ
3327 909 3390 962 τὸ
3433 910 3667 980 πρᾶγμα
3695 911 3778 963 δι-

2197 1003 2422 1073 ηνεκὴς,
2457 1002 2554 1057 καὶ
2599 1002 2734 1071 πρὸς
2793 1000 2952 1055 τοῦτο
3004 1002 3163 1071 μόνον
3186 999 3363 1073 ἐώρα,
3393 1000 3541 1063 ὅπως
3573 1017 3634 1053 τε
3666 996 3769 1052 ἴδοι

2199 1096 2293 1150 τὸν
2322 1096 2517 1167 ἄνδρα,
2547 1095 2646 1149 καὶ
2670 1096 2818 1157 ὅπως
2849 1094 2948 1162 τῆς
2981 1094 3114 1164 παρ’
3140 1093 3306 1147 αὑτοῦ
3328 1092 3584 1161 εὐλογίας
3614 1091 3779 1156 ἀξιωη

2200 1184 2344 1258 θείη.
2390 1187 2532 1241 Ἀλλ’
2560 1188 2663 1241 οὐκ
2707 1188 2988 1255 ἐξεγένετο
3016 1186 3326 1240 ἀπολαῦσαι
3353 1185 3492 1255 αὐτῇ
3519 1185 3619 1253 τῆς
3648 1182 3777 1235 ἐπι-

2201 1283 2403 1353 θυμίας
2425 1297 2441 1312 ⁸
2472 1281 2662 1351 ἐπειδὴ
2692 1282 2800 1352 γὰρ
2822 1280 2899 1343 ὡς
2929 1280 3022 1334 τὸν
3063 1280 3217 1349 ἆγιον
3242 1275 3410 1350 ἦλθον
3431 1279 3481 1343 o_i
3511 1275 3780 1349 στρατιῶ-

2199 1393 2313 1438 ται,
2345 1377 2441 1428 καὶ
2463 1373 2651 1444 ἔτυχον
2679 1374 2780 1445 ἤδη
2811 1366 2887 1427 ὧν
2914 1373 3225 1443 ἐπεθύμουν
3252 1388 3265 1401 ·
3298 1371 3645 1443 Στρατιὼτης
3671 1371 3777 1439 μὲν

2199 1461 2283 1531 εἷς
2317 1467 2376 1534 ἐξ
2400 1467 2575 1539 ὑμῶν,
2599 1467 2628 1519 ὁ
2649 1467 2792 1531 θεῖος
2822 1466 2960 1537 πρὸς
3002 1464 3199 1529 αὐτοὺς
3232 1464 3338 1536 ἔφη
3373 1461 3621 1535 Συμεὼν,
3666 1463 3776 1514 ὐπ-

2199 1542 2425 1632 ελείφθη
2451 1577 2467 1592 °
2501 1560 2658 1631 ὑμεῖς
2682 1560 2739 1615 δέ
2771 1560 2943 1614 ἐπειδ’
2969 1558 3036 1613 ἂν
3053 1559 3189 1629 πρὸς
3220 1558 3385 1612 αὐτὸν
3415 1556 3777 1626 ἐπανέλθητε,
3852 1611 3857 1615 ,

2204 1651 2397 1705 εἴπατε
2431 1649 2627 1720 τούτῳ,
2656 1649 2811 1714 ὡςἮ
2832 1650 2933 1721 τῆς
2956 1649 3137 1719 ψυχῆς
3163 1666 3256 1703 σου
3289 1646 3566 1719 προσευχὴ
3598 1647 3677 1709 είς
3705 1645 3781 1698 τὰ

2198 1735 2311 1797 ὦτα
2340 1742 2434 1796 τοῦ
2484 1744 2691 1813 Κυρίου
2746 1742 2936 1813 ἀνέϐη,
2959 1743 3056 1796 καὶ
3086 1741 3356 1813 ηὐλόγησέ
3400 1757 3461 1793 σε
3506 1738 3710 1808 Κύριος
3747 1740 3778 1793 δ

2197 1835 2330 1900 Θεὸς
2356 1836 2383 1889 ὁ
2404 1834 2696 1904 ἐξεταστὴς
2741 1834 3091 1907 ἐνθυμήσεων
3142 1835 3238 1889 καὶ
3275 1833 3494 1889 ἐννοιῶν
3520 1832 3777 1904 καρδίας,

2201 1929 2298 1981 καὶ
2330 1927 2699 1999 εὐλογημένος
2738 1921 2791 1981 εἴ
2819 1927 2898 1998 τῷ
2918 1927 3109 1999 Κυρίῳ
3129 1943 3142 1957 ·
3172 1927 3233 1981 τὸ
3268 1927 3442 1998 πέρας
3477 1923 3570 1980 οὖν
3596 1925 3775 1996 ἔχοντι

2194 2019 2295 2090 τῆς
2324 2018 2583 2089 σπουδῆς,
2619 2017 2819 2089 μηκέτι
2855 2035 2938 2073 σοι
2962 2019 3128 2091 δεήσῃ
3154 2018 3255 2090 τῆς
3289 2018 3425 2090 πρὸς
3448 2018 3516 2072 τὰ
3533 2016 3776 2071 ἐνταῦθα

2196 2110 2340 2165 ὁδοῦ.
2374 2110 2563 2165 Ταῦτα
2609 2110 2704 2165 τοῦ
2740 2110 3057 2182 θαυμαστοῦ
3089 2109 3320 2182 Συμεὼν
3351 2109 3660 2183 εἰρηκότος,
3686 2111 3775 2176 ἐξο

2201 2203 2371 2268 ιόντις
2405 2204 2456 2256 ei
2486 2202 2815 2274 στρατιῶται
2846 2202 2942 2257 τοῦ
2994 2202 3286 2275 περιϐόλου
3335 2202 3776 2272 κατεπλήττοντο

2201 2295 2299 2367 μὲν
2321 2296 2429 2366 ,τῆς
2481 2296 2843 2368 προρρήσεως
2887 2296 2980 2350 τὸν
3025 2296 3215 2367 ἄνδρα,
3257 2292 3568 2364 ἐθαύμαζον
3591 2293 3774 2362 δέ,τὸν

2199 2385 2596 2457 ὑπολειιρθέντα
2626 2386 2973 2459 στρατιώτην
2999 2386 3101 2455 τῆς
3127 2386 3328 2454 ἀρετῆς
3350 2383 3456 2454 (ἔτι
3480 2383 3588 2454 γὰρ
3610 2399 3774 2452 στρα-

2195 2478 2401 2549 τιώτην
2430 2476 2617 2549 ἠξίουν
2667 2476 2880 2540 καλεῖν,
2913 2475 2990 2548 τῷ
3017 2476 3184 2547 μήπω
3228 2475 3482 2544 γενέσθαι
3512 2474 3669 2545 δῆλον
3694 2474 3773 2538 ὡς

2197 2570 2284 2642 εἴη
2347 2571 2521 2642 γυνή)
2552 2569 2645 2622 τὸν
2690 2570 2800 2640 γὰρ
2840 2569 3111 2639 τοσαύτης
3150 2568 3426 2638 εὐφημίας
3454 2566 3587 2640 παρ’
3625 2565 3771 2620 οὕτω

2200 2662 2444 2735 μεγάλης
2489 2660 2586 2715 καὶ
2639 2661 2912 2733 μακαρίας
2957 2660 3206 2731 γλώττης
3264 2659 3596 2730 ἠξιωμένον,
3652 2658 3770 2722 πῶς

2197 2756 2319 2826 οὐχὶ
2359 2753 2454 2807 καὶ
2496 2753 2755 2824 μεγαλοις
2791 2752 3182 2825 κατορθώμασι
3206 2751 3593 2823 κεκοσμῆσθαι
3616 2751 3773 2820 νομί·

2197 2847 2311 2913 ζειν
2360 2844 2564 2916 ἐχρῆνς
2607 2846 2823 2917 Ἐπειδὴ
2860 2846 3038 2901 τοίνυν
3082 2846 3307 2917 ἐξῆλθον
3352 2845 3448 2899 τοῦ
3480 2844 3772 2914 περιϐόλου

2195 2936 2606 3006 ἀπαγγέλλουσι
2633 2936 2731 3007 μὲν
2762 2936 2907 3007 ἅπερ
2937 2937 3113 2990 εἰπεῖν
3151 2936 3564 3007 ἐπετράπησαν,
3598 2934 3773 3005 πολλῇ

2194 3027 2252 3082 δὲ
2281 3028 2417 3099 πρὸς
2450 3028 2547 3100 τὴν
2578 3029 2856 3099 μακαρίαν
2879 3029 3095 3098 ἐκείνην
3125 3028 3426 3099 κέχρηνται
3463 3028 3531 3097 τῇ
3559 3025 3767 3095 δεήσει,

521 3122 631 3176 ιιῐΙο
661 3129 841 3192 pacto,
879 3120 1170 3186 addebant,
1205 3118 1519 3174 melliﬂuum
1564 3117 1697 3175 illud
1728 3126 1784 3173 et
1812 3133 1978 3173 suave
2008 3132 2089 3182 os,

2199 3121 2281 3186 τίς
2300 3138 2362 3174 τε
2375 3121 2457 3190 εἴη
2476 3121 2571 3173 κα)⁸
2585 3122 2612 3174 ὃ
2636 3122 2686 3173 τί
2711 3120 2842 3173 ποτέ
2864 3122 2984 3173 ἐστι
3010 3118 3118 3174 τῶν
3138 3120 3310 3189 αὐτῆς
3331 3117 3772 3188 κατορθωμάτων

521 3217 678 3269 beata
730 3214 819 3268 illa
873 3212 1162 3285 Symeonis
1200 3211 1387 3283 lingua
1453 3222 1560 3267 tam
1614 3211 1970 3268 honoriﬁcam
2017 3210 2095 3265 tui

524 3305 857 3359 mentionem
925 3302 1165 3368 fecisset,
1215 3303 1321 3359 nisi
1372 3303 1548 3359 latens
1589 3304 1786 3374 aliquis
1833 3303 2096 3357 virtutum

523 3395 813 3449 thesaurus
870 3391 923 3445 in
963 3403 1013 3447 te
1034 3401 1179 3448 esset
1214 3394 1545 3449 reconditus.
1572 3391 1711 3447 Tum
1739 3392 1849 3458 illa,
1879 3392 2097 3463 c0gnito

524 3488 666 3557 quod
696 3486 831 3541 nihil
870 3501 1053 3541 rerum
1098 3501 1320 3540 suarum
1385 3487 1563 3541 virum
1597 3493 1846 3538 sanctum
1877 3485 2093 3545 lateret,

524 3580 691 3634 animi
720 3579 801 3634 sui
833 3593 1027 3633 arcana
1061 3577 1189 3633 viris
1212 3576 1316 3632 illis
1347 3577 1428 3632 vel
1458 3578 1622 3631 invita
1651 3576 1876 3642 detexit,
1908 3574 2097 3630 dicens

525 3676 579 3728 in
612 3675 727 3728 haec
771 3673 967 3727 verba:
1006 3671 1088 3725 Me
1115 3671 1354 3742 quidem,
1384 3670 1599 3732 fratres.
1648 3671 1856 3741 pridem
1908 3670 2099 3741 ingens

523 3775 772 3820 sanctum
804 3764 979 3818 virum
1024 3779 1206 3819 coram
1239 3763 1556 3834 aspiciendi,
1593 3774 1647 3818 et
1678 3780 1799 3835 quae
1821 3763 1878 3818 in
1907 3780 1974 3820 eo
2012 3764 2097 3819 in-

523 3865 652 3910 sunt
685 3854 918 3926 Spiritus
956 3856 1097 3911 dona
1123 3863 1178 3911 et
1210 3857 1409 3927 gratias
1437 3856 1611 3912 oculis
1645 3858 1903 3912 cernendi
1934 3873 2098 3912 oecu-

524 3948 671 4019 pavit
732 3948 1099 4011 desiderium;
1164 3961 1288 4002 cum
1340 3964 1472 4004 vero
1532 3949 1732 4003 vallum
1787 3951 2097 4020 oppo~itum

526 4040 847 4094 mulieribus
878 4055 1220 4110 nequaquam
1250 4039 1457 4111 ingredi
1496 4040 1701 4108 liceret,
1749 4057 1962 4112 aequum
2006 4026 2094 4112 ju-

524 4130 697 4184 dicavi
727 4144 917 4184 sexum
943 4132 1216 4186 occultare
1249 4134 1466 4201 (mulier
1496 4134 1643 4187 enim
1698 4137 1840 4204 sum)
1874 4135 2100 4205 ejusque

521 4224 823 4279 contuitum
857 4230 973 4279 arte
1020 4223 1235 4294 assequi
1288 4242 1301 4276 :
1353 4241 1541 4279 verum
1589 4241 1713 4280 cum
1771 4227 1939 4281 latere
1988 4243 2099 4281 non

522 4317 726 4385 possim
784 4332 906 4370 eum
971 4317 1063 4386 qui
1115 4318 1278 4371 etiam
1327 4321 1666 4373 occultorum
1716 4329 1799 4373 est
1829 4319 2096 4389 eognitor,

524 4406 718 4461 lubens
751 4407 876 4461 hinc
909 4408 1180 4472 recedam,
1216 4423 1392 4478 neque
1429 4410 1686 4465 mandato
1711 4409 1840 4465 huic
1862 4410 2102 4480 refragao

2197 3214 2259 3268 τὸ
2291 3214 2521 3285 μέγεθος
2545 3212 2805 3283 δηλῶσαι.
2839 3212 2979 3266 Οὖδέ
3014 3211 3124 3283 γὰρ
3174 3212 3240 3265 ἂν
3285 3211 3528 3274 πάντως,
3559 3210 3768 3278 ἔλεγον,

2196 3304 2260 3358 τὸ
2314 3304 2572 3375 μελιχρὸν
2603 3306 2780 3357 ἐκεῖνο
2829 3303 2923 3356 καὶ
2962 3303 3059 3373 ἡδὺ
3092 3301 3292 3372 στόμα,
3325 3303 3358 3372 ή
3392 3302 3642 3373 μακαρία
3674 3300 3772 3354 τοῦ

2199 3396 2426 3469 Συμεὼν
2462 3397 2701 3465 γλῶττα,
2732 3396 2824 3450 διὰ
2896 3394 3098 3466 πολλῆς
3145 3411 3204 3448 σε
3250 3392 3394 3448 οὕτω
3420 3394 3519 3465 τῆς
3550 3393 3775 3463 μνήμης

2197 3487 2356 3563 ἦγεν,
2387 3492 2437 3543 εί
2471 3491 2545 3561 μή
2577 3507 2660 3551 τις
2686 3488 2965 3542 λανθάνων
3021 3487 3250 3549 πλοῦτος
3309 3487 3523 3556 ἀρετῶν
3576 3487 3633 3538 ἐν
3690 3484 3778 3539 σοὶ

2198 3580 2625 3653 τεθησαυριστο.
2666 3581 2733 3633 Ἢ
2758 3580 2815 3633 δέ
2855 3581 3058 3648 γνοῦσα
3090 3579 3166 3644 ὡς
3199 3581 3306 3648 ἄρα
3351 3580 3442 3633 τὸν
3465 3579 3620 3647 ἆγιον
3652 3574 3775 3630 κατ’

2198 3677 2370 3747 αὐτὴν
2393 3676 2543 3729 οὐδὲν
2575 3673 2836 3743 ἐλελήθει,
2878 3672 3251 3727 ἁνακαλύπτει
3283 3674 3397 3735 τοίς
3431 3671 3646 3742 ἀδράσι,
3679 3671 3775 3723 καὶ

2202 3768 2280 3839 μὴ
2305 3766 2627 3839 βουλομένη,
2654 3767 2856 3828 πάντα,
2894 3762 2989 3817 καί
3033 3780 3170 3834 φησι
3193 3779 3206 3793 ·
3226 3761 3358 3832 Ἐμὲ
3378 3762 3497 3833 μὲν,
3528 3763 3771 3829 ἀδελφοὶ,

2201 3861 2371 3915 πολὺν
2391 3860 2585 3932 χρόνον
2618 3859 2758 3923 θεῖος
2794 3854 2937 3928 εἶχεν
2964 3856 3105 3927 ἔρως
3133 3856 3275 3910 κατὰ
3309 3855 3436 3909 θέαν
3457 3855 3552 3908 τοῦ
3578 3855 3773 3923 ἀνδρὸς

2201 3954 2522 4023 ἀφικέσθαι,
2556 3952 2776 4021 καὶτῆς
2808 3952 2865 4002 ὲν
2895 3948 3044 4019 αὑτῷ
3081 3949 3173 4001 τοῦ
3199 3948 3513 4018 Πνεύματος
3554 3948 3777 4018 χάριτος

2202 4045 2383 4107 αὐτοῖς
2429 4042 2729 4112 ὀφθαλμοῖς
2770 4039 3115 4096 ἀπολαῦσαιο
3152 4040 3341 4110 ἐπειδὴ
3377 4039 3432 4092 δὲ
3463 4040 3564 4091 οὐκ
3594 4040 3779 4107 ἐφεῖτο

2203 4138 2466 4207 γυναιξὶν
2499 4134 2800 4188 ἐπιϐαίνειν
2821 4133 2913 4186 τοῦ
2944 4132 3254 4204 περιϐόλου,
3288 4133 3404 4185 δέον
3434 4131 3620 4202 ᾠήθην
3638 4131 3777 4202 κρύ-

2200 4230 2299 4298 ψαι
2328 4230 2428 4296 τὴν
2457 4226 2618 4296 φύσιν
2649 4226 2787 4297 (εἰμὶ
2814 4227 2925 4295 γὰρ
2970 4224 3155 4296 γυνὴ),
3185 4226 3278 4278 καὶ
3303 4223 3401 4295 τὴν
3450 4223 3578 4277 θέαν
3620 4224 3779 4293 σοφί-

2204 4321 2435 4375 σασθαιο
2472 4319 2588 4373 ἀλλ’
2620 4318 2808 4387 ἐπειδὴ
2857 4318 2949 4371 καὶ
2987 4317 3238 4387 γνώστης
3281 4316 3526 4387 κρυφίων
3554 4318 3582 4370 ὁ
3612 4317 3776 4386 ἀνὴρ,

2205 4416 2299 4466 καὶ
2321 4411 2443 4465 οὐδὲ
2490 4411 2634 4464 οὕτω
2685 4411 2871 4464 λαθεῖν
2924 4410 3155 4475 ἔξεστιν,
3209 4411 3405 4479 ἄπειμι
3437 4409 3646 4466 λοιπὸν.
3684 4410 3781 4461 καὶ

470 4520 471 4523 η
528 4500 647 4565 bor,
678 4499 791 4568 jam
815 4499 962 4553 enim
994 4498 1433 4555 benedictionem
1462 4500 1714 4567 obtinui;
1759 4517 1938 4572 neque
1971 4504 2098 4572 quia

2202 4504 2303 4557 οὒκ
2337 4504 2776 4574 ἀντιφθέγγομαι
2819 4493 2896 4572 τῷ
2937 4501 3317 4572 προστάγματι
3344 4517 3358 4532 ο
3381 4499 3621 4571 ἡξίωμαι
3670 4500 3781 4569 γὰρ

526 4588 680 4653 latui,
714 4589 808 4643 sed
830 4590 955 4658 quia
977 4589 1316 4660 deprehensa
1346 4606 1490 4655 sum,
1518 4594 1746 4661 gratiam
1772 4609 1935 4662 quam
1958 4595 2103 4649 volui

525 4679 833 4747 impetravi.
883 4678 978 4734 His
1029 4681 1191 4735 dictis
1237 4694 1268 4735 a
1318 4681 1488 4750 proba
1522 4681 1611 4735 illa
1639 4682 1890 4747 muliere,
1928 4685 2100 4738 multo

526 4770 702 4841 magis
725 4771 973 4827 admirati
996 4780 1126 4827 sunt
1153 4771 1333 4827 virum
1350 4770 1579 4838 milites,
1614 4781 1669 4826 et
1698 4772 1753 4827 in
1798 4787 1950 4829 suam
1977 4775 2101 4845 qui-

524 4878 631 4932 que
664 4861 923 4919 ditionem
951 4862 1150 4918 reversi
1182 4869 1330 4917 sunt.

599 5137 714 5205 (29)
746 5136 1024 5206 Disparem
1058 5143 1313 5189 eventum
1351 5137 1542 5193 similis
1587 5141 1824 5207 consilii,
1858 5124 2100 5198 sederim

524 5206 705 5280 ahqua
761 5209 843 5280 (ut
892 5207 1139 5276 apparet)
1193 5208 1500 5280 temeritate
1543 5218 1599 5264 et
1648 5213 1980 5280 procacitate
2008 5229 2101 5268 su-

523 5274 715 5356 scepti,
742 5276 911 5356 refert
931 5274 1170 5356 san-ctus
1195 5274 1420 5356 Gregor.
1453 5274 1664 5334 Turon:
1691 5279 1765 5334 De
1778 5281 1948 5351 gloria
1976 5300 2097 5337 con-

524 5346 648 5421 fess.
673 5361 797 5421 cap.
832 5347 922 5411 26,
962 5346 1052 5400 ubi
1079 5346 1146 5400 de
1168 5357 1358 5421 sancto
1375 5347 1646 5421 Symeone
1669 5346 1835 5421 agens
1874 5353 1943 5406 ita
1971 5355 2109 5407 scri-

524 5418 643 5472 bit:
688 5435 709 5468 ι
743 5415 1039 5486 Postquam
1072 5432 1203 5470 vero
1227 5415 1496 5473 columnae
1511 5415 1730 5476 editiori
1749 5423 2110 5479 sesanctitate

525 5485 743 5564 fervens
772 5485 996 5551 invexit,
1020 5503 1131 5564 non
1153 5489 1316 5564 modo
1342 5500 1616 5564 extraneae
1640 5491 1880 5555 mulieri,
1900 5506 2104 5564 verum

524 5560 691 5609 etiam
719 5573 821 5631 nec
852 5560 1084 5631 proprias
1107 5560 1269 5631 matri
1313 5575 1373 5614 se
1390 5560 1699 5631 videndum
1735 5562 2009 5631 permisit.
2047 5564 2110 5616 lit

526 5638 674 5678 nunc
711 5628 874 5699 etiam
928 5628 1106 5699 locum
1140 5629 1317 5698 ipsum
1353 5630 1422 5683 ab
1453 5628 1618 5699 hujus
1657 5628 1818 5686 scius
1855 5632 2109 5686 defensat

525 5706 771 5770 accessu.
810 5696 942 5750 Nam
971 5696 1176 5770 ierunt,
1209 5700 1500 5770 quamdam
1528 5696 1827 5754 mulierem
1859 5701 2105 5755 indutam

533 5764 706 5816 fuisse
757 5776 908 5819 veste
964 5768 1132 5831 virili,
1162 5764 1303 5823 et‘in
1335 5768 1609 5825 basilicam
1634 5771 1838 5839 ingredi
1867 5771 2103 5828 voluisse

2204 4594 2307 4665 ἤδη
2354 4594 2454 4663 τῆς
2512 4593 2785 4662 εὐλογίας,
2820 4593 2882 4646 οὐ
2921 4592 2987 4645 δι’
3017 4586 3093 4645 ὧν
3131 4590 3283 4656 ἔδοξα
3316 4591 3520 4657 λαθεῖν,
3546 4590 3661 4644 ἀλλ’
3684 4589 3780 4657 ἀφ’

2206 4680 2283 4740 ὧν
2310 4686 2505 4750 ἑάλων,
2549 4686 2649 4754 τῆς
2693 4686 2918 4756 χάριτος
2963 4682 3341 4737 ἀπολαύσασα.
3387 4682 3629 4735 Τοιαῦτα
3681 4681 3780 4749 τῆς

2206 4776 2451 4849 χρηστῆς
2482 4780 2700 4848 ἐκείνης
2748 4777 3006 4845 γυναικὸς
3045 4775 3445 4846 διεξελθούσης,
3473 4775 3567 4828 ἐπὶ
3618 4774 3782 4827 πλέον

2209 4870 2597 4939 θαυμάσαντες
2636 4869 2730 4922 τὸν
2780 4866 2948 4936 ἄνδρα
2978 4868 3026 4919 οί
3069 4866 3420 4936 στρατιῶται,
3453 4864 3587 4937 πρὸς
3609 4864 3676 4918 τὰ
3703 4866 3785 4917 oi-

2214 4964 2335 5016 κεῖα
2365 4960 2595 5025 ἕκαστος
2621 4960 2949 5032 ἐπανῄεσαν.

2158 5201 2177 5216 ,
2205 5145 2495 5216 Columnae.
2527 5144 3011 5216 Tractavitsecum
3053 5145 3277 5210 misera,
3306 5158 3465 5215 agere
3490 5158 3650 5216 posse
3688 5159 3787 5211 prr

2204 5215 2612 5286 indumentum,
2640 5214 2784 5286 quod
2815 5215 2980 5286 latere
3011 5224 3196 5286 p0sset
3226 5214 3585 5286 Altissimum,
3627 5215 3780 5277 igno-

2204 5299 2332 5339 rans
2368 5284 2497 5337 illud
2519 5284 2784 5354 Apostoli,
2818 5304 2836 5336 c
2870 5285 2995 5354 quia
3012 5284 3172 5338 'Deus
3207 5301 3315 5338 non
3350 5284 3637 5345 irridetur;
3680 5301 3697 5332 ι
3733 5293 3786 5334 ‹-ι

2208 5354 2330 5409 lieet
2365 5354 2439 5408 ibi
2478 5356 2703 5408 veniens
2730 5356 2795 5409 ad
2828 5356 3089 5424 templum
3121 5355 3294 5409 erexit
3324 5356 3538 5423 pedem,
3573 5366 3632 5406 ut
3658 5367 3785 5405 San-

2206 5434 2355 5478 ctum
2384 5425 2758 5494 ingrederetur
2783 5424 2971 5487 limen,
3004 5436 3184 5480 tamen
3219 5426 3467 5493 protinus
3488 5432 3784 5494 retrorsum

2208 5509 2375 5548 ruens
2392 5493 2608 5554 cecidit.
2646 5504 2701 5548 et
2730 5504 2940 5549 mortua
2975 5504 3058 5549 est
3096 5512 3109 5548 :
3144 5496 3388 5564 satisque
3417 5493 3519 5547 fuit
3547 5493 3781 5562 populis.

2206 5578 2276 5617 ne
2328 5565 2445 5618 haec
2510 5565 2652 5618 ultra
2709 5565 2905 5619 mulier
2947 5565 3052 5618 ulla
3098 5572 3476 5634 praesumeret,
3543 5578 3665 5617 eum
3727 5565 3783 5614 in

2205 5634 2364 5687 istam
2391 5643 2644 5705 cerneret
2677 5636 3206 5705 ultionempessime
3250 5635 3565 5705 irrogatam.
3611 5652 3629 5685 ι
3668 5634 3786 5685 Ado

2204 5719 2421 5772 quoque
2460 5704 2782 5760 Viennensis
2832 5705 2903 5775 in,
2940 5703 3346 5775 Martyrologio,
3373 5703 3699 5775 'Notlterus.
3729 5711 3788 5758 et

2207 5775 2454 5834 uua-dam
2490 5790 2623 5830 mss.
2666 5775 2767 5830 sub
2801 5774 2955 5831 Beda:
2990 5772 3403 5836 nomine.'idem
3450 5772 3712 5830 referunt.
