4152 6438
408 370 515 455 εὲδ

1484 388 1662 457 VITA
1704 397 1767 455 δ.
1806 392 2182 453 SYMEONIS
2219 380 2571 452 STYLITIB.

3558 384 3664 449 τεο

1874 523 2103 581 CAPUT
2134 523 2228 579 IX.

1492 641 1734 698 Antiochi
1758 642 1978 697 latronis
2003 646 2287 708 conversio,
2307 643 2395 711 pia
2431 652 2594 697 mors.

482 760 582 835 ‘tﬁ'.
618 760 732 815 Καὶ
767 759 929 814 τοῦτο
959 759 1058 829 μὲν
1080 758 1145 832 δὴ
1175 762 1435 815 τοιοῦτον.
1488 762 1697 815 Ἐκεῖνο
1738 762 1792 816 δὲ
1820 761 1903 824 τίς
1930 762 1995 814 ἂν

2172 760 2262 817 32.
2294 747 2363 815 Et
2390 760 2493 815 hoc
2521 757 2740 829 quidem
2784 745 3105 813 miraculum
3153 746 3278 813 tale.
3326 744 3461 825 Quis
3488 758 3670 814 autem

418 852 803 927 παραδραμεῖν
855 844 1162 922 ἐθελήσειεν
1188 873 1204 919 ;
1232 853 1453 925 Λῃστὴς
1511 849 1600 923 ἦν,
1632 854 1729 909 καὶ
1784 855 1997 926 λῃστῶν

413 951 447 1000 ὸ
471 943 859 1018 χαλεπώτατος
882 944 979 998 καὶ
1005 943 1457 1014 μιαιφονὼτατος,
1500 945 1772 1017 Ἀντίοχος
1803 947 1994 1016 ὖνομοι,

417 1039 517 1107 τὴν
542 1035 863 1105 ἐπωνυμίαν
912 1035 1221 1105 ’Δγόνατος.
1265 1030 1435 1101 Οὗτος
1478 1028 1615 1109 ἦρχε
1644 1039 1744 1108 μὲν
1773 1039 1996 1111 λῃστρι-

419 1128 518 1184 κοῦ
570 1128 821 1197 στίφους,
856 1118 1081 1198 ἐκράτει
1104 1127 1161 1182 δὲ
1186 1128 1248 1182 ού
1291 1129 1494 1196 μᾶλλον
1525 1128 1636 1181 τῶν
1685 1129 2000 1202 ἀρχομένων

417 1222 485 1290 τῇ
514 1218 679 1288 βουλῇ
703 1218 832 1270 ὅσον
860 1218 927 1288 τῇ
960 1217 1060 1287 τῆς
1090 1216 1273 1289 χειρὸς
1316 1218 1490 1290 τόλμῃ
1527 1219 1619 1272 καὶ
1648 1218 1728 1289 τῷ
1775 1221 1873 1289 τῆς
1899 1208 2000 1290 ψυ-

419 1310 521 1379 χῆς
573 1308 790 1385 θράσει,
838 1310 936 1361 καὶ
968 1309 1035 1378 τῇ
1088 1309 1218 1380 περὶ
1251 1310 1379 1373 τοὺς
1422 1299 1707 1377 κινδύνους
1747 1310 1997 1380 ἀπονοίᾳ.

424 1398 580 1451 υῦτω
608 1399 719 1469 γὰρ
752 1396 1009 1468 σώματος
1040 1392 1155 1468 εἶχε
1190 1399 1383 1470 ῥώμης
1426 1399 1521 1453 καὶ
1554 1392 1776 1471 ταχείας
1801 1401 1997 1467 ποδῶν,

410 1492 521 1555 ⁵τιτίι
563 1490 786 1544 τοσοῦτο
830 1489 1042 1554 τούτοις
1095 1490 1340 1563 ἐθάρρει,
1382 1480 1467 1555 ὡς
1513 1490 1609 1545 καὶ
1653 1492 2001 1564 πολυανθρω-

436 1581 683 1646 ποτάτοις
719 1581 940 1652 κώμαις
974 1582 1067 1635 καὶ
1095 1582 1284 1647 αὐτοῖς
1336 1574 1401 1655 δή
1417 1600 1512 1637 που
1534 1583 1633 1652 τῆς
1668 1585 2000 1655 Ἀντιοχείας

443 1673 769 1740 προαστείοις
811 1673 1124 1745 ἐπιφοιτᾷν,
1174 1671 1468 1729 καὶταῦτα
1514 1675 1832 1745 λητζεσθαι·
1864 1679 1914 1731 εί
1944 1677 2001 1731 δέ

437 1768 541 1816 ¹που
574 1764 664 1816 καὶ
689 1765 864 1819 ἵππων
908 1765 1167 1835 ἐπιϐῆναι
1223 1766 1427 1838 δεήσοι,
1459 1763 1698 1838 θηλειῶν
1744 1768 2002 1822 ἐπέϐαινε

426 1855 516 1909 διὰ
552 1854 615 1908 τὸ
639 1855 822 1928 τάχος.
873 1856 1076 1911 Τοῦτον
1133 1857 1322 1928 ἐπειδὴ
1372 1852 1540 1922 πολὺς
1574 1851 1786 1931 ἦγενλί]
1817 1860 2000 1930 φήμη.

424 1946 648 2018 ἁναίδην
676 1946 817 2001 οὕτω
847 1950 915 2018 τῇ
951 1947 1177 2020 λῃστείᾳ
1196 1947 1499 2021 χρώμενον,
1525 1951 1812 2022 ἐνήδρευον
1840 1952 2003 2006 αὑτὸν

421 2035 633 2099 πολλοὶ,
664 2037 762 2090 καὶ
780 2039 827 2092 σί
847 2037 1103 2101 κολάζειν
1118 2039 1244 2102 τοὺς
1272 2037 1647 2102 ἀτακτοῦντας
1674 2040 2005 2109 ἐπιτετραμ-

2098 846 2389 924 praetereat
2427 849 2569 921 quod
2603 849 2861 920 deinceps
2908 854 3187 905 narratum
3226 849 3332 905 co?
3353 849 3515 906 Latro
3549 866 3670 905 om-

2099 946 2250 1000 nium
2293 944 2612 1015 praedonum
2641 942 2800 1014 longe
2846 942 3279 1006 crudelissimus,
3338 951 3396 997 et
3436 942 3675 997 maxime

2098 1034 2547 1105 sanguinolentus
2614 1032 2748 1102 (3.0),
2803 1032 3106 1087 Antiochus
3170 1032 3411 1097 nomine,
3466 1047 3675 1102 cogno-

2101 1139 2285 1182 mento
2333 1127 2632 1198 Agonatus,
2679 1124 3002 1180 sicariorum
3056 1114 3267 1178 cohorti
3320 1126 3571 1193 praeerat,
3619 1121 3676 1178 et

2100 1233 2210 1272 non
2244 1218 2414 1289 magis
2444 1205 2677 1273 consilio
2722 1231 2883 1282 quam
2920 1214 3118 1269 virimn
3175 1204 3371 1270 robore
3425 1222 3478 1269 et
3507 1204 3676 1271 animi

2100 1312 2323 1366 audacia
2410 1309 2643 1365 subditis
2705 1296 3051 1377 imperitabat
3107 1315 3271 1377 atque
3353 1305 3559 1378 insigni
3618 1306 3677 1362 in

2099 1401 2364 1457 adeundis
2408 1399 2667 1471 periculis
2708 1398 3033 1454 temeritate.
3070 1398 3307 1453 Tantum
3350 1398 3497 1453 enim
3551 1413 3678 1453 coro

2100 1495 2248 1564 poris
2281 1482 2500 1556 robore,
2530 1501 2585 1547 et
2618 1472 2816 1569 pedum
2861 1490 3140 1545 celeritate
3183 1490 3442 1560 pollebat,
3494 1490 3680 1558 itaque

2100 1587 2167 1642 iis
2193 1586 2411 1648 fidebat,
2443 1594 2500 1640 ut
2528 1582 2980 1656 populosissimos
3009 1597 3196 1653 pagos,
3228 1582 3390 1635 etiam
3422 1582 3538 1653 ipsa
3564 1583 3693 1636 Ant

2101 1678 2318 1733 tiochire
2373 1676 2525 1732 urbis
2585 1674 2846 1730 suburbia
2900 1672 3160 1729 invadere
3198 1687 3263 1728 ac
3299 1673 3539 1742 diripere
3567 1690 3676 1729 non

2101 1766 2396 1822 dubitaret.
2429 1766 2483 1821 Si
2508 1765 2728 1836 quando
2750 1780 2894 1835 equo
2924 1762 3051 1820 vehi
3078 1779 3306 1820 necesse
3335 1774 3473 1829 erat,
3509 1780 3683 1835 equas

2101 1859 2171 1912 ob
2194 1847 2458 1928 majorem
2490 1857 2831 1912 celeritatem
2872 1852 3296 1913 conscendebat.
3334 1856 3491 1912 llunc
3528 1867 3680 1927 post-

2101 1965 2263 2020 quam
2298 1950 2593 2004 multorutn
2661 1949 2805 2003 fama
2850 1949 3109 2021 vulgavit,
3157 1950 3308 2005 nullo
3349 1952 3679 2021 prohibente

2101 2033 2227 2097 vitae
2247 2041 2585 2112 praedatoriae
2613 2057 2837 2112 operam
2865 2042 3117 2109 dantem,
3146 2041 3299 2098 multi
3332 2044 3409 2098 illi
3449 2045 3680 2101 insidias

424 2130 599 2201 μένοι,
657 2129 797 2184 ὥστε
843 2130 935 2185 τὸν
972 2128 1246 2200 ’Δντίοχον
1305 2127 1589 2184 συλλαϐεῖν
1635 2132 1763 2202 περὶ
1796 2129 1999 2196 παντὸς

2114 2142 2447 2199 struxerunt,
2484 2142 2600 2187 tum
2633 2133 2976 2204 potissimum
3010 2134 3209 2204 quibus
3232 2133 3527 2207 flagitiosus
3576 2152 3680 2208 pu-

419 2220 725 2275 ἐποιοῦντο.
769 2222 858 2275 Ἐν
893 2221 1194 2293 πανδοκείῳ
1231 2218 1365 2290 γοῦν
1411 2236 1542 2275 ποτε
1598 2220 1935 2289 καταλύσας,
1972 2225 2000 2276 ὁ

424 2312 525 2384 μὲν
580 2314 711 2384 περὶ
760 2315 957 2378 πότους
1005 2309 1118 2384 εἶχε
1162 2315 1259 2368 καὶ
1311 2312 1507 2383 μέθας,
1541 2313 1892 2386 στρατιωτῶν
1944 2304 2001 2369 δὲ

424 2406 616 2479 στῖφος
646 2405 988 2475 πεντήκοντα
1015 2404 1153 2477 πρὸς
1201 2410 1315 2471 τοῖς
1372 2405 1566 2460 ἑκατὸν
1606 2400 1830 2478 ἀνδράσι
1862 2407 2001 2477 πλη-

426 2498 718 2571 ρούμενον,
746 2497 938 2567 καιρὸν
966 2497 1030 2569 δὴ
1072 2498 1261 2552 τοῦτον
1305 2498 1617 2570 ἐπιτήδειον
1656 2501 1755 2571 τῆς
1791 2499 2001 2556 ἐκείνου

429 2590 748 2659 συλλήψεως
807 2589 1126 2659 οἰηθέντες,
1177 2588 1561 2660 περιίστανται
1619 2584 1883 2647 πάντοθεν
1942 2591 2005 2644 τὸ

426 2683 747 2753 πανδοχεῖον
766 2698 780 2713 ο
811 2685 840 2735 ὁ
862 2682 918 2737 δὲ
951 2683 1028 2746 ὠς
1063 2681 1260 2754 ᾔσθετο
1290 2684 1390 2752 τῆς
1417 2682 1738 2754 ἐπιϐουλῆς,
1773 2681 1896 2736 οὔτε
1929 2683 2006 2753 τῷ

426 2775 528 2842 τῆς
558 2768 795 2846 γαστρὸς
823 2776 1031 2846 φόρτῳ,
1059 2773 1184 2828 οὔτε
1232 2776 1311 2846 τῷ
1364 2775 1458 2831 τοῦ
1493 2775 1639 2831 οἴνου
1688 2778 1843 2849 κάρῳ
1900 2778 1999 2848 τὴν

370 2888 384 2898 -
429 2866 730 2939 λῃστρικὴν
761 2865 966 2936 τόλμην
996 2869 1183 2937 φανεὶς
1217 2867 1577 2940 ἀτονώτερος,
1617 2869 1795 2922 πνέων
1821 2886 1879 2922 τε
1914 2869 2001 2921 θυ-

436 2956 537 3026 μοῦ
577 2957 887 3023 ἀνίσταται,
915 2956 1011 3012 καὶ
1047 2958 1156 3012 τῶν
1208 2960 1441 3030 ἱματίων
1479 2960 1582 3014 ὅσα
1627 2961 1815 3030 φέρειν
1843 2959 2004 3031 ἄχθος

431 3048 581 3119 αὐτῷ
605 3044 675 3119 ἧν
710 3049 921 3110 ἐπιθεὶς
960 3044 1027 3121 τῇ
1049 3050 1219 3121 ἵππῳ,
1243 3053 1361 3116 ταῖς
1391 3050 1672 3122 παλάμαις
1698 3052 2009 3123 ἀναιρεῖται

432 3139 494 3193 τὸ
520 3140 694 3210 ξίφος,
726 3142 823 3194 καὶ
852 3140 1014 3196 τοῦτο
1050 3144 1294 3213 συνεχῶς
1324 3143 1742 3214 ἀνατεινόμενος
1785 3142 2008 3214 θυμοει-

432 3227 537 3294 δῶς
563 3233 704 3302 ἄγαν
729 3233 825 3287 καὶ
853 3234 1096 3303 μανικῶς
1121 3235 1313 3306 μηδενὶ
1334 3232 1664 3306 πλησιάζειν
1687 3234 1838 3306 αύτῷ
1866 3254 2009 3309 παρ-

433 3325 638 3395 ηγγύα,
677 3325 773 3379 καὶ
804 3325 1034 3395 φοϐερὸς
1077 3326 1247 3399 ἐξῄει.
1287 3327 1496 3391 Ἀλλως
1522 3346 1584 3382 τε
1644 3327 1740 3382 καὶ
1782 3320 2011 3400 ἡίππος

435 3417 584 3487 αύτῷ
606 3416 964 3471 συνεϐάλλετο
988 3419 1124 3489 πρὸς
1148 3418 1483 3490 κατάπληξιν
1509 3412 1675 3491 μέρος
1690 3420 1751 3472 ού
1779 3422 1974 3491 μικρόν
1996 3437 2008 3451 ⁸

435 3514 501 3569 ὲκ
531 3515 734 3570 πολλοῦ
773 3517 882 3587 γὰρ
910 3514 1048 3587 αὐτῇ
1102 3506 1505 3587 δεδιδαγμένον,
1542 3506 1642 3581 λάξ
1682 3534 1742 3570 τε
1779 3507 1889 3579 τοῖς
1916 3518 2013 3586 sy.-

436 3608 721 3679 προσθίοις
748 3610 906 3662 ποσὶν
935 3607 1193 3663 ἐπέϐαινε
1221 3610 1331 3663 τῶν
1352 3610 1494 3663 κατὰ
1523 3608 1816 3680 πρόσωπον
1832 3610 2012 3664 ὑπαν-

439 3700 677 3767 τῶντων,
706 3700 819 3755 τῶν
850 3701 1068 3773 σαρκῶν
1093 3718 1153 3755 τε
1168 3702 1375 3772 ἥπτετο
1395 3704 1507 3766 τοῖς
1528 3701 1730 3769 ὀδοῦσι,
1756 3701 1853 3757 καὶ
1877 3702 2015 3768 ὅλως

442 3787 585 3863 δεινή
610 3811 694 3857 τις
725 3788 793 3865 ἦν
828 3790 1177 3865 καταπλῆξαι
1226 3794 1320 3847 τὸν
1369 3795 1773 3866 προσπεσόντα,
1810 3794 1906 3849 καὶ
1934 3796 2016 3859 είς

450 3874 559 3945 δέος
608 3887 815 3954 ἄφατον
863 3887 1144 3956 ἐμϐαλεῖν.
1176 3878 1400 3951 Τούτοις
1454 3876 1746 3958 τοιγαροῢν
1798 3887 1859 3940 τὸ
1905 3886 2016 3940 τῶν

458 3980 790 4046 στρατιωτῶν
827 3979 1031 4048 πλῆθος
1078 3979 1432 4050 διαταράξας,
1462 3979 1638 4042 ἄλλως
1680 3996 1741 4034 τε
1783 3980 1881 4033 καὶ
1916 3977 2016 4046 τὴν

450 4069 647 4123 οἰκείαν
684 4069 876 4141 φήμην
911 4058 1375 4140 προοδοποιούσαν
1407 4068 1568 4141 ἔχων,
1597 4070 1692 4123 καὶ
1732 4067 1802 4122 τὰ
1845 4060 2018 4123 πολλα

446 4153 1032 4233 συγκατεργαξομένην
1057 4160 1227 4233 αὐτῷ,
1260 4162 1354 4215 καὶ
1387 4160 1492 4233 πρὸ
1518 4163 1615 4233 τῆς
1645 4160 1857 4213 ἐκείνου
1891 4158 2019 4222 θέας

443 4255 608 4323 φοϐον
634 4257 751 4319 τοῖς
799 4254 1015 4318 πολλοῖς
1041 4244 1401 4327 ἐμποιοῦσαν,
1440 4244 1532 4307 τδν
1577 4252 1804 4324 ἔσχατον
1842 4251 2021 4306 κίνδυ-

441 4362 532 4400 νον
557 4347 844 4415 διαφεύγει
875 4364 889 4379 ’
924 4349 1018 4402 καὶ
1059 4351 1158 4419 τῆς
1190 4347 1357 4402 ἵππου
1383 4346 1579 4410 ἐπιϐὰς
1618 4340 1709 4400 οἷα
1737 4362 1820 4408 τις
1862 4344 2021 4407 ἄλλος

442 4428 651 4510 λῃστὴς
686 4442 777 4493 ἐπὶ
808 4439 899 4492 τὸν
927 4441 984 4492 ἐν
1022 4439 1101 4509 τῷ
1158 4438 1336 4510 στύλῳ
1385 4436 1806 4510 προσηλωμένον
1856 4452 2023 4489 κατα-

450 4530 650 4597 φεύγει
672 4544 686 4557 ·
718 4530 846 4602 ᾔδει
875 4530 985 4600 γὰρ
1015 4520 1180 4583 αὑτὸν
1220 4531 1474 4603 μαθητὴν
1494 4531 1624 4582 ὄντα
1649 4527 1744 4582 τοῦ
1777 4544 2024 4599 σταυρω·

445 4615 634 4681 θέντος
666 4619 808 4691 ὑπὲρ
840 4621 944 4690 τῆς
975 4621 1072 4674 τοῦ
1124 4612 1326 4684 παντὸς
1374 4619 1671 4691 σωτηρίας.
1704 4614 1811 4672 Καὶ
1854 4617 2027 4671 ταῦτα

446 4710 651 4783 λῃστὴς
699 4712 797 4777 ὧν,
856 4717 973 4779 καὶ,
1016 4703 1202 4767 Σῶσον
1235 4713 1415 4784 ψυχὴν
1461 4712 1863 4784 ἀπολλυμένην,
1901 4710 2027 4778 ἆγιε

2103 2225 2291 2281 niendi
2333 2240 2466 2280 cura
2499 2225 2791 2281 commissa
2820 2234 2924 2289 est,
2965 2226 3296 2282 Antiochum
3315 2229 3679 2298 comprehen-

2103 2317 2235 2373 dere
2270 2317 2399 2373 totis
2450 2317 2662 2373 viribus
2694 2317 2874 2372 adnisi
2910 2326 3058 2372 sunt.
3108 2317 3248 2374 Cum
3302 2304 3594 2390 aliquando
3625 2320 3678 2374 in

2105 2409 2343 2481 hospitio
2369 2418 2698 2474 moraretur,
2732 2409 2913 2481 ibique
2950 2418 3186 2481 potaret,
3223 2410 3459 2465 militum
3483 2411 3682 2466 cohors

2105 2500 2498 2572 quinquaginta
2532 2516 2695 2571 supra
2735 2511 2977 2566 centum,
3005 2502 3110 2557 hoc
3162 2502 3419 2557 idoneum
3451 2502 3520 2558 ad
3556 2518 3682 2559 eum

2106 2593 2432 2666 capiendum
2462 2603 2678 2665 tempus
2712 2601 2850 2659 rata,
2901 2595 3122 2649 domum
3173 2596 3418 2666 undique
3446 2596 3685 2652 cireum-

2106 2687 2257 2742 dant.
2312 2685 2413 2743 Hic
2463 2702 2594 2742 vero
2644 2696 2705 2741 ut
2755 2687 2926 2741 sensit
2979 2687 3223 2754 insidias,
3273 2703 3450 2758 neque
3479 2689 3688 2744 ventris

2107 2794 2294 2844 onere,
2317 2793 2498 2850 neque
2523 2774 2639 2834 vini
2668 2787 2895 2833 veterno
2922 2778 3220 2848 qui'dquam
3267 2778 3337 2834 de
3363 2779 3686 2848 praedatoria

2109 2870 2336 2926 audacia
2376 2870 2685 2933 remittens.
2716 2869 2997 2925 iracundia
3027 2878 3269 2926 aestuans
3299 2871 3563 2942 exsurgit,
3597 2871 3685 2925 in-

2108 2965 2494 3021 dumentorum
2564 2963 2781 3019 sarcina
2836 2973 3040 3034 quanta
3100 2963 3278 3033 potuit
3336 2962 3688 3029 festinatione

2110 3070 2263 3128 equae
2294 3055 2566 3126 imposita,
2598 3071 2763 3110 manu
2787 3054 3024 3128 gladium
3047 3055 3249 3123 educit,
3269 3070 3444 3127 eoque
3466 3056 3688 3111 assidue

2111 3147 2168 3202 in
2199 3162 2326 3203 aere
2358 3149 2532 3202 instar
2576 3147 2766 3202 furiosi
2819 3155 2875 3202 et
2905 3147 3174 3203 dementis
3202 3148 3441 3226 vibrato,
3479 3148 3687 3203 nemini

2112 3240 2217 3296 sibi
2238 3240 2715 3311 appropinquandi
2739 3239 2869 3296 fecit
2921 3240 3229 3309 licentiam;
3267 3249 3522 3312 totusque
3552 3241 3691 3297 adeo

2115 3332 2473 3389 formidabilis
2494 3333 2732 3403 hospitio
2760 3333 3056 3405 egreditur.
3082 3332 3149 3387 Et
3175 3348 3317 3402 equa
3346 3348 3456 3389 non
3496 3349 3689 3404 parum

2114 3425 2182 3481 ad
2203 3436 2472 3481 terrorem
2512 3425 2894 3481 incutiendum
2934 3424 3035 3496 ipsi
3068 3425 3306 3496 profuit;
3334 3425 3426 3481 illa
3454 3427 3602 3482 enim
3636 3434 3692 3480 et

2114 3518 2357 3574 calcibus
2404 3518 2770 3574 anterioribus
2815 3518 3092 3573 insiliebat
3135 3518 3191 3573 in
3235 3528 3609 3582 occurrentes,
3637 3528 3693 3573 et

2116 3608 2374 3665 dentibus
2406 3609 2712 3676 mordebat,
2736 3608 3007 3679 planeque
3041 3607 3320 3683 sumciens
3378 3617 3495 3663 erat
3540 3624 3694 3664 acceé

2118 3702 2312 3758 dentes
2338 3701 2656 3772 percellere,
2686 3709 2742 3755 et
2778 3715 3038 3772 magnum
3067 3699 3133 3755 iis
3157 3708 3419 3754 terrorem
3443 3699 3689 3769 iniicere.

2119 3793 2218 3850 llis
2255 3793 2513 3849 omnibus
2537 3806 2661 3847 cum
2691 3790 2925 3846 militum
2959 3788 3367 3844 multitudinem
3401 3788 3689 3850 turbasset,

2121 3887 2330 3941 habens
2358 3891 2620 3953 praeterea
2639 3882 2836 3937 famam
2859 3896 3044 3936 rerum
3064 3889 3336 3952 gestarum
3358 3879 3523 3958 veluti
3549 3878 3696 3933 viam

2121 3975 2227 4032 sibi
2259 3976 2616 4047 aperientem,
2660 3971 3005 4042 multumque
3032 3977 3437 4040 cooperantem,
3470 3984 3534 4025 ac
3567 3968 3696 4039 plu-

2122 4071 2293 4139 ribus,
2324 4069 2416 4141 qui
2436 4084 2561 4124 eum
2595 4067 2829 4123 necdum
2852 4067 3119 4129 viderant,
3152 4074 3416 4120 terrorem
3439 4062 3694 4133 injicien-

2125 4175 2258 4236 tem,
2312 4171 2618 4235 extremum
2660 4160 2963 4233 periculum
3004 4160 3252 4216 devitat:
3309 4166 3366 4212 et
3395 4170 3699 4213 conscenso

2122 4259 2665 4330 jumento,tauquam
2692 4253 2830 4309 alter
2858 4253 2997 4308 latro
3025 4251 3121 4319 ad,
3146 4249 3471 4322 Symeoncm
3495 4248 3703 4302 colum-

2126 4366 2211 4404 [ιω
2249 4349 2467 4404 aﬂixum
2493 4345 2780 4417 confugit:
2811 4352 3043 4400 noverat
3065 4342 3213 4398 enim
3266 4356 3392 4396 eum
3436 4339 3582 4395 illius
3607 4338 3701 4408 qui

2127 4458 2228 4516 pro
2257 4440 2483 4496 humani
2509 4438 2729 4511 generis
2757 4436 2932 4492 salute
2957 4433 3108 4490 cruci
3139 4431 3330 4487 allixus
3358 4430 3557 4491 fuerat,
3579 4443 3704 4483 esse
3791 4505 3796 4511 _

2128 4533 2477 4605 discipulum.
2506 4532 2585 4585 Ac
2616 4539 2730 4585 tum
2753 4528 2974 4599 quidem
3018 4526 3176 4592 latro,
3209 4532 3354 4580 totus
3381 4522 3568 4579 dolore
3597 4518 3706 4575 fra-

2129 4634 2272 4689 ctus,
2314 4619 2689 4677 miserandum
2741 4619 2796 4672 in
2854 4615 3079 4671 modum
3136 4613 3352 4668 eminus
3380 4610 3650 4667 clamabat
3688 4628 3702 4665 :

2130 4715 2292 4774 Salva
2320 4714 2561 4768 animam
2608 4716 2954 4780 pereuntem,
3011 4712 3200 4759 sancte
3250 4703 3376 4768 Dei;
3406 4716 3583 4769 serva,
3616 4702 3707 4755 in-

446 4802 540 4855 τοῦ
566 4804 726 4869 Θεοῦ,
757 4804 951 4870 σῶσον,
993 4802 1332 4876 κοπτόμενος
1373 4805 1467 4858 καὶ
1505 4791 1686 4873 ἀλγῶν
1744 4801 2012 4873 πόρῤωθετ

2131 4821 2318 4879 quam,
2356 4804 2501 4859 hanc
2528 4799 2784 4855 animam.
2846 4796 3029 4851 Eheu!
3057 4793 3202 4864 quod
3233 4793 3367 4847 mihi
3407 4792 3512 4847 erit
3555 4790 3708 4846 refu-

451 4896 712 4961 ἐλεεινῶς
768 4897 937 4951 ἐϐόα·
977 4897 1033 4951 ot
1082 4915 1195 4970 μοι,
1230 4897 1313 4960 τίς
1357 4887 1512 4951 ἔσται
1563 4914 1655 4967 μοι
1697 4896 2027 4965 καταφυγῆς

446 4991 572 5042 τίνα
609 4988 832 5063 σωτῆρα
877 4992 987 5047 τῶν
1036 4990 1223 5044 κακῶν
1269 4988 1587 5061 ἐξευρήσως
1623 4988 1829 5058 οἴχεται
1879 4988 2032 5040 πᾶσα

453 5089 749 5154 σωτηρίας
777 5084 953 5147 ἐλπὶς,
989 5083 1111 5135 ούδὲ
1151 5081 1251 5151 τὴν
1290 5081 1590 5152 θεραπείαν
1616 5078 1800 5149 ζητεῖν
1829 5075 1909 5129 ἔτι
1942 5092 2032 5146 μοι

449 5172 697 5227 λείπεται
718 5192 735 5207 ·
765 5175 976 5247 μυρίων
1000 5174 1248 5227 θανάτων
1266 5166 1376 5241 ἐγὼ
1397 5173 1482 5226 διὰ
1508 5168 1569 5225 τὸ
1601 5170 1838 5234 συνειδὸς
1862 5166 2032 5234 ἄξιος,

452 5267 547 5337 καὶ
577 5269 638 5320 ού
676 5267 903 5331 τούτους
932 5265 1046 5336 ἐγὼ
1078 5266 1380 5328 δέδοικα,εί
1414 5266 1508 5317 καὶ
1537 5258 1797 5327 πολλάκις
1824 5261 2033 5316 ἀποθα-

452 5362 566 5414 νεῖν
593 5361 744 5430 ἐξῆν.
770 5361 836 5415 Τί
873 5361 985 5432 γὰρ
1014 5363 1043 5415 ὁ
1073 5359 1162 5414 διὰ
1188 5360 1375 5428 ξίφους
1419 5357 1546 5427 ἐμοὶ
1588 5356 1819 5419 θάνατος
1865 5354 2030 5424 φοϐε-⁸

453 5452 551 5523 ρόν
581 5468 597 5516 ;
624 5451 676 5503 τί
705 5452 761 5506 δὲ
793 5453 1053 5507 τοσοῦτον
1084 5453 1165 5516 είς
1208 5450 1478 5522 τιμωρίαν
1526 5447 1622 5509 τοῦ
1654 5447 1920 5519 παρόντος
1944 5446 2040 5514 μά-

452 5558 544 5598 νον
569 5544 901 5614 στερηθῆναι
936 5544 1114 5612 φωτὸς
1168 5542 1246 5612 τῷ
1287 5540 1478 5594 τούτου
1524 5538 1753 5602 πολλοὺς
1789 5535 2034 5591 ἀπαλλά-

457 5634 633 5703 ξαντι,
655 5640 751 5691 καὶ
777 5637 1072 5708 ὁμοφύλοις
1089 5635 1211 5690 καθ’
1242 5635 1480 5705 ἑκάστην
1498 5632 1696 5703 αἵμασι
1724 5630 2032 5701 λουομένῳ;

2130 4895 2315 4971 gium?
2348 4907 2639 4965 quemnam
2671 4889 2850 4945 omnis
2864 4886 2994 4942 mali
3023 4885 3370 4955 depulsorem
3395 4881 3711 4937 inveniam?

2129 4991 2310 5046 omnis
2354 4986 2489 5042 abiit
2511 4982 2702 5039 salutis
2745 4994 2914 5052 spes:
2950 4993 3131 5049 neque
3189 4976 3327 5033 mihi
3366 4976 3708 5033 curationem

2130 5081 2271 5135 ultra
2309 5063 2592 5146 quaerendi
2632 5081 2846 5139 tempus
2876 5067 3149 5137 reliquum
3188 5074 3314 5122 est:
3370 5064 3520 5120 mille
3557 5076 3710 5117 mor-

2131 5157 2277 5223 tibus
2301 5164 2372 5220 ob
2394 5160 2805 5218 malefactorum
2865 5157 3257 5213 «inscientiam
3312 5156 3511 5227 dignus
3540 5167 3663 5209 sum
3691 5169 3708 5207 :

2132 5268 2312 5331 neque
2359 5269 2454 5311 eas
2505 5250 2824 5315 reformido,
2885 5249 3013 5306 licet
3066 5249 3266 5320 saepius
3320 5246 3459 5303 mori
3500 5247 3710 5300 liceret.

2133 5350 2275 5418 Quid
2301 5348 2447 5405 enim
2470 5361 2591 5417 quae
2608 5344 2753 5400 ferro
2774 5342 3134 5398 consciscitur
3162 5354 3312 5396 mors
3366 5335 3711 5392 formidabile

2133 5439 2339 5497 habet?
2362 5435 2693 5504 Quantulum
2716 5426 2823 5490 hoc
2868 5432 3114 5504 supplicii
3138 5439 3243 5497 est,
3267 5428 3437 5487 semel
3457 5424 3712 5499 presenti

2133 5532 2310 5589 solum
2344 5531 2467 5585 luce
2518 5525 2744 5599 privari,
2791 5526 2841 5581 ei
2894 5525 2987 5596 qui
3026 5524 3216 5580 multis
3270 5521 3439 5578 vitam
3485 5519 3711 5585 ademit,

2134 5639 2307 5696 seque
2335 5621 2580 5694 quotidie
2608 5618 2997 5675 contribulium
3029 5615 3294 5688 sanguine
3348 5610 3581 5685 polluit?
3607 5608 3717 5666 Ve-

530 5814 643 5885 (SG)
682 5814 989 5881 Ἃγόνατος,
1032 5817 1143 5871 sine
1173 5811 1404 5885 genibus.
1448 5812 1502 5867 ld
1536 5806 1670 5865 forte
1691 5808 1739 5863 ei
1772 5825 1836 5863 ex
1867 5800 2046 5875 aliquo
2081 5806 2280 5860 eventu
2314 5816 2613 5873 cognomen
2651 5794 2900 5867 adhaesit,
2936 5796 3108 5867 inquit
3149 5794 3502 5866 Rosweydus.
