4152 6420
432 350 539 414 339

1530 346 1709 408 VITA
1748 346 1811 409 S.
1847 344 2233 409 SYMEONIS
2273 344 2629 409 STYLITZE.

3585 352 3693 415 390

436 456 779 535 μετακομιδὴ
802 457 912 512 ἀπο
935 448 1038 528 τῆς
1070 456 1310 530 μάνδρας
1352 456 1489 532 πρὸς
1543 460 1641 532 τὴν
1676 460 2002 531 Ἀντιόχειαν

2114 461 2252 516 sacri
2288 462 2533 532 corporis
2556 462 2719 515 [unus
2747 476 2812 515 ex
2841 460 3065 516 uiandra
3086 461 3141 515 in
3175 462 3364 516 urbem
3393 461 3690 520 Antioche-

428 559 616 630 ἤγετο,
644 553 722 627 τῷ
756 552 855 623 μὲν
876 551 984 604 τῶν
999 550 1303 622 λαμπάδων
1330 552 1470 621 φωτὶ
1502 552 1728 621 στυγνὸν
1750 552 2006 606 δεικνῦσα

429 653 520 704 τὶν
550 648 726 719 ἥλιον,
759 644 839 715 τῷ
895 642 953 697 δὲ
994 643 1102 696 τῶν
1143 646 1580 714 προπεμπόντων
1637 643 1854 714 πλήθει,
1898 645 2008 697 τιέν

427 760 484 796 τε
521 735 1150 813 προῦπαντὼντων,καὶ
1197 734 1303 788 τῶν
1342 736 1608 788 πάντοθεν
1672 735 1733 801 ἐξ
1787 735 2009 806 ἀπάσης

426 833 642 909 ἡλικίας
682 828 1111 902 περιρρεόντων,
1154 826 1285 879 αύτό
1329 844 1388 880 τε
1414 828 1474 880 τὸ
1500 827 1626 898 δρος
1652 829 1747 896 καὶ
1772 829 1872 894 τὰς
1909 845 2009 882 πεο

423 926 610 988 διάδας
662 919 1100 991 στενοχωροῦσα.
1147 920 1334 989 Παρῆν
1383 919 1437 973 δὲ
1489 921 1582 974 καὶ
1631 924 1660 975 ὁ
1698 921 1806 977 τῶν
1855 920 2008 996 ἑῴων

424 1015 724 1085 ταγμάτων
757 1010 1067 1083 στρατηγὸς
1106 1009 1515 1080 Ἀρδαϐούριος,
1545 1011 1671 1074 τοὺς
1689 1013 1816 1076 περὶ
1845 1014 2009 1067 αὐτὸν

424 1104 760 1177 δορυφόρους
796 1102 1043 1172 φύλακας
1071 1098 1146 1170 τῷ
1176 1099 1421 1171 λειψάνῳ
1446 1102 1884 1172 ἐγκαταστήσας,
1914 1104 2009 1156 καὶ

424 1198 522 1267 τὴν
552 1196 783 1250 ἐκείνων
814 1191 1065 1263 φυλακὴν
1091 1190 1350 1263 μέγιστον
1375 1190 1602 1260 κώλυμα
1629 1194 1750 1257 ταῖς
1769 1193 1877 1246 τῶν
1910 1195 2008 1247 πό-

425 1288 558 1342 λεων
595 1288 809 1357 ἐφόδοις
838 1283 1176 1355 ἐπιτειχίσας
1207 1299 1222 1316 ο
1258 1283 1627 1353 ἐφιλονείκουν
1666 1283 1773 1354 γὰρ
1798 1285 2003 1354 ἑκάστη

427 1385 513 1438 τὸν
540 1384 736 1437 ἄσυλον
751 1381 942 1436 τοῦτον
960 1379 1232 1453 θησαυρὸν
1254 1379 1662 1452 προαρπάσασα
1685 1382 1816 1454 παρ’
1834 1384 2002 1454 ἑαυτῇ

431 1475 771 1529 καταθεῖναι.

505 1566 602 1631 νζ’.
636 1566 723 1618 Ἑν
755 1565 995 1635 ὀχήματι
1021 1564 1203 1618 τοίνυν
1230 1563 1325 1619 τοῦ
1371 1562 1519 1634 ἱεροῦ
1568 1562 1817 1634 σώματος
1844 1581 2003 1635 φερο-

444 1658 629 1727 μένου,
666 1656 738 1720 ὡς
758 1656 859 1726 ήδη
901 1655 1045 1709 κατὰ
1068 1654 1167 1727 τὴν
1194 1654 1377 1728 Μερδν
1412 1655 1475 1708 τὸ
1519 1655 1721 1726 χωρίον
1765 1656 2004 1725 ἐγένετο,

2110 569 2235 608 nam
2254 553 2596 622 deportatum
2612 550 2770 606 est.M
2781 560 2973 608 aestum
2994 552 3395 622 quodammodo
3411 561 3466 609 et
3484 555 3691 610 tristem

2111 643 2280 698 solem
2328 643 2598 698 eﬂiciebat
2641 641 2908 697 luminum
2951 644 3143 715 ingens
3199 645 3380 716 capia.
3420 649 3694 701 comitan-

2113 735 2245 790 tium
2268 750 2422 804 :eque
2446 742 2608 804 atque
2632 734 2970 789 ubviantium
2995 754 3010 801 ;
3045 744 3100 791 et
3137 737 3496 809 undequaque
3514 741 3694 796 omnis

2108 825 2286 881 aetatis
2307 841 2374 879 eo
2404 825 2798 881 conﬂuentium
2832 827 3123 882 multitudo
3152 838 3394 884 montem
3432 831 3608 901 ipsum
3637 840 3695 886 et

2109 932 2331 987 campos
2374 927 2636 989 angustos
2665 917 2947 973 reddebat.
2979 918 3180 974 Aderat
3208 919 3555 974 orientalium
3595 936 3693 976 co-

2109 1009 2321 1080 piarum
2351 1008 2460 1063 dux
2494 1009 2869 1073 Ardaburius,
2921 1009 3013 1079 qui
3064 1025 3194 1065 suos
3240 1011 3480 1066 hastatos
3522 1012 3694 1069 sacris

2110 1100 2357 1171 reliquiis
2402 1100 2671 1155 adhibens
2719 1099 2995 1163 custodes,
3028 1110 3084 1155 et
3123 1101 3339 1157 illorum
3389 1104 3692 1158 custodiam

2109 1204 2368 1263 tanquam
2415 1208 2631 1248 murum
2659 1208 2971 1263 opponens,
3019 1191 3284 1251 adversus
3314 1194 3526 1249 urbium
3561 1195 3695 1249 vici-

2109 1301 2304 1341 narum
2333 1286 2617 1340 incursum
2657 1284 2938 1340 muniebat
2964 1303 2978 1338 :
3007 1286 3235 1357 singulae
3262 1286 3410 1340 enim
3442 1285 3692 1341 civitates

2110 1380 2213 1435 sibi
2252 1395 2471 1435 sacrum
2500 1379 2648 1434 hunc
2677 1379 2991 1434 thesaurum
3022 1378 3318 1450 praeripere
3345 1389 3509 1451 atque
3544 1377 3691 1452 apud

2110 1488 2169 1529 se
2198 1473 2467 1528 collocare
2496 1471 2808 1527 studebant.
3244 1531 3249 1535 ,

2183 1562 2275 1616 57.
2316 1561 2453 1617 Cum
2490 1561 2698 1617 interea
2731 1561 2872 1617 sacri
2898 1559 3142 1631 corporis
3162 1563 3374 1617 sarcina
3407 1563 3576 1619 rheda
3601 1564 3693 1620 de-

2110 1653 2217 1708 lata
2247 1654 2315 1707 ad
2350 1668 2477 1708 eum
2512 1654 2692 1708 locum
2722 1650 2835 1724 (54)
2869 1652 2956 1707 cui
2985 1651 3162 1707 Meros
3193 1667 3418 1717 nomen,
3453 1655 3545 1724 qui
3571 1656 3688 1709 An-

436 1748 570 1820 δπερ
602 1750 660 1802 ἐν
687 1749 834 1819 δεξιᾷ
872 1748 1095 1801 εἰσιόντι
1121 1748 1219 1819 τὴν
1258 1746 1591 1817 Ἀντιόχειαν
1640 1749 1839 1811 κεῖται,
1874 1746 2002 1817 ἔστη

2113 1742 2373 1798 tioebiam
2417 1742 2771 1798 venientibus
2812 1742 2881 1798 ad
2919 1743 3171 1799 dextrum
3212 1744 3355 1798 latus
3397 1745 3536 1799 situs
3577 1756 3687 1809 est,

431 1816 749 1911 pévvéepdov
777 1816 838 1891 τδ
869 1838 1075 1908 ὄχημα,
1113 1816 1211 1892 καὶ
1250 1837 1352 1909 τῆς
1410 1816 1504 1891 ἐπὶ
1549 1836 1650 1907 τὴν
1702 1837 1857 1891 πόλιν
1894 1816 2002 1907 είρί

2111 1835 2475 1906 pervenisset,
2504 1850 2701 1889 currus
2746 1835 2930 1890 subito
2978 1835 3277 1891 immobilis
3307 1837 3478 1902 stetit,
3523 1846 3688 1907 atque

423 1947 551 2000 γετο
577 1929 827 2001 πορείας.
866 1928 1174 1999 Ἐκπληξις
1220 1927 1278 1982 δέ
1337 1927 1550 1991 πάντας
1584 1928 1678 1981 καὶ
1720 1926 1841 1991 δέος
1892 1921 2007 1996 εἶχε

422 2025 488 2093 τῇ
515 2020 808 2093 παραδόξῳ
832 2019 925 2084 τοῦ
947 2020 1229 2091 ὀχήματος
1260 2019 1545 2091 ἐπισχέσει
1575 2034 1591 2051 ⁶
1625 2017 1721 2073 καί
1748 2036 1836 2082 τις
1856 2017 2001 2088 ἀνὴρ

422 2114 553 2178 τῶν,
574 2111 611 2167 ἃ
632 2110 804 2165 πολλὰ
855 2111 977 2165 κατ’
1016 2114 1192 2166 ἐκεῖνο
1221 2107 1287 2182 ἦν
1308 2110 1370 2164 τὸ
1398 2109 1596 2182 χωρίον
1613 2150 1629 2175 ,
1701 2109 2004 2180 μνημάτων

421 2203 771 2274 ἐξορμηθεὶς,
804 2202 991 2275 δρόμῳ
1016 2201 1169 2273 παρὰ
1205 2208 1305 2272 τὴν
1344 2202 1501 2273 ἱεράν
1552 2199 1752 2271 ἐχώρει
1802 2198 1960 2271 σορόν
1984 2213 1999 2228 ·

420 2298 558 2352 ἄλλα
588 2314 648 2350 τε
678 2295 961 2368 περιπαθῆ
1002 2294 1142 2367 βοῶν
1191 2295 1286 2349 καὶ⁷
1347 2293 1746 2365 ὀλοφυρόμενος
1773 2291 1870 2346 τοῦ
1900 2290 2005 2361 μύ-

422 2404 551 2451 σους
604 2386 858 2449 ἐλεεινῶς
905 2385 1124 2450 ἐαυτὸν,
1158 2384 1425 2456 ἀνεθῆναι
1481 2400 1541 2437 τε
1592 2383 1691 2455 τῆς
1745 2382 2006 2453 μάστιγος

419 2482 591 2534 ἐδεῖτο
635 2481 732 2535 καὶ
777 2480 887 2534 τιῖν
943 2481 1160 2551 δεσμῶν
1197 2496 1210 2511 ·
1238 2473 1309 2553 ἦν
1350 2479 1407 2533 δὲ
1454 2480 1489 2552 ἠ
1529 2476 1726 2549 μάστιξ
1774 2477 2006 2547 πονηρὸς

422 2573 593 2627 πάλαι
636 2572 848 2642 δαίμων
881 2572 1223 2644 ἐπιπηδήσας
1244 2571 1416 2643 αὐτῷ,
1440 2574 1520 2636 εἰς
1551 2570 1745 2643 νεκρόν
1769 2587 1822 2623 τι
1844 2569 2005 2640 σῶμα

421 2662 679 2729 γυναικὶς
700 2662 1044 2733 ἐνυῦρίσαντι
1080 2659 1426 2735 στρεϐλώσας
1457 2677 1517 2715 τε
1561 2660 1726 2715 αὐτοῦ
1761 2661 1861 2720 τὰς
1891 2660 2005 2730 χεῖ-

422 2771 521 2825 ρας
544 2754 709 2817 εὐθὺς
731 2754 946 2817 ἀλύτοις
976 2753 1219 2825 δεσμοῖς,
1263 2754 1360 2808 καὶ
1393 2755 1518 2818 τοὺς
1550 2752 1862 2824 ὀφθαλμοὺς
1893 2752 2007 2805 δια-

422 2841 685 2914 στρέψας,
731 2843 826 2894 καὶ
851 2842 1052 2913 τρόμον
1089 2843 1239 2913 αὐτῷ
1287 2845 1618 2916 ἐμποιήσας,
1653 2846 1749 2897 καὶ
1796 2841 2006 2913 δεσμώ-

420 2952 520 3005 την
554 2936 705 3005 παρᾶ
733 2936 810 3008 τῷ
845 2936 944 3005 τῆς
977 2935 1315 3008 ὑϐρισμένης
1343 2938 1499 3008 τάφῳ
1524 2936 1687 3008 μέχρι
1717 2937 1811 2990 καὶ
1840 2953 2001 3009 τηνι-

417 3028 598 3081 καῦτα
629 3029 894 3101 κατέχων,
910 3030 1004 3083 καὶ
1036 3030 1274 3099 συνεχῶς
1307 3030 1472 3085 αὐτὸν
1495 3029 1876 3099 καταϐάλλων,
1902 3031 2005 3103 τῆς

2109 1927 2177 1983 ab
2212 1942 2279 1983 eo
2309 1927 2455 1998 quod
2491 1927 2548 1982 in
2586 1928 2777 1983 urbem
2813 1926 3022 1983 ferebat
3055 1928 3250 1984 itinere
3278 1931 3500 1999 penitus
3533 1946 3688 1986 arce-

2108 2020 2289 2077 batur.
2322 2019 2447 2075 llzec
2477 2020 2761 2092 inopinata
2797 2036 2993 2076 currus
3030 2022 3268 2077 retentio
3296 2019 3550 2078 omnibus
3587 2027 3686 2079 ad-

2111 2114 2457 2169 mirationem
2485 2128 2597 2168 non
2634 2113 2818 2169 minus
2843 2130 3005 2185 quam
3038 2124 3303 2171 terrorem
3350 2116 3556 2185 injecit.
3592 2116 3688 2173 Vir

2106 2202 2326 2273 quidam
2374 2217 2407 2257 e
2453 2211 2850 2268 monumento,
2900 2205 3081 2274 qualia
3126 2221 3236 2261 non
3287 2222 3458 2276 pauca
3525 2210 3684 2277 juxta
3767 2193 3771 2197 ’

2106 2291 2285 2348 locum
2312 2292 2464 2347 illum
2499 2303 2658 2349 erant
2686 2295 2926 2360 condita,
2953 2295 3160 2367 impetu
3188 2313 3463 2369 egressus,
3489 2316 3686 2370 magno

2106 2398 2269 2438 cursu
2303 2383 2369 2438 ad
2402 2394 2621 2439 sacrum
2651 2384 2891 2440 loculum
2927 2386 3206 2443 ferebatur
3227 2407 3243 2444 :
3266 2398 3320 2445 et
3349 2405 3473 2444 cum
3507 2394 3687 2446 varios

2107 2477 2274 2530 animi
2304 2479 2571 2531 tumultus
2607 2477 2917 2534 vociferans
2959 2489 3270 2546 testaretur,
3317 2493 3430 2536 tum
3480 2485 3687 2539 scelera

2106 2566 2222 2638 ipse
2247 2583 2342 2622 sua
2367 2567 2750 2645 miserabiliter
2776 2570 3208 2638 lamentabatur;
3230 2574 3294 2629 ad
3315 2574 3432 2629 haec
3458 2575 3687 2630 vinculis

2106 2667 2162 2715 et
2205 2658 2419 2731 ﬂagello
2453 2661 2587 2716 solvi
2631 2662 2944 2732 postulabat
2983 2680 3193 2735 :porro
3241 2664 3530 2737 ﬂagellum.
3574 2685 3683 2738 quo

2106 2753 2607 2817 cruciabatur,erat
2628 2755 2838 2809 daemon
2859 2755 3150 2827 malignus,
3172 2760 3261 2826 qui
3279 2756 3406 2813 oliui
3432 2759 3485 2813 in
3507 2761 3685 2830 ipstim
3770 2746 3785 2757 ⁸

2105 2845 2350 2900 mulieris
2374 2846 2627 2901 cadaveri
2661 2848 2972 2918 petulanter
3013 2849 3120 2902 vim
3154 2850 3505 2919 inferentem,
3547 2855 3686 2906 insi-

2107 2935 2287 3000 lierat,
2327 2936 2639 3006 statimque,
2674 2953 2868 2992 manus
2917 2938 2994 2993 illi
3036 2940 3420 2997 insolubilibus
3452 2943 3687 2999 vinculis

2106 3027 2509 3098 constringens,
2549 3038 2604 3083 et
2630 3029 2819 3086 oculos
2866 3029 3010 3086 laede
3058 3039 3447 3104 contorquens,
3480 3044 3686 3089 tremo-

413 3120 663 3190 χαλεπῆς
690 3119 879 3191 ὥσπερ
912 3121 1119 3191 ὕϐρεως
1152 3120 1367 3192 ἐκείνης
1405 3120 1561 3185 δίκας
1586 3120 1882 3176 ἐκτίνοντα.
1907 3119 2002 3179 Ὧν

2113 3132 2338 3186 remque
2364 3118 2657 3180 incutiens,
2696 3119 2939 3174 vinctum
2966 3120 3076 3191 jam
3119 3121 3244 3176 inde
3280 3123 3435 3191 juxta
3473 3124 3686 3180 violatae

411 3212 483 3282 δὴ
512 3213 731 3266 πάντων
757 3212 975 3267 ἐλέλυτο
998 3213 1324 3284 παραδόξως
1352 3217 1419 3286 τῇ
1440 3213 1584 3286 σορῷ
1609 3207 1998 3289 προσδραμὼν,

413 3303 516 3358 καὶ
545 3303 606 3356 τὸ
636 3305 739 3374 μὲν
765 3304 949 3377 δχημα
976 3306 1209 3360 ἐκινεῖτο
1237 3306 1460 3373 αὐτίκα,
1500 3306 1594 3378 καὶ
1638 3307 2001 3379 λαμπρότατα

413 3395 518 3465 τὴν
543 3394 701 3448 πόλιν
729 3396 922 3467 εἰσῄει,
947 3399 979 3467 ή
1026 3396 1083 3451 δὲ
1109 3397 1201 3452 τὸν
1262 3398 1598 3469 ποθούμενον
1644 3398 1878 3470 δέχεται,
1906 3401 2000 3454 καὶ

412 3490 529 3549 τοῖς
553 3489 777 3552 οἰκείοις
811 3491 1033 3552 κόλποις
1067 3490 1445 3544 ἐναποτίθεται
1471 3493 1538 3564 τῇ
1593 3493 1999 3565 ἐπιφανεστάτῃ

413 3578 512 3633 τοῦ
561 3580 874 3634 Κασσιανοῦ
919 3582 1205 3654 ἐκκλησίᾳ.
1243 3583 1441 3655 Μικρῷ
1494 3584 1552 3637 δὲ
1585 3584 1812 3656 ὕστερον
1849 3587 2003 3651 θείας

416 3670 595 3740 ὅψεως
627 3674 1084 3745 ἐπιφοιτησάσης,
1117 3675 1264 3745 ἱερὸν
1288 3677 1477 3748 ἕτερον
1500 3677 1728 3744 πλησίον
1742 3677 2000 3749 ίδρύεταιο

421 3765 518 3817 καὶ
543 3765 603 3818 τὸ
630 3765 772 3819 θεῖον
802 3768 860 3819 ἐν
888 3767 1038 3837 αὐτῷ
1096 3768 1451 3838 μετατίθεται
1524 3770 1797 3840 λείψανον.
1832 3771 1901 3824 Ὀ
1938 3788 2003 3840 γε

434 3852 537 3922 μὴν
585 3854 676 3907 τοῦ
733 3854 908 3909 κακοῦ
935 3856 1078 3927 παρ’
1125 3856 1291 3910 αὐτοῦ
1321 3857 1420 3929 τὴν
1484 3856 1641 3911 λύσιν
1704 3859 1904 3929 εὑρὼν,
1941 3861 2001 3913 οὐ

436 3945 624 4014 μικρὸν
644 3945 700 4011 ἐξ
728 3948 939 4001 ἐκείνου
974 3949 1138 4020 μέρος
1160 3950 1241 4011 εἰς
1270 3950 2004 4023 άρετὴνέπιδοὺς,νεωκόρος

427 4030 577 4085 τοῦδε
608 4036 814 4103 γίνεται
873 4036 966 4090 τοῦ
993 4036 1122 4103 νεὼ,
1172 4039 1266 4092 καὶ
1319 4040 1417 4110 τὴν
1490 4039 1582 4093 τοῦ
1628 4040 1746 4111 βίου
1773 4042 1908 4112 πρὸς
1938 4042 2000 4095 τὸ

419 4122 629 4194 βέλτιον
657 4127 982 4200 μεταϐολὴν,
1004 4129 1218 4183 δικαίαν
1243 4131 1477 4201 ἀμοιϐὴν
1501 4131 1578 4201 τῷ
1593 4131 1734 4202 ἁγίῳ
1765 4132 1965 4186 ἐκτίνει
1980 4148 1996 4164 ο

413 4215 443 4269 δ
470 4218 794 4288 καὶμᾶλλον
844 4219 1227 4275 ποθεινότατον
1270 4221 1421 4293 αὐτῷ
1501 4217 1592 4294 ἦν,
1631 4223 1665 4293 ἡ
1688 4223 1782 4277 τοῦ
1814 4224 1996 4277 ἱκέτου

414 4312 683 4380 σωτηρία.

2111 3208 2358 3263 mulieris
2412 3211 2722 3279 sepulcrum
2757 3212 2863 3266 huc
2910 3228 3082 3283 usque
3118 3212 3446 3281 detinuerat,
3476 3228 3532 3272 et
3576 3226 3685 3271 tam

2109 3298 2337 3370 insignis
2393 3301 2738 3356 contumeliae
2776 3317 2967 3372 pmnas
3013 3305 3412 3373 persolventctn
3471 3307 3687 3365 assidue

2108 3391 2445 3462 opprimens.
2473 3393 2699 3459 Quibus
2714 3395 2946 3449 vinculis
2973 3412 3097 3452 mox
3139 3405 3198 3452 ut
3230 3398 3296 3452 ad
3332 3399 3568 3455 loculum
3598 3418 3687 3454 sa-

2108 3501 2262 3547 mum
2285 3489 2541 3551 accurrit,
2569 3487 2749 3542 statim
2772 3488 3032 3544 liberatus
3055 3497 3289 3561 est:quo
3311 3491 3473 3556 facto,
3492 3509 3690 3548 citri-us

2108 3562 2483 3634 illico'motus
2526 3590 2640 3646 est,
2688 3589 2743 3636 et
2793 3584 3238 3651 splendidissimo
3284 3597 3550 3654 apparatu
3630 3587 3686 3639 in

2104 3671 2297 3725 urbem
2327 3672 2531 3738 illatus,
2567 3673 2936 3728 desideratum
2968 3676 3287 3730 thesaurum
3319 3678 3540 3746 proprio
3566 3694 3687 3748 gre-

2101 3765 2214 3818 mio
2242 3765 2502 3833 suscepit,
2530 3778 2595 3818 ac
2641 3763 2698 3818 in
2737 3764 2937 3818 illustri
2965 3764 3213 3820 Cassiani
3250 3769 3483 3822 ecclesia
3514 3768 3687 3821 collu-

2102 3857 2266 3911 cavit.
2312 3854 2482 3910 Paulo
2518 3855 2716 3911 deinde
2760 3865 2884 3925 pOSt
2921 3856 3103 3911 divina
3167 3857 3377 3911 visione
3417 3873 3684 3926 superve-

2101 3947 2312 4013 niente,
2359 3947 2505 4001 aliud
2551 3948 2813 4017 templum
2866 3945 2923 4000 in
2972 3946 3154 4001 vicino
3207 3947 3325 4002 loco
3358 3950 3684 4002 :ediliratum

2106 4035 2230 4101 fuit,
2263 4035 2319 4089 in
2349 4049 2458 4105 quo
2502 4051 2656 4090 sacra
2700 4036 2912 4106 lipsana
2945 4036 3207 4092 collocata
3238 4048 3384 4093 sunt.
3430 4039 3522 4093 Ille
3543 4055 3687 4113 vero

2108 4129 2203 4199 qui
2239 4127 2368 4183 mali
2412 4128 2661 4184 levamen
2702 4130 2772 4184 ah
2820 4130 2943 4199 ipso
2985 4142 3315 4186 consecutus
3345 4131 3543 4196 fuerat,
3573 4149 3686 4189 rrn

2108 4223 2306 4293 exiguo
2337 4221 2406 4275 ab
2434 4221 2525 4276 illo
2575 4230 2825 4292 tempore
2873 4222 2929 4277 in
2961 4225 3163 4279 virtute
3195 4240 3485 4294 pragressu
3519 4226 3686 4290 facto,

2109 4312 2213 4366 fuit
2253 4312 2418 4382 hujus
2451 4313 2637 4382 templi
2668 4313 2924 4381 acdituus,
2956 4326 3010 4371 et
3053 4318 3178 4370 vita:
3218 4317 3271 4369 in
3300 4318 3497 4371 melius
3533 4334 3686 4372 COIII-

415 4405 776 4460 mutationem
802 4405 1063 4477 ,'justam
1094 4405 1404 4461 mercedem
1460 4413 1655 4461 sancto
1694 4406 1958 4477 persolvit
1989 4423 2005 4461 :
2064 4419 2172 4461 nec
2233 4405 2343 4459 ulla
2380 4407 2584 4477 gratior
2626 4407 2890 4479 supplicis
2927 4408 3100 4483 ipsius
3138 4409 3312 4465 salute
3349 4410 3594 4467 accidere
3631 4421 3686 4478 ei

412 4502 562 4567 pote.
578 4504 653 4551 at.

1875 4656 2101 4743 canor
2139 4656 2257 4713 xv.

1055 4795 1310 4869 Reliquia:
1341 4815 1373 4852 a
1397 4797 1568 4854 Leone
1594 4799 1723 4869 imp.
1759 4802 2020 4869 expetitur.
2051 4801 2321 4873 Templum
2365 4804 2422 4857 in
2445 4807 2641 4869 monte,
2673 4803 2730 4857 in
2752 4818 2855 4874 qua
2883 4804 3047 4858 stetit.

487 4947 592 5011 ντί.
633 4940 743 5010 Τῆς
768 4940 826 4993 δὲ
855 4941 965 4993 τῶν
992 4941 1260 5011 λειψάνων
1295 4942 1455 5013 σοροῦ
1485 4943 1664 4997 πάντα
1691 4945 1855 4998 τόπον
1884 4946 1993 5008 τοῖς

2172 4947 2263 5002 58.
2301 4945 2436 5002 Cum
2458 4945 2657 5002 deinde
2673 4960 2825 5001 sacra
2850 4961 2985 5001 urna
3007 4961 3224 5001 omnem
3244 4946 3387 5004 circa
3404 4950 3683 5018 regionem

411 5030 660 5102 θαύμασι
688 5030 1185 5103 διαλαμϐανούσης,
1217 5034 1246 5087 ὁ
1276 5033 1377 5105 τὴν
1410 5034 1790 5107 αὐτοκράτορα
1858 5036 1995 5089 Ῥω-

414 5124 600 5190 μαίοις
627 5120 830 5176 διέπων
857 5123 1055 5193 ἀρχὴν,
1087 5118 1148 5178 οὗ
1183 5124 1249 5196 δὴ
1295 5125 1480 5196 μικρῷ
1513 5125 1748 5197 πρόσθεν
1783 5129 1811 5180 ὁ
1836 5126 1994 5195 λόγος

410 5214 681 5288 ἐμνήσθη,
716 5216 1026 5288 γράμματα
1054 5216 1265 5286 πέμπει
1315 5219 1688 5289 Δντιοχεῦσιν,
1717 5219 1802 5289 ἐφ’
1829 5214 1910 5283 οἷς
1936 5219 1996 5273 τὸ

410 5304 509 5358 τοῦ
538 5305 699 5376 ἁγίου
727 5307 888 5378 σῶμα
912 5306 1047 5378 πρὸς
1071 5307 1170 5377 τὴν
1199 5304 1453 5377 βασιλίδα
1469 5308 1624 5362 πόλιν
1653 5308 1992 5379 διακομίσαι.

302 5550 313 5561 _
414 5493 671 5563 adeptus,
706 5507 830 5549 eam
859 5508 1008 5548 anno
1031 5493 1128 5549 471
1160 5493 1364 5550 dimisit
1394 5494 1465 5549 ob
1498 5493 1795 5550 seditiones
1819 5494 1998 5549 Zeno-

418 5563 508 5617 nis
540 5563 755 5620 coutitis
783 5573 840 5620 et
869 5564 1017 5620 Petri
1053 5564 1300 5620 Fullonis
1334 5580 1501 5635 opera
1529 5574 1720 5619 contra
1755 5581 1815 5621 se
1843 5568 1994 5621 exci-

418 5643 606 5772 ωιῗέιί)
647 5702 707 5759 ln
721 5703 897 5760 altera
916 5701 1040 5759 Vita
1070 5711 1156 5760 est
1180 5701 1375 5758 Meroe.
1392 5701 1527 5772 Nam
1546 5711 1744 5772 praeter
1772 5701 1993 5759 Meroen

420 5771 733 5847 Ethiopiae,
761 5775 879 5830 εστι
901 5776 995 5830 καὶ
1022 5772 1238 5846 Μερόη,
1267 5774 1442 5845 inquit
1476 5771 1788 5845 Stephanus
1809 5814 1824 5839 ,
1854 5780 1993 5829 xm

2103 5039 2491 5094 miraculorum
2531 5038 2674 5093 fama
2720 5039 3197 5108 complecteretur,
3242 5041 3335 5110 qui
3373 5040 3683 5097 Romunutn

2104 5128 2396 5199 imperium
2425 5128 2860 5196 administrabat,
2902 5132 2970 5184 de
2999 5146 3108 5199 quo
3138 5131 3301 5200 paulo
3330 5144 3458 5189 ante
3502 5148 3684 5189 sermo

2104 5219 2320 5287 incidit,
2345 5220 2415 5276 ad
2436 5221 2814 5277 Antiochenos
2845 5222 3053 5278 litteras
3082 5224 3292 5288 scribit,
3322 5227 3521 5296 quibus
3543 5229 3684 5282 sacri

2103 5312 2349 5383 corporis
2393 5314 2619 5369 exuvias
2656 5315 2728 5370 ad
2761 5315 2965 5388 regiam
3001 5317 3191 5371 urbem
3220 5319 3488 5388 asportari
3520 5335 3686 5374 man-

2105 5496 2525 5571 datumst-ﬁ;
2575 5497 2705 5571 περὶ
2760 5499 2993 5571 Δάφνην,
3038 5498 3390 5571 ’Δντιοχείας.
3442 5518 3461 5552 ι
3502 5500 3597 5556 Est
3629 5511 3688 5559 ct

2103 5566 2286 5641 Meroe
2336 5567 2404 5623 ad
2428 5566 2714 5641 orientem
2741 5566 3049 5641 Antiochia:
3079 5566 3296 5641 quaead
3335 5571 3594 5638 Daphnen
3616 5590 3631 5626 :
3655 5590 3677 5624 ι

2103 5637 2178 5692 ita
2211 5639 2320 5709 ille,
2348 5637 2441 5709 qui
2468 5639 2595 5693 alibi
2624 5637 2885 5709 Daphnen
2932 5641 3010 5695 ait
3043 5637 3163 5696 esse
3199 5658 3219 5691 ι
3261 5637 3682 5699 celeberrimum

2101 5708 2423 5766 suburbiutn
2446 5708 2752 5767 Antiochia:
2772 5724 2965 5769 versus
2986 5711 3275 5771 orientem.
3313 5729 3336 5766 ι
