4152 6428
528 344 636 409 395

1733 336 2019 396 MENSIS
2070 334 2534 396 JANUARIUS.

3699 335 3807 406 39.6

492 461 695 526 -prime
725 453 938 510 erudito
1013 471 1030 504 ι
1059 451 1196 506 falso
1217 463 1245 504 a
1272 447 1590 518 quibusdam
1631 446 1949 514 ascriptam,
1999 463 2017 496 ι
2056 453 2112 499 ιιι
2143 461 2185 516 Α
2216 459 2408 514 nymus
2430 444 2501 497 De
2537 442 2782 513 scriptor.
2812 442 2997 497 eccles.
3024 442 3358 498 iuLuciano.
3378 442 3577 499 Errore
3602 444 3805 501 factum

520 548 878 620 amplitudine
903 549 1160 615 martyris
1214 555 1317 596 suo
1342 541 1546 609 scripto
1583 538 1976 594 celebritatem.
1997 552 2120 592 ven-

515 641 786 695 dicarent.
824 655 843 689 ι
885 636 1030 691 idem
1055 635 1220 689 refert
1247 631 1638 687 Sozomenusl.
1671 647 1755 697 ιιι,
1781 644 1828 684 c.
1853 631 1908 683 5.
1945 628 2120 682 Mace-

518 728 738 784 doniani
770 738 984 793 quoque
1018 722 1078 778 S.
1108 721 1369 787 Luciauo,
1398 730 1453 774 ut
1508 720 1591 773 sui
1626 719 1829 774 erroris
1883 715 2115 781 fautore,

523 820 662 874 falso
691 817 1086 888 gloriabantur,
1140 826 1200 870 ut
1227 814 1463 870 ostendit
1501 812 1560 867 S.
1610 811 1871 866 Albanas.
1911 807 2035 862 dial.
2061 808 2114 860 5ο

525 912 601 966 De
627 911 686 966 S.
746 908 1024 975 Trinitate,
1057 909 1147 979 qui
1185 919 1361 962 tamen
1421 907 1561 960 idem
1597 920 1654 959 se
1683 903 1926 965 credere,
1973 900 2116 969 quod

519 1003 814 1064 Luciauus,
857 1001 1028 1056 libere
1073 999 1394 1068 profitetur,
1457 1007 1509 1051 et
1560 997 1611 1049 iti
1669 993 1886 1064 synopsi
1943 1004 2116 1045 sacrce

521 1094 818 1164 Scriptura:
841 1108 988 1156 eum,
1015 1100 1120 1144 uta
1151 1089 1542 1144 catholicorum
1568 1087 1812 1156 partibus
1849 1093 2110 1143 stantem,

523 1189 627 1244 hoc
667 1187 861 1242 illustri
895 1184 1077 1239 laudat
1124 1184 1315 1250 elogio,
1354 1195 1520 1250 agens
1554 1180 1620 1234 de
1647 1178 1887 1232 editione
1925 1189 2112 1230 sacro-

516 1295 646 1334 rum
682 1277 1040 1339 voluminum,
1088 1288 1207 1343 qua:
1236 1271 1527 1340 ,Lucianea
1574 1267 1901 1337 appellatur.
1946 1283 1964 1316 ι
2007 1264 2110 1318 Se-

525 1373 714 1442 ptima,
747 1368 942 1437 inquit,
967 1374 1021 1420 et
1043 1375 1314 1434 postrema
1347 1361 1520 1416 sancti
1550 1359 1774 1414 Luciani
1809 1357 1987 1428 magni
2025 1371 2114 1409 as-

517 1474 658 1520 ceta:
687 1471 740 1516 et
785 1459 1042 1527 martyris
1073 1465 1174 1519 est,
1204 1455 1292 1524 qui
1326 1461 1380 1507 et
1408 1453 1522 1522 ipse
1557 1466 1680 1506 cum
1717 1451 1769 1503 in
1824 1448 2111 1518 praedictas

524 1555 823 1615 versiones.
853 1557 908 1604 et
937 1548 1236 1603 Hebraicos
1265 1545 1433 1599 libros
1475 1542 1772 1604 incidisset,
1807 1549 1862 1595 et
1888 1540 2111 1607 diligen-

521 1657 605 1702 ter
623 1659 744 1715 quae
775 1642 860 1697 vel
877 1641 1107 1696 deerant
1130 1637 1216 1693 vel
1244 1637 1385 1691 ultra
1412 1636 1696 1691 veritatem
1727 1632 2110 1688 redundabant

520 1738 710 1802 verba,
733 1734 1081 1804 inspexisset,
1113 1745 1178 1786 ac
1209 1730 1324 1784 suis
1347 1744 1575 1799 quaeque
1593 1726 1726 1782 locis
1756 1725 2104 1790 correxisset;

2223 535 2453 598 videtur,
2493 543 2549 588 ut
2571 545 2674 588 tam
2711 534 3099 604 Metaphrastes
3128 550 3288 604 quam
3323 536 3519 592 Suidas
3546 551 3669 592 eum
3707 540 3805 593 sub

2224 628 2552 682 Maximiano
2603 630 2860 700 martyrio
2909 629 3230 684 occubuisse
3286 632 3494 686 dicant.
3546 650 3565 682 ι
3605 632 3704 685 Ast
3749 631 3803 686 in

2223 717 2514 771 Annalibus
2567 719 2617 772 id
2651 720 2796 780 risus
2849 730 2932 774 est
2968 735 3256 774 revocasse
3290 720 3578 785 Baronius,
3617 722 3681 772 ad
3711 737 3802 776 an.

2221 807 2346 874 511,
2371 823 2426 860 ιι.
2471 807 2525 872 5,
2563 809 2806 869 scribens
2827 809 2927 862 sub
2951 807 3168 863 Galerio
3194 808 3542 874 Maximiano,
3570 823 3674 862 non
3710 826 3804 862 au-

2222 908 2328 953 tem
2354 897 2671 963 Maximino,
2697 898 3022 965 Maximiano
3055 915 3147 953 vnt
3180 909 3235 953 et
3272 900 3484 954 Licinio
3507 916 3647 954 coss.
3678 917 3802 970 pas-

2219 1004 2339 1043 sum
2371 1005 2514 1054 esse,
2536 989 2849 1060 priusquam
2875 992 3052 1046 edicto
3083 991 3192 1045 lato
3217 993 3645 1061 persecutionem
3666 995 3802 1046 idem

2219 1078 2517 1149 imperator
2547 1082 2878 1150 prohiberet.
2909 1082 3052 1136 Idem
3097 1086 3293 1138 asserit
3340 1085 3626 1155 Dionysius
3649 1084 3808 1140 Peta-

2217 1172 2336 1224 vius
2371 1181 2554 1226 noster
2578 1171 2650 1224 De
2682 1172 2928 1224 doctrina
2959 1181 3120 1241 temp.
3149 1173 3243 1226 lib.
3281 1189 3395 1227 χιιι.
3435 1173 3490 1226 lu
3523 1189 3641 1228 eam
3675 1191 3803 1229 sen-

2217 1263 2439 1315 tentiam
2483 1259 2734 1316 inductus
2764 1263 2853 1316 hic
2885 1265 3116 1329 videtur,
3165 1277 3328 1333 atque
3363 1267 3473 1334 ipse
3505 1267 3667 1320 etiam
3705 1267 3806 1320 Ba-

2219 1355 2428 1416 ronius,
2460 1365 2746 1422 propterea
2779 1355 2922 1423 quod
2947 1355 3212 1410 Eusebius
3237 1395 3250 1419 ,
3272 1356 3366 1409 lib.
3401 1371 3522 1418 vni,
3550 1372 3673 1426 cap.
3707 1357 3798 1422 25,

2217 1438 2506 1500 recensens
2555 1444 2882 1500 celebriores
2938 1458 3206 1517 martyres
3250 1448 3342 1515 qui
3385 1446 3708 1504 Diocletiani
3744 1460 3801 1505 et

2217 1535 2530 1590 Maximiani
2557 1537 2931 1602 persecutione
2951 1537 3193 1608 martyrii
3213 1539 3446 1606 palmam
3460 1541 3637 1610 adepti
3655 1550 3803 1609 sunt,

2214 1628 2451 1682 nondum
2481 1637 2910 1683 commemorata
2942 1630 3184 1698 ejusdem
3235 1633 3633 1699 persecutionis
3658 1635 3799 1689 inhi-

2214 1721 2440 1788 bitione,
2487 1719 2783 1774 Lucianum
2837 1724 3054 1791 quoque
3103 1723 3244 1776 inter
3276 1738 3370 1777 eos
3424 1738 3679 1780 recenset
3725 1727 3807 1781 his

519 1798 839 1886 versionem
873 1827 1015 1880 hanc
1067 1798 1395 1880 Christianis
1453 1821 1710 1875 fratribus
1739 1817 1943 1873 edidit:
1983 1830 2105 1885 quae
2141 1798 2186 1855 Β
2219 1813 2399 1867 verbis
2428 1826 2442 1863 :
2474 1830 2492 1864 ι
2527 1811 2604 1866 Ex
2638 1815 2966 1884 martyribus
2984 1827 3112 1869 vero
3133 1812 3508 1882 Autiocbeuis,
3531 1814 3808 1874 Luciauus

522 1937 653 1978 sane
678 1927 798 1991 post
825 1919 944 1989 ejus
965 1926 1237 1972 certamen
1277 1925 1331 1970 et
1367 1913 1682 1984 martyrium
1719 1911 1956 1979 ejusdem
1981 1924 2110 1963 san-

521 2015 594 2070 cti
625 2011 871 2072 Luciani,
919 2009 1059 2079 quod
1102 2006 1200 2060 sub
1235 2005 1566 2060 Diocletiano
1592 2012 1642 2056 et
1673 2001 2000 2054 Maximiano
2025 2007 2110 2067 ty-

525 2105 711 2162 rannis
739 2101 1020 2166 sustinuit,
1055 2098 1194 2151 libro
1218 2095 1467 2150 videlicet
1488 2094 1703 2163 propria
1735 2091 1908 2161 ipsius
1939 2103 2106 2142 manu

527 2195 840 2262 conscripto
887 2191 1298 2260 comprehensa,
1327 2185 1654 2240 Nicomedia:
1699 2185 1798 2238 sub
1834 2181 2107 2236 Constan-

522 2291 641 2346 tino
671 2279 820 2356 rege
857 2285 1074 2350 Magno,
1107 2281 1244 2351 apud
1275 2280 1492 2333 Judacos
1538 2277 1589 2330 in
1631 2276 1838 2347 pariete
1885 2271 2106 2327 armarii

527 2381 676 2436 calce
699 2377 1028 2440 circumlito,
1069 2373 1158 2428 ubi
1192 2372 1452 2426 custodite
1481 2369 1652 2438 gratia
1699 2367 1875 2436 posita
1910 2365 2105 2426 fuerat,

525 2473 745 2529 inventa
775 2478 892 2524 est.
925 2486 943 2520 ι
972 2466 1051 2521 De
1081 2467 1181 2520 hac
1204 2464 1392 2518 eadem
1425 2461 1660 2516 editione
1688 2458 1907 2511 Hieron.
1947 2457 2106 2526 epist.

526 2563 655 2627 107.
707 2576 827 2632 qua:
855 2569 936 2614 cst
963 2557 1209 2630 prmfatiu
1245 2555 1298 2609 in
1332 2554 1529 2606 librum
1563 2549 2012 2620 Paralipomenon
2043 2547 2108 2600 ad

526 2651 900 2710 Chromatium
927 2665 946 2703 :
979 2667 997 2699 ι
1025 2647 1162 2701 Nam
1196 2644 1520 2700 Alexandria
1547 2641 1876 2710 etAEgyptus
1907 2641 1960 2694 in
2013 2637 2111 2692 Se-

528 2745 808 2816 ptuaginta
851 2741 964 2797 suis
1002 2738 1330 2810 Hesychium
1364 2735 1548 2790 laudat
1601 2744 1879 2787 auctorem
1919 2747 1931 2782 :
1965 2729 2109 2785 Con-

525 2831 908 2902 stantinopolis
956 2845 1128 2898 usque
1181 2825 1522 2881 Antiochiam
1564 2823 1788 2877 Luciani
1851 2821 2109 2891 martyris

528 2925 856 2994 exemplaria
913 2922 1110 2990 probat
1170 2935 1183 2970 :
1240 2917 1430 2973 media:
1492 2914 1634 2967 inter
1688 2913 1785 2966 has
1818 2911 2109 2982 provinciae

526 3017 844 3072 Palaestinos
871 3013 1090 3069 codices
1118 3011 1479 3081 legunt,quos
1521 3006 1589 3059 ab
1621 3005 1828 3074 origine
1860 3005 2108 3057 elabora-

2214 1905 2330 1973 ejus
2386 1909 2637 1973 par-meite
2693 1909 2977 1980 presbyter
3048 1910 3153 1979 piis
3189 1911 3317 1965 vitae
3358 1911 3624 1967 institutis
3673 1929 3808 1982 prce-

2216 1999 2608 2062 stantissimus,
2644 2003 2734 2069 qui
2779 2000 3107 2057 Nicomediae
3132 2004 3254 2073 ipso
3277 2015 3543 2073 praesente
3569 2006 3811 2080 impera-

2214 2104 2350 2159 tore,
2377 2093 2601 2149 cceleste
2631 2093 2837 2150 Christi
2871 2111 3094 2166 regnum
3128 2114 3382 2155 sermone
3427 2101 3662 2170 primum
3712 2117 3809 2172 per

2203 2187 2550 2257 'Apologiam,
2585 2187 2781 2243 deinde
2813 2191 2972 2244 rebus
3009 2192 3174 2259 gestis
3204 2193 3384 2259 palam
3419 2194 3756 2263 praedicavit.
3780 2212 3799 2246 ι

2282 2278 2335 2332 9.
2362 2278 2459 2332 Ast
2484 2279 2654 2347 ipsius
2681 2295 2898 2351 quoque
2924 2281 3202 2336 Maximini
3228 2289 3535 2354 persecutio
3572 2302 3676 2340 non
3699 2288 3807 2342 alia

2213 2369 2394 2424 habita
2424 2382 2507 2425 est
2568 2371 2635 2424 ab
2682 2389 2744 2426 ea
2782 2391 2945 2442 quam
3004 2375 3074 2427 illi
3117 2375 3245 2430 olim
3291 2381 3641 2441 suscitarant,
3681 2379 3809 2434 licet

2214 2458 2356 2511 circa
2420 2458 2732 2514 Maximiani
2789 2463 3118 2516 Armentarii
3163 2465 3371 2517 obitum
3417 2464 3692 2531 paululum
3721 2466 3808 2518 in-

2217 2553 2470 2606 termissa
2501 2569 2512 2601 :
2546 2565 2601 2604 ttt
2641 2554 2885 2622 potuerit
2921 2555 3012 2623 qui
3053 2555 3326 2608 Maximini
3371 2555 3524 2624 jussu
3559 2558 3804 2610 trucida-

2215 2649 2300 2694 lus
2332 2651 2435 2706 est,
2477 2642 2784 2697 Maximiani
2850 2646 3214 2712 persecutioni
3272 2646 3493 2702 ascribi.
3544 2644 3662 2711 Qua
3710 2663 3804 2700 ra-

2215 2736 2360 2800 tione
2386 2737 2660 2805 explicare
2713 2739 2816 2806 ipsi
2859 2753 3074 2808 quoque
3119 2749 3410 2808 cobvuulur,
3450 2741 3594 2808 quod
3645 2755 3710 2794 ex
3741 2739 3804 2796 S.

2210 2825 2506 2880 Athanasio
2554 2843 2718 2896 supra
2779 2847 2831 2882 ιι.
2876 2829 2907 2882 6
2947 2829 3249 2896 attulimus,
3279 2833 3369 2899 qui
3441 2834 3684 2884 occisum
3745 2831 3785 2886 S

2211 2915 2511 2972 Lucianum
2573 2919 2764 2973 scribit
2815 2919 2916 2973 sub
2971 2919 3306 2974 Diocletiano
3351 2931 3406 2974 et
3441 2920 3804 2977 Maximiano.

2215 3008 2437 3061 Videtur
2465 3023 2591 3078 ergo
2615 3009 2885 3063 Lucianus
2905 3021 3190 3078 postquam
3213 3011 3510 3065 Antiochi-2
3531 3012 3816 3066 recruduit

530 3117 636 3172 tos,
668 3104 931 3159 Eusebius
964 3110 1018 3155 et
1054 3099 1367 3167 Pamphilus
1404 3094 1762 3163 vulgaverunt
1790 3108 1803 3144 :
1833 3094 2106 3160 totiusque
2138 3135 2179 3192 Ο
2216 3103 2520 3170 persecutio
2544 3103 2642 3155 sub
2679 3103 2839 3155 finem
2864 3104 2986 3155 anni
3017 3104 3112 3158 511
3156 3103 3606 3171 comprehensus.
3642 3104 3817 3173 quue

527 3200 676 3252 orbis
736 3197 837 3249 hac
861 3196 1000 3247 inter
1041 3207 1102 3246 se
1148 3189 1356 3244 trifaria
1396 3187 1655 3240 varietate
1699 3196 2102 3254 compuguat.)

529 3285 829 3346 Pertractat
878 3285 996 3338 hmc
1028 3281 1271 3352 pluribus
1311 3279 1508 3332 Baron.
1544 3287 1673 3330 tom.
1719 3276 1789 3330 111
1814 3274 2007 3329 Annal.
2037 3275 2102 3328 ad

528 3395 617 3436 an.
639 3378 762 3444 511,
793 3393 846 3432 n.
881 3377 948 3442 ἃς
983 3377 1220 3444 itemque
1243 3373 1308 3428 ad
1333 3387 1420 3426 an.
1447 3371 1574 3438 318,
1610 3371 1744 3425 ιι.74
1773 3377 1827 3425 et
1849 3384 1965 3438 seq.
1986 3381 2035 3424 et
2058 3369 2109 3422 in

532 3471 673 3529 netis
703 3475 767 3525 ad
791 3467 1264 3538 Martyrologium.

744 3557 773 3629 §
805 3557 868 3612 ll.
919 3556 976 3610 S.
1008 3554 1233 3608 Luciam’
1281 3563 1420 3618 acta,
1453 3562 1656 3623 tempus
1689 3551 1894 3606 mortis.

602 3652 652 3709 7.
686 3651 818 3706 Acta
847 3649 1017 3703 sancti
1038 3647 1261 3700 Luciani
1281 3645 1348 3699 ab
1371 3646 1593 3714 antiquo
1609 3639 2112 3710 auctoredescripta

527 3747 840 3812 insertaque
860 3739 1186 3796 Collectioni
1233 3737 1635 3805 Metaphraslaz,
1663 3748 1719 3790 et
1751 3734 1940 3787 Latine
1963 3733 2108 3786 edita

527 3853 556 3897 a
597 3834 897 3905 Lipomano
971 3841 1033 3884 ac
1067 3828 1246 3894 Surio,
1300 3844 1318 3878 ι
1381 3840 1634 3894 germana
1694 3835 1749 3878 et
1787 3824 2109 3891 scriptorum

524 3936 787 3999 perpetua
815 3923 1074 3979 memoria
1097 3921 1471 3976 commendata
1505 3937 1522 3970 ι
1562 3926 1722 3972 vocat
1751 3915 2018 3970 Duronius
2043 3914 2110 3968 ad

527 4036 618 4076 an.
661 4020 786 4084 511,
814 4035 868 4072 n.
909 4017 964 4071 5.
1023 4015 1118 4070 llis
1161 4029 1225 4068 ex
1274 4010 1466 4066 iiuflini
1512 4010 1653 4064 Hist.
1687 4009 1871 4063 eccles.
1910 4009 2002 4063 lib.
2033 4023 2111 4072 tx,

527 4126 648 4180 cap.
673 4112 727 4177 6,
766 4109 1010 4178 quzedam
1039 4107 1450 4175 subjungcmus.
1478 4101 1612 4156 Nam
1651 4119 1768 4172 qua:
1801 4102 1910 4166 ille,
1942 4100 2114 4155 Euse-

525 4202 675 4256 bium
709 4205 1072 4268 interpretans
1097 4206 1151 4251 et
1169 4195 1401 4250 subinde
1422 4192 1782 4262 amplificans,
1824 4193 1892 4247 de
1933 4206 2113 4261 perse-

526 4292 743 4349 cutione
772 4298 892 4361 post
921 4287 1164 4343 inducias
1213 4301 1307 4341 sex
1361 4285 1625 4340 mensium
1689 4284 2018 4338 Christianis
2043 4298 2108 4336 ex

527 4382 728 4440 Galerii
753 4378 1066 4434 Maximiani
1090 4377 1420 4432 Armentarii
1443 4376 1619 4430 edicto
1637 4375 1873 4429 indultas
1895 4388 2107 4427 rursum

2219 3188 2372 3243 facile
2423 3191 2740 3258 probabitur
2771 3193 2818 3246 ei
2851 3195 2938 3262 qui
2982 3195 3190 3245 initiunt
3242 3193 3361 3247 libri
3406 3209 3457 3247 ix
3488 3193 3819 3250 Eusebiana

2215 3281 2468 3336 Historia:
2504 3293 2707 3337 attente
2739 3285 3052 3354 perlegerit.
3082 3282 3184 3338 Ubi
3223 3300 3344 3338 eum
3374 3301 3495 3352 cap.
3521 3288 3550 3340 1
3595 3289 3822 3342 simula-

2219 3381 2324 3424 tam
2385 3375 2777 3440 persccutionis
2837 3375 3212 3427 remissionem
3261 3384 3587 3444 narrasset,
3636 3394 3760 3446 cap.
3790 3377 3827 3430 2

2217 3461 2509 3515 Theotecni
2548 3461 2821 3528 fraudem,
2879 3467 3040 3516 tertio
3070 3478 3207 3516 nova
3241 3465 3413 3518 edicta
3438 3481 3466 3518 a
3503 3467 3822 3522 Maximino

2130 3555 2142 3572 ⁵
2215 3554 2360 3616 lata,
2419 3566 2613 3624 quarto
2672 3558 2903 3609 conficta
2970 3556 3128 3609 Pilati
3185 3567 3305 3609 acta
3391 3569 3691 3623 recenset;
3755 3577 3820 3616 ac

2213 3644 2402 3713 quinto
2453 3646 2666 3699 tandem
2700 3647 2873 3700 caedes
2928 3641 3090 3699 variis
3137 3648 3266 3700 locis
3323 3660 3702 3718 perpetratas,
3755 3668 3822 3709 at.

2216 3734 2532 3786 nominatim
2569 3733 2772 3788 Silvani
2795 3736 3036 3804 episcOpi
3073 3738 3345 3800 Ell'leaelii,
3383 3738 3534 3796 Petri
3569 3745 3822 3800 Alexan-

2215 3822 2355 3875 drini
2414 3839 2479 3878 ac
2529 3824 2757 3880 Luciani
2792 3841 3204 3884 commemorat.
3232 3831 3310 3884 Ac
3355 3830 3421 3885 de
3455 3833 3568 3890 hoc
3597 3839 3820 3904 quidem

2215 3915 2316 3967 ista
2335 3917 2524 3969 scribit
2557 3917 2822 3972 Eusebius
2859 3935 2872 3972 :
2909 3937 2926 3971 ι
2954 3917 3223 3975 Luciauus
3258 3927 3384 3976 item
3412 3923 3684 3982 Ecclesiae
3705 3930 3822 3983 An-

2217 4003 2483 4059 tiochense
2535 4011 2843 4078 presbyter,
2894 4015 2980 4063 vir
3013 4026 3136 4064 cum
3189 4013 3312 4067 aliis
3356 4016 3526 4072 rebus
3559 4024 3824 4077 omnibus

2212 4096 2369 4152 facile
2407 4098 2632 4167 primus,
2669 4109 2780 4153 tum
2803 4100 3134 4155 continentia
3165 4103 3419 4171 eximius,
3455 4119 3520 4161 et
3568 4111 3624 4164 in
3649 4111 3825 4166 sacris

2211 4189 2514 4258 disciplinis
2539 4190 2627 4243 diu
2655 4191 2990 4260 multumque
3036 4196 3392 4262 exercitatus,
3420 4201 3497 4252 ad
3531 4201 3825 4257 civitatem

2212 4278 2728 4347 Nicomediensium,
2748 4281 2798 4334 in
2822 4298 2926 4351 qua
2961 4293 3072 4337 tum
3101 4286 3399 4354 imperator
3421 4296 3823 4350 commoraba-

2215 4385 2320 4440 tur,
2345 4373 2650 4440 dcductus;
2681 4391 2803 4429 cum
2825 4391 3007 4430 coram
3032 4379 3180 4432 ttrbis
3215 4380 3481 4450 praefecto
3501 4388 3824 4458 apologiam

525 4492 558 4529 a
589 4473 808 4530 Galerio
835 4471 1125 4526 Maximino
1151 4469 1420 4526 concitata
1474 4482 1592 4536 cap.
1625 4467 1661 4520 2
1693 4482 1721 4521 e
1756 4467 2108 4536 sequentibus
2136 4482 2187 4540 D
2216 4483 2312 4537 pro
2329 4467 2531 4522 Christi
2582 4469 2850 4532 doctrina,
2881 4471 3035 4540 cujus
3065 4476 3427 4539 patrocinium
3463 4490 3818 4549 susceperat,

525 4578 762 4640 quatuor
795 4572 1207 4627 commemorat,
1249 4570 1358 4615 tam
1417 4576 1477 4614 ea
1519 4561 1571 4614 in
1605 4575 1708 4613 ms.
1750 4558 2036 4629 Ripatorii,
2060 4569 2114 4613 et

527 4673 634 4714 ms.
649 4655 710 4711 S.
751 4654 1030 4708 Maximini
1064 4651 1332 4715 Treviris,
1358 4651 1458 4706 sub
1484 4651 1636 4704 titulo
1657 4652 1915 4704 Actorum
1939 4651 2110 4725 sancti

525 4749 757 4808 Luciani
788 4734 1352 4818 exstabant,quatnin
1375 4746 1564 4802 codice
1585 4745 1899 4801 Trevirensi
1933 4747 2112 4800 verbis

525 4845 748 4917 paulum
778 4857 816 4896 .a
845 4839 1045 4896 Bullini
1086 4839 1324 4895 editione
1371 4837 1754 4907 discrepantia.
1781 4835 1893 4892 Nos
1934 4852 1996 4892 ea
2020 4851 2112 4892 so-

526 4939 640 5000 lum
688 4935 1147 4998 transcribemus,
1187 4947 1306 5002 quae
1359 4931 1575 5002 proprie
1615 4931 1681 4984 ad
1710 4928 1768 4986 S.
1816 4930 2111 4986 Lucianum

527 5037 792 5095 spectant.
825 5025 1099 5079 Addemus
1158 5039 1278 5092 quae
1335 5024 1388 5077 in
1427 5023 1739 5077 Graecorum
1805 5022 2023 5077 Menaeis
2056 5031 2112 5076 et

527 5116 853 5187 Antb'oiogio
882 5117 949 5169 de
994 5128 1059 5168 eo
1101 5115 1400 5168 recitantur
1451 5129 1466 5168 :
1503 5128 1566 5167 ac
1591 5113 1808 5167 demum
1851 5112 2110 5167 nonnulla

529 5225 594 5264 ex
623 5206 846 5265 humilia
880 5206 1054 5262 sancti
1093 5203 1316 5260 Joannis
1349 5204 1728 5276 Cbrysostomi
1776 5205 1829 5259 in
1872 5205 1930 5260 S.
1969 5220 2110 5260 mar-

529 5314 702 5373 tyrem
743 5298 1078 5366 Lucianum',
1137 5312 1260 5368 qua
1312 5297 1502 5363 estw,
1567 5307 1698 5353 tom.
1752 5295 1817 5350 111
1873 5295 2106 5369 Operam

527 5391 655 5467 ejus
694 5391 1107 5448 Graeco-Latine
1156 5390 1428 5446 editorum
1495 5404 1524 5444 a
1572 5390 1849 5446 Frontone
1891 5389 2104 5446 Ducam.

558 5476 561 5482 ’
604 5483 658 5539 8.
692 5485 768 5541 De
792 5495 1034 5554 tempore
1052 5483 1303 5555 martyrii
1350 5482 1469 5552 ejus
1494 5481 1596 5536 ista
1623 5482 1814 5538 scribit
1845 5482 2110 5538 Baronius

529 5574 749 5631 innotis
789 5577 855 5628 ad
889 5573 1344 5645 Martyrologium
1380 5589 1396 5628 :
1432 5591 1451 5625 ι
1490 5572 1648 5639 Hunc
1677 5573 1777 5629 sub
1819 5573 2112 5630 Maximino

534 5677 775 5728 passum,
807 5662 1071 5720 Eusebius
1101 5673 1232 5720 tunc
1263 5665 1448 5721 vivens
1475 5705 1490 5730 ,
1530 5680 1592 5720 ac
1623 5673 1773 5734 gesta
1812 5681 2110 5736 martyrum

532 5752 798 5821 scribens,
839 5761 1065 5810 testatur
1091 5754 1185 5810 lib.
1207 5771 1285 5821 tx,
1317 5769 1435 5826 cap.
1466 5755 1517 5811 5.
1545 5756 1780 5826 ldipsum
1827 5755 1884 5811 S.
1921 5755 2112 5811 Hiero-

2221 4561 2520 4622 recitasset,
2548 4559 2601 4613 in
2653 4576 2928 4616 carcerem
2958 4565 3235 4633 c0njectus
3269 4575 3370 4631 est,
3417 4570 3613 4639 ibique
3643 4575 3820 4628 truci-

2217 4653 2395 4704 datus.
2420 4649 2521 4705 Tot
2545 4651 2683 4704 mala
2715 4665 2769 4707 et
2800 4662 2908 4707 tam
2934 4657 3118 4724 gravia
3161 4657 3308 4712 brevi
3333 4664 3609 4730 temporis
3638 4665 3823 4734 spatio

2217 4761 2244 4798 a
2270 4743 2562 4801 Maximino
2580 4745 2752 4815 (certo
2779 4745 2950 4816 liquet
2976 4763 3044 4801 ex
3068 4750 3526 4808 antecedentibus
3541 4764 3599 4808 et
3621 4771 3825 4810 conse-

2215 4837 2524 4906 quentibus,
2556 4837 2624 4892 de
2645 4837 2862 4893 Galerio
2896 4837 3212 4906 Maximino,
3231 4857 3342 4896 non
3373 4825 3830 4902 deArmenlario‘

2215 4944 2335 4984 esse
2367 4931 2697 4999 sermonem)
2752 4932 2970 4987 virtutis
3003 4942 3059 4986 et
3106 4933 3409 4989 honestatis
3465 4937 3825 5005 adversario,

2215 5017 2402 5073 contra
2427 5035 2524 5074 nos
2551 5031 2862 5091 comparata
2893 5034 3050 5077 erant
3088 5041 3100 5076 :
3142 5025 3278 5079 adeo
3296 5035 3354 5078 ut
3379 5027 3501 5082 haec
3537 5032 3826 5099 posterior

2214 5113 2520 5180 persecutio
2579 5112 2632 5167 id
2695 5117 2954 5184 temporis
3007 5115 3262 5182 excitata,
3314 5116 3493 5173 multo
3540 5123 3823 5189 acerbior,

2214 5221 2373 5274 quam
2416 5207 2583 5275 prior.
2622 5208 2778 5264 nobis
2809 5210 3102 5264 videretur.
3138 5229 3158 5264 ι
3198 5210 3325 5266 Haec
3357 5211 3664 5269 Eusebius.
3688 5215 3826 5283 Qua

2215 5295 2482 5352 Baronius
2509 5313 2633 5354 cum
2666 5298 2906 5355 refutare
2942 5317 3048 5356 non
3075 5312 3284 5372 posset,
3313 5303 3383 5358 ab
3401 5301 3656 5362 Eusebio
3679 5308 3827 5364 scri-

2213 5399 2303 5460 pta
2342 5400 2525 5460 negat,
2551 5391 2644 5445 sed
2669 5390 2737 5445 ab
2757 5392 2865 5448 alio
2887 5394 3186 5463 supposita.

2288 5483 2371 5537 10.
2402 5483 2475 5538 De
2505 5482 2562 5537 S.
2594 5485 2757 5540 Petro
2784 5485 3162 5542 Alexandrino
3183 5499 3410 5554 agemus
3437 5487 3516 5543 26
3545 5487 3824 5548 Novemb.

2213 5575 2304 5630 ubi
2352 5575 2566 5629 Baronii
2610 5586 2929 5648 argumenta
2976 5580 3386 5645 expendentur,
3428 5587 3648 5649 quaead
3693 5597 3824 5650 cum

2213 5668 2482 5737 praecipue
2512 5671 2804 5738 pertinent.
2835 5670 2903 5724 At
2950 5671 3017 5726 de
3056 5669 3300 5726 Luciano
3325 5672 3633 5729 manifeste
3687 5661 3822 5742 pro?-

2213 5761 2395 5824 batur,
2430 5759 2645 5816 nonnisi
2680 5761 2782 5818 sub
2811 5760 3106 5819 Maximino
3140 5766 3578 5821 recrudescente
3629 5782 3856 5840 perse-_
