4152 6446
376 395 478 463 397

1686 386 1865 449 νιΤΑ
1881 373 1957 443 ’5.
1996 377 2337 446 LUCIANI.

3541 374 3654 441 338

377 510 590 565 cutione
612 503 962 562 interfectum
992 518 1134 561 esse.
1158 502 1319 570 Nam,
1345 510 1404 556 ut
1431 502 1600 559 etiam
1628 498 1882 555 Petavius
1906 509 1962 553 et
1992 511 2043 572 Α
2068 497 2186 550 hac
2234 493 2450 563 adjecta
2500 496 2649 555 sunt,
2678 497 2734 545 et
2773 488 2992 559 quidem
3034 486 3116 557 (ut
3166 484 3400 558 videtur)
3436 486 3653 545 Latino.

376 600 645 659 Barouius
697 599 962 665 fatentur,
1014 597 1292 654 Maximini
1347 596 1501 667 jussu
1552 595 1786 651 conﬁcta
1841 603 1970 647 sunt

376 696 635 764 probrosa
675 692 761 746 iila
792 691 947 746 Pilati
970 692 1105 745 Acta
1146 708 1159 745 :
1192 691 1369 759 atqui
1402 704 1461 745 ea
1497 687 1773 752 refutavit,
1806 697 1864 741 ut
1891 687 1973 741 in-

378 786 456 841 fra
484 801 550 840 ex
578 783 797 837 nulline
834 785 1101 848 dicemus,
1136 780 1196 837 S.
1231 781 1540 848 Lucianus;
1570 795 1702 852 ergo
1720 794 1824 834 non
1854 787 1975 834 erat

380 886 504 930 ante
530 889 729 929 novam
764 873 910 926 illam
951 874 1202 927 obortam
1244 888 1274 927 a
1318 872 1611 926 Maximino
1634 871 1974 941 persecutio-

381 981 496 1020 nem
522 964 774 1019 sublatus
818 979 848 1019 e
894 964 1093 1018 medio.
1130 962 1187 1017 Id
1211 975 1593 1034 argumentum
1628 963 1719 1032 qui
1744 960 1972 1016 convelli

380 1056 568 1127 possit,
628 1069 739 1108 non
800 1052 1009 1118 video;
1049 1053 1156 1108 nisi
1216 1052 1356 1108 forte
1408 1051 1638 1120 cuipiam
1686 1051 1874 1106 veniat
1919 1051 1972 1103 in

385 1159 637 1213 mentem,
672 1148 787 1201 haec
833 1161 863 1199 a
901 1144 1123 1199 Rulliuo
1184 1160 1308 1201 esse
1364 1145 1637 1208 conﬁcta,
1679 1145 1794 1198 sive
1840 1159 1973 1213 sup-

384 1239 575 1309 posita.
610 1240 727 1305 Qua
773 1238 985 1291 ratione
1034 1238 1300 1306 quidlibet
1343 1237 1526 1306 negari
1567 1236 1784 1306 poterit.
1812 1235 1973 1291 Nice-

388 1333 586 1401 phorus
611 1343 830 1399 quoque
876 1326 1023 1383 Hist.
1055 1325 1257 1383 Eccles.
1290 1328 1384 1382 lib.
1415 1343 1511 1391 νυ,
1545 1342 1594 1382 c.
1627 1326 1721 1392 9.7,
1773 1327 1976 1381 diserte

394 1423 495 1476 lure
516 1423 617 1475 sub
648 1419 945 1475 Maximino
972 1429 1124 1489 gesta
1156 1419 1350 1484 tradit;
1390 1418 1519 1473 licet
1545 1433 1666 1485 cap.
1701 1416 1790 1483 16,
1814 1418 1977 1472 Euse-

396 1511 536 1563 bium
572 1524 819 1573 secutus,
856 1526 978 1565 cum
1017 1497 1257 1565 illustres
1281 1518 1551 1580 martyres
1572 1508 1891 1563 Diocletiani
1923 1517 1978 1563 et

401 1599 704 1657 Maximiani
727 1603 1110 1670 persecutione
1132 1598 1345 1657 occisos
1365 1610 1613 1656 recenset
1650 1599 1974 1667 Luciauum,

408 1711 613 1767 quoque
639 1699 701 1750 iis
723 1699 1114 1752 adunmcrarit.

471 1786 556 1839 Η.
586 1786 652 1838 At
678 1787 740 1842 de
774 1788 859 1841 his
892 1788 1046 1841 satis.
1085 1788 1266 1859 Agunt
1294 1786 1361 1841 de
1388 1785 1447 1840 S.
1478 1784 1741 1850 Luciauo,
1783 1791 1978 1854 praeter

2078 585 2181 640 llic
2209 598 2374 653 porro
2409 583 2655 651 quisquis
2685 582 2903 635 demum
2935 581 3029 645 sit,
3062 579 3134 633 ita
3169 578 3362 635 scribit
3391 578 3485 634 lib.
3519 594 3557 635 ιι
3602 582 3655 636 in

2077 676 2178 732 Job
2218 676 2363 730 circa
2414 674 2651 728 medium
2688 690 2702 726 :
2739 691 2759 724 ι
2795 673 2869 727 Ita
2897 680 3312 743 consummatus
3343 680 3427 727 est
3469 672 3660 728 beatus

2078 777 2243 837 atque
2306 764 2578 836 gloriosus
2618 759 2921 826 Luéianns,
2960 763 3172 818 lucidus
3207 762 3577 829 vita,lucidus
3608 771 3662 816 et

2080 861 2203 924 ﬁde,
2238 859 2449 914 lucidus
2489 857 2654 911 etiam
2688 857 2988 911 tolerantiae
3033 855 3526 909 consummatione.
3580 852 3663 910 Ob

2078 951 2182 1006 hoc
2213 950 2356 1004 enim
2392 947 2668 1001 Lucianus
2719 947 3134 1016 cognominatus
3157 956 3262 1010 est,
3291 955 3547 1014 tanquam
3577 945 3665 999 lu-

2080 1045 2254 1108 cidus,
2313 1049 2408 1094 aut
2466 1038 2688 1108 proprio
2746 1037 2948 1091 lumine
3000 1037 3103 1091 sibi
3138 1035 3372 1106 fulgens,
3406 1047 3500 1089 aut
3538 1035 3664 1092 aliis

2078 1136 2285 1193 lucens.
2320 1134 2420 1189 Hic
2453 1147 2689 1204 namque
2720 1133 2917 1188 beatus
2948 1132 3235 1187 duodecim
3265 1132 3458 1188 diebus
3499 1148 3664 1204 supra

2081 1237 2248 1284 testas
2278 1228 2507 1298 polliuas
2537 1237 2820 1289 extensus,
2859 1227 3017 1280 tertia
3059 1225 3271 1281 decima
3308 1225 3396 1280 die
3422 1233 3508 1282 est
3533 1240 3667 1280 cou-

2079 1328 2401 1373 sutnmatus.
2473 1336 2492 1369 ι
2561 1318 2699 1384 Quid
2763 1319 2875 1371 sint
2931 1327 3084 1372 testae
3134 1318 3372 1387 pollinze,
3433 1332 3522 1372 me
3588 1317 3670 1372 la-

2079 1420 2177 1466 tet.
2229 1411 2496 1466 Batonius
2560 1409 2722 1464 habet
2753 1418 2924 1465 testas
2952 1411 3175 1476 multas,
3221 1411 3386 1466 veluti
3418 1411 3669 1482 ὄστρακα

2081 1504 2254 1558 πολλὰ
2278 1505 2542 1574 scriptum
2574 1512 2718 1558 esset
2749 1505 2817 1556 ab
2846 1513 3094 1559 auctore.
3141 1503 3284 1570 Quid
3329 1505 3375 1559 si
3402 1513 3667 1561 testarum

2079 1598 2310 1665 pollines
2367 1599 2812 1666 interpretemur,
2848 1588 2963 1652 sive
2995 1603 3170 1651 testas
3226 1595 3446 1666 pollinis
3495 1598 3670 1653 instar

2081 1689 2442 1743 comminutas
2474 1689 2498 1741 ’ἔ

2158 1781 2248 1836 12.
2305 1778 2614 1838 S.Lueiani
2669 1782 2722 1838 in
2776 1781 3008 1839 Galliam
3064 1784 3359 1840 translatas
3390 1797 3514 1840 esse
3540 1782 3673 1840 reli—

398 1874 597 1929 citatos
629 1876 989 1944 citandosqoe
1037 1876 1089 1929 in
1150 1875 1328 1941 Notis,
1379 1875 1704 1930 Vincentius
1757 1874 1976 1930 Belvac.
2011 1898 2055 1953 η
2084 1872 2265 1945 quias,
2321 1882 2554 1928 testatur
2615 1874 2668 1929 iu
2716 1873 3065 1948 Martyrolog.
3115 1876 3396 1933 Gallicano
3423 1876 3674 1931 Andreas

392 1963 486 2021 lib.
516 1982 640 2033 xm,
669 1983 789 2037 cap.
822 1968 890 2021 13
914 1978 969 2022 et
1010 1967 1075 2023 M
1116 1984 1131 2034 ;
1162 1967 1358 2024 Petrus
1391 1970 1460 2024 de
1488 1967 1985 2039 Natal.,corrigen-

392 2057 490 2112 dus
518 2067 721 2123 tamen,
753 2057 878 2112 dum
906 2058 1007 2112 sub
1036 2059 1365 2113 Maximiano
1388 2073 1606 2128 passum
1634 2058 1985 2113 scribit-tem-

392 2164 521 2218 pore
562 2148 794 2202 Antberi
826 2164 977 2218 papae
1016 2150 1098 2221 (S.
1162 2151 1442 2206 Antlterus
1501 2152 1601 2204 sub
1638 2148 1784 2205 Julio
1811 2148 1986 2205 Maxi-

391 2240 539 2293 mino
568 2256 661 2294 an.
699 2240 804 2295 59.6
849 2243 1064 2297 occisus
1108 2250 1223 2305 est,
1251 2251 1316 2295 ‘ut
1355 2242 1390 2296 ὅ
1423 2241 1546 2295 Jan.
1579 2243 1837 2311 diximus)
1866 2257 1882 2307 ;
1921 2241 1981 2297 S.

345 2390 357 2398 ,
388 2328 671 2387 Lucianus
694 2333 796 2388 sub
815 2331 1033 2388 Galerio
1061 2333 1354 2388 Maximino
1374 2351 1465 2389 au.
1500 2335 1630 2398 512,
1651 2350 1772 2388 eum
1798 2334 1987 2390 Romae

390 2426 617 2479 sederet
650 2423 710 2480 S.
779 2425 1131 2493 Melchiades,
1170 2428 1236 2482 de
1266 2444 1372 2497 quo
1409 2427 1475 2482 10
1505 2427 1760 2482 Decemb.
1791 2426 1987 2482 Memi-

389 2517 468 2572 nit
518 2517 758 2573 Luciani
815 2517 1089 2573 Marianos
1150 2517 1416 2575 Victorius
1448 2516 1672 2576 scholiis
1707 2521 1760 2575 in
1822 2522 1982 2590 epist.

390 2608 487 2665 107
550 2608 617 2663 S.
677 2609 1013 2679 Hieronymi,
1047 2610 1335 2668 Cornelius
1367 2611 1614 2680 Grasius,
1679 2623 1810 2669 tom.
1842 2612 1882 2678 I,
1920 2613 1987 2669 de

392 2700 526 2755 Vitis
558 2697 668 2754 SS.
702 2702 836 2754 Acta
877 2702 993 2767 ejus
1042 2701 1258 2771 Belgiec
1296 2704 1465 2758 edidit
1500 2703 1813 2758 lleribertus
1875 2703 1988 2759 lio-

394 2794 645 2848 IWeitlus
687 2805 907 2858 uoster;
944 2791 1131 2847 Italice
1166 2792 1446 2861 aliquanto
1467 2797 1737 2863 cupiosius
1767 2794 1987 2849 Gabriel

389 2882 678 2951 l-‘lamma;
735 2884 941 2939 Gallice
982 2885 1225 2941 Renatus
1263 2884 1587 2942 Benedictus
1607 2902 1865 2957 perquam
1897 2903 1988 2943 ac-

389 2987 612 3030 curate.
644 2976 773 3045 Ejus
805 2979 1042 3047 denique
1097 2977 1345 3032 meminit
1392 2991 1585 3033 auctor
1638 2979 1989 3036 Commenta-

392 3070 613 3123 riorum
644 3071 697 3122 in
727 3068 865 3135 Job,
922 3087 1043 3139 quae
1093 3070 1315 3141 Origeni
1345 3073 1686 3140 tribuuntur;
1739 3074 1865 3129 licet
1904 3074 1990 3129 vel

391 3159 514 3215 inde
567 3169 764 3230 pateat
820 3162 967 3217 illius
1011 3178 1119 3217 nou
1167 3178 1312 3227 esse,
1344 3165 1542 3232 quippe
1571 3164 1666 3231 qui
1723 3164 1812 3217 (litt
1862 3175 1989 3220 ante

2091 1967 2425 2037 Saussayus,
2462 1965 2536 2019 ita
2583 1966 2832 2022 scribens
2866 1984 2879 2020 :
2923 1984 2942 2018 ι
2984 1966 3194 2023 Natalis
3237 1966 3414 2023 sancti
3441 1965 3673 2020 Luciani

2087 2058 2411 2113 Antiocheui
2467 2059 2770 2130 presbyteri
2819 2067 2875 2114 et
2903 2060 3190 2137 martyris.
3220 2059 3496 2125 doctrina,
3552 2057 3668 2113 elo-

2088 2151 2310 2221 quentia
2344 2158 2398 2204 et
2451 2151 2739 2206 sanctitate
2767 2151 3079 2227 clarissimi,
3112 2152 3205 2223 qui
3223 2149 3556 2208 Nicomediae
3571 2148 3674 2206 sub

2089 2242 2385 2297 Maximino
2409 2241 2632 2298 Cassare
2675 2245 2743 2299 ob
2771 2245 2978 2299 Christi
3019 2244 3426 2301 confessionem
3456 2257 3673 2315 passus,

2087 2347 2142 2392 et
2168 2337 2222 2391 in
2261 2346 2496 2406 quatuor
2523 2344 2710 2405 partes
2748 2336 3020 2392 dissectus
3053 2344 3185 2391 est:
3215 2335 3414 2407 quibus
3442 2333 3676 2405 singulis

2090 2429 2362 2499 lapidibus
2404 2430 2645 2501 alligatis
2671 2470 2687 2495 ,
2718 2438 2772 2484 et
2803 2430 2856 2484 in
2885 2444 3037 2485 mare
3085 2428 3376 2497 demersis,
3413 2427 3679 2499 postridie

2090 2523 2145 2576 in
2181 2521 2496 2593 Helenopoli
2522 2522 2791 2594 Bithynia:
2826 2523 3096 2593 integrum
3146 2537 3344 2592 corpus
3389 2536 3514 2577 cum
3548 2520 3679 2591 ipsis

2091 2614 2363 2685 lapidibus
2413 2615 2694 2669 inventum
2732 2621 2845 2679 est,
2907 2613 3254 2683 lideliumque
3300 2628 3514 2668 summa
3554 2628 3677 2667 cum

2088 2708 2444 2762 veneratione
2490 2707 2781 2777 sepultum.
2821 2709 2890 2761 At
2917 2702 3166 2762 decursis
3193 2708 3402 2776 aliquot
3424 2707 3549 2762 inde
3572 2720 3681 2762 sa:-

2090 2798 2229 2854 culis
2263 2798 2313 2852 id
2355 2813 2419 2853 ex
2442 2797 2666 2853 Oriente
2693 2809 3006 2867 susceptum
3032 2797 3263 2852 Carolus
3290 2784 3682 2865 Magnus’Are-

2089 2890 2257 2944 latum
2282 2888 2495 2953 detulit,
2522 2888 2896 2957 :ndilicataque
2936 2890 2989 2944 in
3030 2889 3149 2959 ejus
3166 2889 3429 2944 honorem
3448 2886 3682 2944 ecclesia

2091 2982 2203 3035 illic
2265 2980 2568 3036 honoriﬁce
2608 2981 2917 3037 recondidit
2970 2997 3068 3053 per
3136 2979 3436 3049 Turpinum
3491 2979 3683 3035 archi-

2092 3077 2404 3147 episcopum
2456 3075 2782 3134 Remensem
2843 3097 2857 3134 :
2890 3094 2997 3147 qua
3026 3094 3089 3135 ex
3126 3093 3188 3134 re
3247 3076 3452 3133 Arelati
3486 3075 3684 3133 festiva

2093 3169 2256 3246 hodie
2294 3171 2432 3225 tanti
2494 3172 2750 3244 martyris
2782 3186 2850 3228 ex
2883 3173 3032 3230 avito
3065 3186 3219 3230 more
3247 3171 3447 3230 colitur
3476 3183 3685 3229 memo-

396 3248 711 3309 Luciasmm
743 3254 983 3312 abierit:
1036 3266 1133 3311 aut
1188 3268 1339 3314 certe
1364 3272 1410 3312 a-
1456 3256 1680 3312 librario
1731 3259 1987 3329 quopiam
2017 3259 2060 3317 C
2099 3261 2202 3317 ria.
2244 3281 2263 3316 ι

989 3456 1198 3471 “-
1219 3455 1800 3472 ..Ἀ-..ιο

1433 3615 1684 3702 ΒΙΟΣ.
1761 3617 1958 3703 ΚΑΙ
2031 3619 2678 3708 ΜΑΡΤΥΡΙΟΝ

472 3811 783 3931 ΤΟΥ
838 3810 1307 3932 ΑΓΙΟΥ
1400 3813 2567 3937 ΙΕΡΟΜΑΡΤΥΡΟΣ
2654 3815 3604 3937 ΛΟΥΚΙΑΝΟΥ.

2004 4064 2078 4079 ὰ

1614 4198 1809 4268 νιΤΑ
1855 4205 1961 4268 ET
2003 4205 2499 4269 MARTYRIUM

993 4383 1791 4479 SACBOSANCTI
1872 4390 2489 4482 MARTYBIS
2560 4391 3110 4484 LUCIANI.

998 4655 1188 4724 (Greca
1212 4659 1568 4727 descripsimus
1585 4669 1649 4708 ex
1670 4669 1765 4709 ms.
1789 4655 1962 4709 codice
1983 4654 2284 4710 Coisliaiano
2303 4670 2354 4709 n.
2378 4657 2493 4720 H5,
2512 4655 2684 4709 calculi
2722 4670 2777 4709 ι.
2808 4655 2948 4708 Em.
2970 4654 3149 4717 Pan.)

1905 4974 2136 5038 CAPUT
2164 4974 2207 5043 Ι.

1519 5112 1579 5170 S.
1610 5112 1837 5169 Luciam'
1864 5114 2059 5184 patria,
2086 5119 2325 5182 uirtutes,
2357 5113 2605 5169 eruditio.

477 5242 552 5306 α’.
590 5245 903 5316 Σαμόσατα
931 5242 1086 5312 πόλις
1121 5240 1227 5318 τῆς
1268 5246 1472 5319 Συρίας
1515 5249 1688 5314 ἐστὶν,
1723 5248 1981 5321 Εὐφράτῃ

2088 5281 2092 5308 l
2194 5245 2478 5303 Samosata
2509 5244 2689 5317 (ἣξει
2713 5242 2909 5301 civitas
2950 5236 3145 5316 Syriae,
3187 5257 3350 5314 quam
3379 5240 3698 5313 praeterﬂuit

400 5346 467 5413 τῇ
495 5343 666 5398 πόλει
697 5341 1002 5411 παραρρεῖ,
1030 5344 1229 5412 πατρὶς
1247 5341 1282 5412 ἡ
1307 5340 1463 5405 πόλις
1483 5340 1809 5395 Λουκιανοῦ.
1839 5335 1983 5395 Οὗτθ

2120 5337 2450 5411 Euphrates.
2484 5337 2560 5395 Ea
2615 5338 2806 5394 civitas
2840 5336 2943 5393 fuit
2965 5337 3138 5406 patria
3172 5332 3420 5402 Luciaui,
3473 5335 3563 5391 ubi
3595 5334 3701 5392 fult

403 5434 515 5489 τῶν
554 5430 622 5490 εὖ
648 5432 962 5502 γεγονότων
1012 5434 1177 5503 ἀνὴρ,
1210 5432 1283 5493 ὡς
1313 5434 1341 5486 ὀ
1375 5434 1504 5504 περὶ
1539 5432 1709 5488 αὐτοῦ
1741 5434 1900 5503 λόγος
1925 5435 2007 5489 δι-

404 5522 584 5592 δάξει.
611 5525 954 5597 Γεννήτορις
985 5524 1309 5593 Χριστιανοὶ
1327 5523 1408 5594 τῷ
1433 5520 1588 5595 ἀνδρί
1612 5542 1625 5556 ·
1660 5525 1864 5596 σπουδὴ
1896 5528 2023 5589 τοῖς.

406 5618 753 5689 γιννὴτορσι
784 5614 1090 5672 Δουκιανὸν
1116 5616 1185 5670 ἑκ
1219 5614 1451 5687 πρώτης
1495 5615 1685 5687 τριχὸς
1718 5620 1787 5687 τῇ
1817 5618 2005 5672 Oscae-

2120 5433 2350 5488 honesto
2371 5432 2492 5486 loco
2514 5441 2696 5495 natus,
2724 5441 2785 5486 ut
2812 5430 2926 5487 haec
2958 5430 3177 5487 docebit
3204 5442 3346 5500 quae,
3380 5430 3448 5485 de
3484 5443 3553 5484 eo
3584 5438 3695 5484 tra-

2117 5525 2310 5591 ctabit,
2339 5522 2534 5580 oratio.
2565 5523 2830 5579 Parentes
2872 5523 2990 5590 ejus
3015 5530 3172 5579 erant
3222 5521 3542 5578 Christiani.
3580 5519 3703 5577 Ila-

2115 5632 2282 5688 gnum
2319 5625 2499 5672 autem
2533 5617 2771 5673 studium
2804 5616 2908 5671 l'uit
2932 5614 3272 5688 pereuntibus,
3308 5623 3366 5669 ut
3395 5612 3697 5670 Lucianum

492 5772 575 5846 (η
638 5771 939 5848 Samosata
968 5774 1036 5827 ad
1066 5776 1315 5829 dextram
1374 5776 1547 5848 ripam
1591 5774 1906 5848 Euphrati},
1934 5773 2024 5848 ubi
2133 5773 2433 5848 provincia.
2468 5772 2829 5848 Menologium
2867 5773 3051 5848 habet_
3083 5786 3154 5831 ex
3200 5770 3490 5832 Antiochia
3526 5768 3707 5848 Syria

414 5837 513 5901 lic'
532 5837 714 5917 ponte
747 5846 961 5915 lapideo
995 5852 1200 5902 stratus
1231 5854 1371 5911 erat,
1414 5837 1469 5901 i'u
1502 5837 1812 5916 Comaigeue
1840 5842 2023 5933 Syriae.
2122 5837 2304 5903 ortum
2336 5844 2507 5909 fuisse
2533 5846 2593 5902 ὃ.
2623 5837 2948 5932 Lticianutu.
