4152 6416
449 409 560 479 4θ3

1650 409 1935 470 MENSIS
1961 407 2424 469 JANUAPJUS.

3615 405 3725 470 ιοι

451 544 575 594 uitae
605 526 1055 585 saeriflcabantur
1077 525 1438 583 daemonibus.
1481 523 1599 580 Non
1630 525 1772 581 enim
1799 538 2034 592 persua—

2141 519 2286 576 διότι
2309 521 2385 593 μὴ
2414 518 2635 582 δυνατὸς
2667 512 2736 591 ἦν
2757 518 2970 573 πείθειν
3003 517 3203 581 αὐτοὺς
3225 514 3592 588 ἀπογεύεσθαι
3611 520 3725 575 τῶν

450 622 635 685 debat,
674 619 769 675 sed
817 619 1141 673 resistebant
1171 620 1348 688 pueri,
1397 628 1586 688 aperte
1635 614 1972 673 corroborati
2004 629 2033 667 a

448 710 712 781 quodam,
749 710 894 781 quod
934 712 1034 766 sub
1081 719 1358 779 aspectum
1409 718 1598 779 aperte
1648 722 1753 763 non
1786 705 2032 769 cadebat,

450 803 678 866 auxilio,
702 805 771 856 ad
809 803 982 873 magis
1011 799 1341 871 argnendam
1386 793 1715 866 daemonum,
1758 808 1814 850 et
1843 810 2033 850 eorum

391 877 402 907 ί
449 897 543 964 qui
594 896 675 950 eis
707 895 1034 961 inserviunt,
1095 910 1202 949 non
1259 894 1432 949 solum
1478 891 1905 961 improbitatem,
1939 887 2034 941 sed

449 988 611 1042 etiam
662 986 1089 1042 imbecillitatem
1128 986 1440 1055 :siquidem
1481 992 1680 1052 aperta:
1707 990 1827 1035 erat
1868 979 2036 1035 imbe-

448 1077 718 1141 cillitatis,
749 1093 857 1132 non
892 1092 1050 1148 posse
1100 1077 1309 1131 ﬁrmam
1344 1091 1408 1131 ac
1438 1075 1672 1128 validam
1716 1086 1869 1126 suam
1907 1068 2033 1123 red-

448 1166 578 1220 dere
603 1167 951 1234 sententiam,
978 1166 1215 1220 maxime
1261 1180 1383 1219 cum
1430 1163 1617 1218 omnia
1657 1168 1940 1228 cuperent,
1980 1165 2035 1212 et

447 1259 631 1312 omnia
659 1261 1055 1328 experirentur.
1083 1257 1209 1311 Fuit
1235 1267 1414 1311 autem
1450 1253 1745 1309 maximum
1771 1250 2031 1305 auxilium

447 1349 540 1419 iis,
572 1352 665 1420 qui
688 1354 1030 1407 considerate
1065 1361 1118 1404 et
1145 1366 1210 1404 ex
1232 1349 1445 1418 judicio
1491 1344 1865 1408 decertabant,
1899 1358 2033 1411 pue-

446 1456 633 1496 rorum
665 1442 732 1494 ad
769 1449 996 1495 mortem
1027 1453 1196 1507 usque
1241 1437 1505 1492 fortitudo
1530 1446 1585 1491 et
1614 1433 1940 1500 constantia,
1975 1441 2036 1487 ut

416 1516 538 1601 :qui
563 1533 974 1595 erubescerent,
1013 1529 1058 1585 si
1088 1538 1445 1586 cernerentur
1487 1528 1673 1597 pueris
1720 1525 2030 1590 inferiores,

416 1622 609 1685 ,rebus
639 1622 897 1691 gravibus
925 1633 979 1677 et
1005 1623 1217 1691 asperis
1248 1622 1436 1687 illatis,
1465 1622 1607 1676 sicut
1658 1620 1757 1685 illi,
1805 1634 1910 1673 non
1942 1632 2031 1673 rc-

443 1716 721 1771 sisteutes.
758 1714 1079 1784 Quicunque
1104 1724 1286 1769 autem
1311 1730 1501 1770 rursus
1529 1714 1912 1781 frangerentur
1940 1726 2033 1778 pe-

420 1788 655 1870 Vriculis,
691 1806 760 1863 iis
780 1821 1072 1877 puerorum
1117 1807 1496 1876 perpessioncs
1527 1804 1823 1859 afferebant
1848 1818 2034 1873 reprc-

445 1871 796 1961 bensionem,
811 1898 956 1966 quod
991 1871 1256 1952 non—tarn
1292 1907 1514 1969 propter
1555 1897 1823 1951 malorum
1854 1871 2031 1966 gravi-
2064 1871 2108 1931 Β

445 1994 638 2050 tatem,
669 1998 830 2054 quam
867 1994 1090 2054 propter
1142 1988 1309 2040 animi
1350 1986 1654 2050 mollitiem,
1713 2002 1809 2041 eos
1864 1986 2036 2040 victos

442 2075 612 2132 fuisse
635 2085 948 2147 appareret.
975 2077 1068 2133 Sic
1091 2079 1227 2133 nihil
1255 2090 1479 2144 temere,
1524 2095 1622 2134 nec
1661 2081 1866 2148 absque
1895 2079 2036 2149 opti-

444 2184 533 2223 ma
566 2170 780 2225 ratione
812 2185 986 2239 neque
1016 2180 1121 2236 est,
1177 2187 1355 2241 neque
1401 2173 1524 2236 fuit,
1571 2186 1748 2240 neque
1795 2186 2033 2240 unquam

442 2261 610 2330 fuerit
659 2277 849 2325 eorum
882 2278 1004 2331 quae
1032 2279 1063 2318 a
1117 2262 1226 2319 Deo
1256 2265 1634 2319 conceduntur
1661 2274 1717 2318 et
1762 2264 1879 2332 ejus
1911 2276 2036 2330 pro-

441 2354 681 2410 videntia
738 2374 752 2411 :
805 2358 1076 2424 quomodo
1112 2365 1241 2413 tunc
1294 2358 1458 2411 multa
1511 2358 1729 2427 quidem
1779 2357 1925 2409 varia
1978 2363 2035 2408 et

444 2446 763 2516 multiplicia
798 2459 1101 2503 evenerunt
1123 2449 1176 2504 in
1208 2450 1410 2520 pueris.
1454 2450 1532 2504 Ex
1560 2449 1759 2520 quibus
1780 2448 2034 2503 omnibus

445 2541 880 2607 unumnarrabo,
905 2544 1048 2612 quod
1077 2552 1161 2598 est
1197 2544 1432 2598 maxime
1467 2544 1686 2614 dignum
1719 2552 1776 2596 ut
1812 2542 2033 2596 mande-

447 2644 532 2688 tur
559 2635 855 2691 memorim.
885 2633 978 2689 Sic
1002 2637 1147 2690 enim
1167 2636 1332 2690 habet
1365 2654 1377 2690 :

455 2758 463 2766 ο
516 2726 568 2781 7.
598 2726 958 2783 Maximianus
998 2745 1120 2783 cum
1154 2729 1288 2784 duos
1314 2729 1575 2798 quosdam
1606 2745 1802 2799 pueros
1834 2744 2032 2800 genere

439 2817 660 2883 fratres,
693 2819 889 2873 illustri
914 2819 1033 2874 loco
1061 2830 1240 2884 natos,
1262 2806 1830 2887 curassetsistendos;
1857 2820 2030 2889 primo

438 2908 659 2973 quidem
674 2908 974 2964 conabatur
998 2923 1093 2965 eos
1116 2908 1436 2979 quibusdam
1454 2910 1737 2979 promissis
1759 2910 2026 2975 inescare,

439 2995 639 3061 quibus
708 2997 1058 3052 existimabat
1124 3013 1323 3067 pueros
1392 3000 1630 3053 maxime
1674 3000 2023 3055 illiciendos:

437 3095 626 3154 postea
653 3085 817 3151 jussit
834 3088 913 3142 eis
936 3086 1119 3142 afferri
1142 3104 1205 3143 ex
1227 3088 1320 3154 iis,
1348 3104 1469 3160 quae
1490 3092 1804 3160 erantapud
1831 3093 2026 3159 ipsum,

2138 620 2253 680 τοῖς
2287 616 2507 682 δαίμοσι
2549 615 2852 684 θυομένων.
2885 614 2961 667 Ού
2992 612 3100 685 γὰρ
3129 612 3370 680 ἔπειθεν,
3400 615 3516 669 ἀλλ’
3538 617 3723 670 ἀντεῖ-

2140 724 2234 777 χον
2255 708 2303 759 οἱ
2345 706 2533 769 παῖδες
2561 706 2666 759 ὑπό
2694 722 2839 768 τινος
2886 704 3158 772 ἐπιδήλως
3196 706 3434 774 ἀοράτου
3468 706 3724 776 βοηθείας

2140 794 2518 864 νευρούμενοι,
2561 794 2697 864 πρὸς
2726 793 2948 864 ἔλεγχον
2982 794 3207 864 μείζονα
3249 796 3350 865 τῆς
3387 790 3497 849 τῶν
3525 796 3722 867 δαιμό-

2138 903 2245 938 νων
2272 885 2504 938 καὶτῶν
2566 886 2776 948 τούτοις
2834 888 3304 957 ὑπηρετουμένων
3356 890 3417 942 ού
3456 890 3723 958 πονηρίας

2139 975 2241 1045 ἤδη
2291 975 2472 1045 μόνον,
2517 975 2654 1029 ἀλλὰ
2712 970 2806 1029 καῖ
2851 977 3173 1042 ἀσθενείας·
3215 978 3375 1050 εἴπερ
3442 981 3724 1048 ἐμφανοῦς

2137 1067 2423 1128 ἀσθενείας
2450 1062 2518 1138 ἦν
2541 1066 2602 1120 τὸ
2629 1067 2704 1139 μὴ
2749 1068 3011 1122 δύνασθαι
3055 1071 3285 1141 κυρείαν
3320 1071 3588 1135 ἐπιδεῖξαι
3621 1074 3722 1144 τὴν

2138 1157 2348 1212 ἑαυτῶν
2375 1158 2602 1230 γνώμην
2646 1160 2823 1215 πάντα
2868 1162 3377 1233 προθυμουμένους,
3424 1165 3597 1224 ἄλλως
3637 1182 3719 1233 τε,

2137 1252 2232 1304 καὶ
2261 1254 2394 1304 πᾶσι
2426 1252 2525 1323 τὴν
2564 1257 2759 1325 πεῖραν
2808 1255 3189 1324 προσάγοντας
3211 1272 3225 1285 ο
3260 1257 3356 1309 καὶ
3396 1256 3497 1326 μὲν
3525 1256 3588 1325 δὴ
3624 1257 3721 1311 καὶ

2138 1342 2396 1415 βοήθημα
2431 1345 2688 1415 μέγιστον
2720 1346 2933 1415 ἐγίνετο
2962 1349 3075 1410 τοῖς
3094 1348 3159 1399 ἐκ
3179 1346 3446 1417 λογισμοῦ
3473 1348 3568 1401 καὶ
3598 1348 3720 1419 κρί-
3745 1379 3754 1419 ξ

2139 1452 2277 1498 σεως
2308 1436 2739 1508 ἀγωνιζομένοις
2760 1440 2793 1509 ή
2814 1438 2924 1492 τῶν
2955 1437 3163 1491 παίδων
3181 1439 3307 1508 ἄχρι
3329 1415 3563 1493 θανάτου
3586 1415 3722 1509 καρ-

2135 1527 2294 1597 τερία
2319 1529 2413 1580 καὶ
2448 1506 2719 1596 ἔνστασις,
2754 1506 2812 1582 ὲν
2846 1529 3080 1603 αἰσχύνῃ
3112 1506 3476 1599 ποιουμένοις,
3513 1531 3560 1582 εί
3590 1506 3755 1602 stati-7

2134 1615 2241 1669 δων
2265 1615 2480 1684 ὀφθεῖεν
2508 1618 2705 1686 ἥττους
2735 1620 2801 1689 τῇ
2830 1617 2938 1670 τῶν
2958 1618 3149 1671 δεινῶν
3169 1619 3436 1690 ἐπαγωγῇ
3469 1620 3547 1682 ὡς
3568 1622 3719 1673 ἐκεῖ·

2136 1722 2217 1759 νοι
2262 1707 2336 1777 μὴ
2363 1708 2773 1779 ἀνθιστάμενοι.
2809 1710 2963 1764 Ὅσοι
2994 1710 3053 1763 δὲ
3084 1710 3247 1764 πάλιν
3293 1711 3431 1779 πρὸς
3457 1712 3585 1773 τοὺς
3610 1729 3722 1766 κινο

2134 1798 2324 1862 δύνους
2354 1801 2649 1855 ὀκλάσειαν
2682 1801 2909 1865 τούτους
2940 1804 3020 1865 είς
3053 1802 3392 1873 κατηγορίαν
3446 1803 3621 1855 ἐτέλει
3653 1801 3723 1856 τά

2136 1892 2245 1944 τῶν
2278 1893 2487 1947 παίδων
2534 1893 2856 1964 παθήματα,
2888 1894 2963 1957 ὡς
3007 1896 3127 1966 ούχὶ
3173 1894 3440 1965 βαρύτητι
3475 1894 3585 1947 τῶν
3615 1894 3725 1947 δει-

2136 1983 2243 2035 νῶν
2271 1985 2495 2052 μᾶλλον,
2529 1985 2561 2056 ἢ
2597 1985 2928 2056 χαλαρότητι
2978 1986 3258 2055 λογισμῶν
3311 1985 3551 2050 οἰκείων,
3608 1984 3717 2056 τὴν

2134 2069 2303 2148 ἧτταν
2333 2076 2820 2148 ύπομεμενηκότες
2868 2078 3191 2149 φανείησαν.
3227 2078 3418 2143 Οὕτως
3461 2078 3613 2132 οὐδὲν
3652 2081 3724 2132 εί-

2133 2171 2290 2222 καῖον
2315 2169 2440 2223 οὐδὲ
2470 2169 2634 2237 λόγου
2656 2169 2751 2222 τοῦ
2786 2170 3082 2240 κρατίστου
3114 2172 3283 2242 χωρὶς
3312 2169 3441 2223 οὔτε
3470 2167 3559 2241 ἦν,
3596 2170 3721 2225 οὔτε

2134 2259 2304 2325 ἐστιν,
2334 2259 2459 2314 οὔτε
2491 2266 2703 2332 μήποτε
2749 2262 2979 2333 γένηται
3022 2264 3131 2317 τῶν
3178 2261 3285 2316 ὑπὸ
3325 2262 3461 2316 Θεοῦ
3501 2265 3597 2316 καὶ
3622 2264 3722 2334 τῆς

2137 2349 2307 2402 αὑτοῦ
2330 2353 2589 2422 προνοίας
2616 2354 3091 2424 συγχωρουμένων
3114 2370 3127 2384 ·
3148 2353 3299 2407 ὥσπε
3309 2371 3340 2425 ρ
3368 2349 3460 2407 οῦν
3490 2355 3582 2407 καὶ
3596 2354 3722 2408 τότε

2134 2449 2355 2503 ποικίλα
2379 2450 2480 2520 μὲν
2507 2452 2601 2503 καὶ
2624 2450 2761 2503 ἄλλα
2786 2452 2915 2521 περ)¹
2936 2451 3064 2512 τοὺς
3086 2450 3280 2513 παῖδας
3298 2450 3507 2517 ἐγίνετο
3524 2448 3672 2518 πάθη
3698 2463 3717 2485 ο

2134 2537 2192 2590 ἓν
2230 2540 2306 2604 δὲ,
2332 2540 2360 2593 ὃ
2392 2541 2485 2593 καὶ
2513 2541 2735 2611 μνήμης
2765 2539 2883 2593 ἔστι
2907 2540 3143 2611 μάλιστα
3165 2538 3335 2606 ἄξιον,
3358 2538 3710 2610 διηγήσομαι.

2137 2631 2292 2702 Ἔχει
2327 2632 2437 2701 γὰρ
2467 2630 2589 2689 ὦδε.

2205 2727 2270 2792 ζ’.
2306 2726 2364 2779 '0
2393 2723 2737 2795 Μαξιμιανὺς
2763 2723 2860 2777 δύο
2907 2724 3063 2788 τινας
3102 2722 3300 2787 παῖδας
3349 2721 3612 2791 ἀδελφοὺς
3652 2721 3716 2774 τδ

2132 2822 2310 2891 γένος,
2340 2819 2450 2873 τῶν
2503 2818 2775 2888 λαμπρῶν
2822 2818 3160 2888 γενομένων,
3191 2816 3716 2887 παραστησάμενος,

2132 2916 2201 2967 τὰ
2228 2912 2422 2983 πρῶτα
2462 2912 2563 2981 μὲν
2590 2911 2921 2982 ύποσχέσεσί
2944 2928 3090 2964 τισιν
3112 2911 3387 2981 ἐπεχείρει
3416 2908 3716 2974 δελεάζειν,

2132 3008 2249 3072 οἵας
2287 3005 2425 3078 ᾤετο
2477 3004 2670 3059 παισὶν
2725 3007 2808 3057 ὅτι
2852 3004 3090 3075 μάλιστα
3137 3001 3466 3074 γενήσεσθαι
3502 3001 3723 3067 ἐπαγω-

2133 3100 2367 3168 γοτάτας
2388 3114 2401 3127 ·
2443 3096 2536 3151 καὶ
2576 3095 2912 3167 προσφέρειν
2948 3095 3201 3149 ἐκέλευεν
3231 3094 3415 3157 αὐτοῖς
3446 3092 3556 3145 τῶν
3588 3089 3720 3162 παρ’

439 3175 751 3242 sacrificiis,
783 3189 837 3232 et
863 3193 987 3248 quae
1018 3179 1326 3236 videntibus
1378 3183 1560 3251 pueris
1600 3183 2025 3245 sacrificaverat,

2136 3192 2285 3262 αύτῷ
2315 3189 2594 3259 θυμάτων,
2632 3184 2707 3242 ὧν
2739 3190 2824 3241 ἐπ’
2861 3187 3163 3258 ὀφθαλμοῖς
3182 3186 3294 3239 τῶν
3318 3184 3525 3238 παίδων
3549 3182 3723 3245 θύσας

440 3277 579 3322 utet
605 3277 912 3339 gustarent,
946 3281 1002 3326 et
1060 3272 1224 3327 nullis
1282 3274 1442 3330 malis
1484 3276 1859 3332 afficerentur.
1919 3277 2032 3332 lllis

441 3367 623 3415 autem
659 3362 1059 3430 aversantibus,
1081 3374 1137 3419 et
1173 3362 1515 3432 deflentibus,
1548 3377 1603 3423 et
1639 3377 1696 3423 ut
1755 3379 2026 3437 poterant,

438 3448 625 3522 lingua
670 3452 752 3508 eis
810 3455 1144 3512 balbutiente
1203 3457 1534 3526 dicentibus,
1586 3460 1731 3528 quod
1805 3478 1911 3515 non
1955 3464 2036 3517 sic

438 3543 758 3601 didicissent
794 3562 823 3600 a
858 3547 1197 3616 parentibus,
1220 3550 1315 3605 sed
1343 3549 1481 3603 alius
1517 3559 1662 3605 esset
1682 3553 1896 3617 modus,
1927 3570 2034 3621 quo

439 3637 827 3706 iiutebantur;
888 3639 1127 3695 minatus
1181 3652 1288 3708 est,
1340 3644 1408 3698 ab
1444 3645 1520 3696 ira
1577 3655 1837 3709 mutatus,
1900 3647 2031 3714 quiti

435 3725 602 3781 etiam
635 3728 801 3783 variis
844 3743 940 3784 eos
969 3728 1146 3785 affecit
1177 3732 1517 3786 verberibus.
1558 3731 1692 3788 Cum
1730 3749 1859 3788 vero
1884 3737 2033 3805 pueri

438 3816 655 3872 fortiter
695 3819 1034 3887 resisterent,
1083 3830 1138 3874 et
1202 3820 1349 3875 nullo
1402 3822 1561 3876 modo
1604 3824 1880 3889 cederent,
1938 3838 2034 3879 eos

439 3909 630 3978 utique
652 3910 832 3964 divina
859 3912 1152 3967 roborante
1170 3913 1371 3968 virtute
1404 3929 1418 3979 ;
1445 3914 1663 3982 quidam
1686 3930 1716 3970 e
1745 3917 2030 3986 Supliistis,

439 4003 533 4070 qui
589 4002 701 4058 illic
730 4004 923 4059 aderat
972 4005 1135 4059 simul
1184 4021 1307 4062 cum
1344 4007 1695 4076 imperatore,
1732 4020 1785 4065 et
1816 4014 1881 4065 ad
1920 4013 2035 4068 hac
2082 4038 2087 4043 -

437 4112 563 4152 eum
603 4098 838 4153 maxime
866 4099 1129 4154 incitabat
1180 4109 1236 4156 et
1272 4101 1594 4167 inducebat,
1653 4105 1924 4172 pollicitus
1949 4115 2035 4161 est

439 4206 501 4247 se
518 4191 702 4246 statim
733 4191 1054 4247 effecturum
1091 4204 1149 4248 ut
1181 4195 1283 4264 ipsi
1314 4197 1686 4253 comederent.
1722 4197 2029 4254 Ridiculum

441 4284 586 4338 enim
622 4299 744 4340 esse
772 4284 1009 4350 dicebat,
1049 4285 1093 4341 si
1122 4302 1149 4339 a
1177 4287 1364 4355 pueris
1406 4288 1582 4342 adhuc
1608 4289 2033 4345 balbutientibus

441 4376 761 4431 viderentur
786 4376 1033 4445 superari
1066 4375 1433 4433 Romanorum
1479 4370 1865 4447 imperatores.
1901 4379 2033 4435 Tale

439 4469 569 4544 quid
592 4483 723 4541 ergo
778 4469 1122 4524 machinatur
1155 4485 1169 4522 :
1207 4486 1327 4525 cum
1360 4470 1554 4541 sinapii
1588 4474 1876 4542 quamdam
1903 4489 2031 4527 acu-

2137 3278 2228 3354 ἦν,
2270 3281 2356 3350 ἐφ’
2391 3274 2496 3349 ᾧτε
2523 3278 2965 3348 ἀπογεύσασθαι,
3001 3280 3097 3332 καὶ
3125 3276 3313 3331 κακῶν
3347 3274 3581 3336 ἀπαθεῖς
3604 3273 3722 3344 μεῖ-

2137 3392 2250 3429 ναι.
2284 3373 2406 3427 Τῶν
2444 3373 2501 3426 δὲ
2539 3373 3040 3442 ἀποστρεφομένων
3080 3387 3139 3423 τε
3168 3369 3263 3424 καὶ
3290 3367 3720 3428 άνακλαιόντων,

2138 3468 2233 3523 καὶ
2264 3468 2338 3530 ὡς
2360 3466 2624 3537 ἠδύναντο
2650 3466 2970 3535 φασκόντων
3003 3463 3105 3532 τῆς
3134 3461 3388 3531 γλώσσης
3423 3461 3609 3522 αὐτοῖς
3638 3457 3721 3511 ἔτι

2134 3558 2556 3629 ψελλιζομένης,
2608 3559 2704 3611 καὶ
2738 3558 2821 3611 ὅτι
2850 3548 2948 3625 ούχ
2975 3555 3149 3617 οὕτως
3178 3553 3329 3624 παρὰ
3370 3556 3482 3616 τοῖς
3508 3550 3721 3605 ἑαυτῶν

2136 3651 2412 3722 πατράσιν
2447 3649 2833 3721 μεμαθηκότες
2863 3648 3075 3719 εἴησαν,
3104 3646 3220 3700 ἀλλ’
3255 3646 3442 3717 ἕτερος
3482 3645 3567 3712 εἴη
3593 3642 3722 3713 τρό-

2137 3761 2238 3808 πος
2260 3746 2288 3797 ὁ
2312 3743 2443 3813 παρ’
2474 3743 2707 3804 ἐκείνοις
2742 3740 3092 3811 τελούμενος,
3129 3738 3348 3809 ἠπείλει
3384 3734 3723 3806 μεταϐαλλό-

2139 3852 2301 3907 μενος
2331 3830 2510 3901 αῦθις,
2548 3836 2645 3897 καὶ
2668 3834 2732 3906 δὴ
2780 3834 2876 3887 καὶ
2922 3830 3205 3903 προσῆγεν
3241 3830 3424 3893 αὐτοῖς
3468 3827 3723 3892 ποικίλας

2137 3928 2342 3991 αἰκίας.
2383 3926 2472 3989 Ὠς
2505 3926 2561 3979 δὲ
2589 3926 2683 3979 καὶ
2718 3925 2855 3994 πρὸς
2899 3922 3105 3986 ταύτας
3132 3923 3182 3976 οἱ
3212 3921 3397 3985 παῖδες
3430 3920 3721 3991 ἀπομαχὸ-

2140 4038 2293 4093 μενοι
2334 4020 2573 4085 ἵσταντο,
2621 4019 2716 4072 καὶ
2759 4016 3013 4089 οὐδαμῶς
3069 4013 3373 4068 ἐνεδίδοσαν
3420 4014 3519 4079 τῆς
3568 4012 3722 4076 θείας

2133 4112 2331 4173 αύτούς
2352 4109 2525 4180 δήπου
2560 4107 2908 4177 ρωννυούσης
2937 4107 3266 4174 δυνάμεως”
3297 4104 3408 4159 τῶν
3445 4104 3529 4168 τὶς
3564 4121 3721 4172 σοφι-

2136 4204 2278 4258 στῶν
2308 4203 2479 4257 ἐκεῖθι
2516 4202 2594 4274 τῷ
2650 4201 2862 4272 βασιλεῖ
2922 4198 3115 4271 παρὼν
3144 4200 3172 4252 6
3202 4196 3340 4269 πρὸς
3389 4196 3457 4251 τὰ
3495 4196 3723 4251 τοιαῦτα

2141 4294 2382 4367 μάλιστα
2407 4292 2714 4365 παρορμῶν
2748 4309 2806 4345 τε
2860 4292 2955 4345 καὶ
2986 4290 3391 4360 ὑφηγούμενος,
3424 4289 3587 4351 αὐτὸς
3619 4289 3726 4341 ύπ-

2137 4390 2269 4460 έστη
2308 4387 2764 4460 παρασκευάσειν
2793 4384 2992 4448 αύτούς
3026 4383 3226 4437 αὐτίκα
3256 4382 3567 4453 βρώσεσθαι
3587 4400 3727 4435 παν-

2136 4484 2228 4547 τὸς
2262 4480 2357 4537 τοῦ
2416 4480 2905 4552 προσφερομένου·
2950 4475 3358 4544 καταγέλαστον
3410 4475 3520 4545 γὰρ
3583 4470 3727 4528 εἶναι

442 4561 712 4626 tissimam
741 4570 796 4616 et
825 4560 1054 4621 toleratu
1088 4562 1466 4624 difﬁcillimam
1503 4567 1867 4635 excogitasset
1895 4582 2030 4621 con-

2141 4577 2346 4629 παίδων
2372 4575 2451 4628 ἔτι
2491 4571 2903 4642 ψελλιζομένων
2943 4572 3166 4640 φανεῖεν
3217 4570 3267 4623 οἱ
3306 4567 3597 4638 Ῥωμαίων
3627 4568 3727 4635 βα-

438 4654 754 4721 fectionem,
783 4668 970 4709 eorum
1011 4656 1230 4725 quidem
1281 4668 1444 4726 caput
1470 4658 1594 4726 pilis
1626 4659 1849 4712 nudavit
1875 4677 1889 4727 ;
1913 4675 2032 4715 cum

437 4755 622 4804 autem
679 4746 1060 4806 medicamenti
1136 4749 1226 4815 id,
1265 4750 1406 4818 quod
1440 4760 1559 4805 erat
1609 4751 2032 4820 crassissimum,

439 4841 714 4915 illivisset,
748 4850 807 4897 ut
830 4857 896 4898 ex
929 4843 1136 4912 majore
1172 4844 1424 4907 materia,
1463 4845 1741 4913 repentina
1772 4853 1827 4899 et
1863 4847 2036 4917 major

440 4935 601 4990 situul
657 4936 829 4991 virtus
870 4936 1193 5005 profundum
1233 4948 1570 5005 penetraret,
1610 4938 1661 4991 in
1695 4938 1815 5004 igne
1840 4957 2034 4995 aereu-

437 5044 557 5085 sum
590 5043 685 5090 eos
710 5028 889 5082 intulit
920 5026 1195 5085 balneum.
1221 5026 1333 5083 Hoc
1359 5029 1552 5084 inloco
1579 5030 1751 5098 pueri,
1778 5046 1897 5083 cum
1937 5046 2030 5082 ve-

441 5123 543 5178 luti
579 5123 811 5193 quodam
838 5121 1064 5180 fulmine
1110 5124 1218 5176 lcta
1262 5133 1449 5177 essent
1478 5138 1664 5177 eorum
1699 5124 1895 5190 capita,
1933 5114 2034 5176 hac

435 5218 554 5288 ipsa
617 5217 750 5273 hora
782 5215 1006 5275 fuerunt
1065 5215 1313 5273 inclinati
1377 5216 1443 5268 ad
1480 5215 1652 5269 solum
1686 5229 1879 5283 usque.
1920 5213 2031 5268 Nae

397 5368 403 5376 ,
440 5309 610 5364 multo
640 5319 761 5379 post
789 5310 987 5363 cadens
1016 5322 1204 5363 eorum
1226 5317 1386 5366 aetate
1409 5309 1587 5363 minor
1611 5308 1758 5378 prior
1776 5315 1859 5361 est
1884 5322 2033 5360 mor-

440 5408 587 5465 tuus,
646 5415 769 5455 cum
832 5414 938 5453 non
996 5401 1280 5470 .potuisset
1352 5399 1611 5453 resistere
1673 5395 2030 5466 magnitudini

443 5488 678 5551 "animum
724 5506 969 5549 accensa:
1004 5493 1057 5547 in
1091 5492 1348 5553 calvaria.
1407 5490 1540 5545 Cum
1576 5498 1753 5544 autem
1786 5489 1924 5542 alter
1948 5488 2033 5539 vi-

442 5580 617 5637 disset
647 5581 871 5639 fratrem
896 5584 1181 5649 cecidisse,
1220 5599 1380 5654 quam
1410 5584 1644 5638 maxima
1698 5582 1872 5649 potuit
1898 5594 2032 5634 voce

443 5673 582 5725 bona
615 5676 776 5730 verba
807 5684 893 5729 est
936 5676 1152 5743 effatus,
1203 5676 1391 5730 fratris
1446 5675 1727 5729 exsultans
1775 5672 2028 5735 victoria,

444 5778 677 5833 eumque
717 5767 998 5835 amplexus
1034 5777 1118 5821 est
1147 5778 1200 5823 et
1233 5769 1530 5835 osculatus,
1564 5780 1617 5823 et
1660 5784 1781 5821 eum
1815 5765 2029 5836 procla—

444 5854 612 5913 mavit
668 5856 951 5925 victorem,
1010 5859 1223 5917 assidue
1267 5860 1611 5940 caclamans‘
1644 5877 1671 5940 τῇ
1714 5859 1905 5917 Frater
1953 5863 2026 5932 Li,

2142 4669 2309 4730 σιλεῖς
2347 4667 2545 4738 ἥττους
2582 4663 2887 4733 γενόμενοι.
2918 4661 3247 4730 Μηχανᾶται
3276 4658 3455 4711 τοίνυν
3486 4658 3687 4711 τοιόνδε
3709 4674 3724 4688 ο

2138 4759 2344 4820 νάπυος
2385 4756 2506 4810 τινὰ
2555 4755 2756 4823 σκευὴν
2812 4751 3080 4820 ὀξυτάτην
3138 4750 3234 4804 καὶ
3282 4750 3728 4821 δυσκαρτέρητον

2139 4852 2458 4919 ἐπινοήσας,
2493 4847 2729 4915 ἐψίλωσε
2767 4847 2866 4915 μὲν
2928 4844 3111 4907 αὐτοῖς
3161 4843 3260 4905 τὰς
3320 4841 3566 4911 κεφαλὰς
3614 4841 3726 4894 τῶν

2136 4939 2343 5011 τριχῶν
2370 4956 2384 4970 ·
2417 4938 2571 4991 τοῦδε
2610 4936 2904 5006 φαρμάκου
2943 4933 3260 5004 παχύτατον
3291 4933 3624 4996 ἐπιπλάσας,
3656 4931 3726 4984 ἶν’

2137 5033 2201 5084 ἐκ
2236 5031 2481 5093 πλείονος
2512 5029 2609 5094 τῆς
2646 5027 2777 5096 ὕλης
2831 5026 3003 5095 ἁθρόα
3049 5026 3145 5079 καὶ
3195 5025 3398 5077 πλείων
3428 5026 3460 5093 ή
3492 5023 3727 5092 δύναμις

2137 5126 2170 5195 ή
2201 5122 2295 5179 τοῦ
2340 5121 2538 5193 βάθους
2566 5120 2964 5188 καθαπτομένη
2990 5160 3007 5183 ,
3042 5120 3123 5181 είς
3150 5117 3482 5186 πυριφλεγὲς
3519 5115 3729 5169 εἰσεκό-

2143 5234 2270 5288 μισε
2307 5214 2608 5286 βαλανεῖον.
2651 5211 2919 5266 Ἐνταῦθα
2958 5212 3023 5282 δὴ
3070 5213 3118 5265 oi
3161 5210 3353 5273 παῖδες
3405 5209 3593 5276 ὥσπερ
3620 5207 3729 5258 τινί⁸

2135 5310 2418 5379 πρηστῆρι
2443 5308 2541 5370 τάς
2574 5306 2820 5375 κεφαλὰς
2852 5305 3144 5375 βληθέντες
3173 5303 3426 5371 αύθωρδν
3454 5299 3732 5368 συνεκάμ-

2136 5401 2352 5469 φθησαν
2386 5400 2582 5470 μέχρις
2607 5398 2862 5466 ἐδάφους.
2912 5400 3023 5452 Καὶ
3058 5396 3177 5466 μετ’
3204 5393 3264 5448 ού
3304 5393 3440 5447 πολὺ
3486 5389 3670 5444 πεσὼν
3701 5391 3731 5442 6

2136 5489 2401 5561 νεώτερος
2457 5488 2638 5549 αὐτῶν
2682 5487 2895 5553 ἔθανεν,
2925 5488 3025 5541 οὐκ
3060 5484 3336 5555 ἀντισχὼν
3372 5483 3511 5552 πρὸς
3534 5482 3594 5535 τὸ
3629 5480 3732 5551 μέ-

2136 5583 2293 5652 γεθος
2323 5582 2422 5651 τῆς
2454 5581 2786 5651 ὲξαφθείσης
2810 5578 2907 5633 τοῦ
2937 5578 3165 5648 κρανίου
3191 5576 3391 5645 φλογός
3426 5592 3438 5605 ·
3459 5577 3487 5628 6
3514 5573 3574 5626 δὲ
3610 5575 3732 5627 ἓτεο

2139 5692 2229 5745 ρος
2254 5673 2330 5736 ὡς
2364 5669 2472 5726 εἶδε
2525 5672 2765 5726 πεσόντα
2795 5672 2888 5725 τὸν
2932 5670 3164 5739 ἀδελφὸν
3199 5669 3561 5739 ἀνευφὴμησε
3583 5667 3725 5733 ὀπη-

2134 5768 2286 5821 λίκον
2317 5766 2551 5837 ἠδύνατο
2584 5765 2843 5835 μέγιστον
2873 5766 2939 5835 τῇ
2966 5762 3060 5818 τοῦ
3086 5760 3318 5831 ἀδελφοῦ
3344 5760 3469 5832 νίκῃ
3491 5756 3730 5827 ἐπαγαλι

2139 5862 2383 5935 λδμενος,
2418 5860 2511 5915 καὶ
2552 5857 2865 5931 περιλαϐὼν
2909 5858 3072 5914 αὐτὸν
3124 5856 3322 5927 ἐφίλει,
3365 5855 3459 5909 καὶ
3499 5848 3726 5924 νικηφόσ
