  <div class='ocr_page' id='page_1' title='image "/cluster/home/n/w/nwhite01/storage/ocr_20150623/114:no.1/coo.31924054870187/210.png"; bbox 0 0 4152 6402; ppageno 0'>
   <div class='ocr_carea' id='block_1_1' title="bbox 446 399 554 466">
    <p class='ocr_par' dir='ltr' id='par_1_1' title="bbox 446 399 554 466">
     <span class='ocr_line' id='line_1_1' title="bbox 446 399 554 466; baseline 0.019 -2"><span class='ocrx_word' id='word_1_1' title='bbox 446 399 554 466; x_wconf 66' lang='grc'><strong>405</strong></span> 
     </span>
    </p>
   </div>
   <div class='ocr_carea' id='block_1_2' title="bbox 1740 375 2408 446">
    <p class='ocr_par' dir='ltr' id='par_1_2' title="bbox 1740 375 2408 446">
     <span class='ocr_line' id='line_1_2' title="bbox 1740 375 2408 446; baseline -0.016 0"><span class='ocrx_word' id='word_1_2' title='bbox 1740 381 1927 446; x_wconf 79' lang='lat' dir='ltr'><strong>VITA</strong></span> <span class='ocrx_word' id='word_1_3' title='bbox 1957 379 2022 441; x_wconf 90' lang='lat' dir='ltr'><strong>S.</strong></span> <span class='ocrx_word' id='word_1_4' title='bbox 2066 375 2408 438; x_wconf 84' lang='lat' dir='ltr'><strong>LUCIANI.</strong></span> 
     </span>
    </p>
   </div>
   <div class='ocr_carea' id='block_1_3' title="bbox 3603 358 3741 425">
    <p class='ocr_par' dir='ltr' id='par_1_3' title="bbox 3603 358 3741 425">
     <span class='ocr_line' id='line_1_3' title="bbox 3603 358 3741 425; baseline 0.022 -3"><span class='ocrx_word' id='word_1_5' title='bbox 3603 358 3741 425; x_wconf 67' lang='grc' dir='ltr'>έθθῖ</span> 
     </span>
    </p>
   </div>
   <div class='ocr_carea' id='block_1_4' title="bbox 450 479 2051 589">
    <p class='ocr_par' dir='ltr' id='par_1_4' title="bbox 450 494 2026 589">
     <span class='ocr_line' id='line_1_4' title="bbox 450 494 2026 589; baseline -0.013 -20"><span class='ocrx_word' id='word_1_6' title='bbox 450 532 543 589; x_wconf 87' lang='grc' dir='ltr'><strong>ρον</strong></span> <span class='ocrx_word' id='word_1_7' title='bbox 570 509 727 570; x_wconf 66' lang='lat' dir='ltr'><strong>Mdu.</strong></span> <span class='ocrx_word' id='word_1_8' title='bbox 757 505 853 564; x_wconf 68' lang='lat' dir='ltr'><strong>xui.</strong></span> <span class='ocrx_word' id='word_1_9' title='bbox 877 505 1119 577; x_wconf 84' lang='grc' dir='ltr'>συνεχῶς</span> <span class='ocrx_word' id='word_1_10' title='bbox 1140 518 1156 535; x_wconf 87' lang='grc'><strong>·</strong></span> <span class='ocrx_word' id='word_1_11' title='bbox 1181 501 1408 574; x_wconf 80' lang='grc' dir='ltr'>’Δδελφέ</span> <span class='ocrx_word' id='word_1_12' title='bbox 1443 517 1570 573; x_wconf 91' lang='grc' dir='ltr'>μου,</span> <span class='ocrx_word' id='word_1_13' title='bbox 1596 497 1912 568; x_wconf 77' lang='grc' dir='ltr'><strong>νενίκηκας,</strong></span> <span class='ocrx_word' id='word_1_14' title='bbox 1933 494 2026 549; x_wconf 73' lang='grc' dir='ltr'><strong>ὲκ-</strong></span> 
     </span>
    </p>
   </div>
   <div class='ocr_carea' id='block_1_5' title="bbox 2139 479 3712 589">
    <p class='ocr_par' dir='ltr' id='par_1_5' title="bbox 2139 479 3712 554">
     <span class='ocr_line' id='line_1_5' title="bbox 2139 479 3712 554; baseline -0.012 -8"><span class='ocrx_word' id='word_1_15' title='bbox 2139 490 2333 554; x_wconf 82' lang='lat' dir='ltr'><strong>ricisti,</strong></span> <span class='ocrx_word' id='word_1_16' title='bbox 2373 489 2546 545; x_wconf 90' lang='lat' dir='ltr'><strong>donec</strong></span> <span class='ocrx_word' id='word_1_17' title='bbox 2580 487 2683 540; x_wconf 90' lang='lat' dir='ltr'><strong>hoc</strong></span> <span class='ocrx_word' id='word_1_18' title='bbox 2722 484 2924 539; x_wconf 89' lang='lat' dir='ltr'><strong>dictum</strong></span> <span class='ocrx_word' id='word_1_19' title='bbox 2964 479 3254 550; x_wconf 84' lang='lat' dir='ltr'><strong>eloquens,</strong></span> <span class='ocrx_word' id='word_1_20' title='bbox 3295 488 3528 547; x_wconf 88' lang='lat' dir='ltr'><strong>eumque</strong></span> <span class='ocrx_word' id='word_1_21' title='bbox 3559 488 3712 529; x_wconf 85' lang='lat' dir='ltr'><strong>com-</strong></span> 
     </span>
    </p>
   </div>
   <div class='ocr_carea' id='block_1_6' title="bbox 449 589 2025 677">
    <p class='ocr_par' dir='ltr' id='par_1_6' title="bbox 449 589 2025 677">
     <span class='ocr_line' id='line_1_6' title="bbox 449 589 2025 677; baseline -0.013 -17"><span class='ocrx_word' id='word_1_22' title='bbox 449 604 701 677; x_wconf 81' lang='grc' dir='ltr'>ικράγει,</span> <span class='ocrx_word' id='word_1_23' title='bbox 737 600 933 673; x_wconf 81' lang='grc' dir='ltr'><strong>μέχρις</strong></span> <span class='ocrx_word' id='word_1_24' title='bbox 973 592 1036 652; x_wconf 79' lang='grc' dir='ltr'>οἶι</span> <span class='ocrx_word' id='word_1_25' title='bbox 1070 597 1166 653; x_wconf 72' lang='grc' dir='ltr'><strong>καὶ</strong></span> <span class='ocrx_word' id='word_1_26' title='bbox 1192 596 1354 659; x_wconf 80' lang='grc' dir='ltr'>αὐτὸς</span> <span class='ocrx_word' id='word_1_27' title='bbox 1384 594 1545 649; x_wconf 81' lang='grc' dir='ltr'>τοῦτο</span> <span class='ocrx_word' id='word_1_28' title='bbox 1592 593 1722 656; x_wconf 80' lang='grc' dir='ltr'>επος</span> <span class='ocrx_word' id='word_1_29' title='bbox 1759 589 2025 660; x_wconf 71' lang='grc' dir='ltr'>ἐπιφθεγ-</span> 
     </span>
    </p>
   </div>
   <div class='ocr_carea' id='block_1_7' title="bbox 448 679 2029 767">
    <p class='ocr_par' dir='ltr' id='par_1_7' title="bbox 448 679 2029 767">
     <span class='ocr_line' id='line_1_7' title="bbox 448 679 2029 767; baseline -0.012 -16"><span class='ocrx_word' id='word_1_30' title='bbox 448 698 679 767; x_wconf 85' lang='grc' dir='ltr'>γόμενος</span> <span class='ocrx_word' id='word_1_31' title='bbox 711 691 862 763; x_wconf 83' lang='grc' dir='ltr'>αὐτῷ</span> <span class='ocrx_word' id='word_1_32' title='bbox 883 690 979 745; x_wconf 70' lang='grc' dir='ltr'>καὶ</span> <span class='ocrx_word' id='word_1_33' title='bbox 1008 687 1344 757; x_wconf 83' lang='grc' dir='ltr'>περιπλεγνὺ</span> <span class='ocrx_word' id='word_1_34' title='bbox 1353 703 1514 758; x_wconf 91' lang='grc' dir='ltr'>μενος</span> <span class='ocrx_word' id='word_1_35' title='bbox 1540 686 1636 739; x_wconf 69' lang='grc' dir='ltr'>καὶ</span> <span class='ocrx_word' id='word_1_36' title='bbox 1660 679 1832 752; x_wconf 84' lang='grc' dir='ltr'>φιλῶν</span> <span class='ocrx_word' id='word_1_37' title='bbox 1857 696 2029 751; x_wconf 87' lang='grc' dir='ltr'>προσ-</span> 
     </span>
    </p>
   </div>
   <div class='ocr_carea' id='block_1_8' title="bbox 449 769 2026 848">
    <p class='ocr_par' dir='ltr' id='par_1_8' title="bbox 449 769 2026 848">
     <span class='ocr_line' id='line_1_8' title="bbox 449 769 2026 848; baseline -0.012 -8"><span class='ocrx_word' id='word_1_38' title='bbox 449 785 819 846; x_wconf 83' lang='grc' dir='ltr'>απέπνευσεν,</span> <span class='ocrx_word' id='word_1_39' title='bbox 860 779 957 834; x_wconf 78' lang='grc' dir='ltr'>καὶ</span> <span class='ocrx_word' id='word_1_40' title='bbox 990 779 1170 833; x_wconf 74' lang='grc' dir='ltr'>ἔκειτο</span> <span class='ocrx_word' id='word_1_41' title='bbox 1208 777 1308 848; x_wconf 68' lang='grc' dir='ltr'><strong>ἠδη</strong></span> <span class='ocrx_word' id='word_1_42' title='bbox 1354 776 1447 829; x_wconf 83' lang='grc' dir='ltr'><strong>τὸν</strong></span> <span class='ocrx_word' id='word_1_43' title='bbox 1476 769 1705 843; x_wconf 81' lang='grc' dir='ltr'>ἀδελφὸν</span> <span class='ocrx_word' id='word_1_44' title='bbox 1739 771 2026 838; x_wconf 70' lang='grc' dir='ltr'>ὲνηγκαλι-</span> 
     </span>
    </p>
   </div>
   <div class='ocr_carea' id='block_1_9' title="bbox 453 862 2027 948">
    <p class='ocr_par' dir='ltr' id='par_1_9' title="bbox 453 862 2027 948">
     <span class='ocr_line' id='line_1_9' title="bbox 453 862 2027 948; baseline -0.012 -17"><span class='ocrx_word' id='word_1_45' title='bbox 453 877 673 948; x_wconf 82' lang='grc' dir='ltr'>σμένος.</span> <span class='ocrx_word' id='word_1_46' title='bbox 705 873 819 928; x_wconf 74' lang='grc' dir='ltr'><strong>Καὶ</strong></span> <span class='ocrx_word' id='word_1_47' title='bbox 844 870 1019 935; x_wconf 80' lang='grc' dir='ltr'>πάθος</span> <span class='ocrx_word' id='word_1_48' title='bbox 1060 871 1317 940; x_wconf 84' lang='grc' dir='ltr'>μέγιστον</span> <span class='ocrx_word' id='word_1_49' title='bbox 1354 868 1420 937; x_wconf 77' lang='grc' dir='ltr'>δὴ</span> <span class='ocrx_word' id='word_1_50' title='bbox 1441 864 1630 919; x_wconf 78' lang='grc' dir='ltr'>τοῦτον</span> <span class='ocrx_word' id='word_1_51' title='bbox 1658 865 1780 917; x_wconf 80' lang='grc' dir='ltr'>κατ’</span> <span class='ocrx_word' id='word_1_52' title='bbox 1818 862 2027 915; x_wconf 78' lang='grc' dir='ltr'>ἐκεῖνον</span> 
     </span>
    </p>
   </div>
   <div class='ocr_carea' id='block_1_10' title="bbox 450 954 2027 1036">
    <p class='ocr_par' dir='ltr' id='par_1_10' title="bbox 450 954 2027 1036">
     <span class='ocr_line' id='line_1_10' title="bbox 450 954 2027 1036; baseline -0.013 -14"><span class='ocrx_word' id='word_1_53' title='bbox 450 966 650 1035; x_wconf 74' lang='grc' dir='ltr'>συνέϐη</span> <span class='ocrx_word' id='word_1_54' title='bbox 696 963 790 1018; x_wconf 76' lang='grc' dir='ltr'>τὸν</span> <span class='ocrx_word' id='word_1_55' title='bbox 821 964 1035 1036; x_wconf 83' lang='grc' dir='ltr'>χρόνον,</span> <span class='ocrx_word' id='word_1_56' title='bbox 1076 962 1174 1016; x_wconf 61' lang='grc' dir='ltr'><strong>καί¹</strong></span> <span class='ocrx_word' id='word_1_57' title='bbox 1222 961 1337 1023; x_wconf 83' lang='grc' dir='ltr'>τοῖς</span> <span class='ocrx_word' id='word_1_58' title='bbox 1379 958 1581 1029; x_wconf 80' lang='grc' dir='ltr'>ὁρῶσιν</span> <span class='ocrx_word' id='word_1_59' title='bbox 1637 954 2027 1013; x_wconf 84' lang='grc' dir='ltr'>ὲλεεινότατον,</span> 
     </span>
    </p>
   </div>
   <div class='ocr_carea' id='block_1_11' title="bbox 451 1041 2031 1128">
    <p class='ocr_par' dir='ltr' id='par_1_11' title="bbox 451 1041 2031 1128">
     <span class='ocr_line' id='line_1_11' title="bbox 451 1041 2031 1128; baseline -0.013 -14"><span class='ocrx_word' id='word_1_60' title='bbox 451 1059 621 1128; x_wconf 70' lang='grc' dir='ltr'>αὐτῆς</span> <span class='ocrx_word' id='word_1_61' title='bbox 643 1057 817 1127; x_wconf 85' lang='grc' dir='ltr'><strong>δήπου</strong></span> <span class='ocrx_word' id='word_1_62' title='bbox 850 1056 952 1126; x_wconf 85' lang='grc' dir='ltr'><strong>τῆς</strong></span> <span class='ocrx_word' id='word_1_63' title='bbox 984 1054 1199 1122; x_wconf 79' lang='grc' dir='ltr'>ἡλικίας</span> <span class='ocrx_word' id='word_1_64' title='bbox 1230 1054 1311 1113; x_wconf 84' lang='grc' dir='ltr'><strong>είς</strong></span> <span class='ocrx_word' id='word_1_65' title='bbox 1357 1047 1540 1103; x_wconf 71' lang='grc' dir='ltr'>οἶκτον</span> <span class='ocrx_word' id='word_1_66' title='bbox 1570 1047 1668 1111; x_wconf 77' lang='grc' dir='ltr'>τὰς</span> <span class='ocrx_word' id='word_1_67' title='bbox 1697 1045 1807 1099; x_wconf 85' lang='grc' dir='ltr'>τῶν</span> <span class='ocrx_word' id='word_1_68' title='bbox 1844 1041 2031 1096; x_wconf 86' lang='grc' dir='ltr'>πλειό-</span> 
     </span>
    </p>
   </div>
   <div class='ocr_carea' id='block_1_12' title="bbox 450 1137 2029 1218">
    <p class='ocr_par' dir='ltr' id='par_1_12' title="bbox 450 1137 2029 1218">
     <span class='ocr_line' id='line_1_12' title="bbox 450 1137 2029 1218; baseline -0.012 -15"><span class='ocrx_word' id='word_1_69' title='bbox 450 1167 556 1203; x_wconf 85' lang='grc' dir='ltr'><strong>νων</strong></span> <span class='ocrx_word' id='word_1_70' title='bbox 584 1148 813 1218; x_wconf 82' lang='grc' dir='ltr'><strong>γνώμας</strong></span> <span class='ocrx_word' id='word_1_71' title='bbox 837 1144 1255 1215; x_wconf 76' lang='grc' dir='ltr'>ὲπισπωμένης.</span> <span class='ocrx_word' id='word_1_72' title='bbox 1280 1141 1393 1195; x_wconf 67' lang='grc' dir='ltr'><strong>Καὶ</strong></span> <span class='ocrx_word' id='word_1_73' title='bbox 1410 1139 1634 1200; x_wconf 76' lang='grc' dir='ltr'><strong>τούτους</strong></span> <span class='ocrx_word' id='word_1_74' title='bbox 1656 1137 1757 1206; x_wconf 83' lang='grc' dir='ltr'>μὲν</span> <span class='ocrx_word' id='word_1_75' title='bbox 1775 1137 1824 1188; x_wconf 83' lang='grc' dir='ltr'><strong>οἱ</strong></span> <span class='ocrx_word' id='word_1_76' title='bbox 1857 1148 2029 1202; x_wconf 83' lang='grc' dir='ltr'>προσ-</span> 
     </span>
    </p>
   </div>
   <div class='ocr_carea' id='block_1_13' title="bbox 451 1222 2031 1311">
    <p class='ocr_par' dir='ltr' id='par_1_13' title="bbox 451 1222 2031 1311">
     <span class='ocr_line' id='line_1_13' title="bbox 451 1222 2031 1311; baseline -0.013 -16"><span class='ocrx_word' id='word_1_77' title='bbox 451 1244 680 1311; x_wconf 77' lang='grc' dir='ltr'>ήκοντες</span> <span class='ocrx_word' id='word_1_78' title='bbox 713 1238 1029 1308; x_wconf 82' lang='grc' dir='ltr'><strong>ἀνελόμενοι</strong></span> <span class='ocrx_word' id='word_1_79' title='bbox 1060 1236 1156 1289; x_wconf 77' lang='grc' dir='ltr'><strong>σὺν</strong></span> <span class='ocrx_word' id='word_1_80' title='bbox 1182 1237 1296 1296; x_wconf 88' lang='grc' dir='ltr'>τοῖς</span> <span class='ocrx_word' id='word_1_81' title='bbox 1327 1232 1508 1295; x_wconf 82' lang='grc' dir='ltr'>ἄλλοις</span> <span class='ocrx_word' id='word_1_82' title='bbox 1538 1228 1744 1299; x_wconf 70' lang='grc' dir='ltr'>ἔθαψαν</span> <span class='ocrx_word' id='word_1_83' title='bbox 1762 1225 1921 1279; x_wconf 78' lang='grc' dir='ltr'>παισὶ</span> <span class='ocrx_word' id='word_1_84' title='bbox 1942 1222 2031 1276; x_wconf 85' lang='grc' dir='ltr'><strong>διά</strong></span> 
     </span>
    </p>
   </div>
   <div class='ocr_carea' id='block_1_14' title="bbox 454 1320 2030 1402">
    <p class='ocr_par' dir='ltr' id='par_1_14' title="bbox 454 1320 2030 1402">
     <span class='ocr_line' id='line_1_14' title="bbox 454 1320 2030 1402; baseline -0.01 -18"><span class='ocrx_word' id='word_1_85' title='bbox 454 1333 515 1386; x_wconf 75' lang='grc' dir='ltr'>τὸ</span> <span class='ocrx_word' id='word_1_86' title='bbox 542 1332 723 1385; x_wconf 80' lang='grc' dir='ltr'>κοινὸν</span> <span class='ocrx_word' id='word_1_87' title='bbox 760 1332 861 1402; x_wconf 81' lang='grc' dir='ltr'>τῆς</span> <span class='ocrx_word' id='word_1_88' title='bbox 889 1330 1075 1391; x_wconf 77' lang='grc' dir='ltr'><strong>αἰτίας</strong></span> <span class='ocrx_word' id='word_1_89' title='bbox 1098 1346 1111 1360; x_wconf 89' lang='grc'><strong>·</strong></span> <span class='ocrx_word' id='word_1_90' title='bbox 1136 1328 1233 1381; x_wconf 73' lang='grc' dir='ltr'>καὶ</span> <span class='ocrx_word' id='word_1_91' title='bbox 1256 1324 1351 1379; x_wconf 84' lang='grc' dir='ltr'>νῦν</span> <span class='ocrx_word' id='word_1_92' title='bbox 1379 1323 1528 1378; x_wconf 77' lang='grc' dir='ltr'>ἔστιν</span> <span class='ocrx_word' id='word_1_93' title='bbox 1552 1321 1736 1376; x_wconf 76' lang='grc' dir='ltr'>αὐτῶν</span> <span class='ocrx_word' id='word_1_94' title='bbox 1778 1320 1839 1372; x_wconf 63' lang='lat' dir='ltr'><strong>to</strong></span> <span class='ocrx_word' id='word_1_95' title='bbox 1885 1331 2030 1387; x_wconf 91' lang='grc' dir='ltr'>μαρ-</span> 
     </span>
    </p>
   </div>
   <div class='ocr_carea' id='block_1_15' title="bbox 457 1405 2030 1492">
    <p class='ocr_par' dir='ltr' id='par_1_15' title="bbox 457 1405 2030 1492">
     <span class='ocr_line' id='line_1_15' title="bbox 457 1405 2030 1492; baseline -0.008 -18"><span class='ocrx_word' id='word_1_96' title='bbox 457 1421 641 1492; x_wconf 84' lang='grc' dir='ltr'>τύριον</span> <span class='ocrx_word' id='word_1_97' title='bbox 668 1420 800 1492; x_wconf 75' lang='grc' dir='ltr'>περὶ</span> <span class='ocrx_word' id='word_1_98' title='bbox 831 1420 933 1491; x_wconf 82' lang='grc' dir='ltr'>τὴν</span> <span class='ocrx_word' id='word_1_99' title='bbox 954 1419 1349 1489; x_wconf 77' lang='grc' dir='ltr'><strong>Νικομήδειαν,</strong></span> <span class='ocrx_word' id='word_1_100' title='bbox 1381 1415 1491 1469; x_wconf 85' lang='grc' dir='ltr'>τῶν</span> <span class='ocrx_word' id='word_1_101' title='bbox 1529 1413 1740 1485; x_wconf 80' lang='grc' dir='ltr'>νηπίων</span> <span class='ocrx_word' id='word_1_102' title='bbox 1771 1407 1916 1463; x_wconf 74' lang='grc' dir='ltr'>οὕτω</span> <span class='ocrx_word' id='word_1_103' title='bbox 1943 1405 2030 1478; x_wconf 80' lang='grc' dir='ltr'><strong>μὲ-</strong></span> 
     </span>
    </p>
   </div>
   <div class='ocr_carea' id='block_1_16' title="bbox 463 1510 1429 1587">
    <p class='ocr_par' dir='ltr' id='par_1_16' title="bbox 463 1510 1429 1587">
     <span class='ocr_line' id='line_1_16' title="bbox 463 1510 1429 1587; baseline -0.004 -20"><span class='ocrx_word' id='word_1_104' title='bbox 463 1528 554 1585; x_wconf 72' lang='grc' dir='ltr'>χρι</span> <span class='ocrx_word' id='word_1_105' title='bbox 574 1512 665 1567; x_wconf 80' lang='grc' dir='ltr'>τοῦ</span> <span class='ocrx_word' id='word_1_106' title='bbox 694 1513 961 1587; x_wconf 82' lang='grc' dir='ltr'><strong>παρόντος</strong></span> <span class='ocrx_word' id='word_1_107' title='bbox 990 1510 1429 1583; x_wconf 75' lang='grc' dir='ltr'><strong>ὀνομαζομένων.</strong></span> 
     </span>
    </p>
   </div>
   <div class='ocr_carea' id='block_1_17' title="bbox 2129 565 3716 654">
    <p class='ocr_par' dir='ltr' id='par_1_17' title="bbox 2129 565 3716 654">
     <span class='ocr_line' id='line_1_17' title="bbox 2129 565 3716 654; baseline -0.012 -17"><span class='ocrx_word' id='word_1_108' title='bbox 2129 583 2371 654; x_wconf 86' lang='lat' dir='ltr'><strong>plectens</strong></span> <span class='ocrx_word' id='word_1_109' title='bbox 2387 588 2441 634; x_wconf 90' lang='lat' dir='ltr'><strong>et</strong></span> <span class='ocrx_word' id='word_1_110' title='bbox 2463 575 2867 645; x_wconf 35' lang='lat' dir='ltr'><strong>osculansgipse</strong></span> <span class='ocrx_word' id='word_1_111' title='bbox 2890 586 3102 642; x_wconf 89' lang='lat' dir='ltr'><strong>quoque</strong></span> <span class='ocrx_word' id='word_1_112' title='bbox 3121 567 3423 639; x_wconf 73' lang='lat' dir='ltr'><strong>exspiravit</strong></span> <span class='ocrx_word' id='word_1_113' title='bbox 3448 575 3502 621; x_wconf 88' lang='lat' dir='ltr'><strong>et</strong></span> <span class='ocrx_word' id='word_1_114' title='bbox 3522 565 3716 633; x_wconf 75' lang='lat' dir='ltr'><strong>iacuit,</strong></span> 
     </span>
    </p>
   </div>
   <div class='ocr_carea' id='block_1_18' title="bbox 2132 658 3717 738">
    <p class='ocr_par' dir='ltr' id='par_1_18' title="bbox 2132 658 3717 738">
     <span class='ocr_line' id='line_1_18' title="bbox 2132 658 3717 738; baseline -0.013 -9"><span class='ocrx_word' id='word_1_115' title='bbox 2132 673 2358 729; x_wconf 77' lang='lat' dir='ltr'><strong>fratrem</strong></span> <span class='ocrx_word' id='word_1_116' title='bbox 2414 670 2525 738; x_wconf 83' lang='lat' dir='ltr'><strong>jam</strong></span> <span class='ocrx_word' id='word_1_117' title='bbox 2560 668 2704 723; x_wconf 89' lang='lat' dir='ltr'><strong>ulnis</strong></span> <span class='ocrx_word' id='word_1_118' title='bbox 2737 677 2946 722; x_wconf 90' lang='lat' dir='ltr'><strong>tenens.</strong></span> <span class='ocrx_word' id='word_1_119' title='bbox 2984 664 3197 720; x_wconf 81' lang='lat' dir='ltr'><strong>Accidit</strong></span> <span class='ocrx_word' id='word_1_120' title='bbox 3246 667 3428 716; x_wconf 89' lang='lat' dir='ltr'><strong>autem</strong></span> <span class='ocrx_word' id='word_1_121' title='bbox 3462 658 3552 713; x_wconf 88' lang='lat' dir='ltr'><strong>illo</strong></span> <span class='ocrx_word' id='word_1_122' title='bbox 3580 666 3717 711; x_wconf 87' lang='lat' dir='ltr'><strong>tem-</strong></span> 
     </span>
    </p>
   </div>
   <div class='ocr_carea' id='block_1_19' title="bbox 2132 750 3716 837">
    <p class='ocr_par' dir='ltr' id='par_1_19' title="bbox 2132 750 3716 837">
     <span class='ocr_line' id='line_1_19' title="bbox 2132 750 3716 837; baseline -0.013 -17"><span class='ocrx_word' id='word_1_123' title='bbox 2132 781 2266 837; x_wconf 84' lang='lat' dir='ltr'><strong>pore</strong></span> <span class='ocrx_word' id='word_1_124' title='bbox 2317 765 2431 818; x_wconf 82' lang='lat' dir='ltr'><strong>haec</strong></span> <span class='ocrx_word' id='word_1_125' title='bbox 2473 760 2765 831; x_wconf 87' lang='lat' dir='ltr'><strong>perpessio</strong></span> <span class='ocrx_word' id='word_1_126' title='bbox 2791 757 3052 822; x_wconf 78' lang='lat' dir='ltr'><strong>maxima,</strong></span> <span class='ocrx_word' id='word_1_127' title='bbox 3102 764 3157 812; x_wconf 87' lang='lat' dir='ltr'><strong>et</strong></span> <span class='ocrx_word' id='word_1_128' title='bbox 3197 755 3284 821; x_wconf 84' lang='lat' dir='ltr'><strong>iis,</strong></span> <span class='ocrx_word' id='word_1_129' title='bbox 3313 752 3407 822; x_wconf 90' lang='lat' dir='ltr'><strong>qui</strong></span> <span class='ocrx_word' id='word_1_130' title='bbox 3438 750 3716 811; x_wconf 74' lang='lat' dir='ltr'><strong>videbant,</strong></span> 
     </span>
    </p>
   </div>
   <div class='ocr_carea' id='block_1_20' title="bbox 2134 848 3722 918">
    <p class='ocr_par' dir='ltr' id='par_1_20' title="bbox 2134 848 3722 918">
     <span class='ocr_line' id='line_1_20' title="bbox 2134 848 3722 918; baseline -0.013 -7"><span class='ocrx_word' id='word_1_131' title='bbox 2134 855 2374 912; x_wconf 77' lang='lat' dir='ltr'><strong>maxime</strong></span> <span class='ocrx_word' id='word_1_132' title='bbox 2404 850 2754 917; x_wconf 84' lang='lat' dir='ltr'><strong>miserabilis,</strong></span> <span class='ocrx_word' id='word_1_133' title='bbox 2786 850 2903 918; x_wconf 88' lang='lat' dir='ltr'><strong>ipsa</strong></span> <span class='ocrx_word' id='word_1_134' title='bbox 2941 848 3158 918; x_wconf 84' lang='lat' dir='ltr'><strong>quidem</strong></span> <span class='ocrx_word' id='word_1_135' title='bbox 3190 853 3338 899; x_wconf 88' lang='lat' dir='ltr'><strong>certe</strong></span> <span class='ocrx_word' id='word_1_136' title='bbox 3367 850 3529 897; x_wconf 81' lang='lat' dir='ltr'><strong>:etate</strong></span> <span class='ocrx_word' id='word_1_137' title='bbox 3552 848 3722 894; x_wconf 87' lang='lat' dir='ltr'><strong>attra-</strong></span> 
     </span>
    </p>
   </div>
   <div class='ocr_carea' id='block_1_21' title="bbox 2134 930 3720 1012">
    <p class='ocr_par' dir='ltr' id='par_1_21' title="bbox 2134 930 3720 1012">
     <span class='ocr_line' id='line_1_21' title="bbox 2134 930 3720 1012; baseline -0.011 -10"><span class='ocrx_word' id='word_1_138' title='bbox 2134 946 2299 1003; x_wconf 87' lang='lat' dir='ltr'><strong>hente</strong></span> <span class='ocrx_word' id='word_1_139' title='bbox 2325 945 2685 1012; x_wconf 86' lang='lat' dir='ltr'><strong>plurimorum</strong></span> <span class='ocrx_word' id='word_1_140' title='bbox 2711 943 2924 995; x_wconf 87' lang='lat' dir='ltr'><strong>animos</strong></span> <span class='ocrx_word' id='word_1_141' title='bbox 2951 938 3019 993; x_wconf 85' lang='lat' dir='ltr'><strong>ad</strong></span> <span class='ocrx_word' id='word_1_142' title='bbox 3046 934 3493 993; x_wconf 86' lang='lat' dir='ltr'><strong>misericordiam.</strong></span> <span class='ocrx_word' id='word_1_143' title='bbox 3524 930 3600 988; x_wconf 82' lang='lat' dir='ltr'><strong>Et</strong></span> <span class='ocrx_word' id='word_1_144' title='bbox 3626 933 3720 985; x_wconf 79' lang='lat' dir='ltr'><strong>e‘os</strong></span> 
     </span>
    </p>
   </div>
   <div class='ocr_carea' id='block_1_22' title="bbox 2134 1027 3733 1108">
    <p class='ocr_par' dir='ltr' id='par_1_22' title="bbox 2134 1027 3733 1108">
     <span class='ocr_line' id='line_1_22' title="bbox 2134 1027 3733 1108; baseline -0.011 -16"><span class='ocrx_word' id='word_1_145' title='bbox 2134 1038 2354 1108; x_wconf 79' lang='lat' dir='ltr'><strong>quidem</strong></span> <span class='ocrx_word' id='word_1_146' title='bbox 2389 1035 2424 1090; x_wconf 91' lang='lat' dir='ltr'><strong>ii</strong></span> <span class='ocrx_word' id='word_1_147' title='bbox 2466 1034 2559 1104; x_wconf 87' lang='lat' dir='ltr'><strong>qui</strong></span> <span class='ocrx_word' id='word_1_148' title='bbox 2590 1033 2657 1086; x_wconf 90' lang='lat' dir='ltr'><strong>ad</strong></span> <span class='ocrx_word' id='word_1_149' title='bbox 2683 1033 2830 1103; x_wconf 90' lang='lat' dir='ltr'><strong>ipsos</strong></span> <span class='ocrx_word' id='word_1_150' title='bbox 2871 1043 3071 1101; x_wconf 75' lang='lat' dir='ltr'><strong>genere</strong></span> <span class='ocrx_word' id='word_1_151' title='bbox 3103 1027 3425 1092; x_wconf 74' lang='lat' dir='ltr'><strong>attinebant,</strong></span> <span class='ocrx_word' id='word_1_152' title='bbox 3452 1039 3574 1079; x_wconf 89' lang='lat' dir='ltr'><strong>cum</strong></span> <span class='ocrx_word' id='word_1_153' title='bbox 3602 1034 3733 1077; x_wconf 54' lang='grc' dir='ltr'>ους-η</span> 
     </span>
    </p>
   </div>
   <div class='ocr_carea' id='block_1_23' title="bbox 2137 1114 3719 1194">
    <p class='ocr_par' dir='ltr' id='par_1_23' title="bbox 2137 1114 3719 1194">
     <span class='ocr_line' id='line_1_23' title="bbox 2137 1114 3719 1194; baseline -0.012 -13"><span class='ocrx_word' id='word_1_154' title='bbox 2137 1128 2412 1190; x_wconf 83' lang='lat' dir='ltr'><strong>tulissent,</strong></span> <span class='ocrx_word' id='word_1_155' title='bbox 2445 1122 2774 1194; x_wconf 89' lang='lat' dir='ltr'><strong>sepelierunt</strong></span> <span class='ocrx_word' id='word_1_156' title='bbox 2800 1134 2922 1174; x_wconf 90' lang='lat' dir='ltr'><strong>cum</strong></span> <span class='ocrx_word' id='word_1_157' title='bbox 2944 1117 3066 1172; x_wconf 87' lang='lat' dir='ltr'><strong>aliis</strong></span> <span class='ocrx_word' id='word_1_158' title='bbox 3095 1114 3304 1187; x_wconf 88' lang='lat' dir='ltr'><strong>pueris,</strong></span> <span class='ocrx_word' id='word_1_159' title='bbox 3335 1121 3559 1185; x_wconf 80' lang='lat' dir='ltr'><strong>propter</strong></span> <span class='ocrx_word' id='word_1_160' title='bbox 3585 1125 3719 1166; x_wconf 89' lang='lat' dir='ltr'><strong>cau-</strong></span> 
     </span>
    </p>
   </div>
   <div class='ocr_carea' id='block_1_24' title="bbox 2135 1194 3722 1281">
    <p class='ocr_par' dir='ltr' id='par_1_24' title="bbox 2135 1194 3722 1281">
     <span class='ocr_line' id='line_1_24' title="bbox 2135 1194 3722 1281; baseline -0.01 -10"><span class='ocrx_word' id='word_1_161' title='bbox 2135 1231 2209 1271; x_wconf 82' lang='lat' dir='ltr'><strong>sae</strong></span> <span class='ocrx_word' id='word_1_162' title='bbox 2238 1214 2709 1271; x_wconf 77' lang='lat' dir='ltr'><strong>comnmnitatem.</strong></span> <span class='ocrx_word' id='word_1_163' title='bbox 2743 1210 2809 1265; x_wconf 88' lang='lat' dir='ltr'><strong>Et</strong></span> <span class='ocrx_word' id='word_1_164' title='bbox 2838 1210 2942 1264; x_wconf 88' lang='lat' dir='ltr'><strong>hoc</strong></span> <span class='ocrx_word' id='word_1_165' title='bbox 2964 1215 3048 1263; x_wconf 89' lang='lat' dir='ltr'><strong>est</strong></span> <span class='ocrx_word' id='word_1_166' title='bbox 3082 1207 3401 1281; x_wconf 70' lang='lat' dir='ltr'><strong>martyrium</strong></span> <span class='ocrx_word' id='word_1_167' title='bbox 3435 1194 3582 1259; x_wconf 73' lang='lat' dir='ltr'><strong>circa</strong></span> <span class='ocrx_word' id='word_1_168' title='bbox 3628 1200 3722 1256; x_wconf 79' lang='lat' dir='ltr'><strong>Ni.—</strong></span> 
     </span>
    </p>
   </div>
   <div class='ocr_carea' id='block_1_25' title="bbox 2137 1294 3721 1373">
    <p class='ocr_par' dir='ltr' id='par_1_25' title="bbox 2137 1294 3721 1373">
     <span class='ocr_line' id='line_1_25' title="bbox 2137 1294 3721 1373; baseline -0.01 -10"><span class='ocrx_word' id='word_1_169' title='bbox 2137 1306 2459 1368; x_wconf 84' lang='lat' dir='ltr'><strong>comediam,</strong></span> <span class='ocrx_word' id='word_1_170' title='bbox 2487 1303 2631 1373; x_wconf 91' lang='lat' dir='ltr'><strong>quod</strong></span> <span class='ocrx_word' id='word_1_171' title='bbox 2671 1302 2985 1357; x_wconf 86' lang='lat' dir='ltr'><strong>nominatur</strong></span> <span class='ocrx_word' id='word_1_172' title='bbox 3039 1298 3385 1370; x_wconf 84' lang='lat' dir='ltr'><strong>martyrium.</strong></span> <span class='ocrx_word' id='word_1_173' title='bbox 3409 1294 3721 1359; x_wconf 84' lang='lat' dir='ltr'><strong>infantium,</strong></span> 
     </span>
    </p>
   </div>
   <div class='ocr_carea' id='block_1_26' title="bbox 2146 1394 2940 1470">
    <p class='ocr_par' dir='ltr' id='par_1_26' title="bbox 2146 1394 2940 1470">
     <span class='ocr_line' id='line_1_26' title="bbox 2146 1394 2940 1470; baseline -0.008 -14"><span class='ocrx_word' id='word_1_174' title='bbox 2146 1414 2317 1470; x_wconf 85' lang='lat' dir='ltr'><strong>usque</strong></span> <span class='ocrx_word' id='word_1_175' title='bbox 2347 1399 2399 1453; x_wconf 87' lang='lat' dir='ltr'><strong>in</strong></span> <span class='ocrx_word' id='word_1_176' title='bbox 2431 1397 2747 1453; x_wconf 86' lang='lat' dir='ltr'><strong>hodiernam</strong></span> <span class='ocrx_word' id='word_1_177' title='bbox 2772 1394 2940 1453; x_wconf 79' lang='lat' dir='ltr'><strong>diem.</strong></span> 
     </span>
    </p>
   </div>
   <div class='ocr_carea' id='block_1_27' title="bbox 1889 1630 2243 1695">
    <p class='ocr_par' dir='ltr' id='par_1_27' title="bbox 1889 1630 2243 1695">
     <span class='ocr_line' id='line_1_27' title="bbox 1889 1630 2243 1695; baseline -0.023 0"><span class='ocrx_word' id='word_1_178' title='bbox 1889 1633 2120 1695; x_wconf 74' lang='lat' dir='ltr'><strong>CAPUT</strong></span> <span class='ocrx_word' id='word_1_179' title='bbox 2152 1630 2243 1689; x_wconf 66' lang='grc' dir='ltr'>ιιιε</span> 
     </span>
    </p>
   </div>
   <div class='ocr_carea' id='block_1_28' title="bbox 1270 1745 2842 1820">
    <p class='ocr_par' dir='ltr' id='par_1_28' title="bbox 1270 1745 2842 1820">
     <span class='ocr_line' id='line_1_28' title="bbox 1270 1745 2842 1820; baseline -0.018 0"><span class='ocrx_word' id='word_1_180' title='bbox 1270 1766 1538 1820; x_wconf 78' lang='lat' dir='ltr'><strong>Lucianns</strong></span> <span class='ocrx_word' id='word_1_181' title='bbox 1574 1763 1747 1817; x_wconf 73' lang='lat' dir='ltr'><strong>varios</strong></span> <span class='ocrx_word' id='word_1_182' title='bbox 1791 1752 2047 1813; x_wconf 79' lang='lat' dir='ltr'><strong>convertit</strong></span> <span class='ocrx_word' id='word_1_183' title='bbox 2084 1764 2102 1803; x_wconf 91' lang='lat'><strong><em>:</em></strong></span> <span class='ocrx_word' id='word_1_184' title='bbox 2146 1745 2431 1816; x_wconf 79' lang='lat' dir='ltr'><strong>conjicitur</strong></span> <span class='ocrx_word' id='word_1_185' title='bbox 2458 1745 2512 1796; x_wconf 81' lang='lat' dir='ltr'><strong>in</strong></span> <span class='ocrx_word' id='word_1_186' title='bbox 2554 1754 2842 1796; x_wconf 79' lang='lat' dir='ltr'><strong>carcerem.</strong></span> 
     </span>
    </p>
   </div>
   <div class='ocr_carea' id='block_1_29' title="bbox 527 1834 2051 1951">
    <p class='ocr_par' dir='ltr' id='par_1_29' title="bbox 527 1834 2031 1951">
     <span class='ocr_line' id='line_1_29' title="bbox 527 1834 2031 1951; baseline -0.011 -15"><span class='ocrx_word' id='word_1_187' title='bbox 527 1885 599 1950; x_wconf 87' lang='grc' dir='ltr'><strong>η’.</strong></span> <span class='ocrx_word' id='word_1_188' title='bbox 644 1880 704 1935; x_wconf 92' lang='lat'><strong>&#39;0</strong></span> <span class='ocrx_word' id='word_1_189' title='bbox 723 1880 779 1934; x_wconf 80' lang='grc' dir='ltr'>δὲ</span> <span class='ocrx_word' id='word_1_190' title='bbox 812 1881 1110 1944; x_wconf 74' lang='grc' dir='ltr'>Λουκιανὸς</span> <span class='ocrx_word' id='word_1_191' title='bbox 1144 1880 1331 1951; x_wconf 73' lang='grc' dir='ltr'>ἐπειδὴ</span> <span class='ocrx_word' id='word_1_192' title='bbox 1373 1834 1473 1950; x_wconf 51' lang='grc' dir='ltr'><strong>τέἱς</strong></span> <span class='ocrx_word' id='word_1_193' title='bbox 1508 1872 1903 1934; x_wconf 71' lang='grc' dir='ltr'>Καππαδοκίας</span> <span class='ocrx_word' id='word_1_194' title='bbox 1934 1871 2031 1922; x_wconf 66' lang='lat' dir='ltr'><strong>e7:-</strong></span> 
     </span>
    </p>
   </div>
   <div class='ocr_carea' id='block_1_30' title="bbox 2139 1834 3756 1951">
    <p class='ocr_par' dir='ltr' id='par_1_30' title="bbox 2204 1842 3756 1917">
     <span class='ocr_line' id='line_1_30' title="bbox 2204 1842 3756 1917; baseline -0.014 -3"><span class='ocrx_word' id='word_1_195' title='bbox 2204 1860 2261 1913; x_wconf 86' lang='lat'><strong>8.</strong></span> <span class='ocrx_word' id='word_1_196' title='bbox 2288 1857 2423 1914; x_wconf 89' lang='lat' dir='ltr'><strong>Cum</strong></span> <span class='ocrx_word' id='word_1_197' title='bbox 2447 1863 2625 1910; x_wconf 83' lang='lat' dir='ltr'><strong>autem</strong></span> <span class='ocrx_word' id='word_1_198' title='bbox 2659 1852 2952 1917; x_wconf 83' lang='lat' dir='ltr'><strong>Lucianus,</strong></span> <span class='ocrx_word' id='word_1_199' title='bbox 2982 1848 3108 1905; x_wconf 90' lang='lat' dir='ltr'><strong>dum</strong></span> <span class='ocrx_word' id='word_1_200' title='bbox 3136 1847 3449 1911; x_wconf 89' lang='lat' dir='ltr'><strong>duceretur,</strong></span> <span class='ocrx_word' id='word_1_201' title='bbox 3485 1842 3756 1900; x_wconf 58' lang='lat' dir='ltr'><strong>venisstst»</strong></span> 
     </span>
    </p>
   </div>
   <div class='ocr_carea' id='block_1_31' title="bbox 403 1960 2029 2042">
    <p class='ocr_par' dir='ltr' id='par_1_31' title="bbox 403 1960 2029 2042">
     <span class='ocr_line' id='line_1_31' title="bbox 403 1960 2029 2042; baseline -0.006 -19"><span class='ocrx_word' id='word_1_202' title='bbox 403 1970 411 1981; x_wconf 84' lang='grc'><em>’</em></span> <span class='ocrx_word' id='word_1_203' title='bbox 456 1970 555 2042; x_wconf 75' lang='grc' dir='ltr'>έΰη</span> <span class='ocrx_word' id='word_1_204' title='bbox 586 1972 886 2042; x_wconf 81' lang='grc' dir='ltr'>φερόμενός</span> <span class='ocrx_word' id='word_1_205' title='bbox 916 1988 1059 2025; x_wconf 90' lang='grc' dir='ltr'>τισιν</span> <span class='ocrx_word' id='word_1_206' title='bbox 1102 1971 1362 2042; x_wconf 71' lang='grc' dir='ltr'>ἐντυχὼν,</span> <span class='ocrx_word' id='word_1_207' title='bbox 1400 1970 1519 2022; x_wconf 75' lang='grc' dir='ltr'>ἐκεῖ</span> <span class='ocrx_word' id='word_1_208' title='bbox 1555 1966 1664 2020; x_wconf 84' lang='grc' dir='ltr'>τῶν</span> <span class='ocrx_word' id='word_1_209' title='bbox 1697 1965 1805 2025; x_wconf 62' lang='grc' dir='ltr'>τοῖς</span> <span class='ocrx_word' id='word_1_210' title='bbox 1841 1960 2029 2022; x_wconf 67' lang='grc' dir='ltr'>ὅπλοις</span> 
     </span>
    </p>
   </div>
   <div class='ocr_carea' id='block_1_32' title="bbox 458 2052 2030 2134">
    <p class='ocr_par' dir='ltr' id='par_1_32' title="bbox 458 2052 2030 2134">
     <span class='ocr_line' id='line_1_32' title="bbox 458 2052 2030 2134; baseline -0.004 -18"><span class='ocrx_word' id='word_1_211' title='bbox 458 2063 931 2134; x_wconf 75' lang='grc' dir='ltr'><strong>στρατευομένων,</strong></span> <span class='ocrx_word' id='word_1_212' title='bbox 961 2064 1310 2134; x_wconf 85' lang='grc' dir='ltr'>Χριστιανοῖς</span> <span class='ocrx_word' id='word_1_213' title='bbox 1372 2062 1470 2132; x_wconf 80' lang='grc' dir='ltr'><strong>μὲν</strong></span> <span class='ocrx_word' id='word_1_214' title='bbox 1520 2056 1694 2122; x_wconf 81' lang='grc' dir='ltr'>οὖσιν,</span> <span class='ocrx_word' id='word_1_215' title='bbox 1747 2058 1824 2117; x_wconf 87' lang='grc' dir='ltr'><strong>είς</strong></span> <span class='ocrx_word' id='word_1_216' title='bbox 1864 2052 2030 2122; x_wconf 79' lang='grc' dir='ltr'>ἀρνή-</span> 
     </span>
    </p>
   </div>
   <div class='ocr_carea' id='block_1_33' title="bbox 454 2147 2028 2224">
    <p class='ocr_par' dir='ltr' id='par_1_33' title="bbox 454 2147 2028 2224">
     <span class='ocr_line' id='line_1_33' title="bbox 454 2147 2028 2224; baseline 0 -18"><span class='ocrx_word' id='word_1_217' title='bbox 454 2171 594 2218; x_wconf 86' lang='grc' dir='ltr'>σεως</span> <span class='ocrx_word' id='word_1_218' title='bbox 638 2154 696 2208; x_wconf 84' lang='grc' dir='ltr'><strong>δέ</strong></span> <span class='ocrx_word' id='word_1_219' title='bbox 733 2171 850 2219; x_wconf 87' lang='grc' dir='ltr'><strong>πως</strong></span> <span class='ocrx_word' id='word_1_220' title='bbox 889 2155 1137 2224; x_wconf 74' lang='grc' dir='ltr'>ἀνάγκην</span> <span class='ocrx_word' id='word_1_221' title='bbox 1177 2152 1556 2224; x_wconf 81' lang='grc' dir='ltr'>ἀφικομένοις,</span> <span class='ocrx_word' id='word_1_222' title='bbox 1589 2147 1906 2204; x_wconf 75' lang='grc' dir='ltr'>ἀνεκαλεῖτο</span> <span class='ocrx_word' id='word_1_223' title='bbox 1931 2147 2028 2206; x_wconf 73' lang='grc' dir='ltr'><strong>τὰς</strong></span> 
     </span>
    </p>
   </div>
   <div class='ocr_carea' id='block_1_34' title="bbox 452 2234 2029 2317">
    <p class='ocr_par' dir='ltr' id='par_1_34' title="bbox 452 2234 2029 2317">
     <span class='ocr_line' id='line_1_34' title="bbox 452 2234 2029 2317; baseline -0.005 -18"><span class='ocrx_word' id='word_1_224' title='bbox 452 2247 680 2317; x_wconf 82' lang='grc' dir='ltr'>γνώμας</span> <span class='ocrx_word' id='word_1_225' title='bbox 702 2246 906 2313; x_wconf 81' lang='grc' dir='ltr'>αὐτῶν,</span> <span class='ocrx_word' id='word_1_226' title='bbox 937 2246 1262 2308; x_wconf 72' lang='grc' dir='ltr'>ὑποδεικνὺς</span> <span class='ocrx_word' id='word_1_227' title='bbox 1298 2261 1359 2297; x_wconf 86' lang='grc' dir='ltr'><strong>τε</strong></span> <span class='ocrx_word' id='word_1_228' title='bbox 1392 2243 1488 2297; x_wconf 73' lang='grc' dir='ltr'>καὶ</span> <span class='ocrx_word' id='word_1_229' title='bbox 1522 2238 1923 2311; x_wconf 83' lang='grc' dir='ltr'>ὑφηγούμενος,</span> <span class='ocrx_word' id='word_1_230' title='bbox 1953 2234 2029 2298; x_wconf 79' lang='grc' dir='ltr'>ὡς</span> 
     </span>
    </p>
   </div>
   <div class='ocr_carea' id='block_1_35' title="bbox 452 2333 2027 2411">
    <p class='ocr_par' dir='ltr' id='par_1_35' title="bbox 452 2333 2027 2411">
     <span class='ocr_line' id='line_1_35' title="bbox 452 2333 2027 2411; baseline -0.011 -13"><span class='ocrx_word' id='word_1_231' title='bbox 452 2341 816 2409; x_wconf 76' lang='grc' dir='ltr'>αἱσχρότατον</span> <span class='ocrx_word' id='word_1_232' title='bbox 847 2339 912 2393; x_wconf 80' lang='grc' dir='ltr'><strong>ἂν</strong></span> <span class='ocrx_word' id='word_1_233' title='bbox 937 2340 1021 2411; x_wconf 84' lang='grc' dir='ltr'><strong>είη</strong></span> <span class='ocrx_word' id='word_1_234' title='bbox 1054 2339 1295 2404; x_wconf 77' lang='grc' dir='ltr'>πάντων,</span> <span class='ocrx_word' id='word_1_235' title='bbox 1326 2338 1527 2408; x_wconf 80' lang='grc' dir='ltr'>ἄνδρας</span> <span class='ocrx_word' id='word_1_236' title='bbox 1552 2336 1646 2388; x_wconf 77' lang='grc' dir='ltr'><strong>καὶ</strong></span> <span class='ocrx_word' id='word_1_237' title='bbox 1673 2333 1846 2387; x_wconf 77' lang='grc' dir='ltr'>ταῦτα</span> <span class='ocrx_word' id='word_1_238' title='bbox 1863 2346 2027 2396; x_wconf 88' lang='grc' dir='ltr'>στρα-</span> 
     </span>
    </p>
   </div>
   <div class='ocr_carea' id='block_1_36' title="bbox 454 2421 2028 2502">
    <p class='ocr_par' dir='ltr' id='par_1_36' title="bbox 454 2421 2028 2502">
     <span class='ocr_line' id='line_1_36' title="bbox 454 2421 2028 2502; baseline -0.008 -18"><span class='ocrx_word' id='word_1_239' title='bbox 454 2427 657 2495; x_wconf 82' lang='grc' dir='ltr'>τιώτας</span> <span class='ocrx_word' id='word_1_240' title='bbox 685 2431 1216 2502; x_wconf 72' lang='grc' dir='ltr'>ἀγεννεῖςόφθῆναι,</span> <span class='ocrx_word' id='word_1_241' title='bbox 1243 2431 1335 2483; x_wconf 74' lang='grc' dir='ltr'><strong>καὶ</strong></span> <span class='ocrx_word' id='word_1_242' title='bbox 1369 2430 1506 2499; x_wconf 75' lang='grc' dir='ltr'>πρὸς</span> <span class='ocrx_word' id='word_1_243' title='bbox 1543 2427 1641 2496; x_wconf 84' lang='grc' dir='ltr'>τὴν</span> <span class='ocrx_word' id='word_1_244' title='bbox 1668 2424 1761 2479; x_wconf 79' lang='grc' dir='ltr'>τοῦ</span> <span class='ocrx_word' id='word_1_245' title='bbox 1793 2421 2028 2477; x_wconf 85' lang='grc' dir='ltr'>θανάτου</span> 
     </span>
    </p>
   </div>
   <div class='ocr_carea' id='block_1_37' title="bbox 454 2513 2027 2592">
    <p class='ocr_par' dir='ltr' id='par_1_37' title="bbox 454 2513 2027 2592">
     <span class='ocr_line' id='line_1_37' title="bbox 454 2513 2027 2592; baseline -0.006 -18"><span class='ocrx_word' id='word_1_246' title='bbox 454 2525 652 2591; x_wconf 83' lang='grc' dir='ltr'>πεῖραν</span> <span class='ocrx_word' id='word_1_247' title='bbox 682 2522 1105 2592; x_wconf 86' lang='grc' dir='ltr'>ἀτολμωτάτους</span> <span class='ocrx_word' id='word_1_248' title='bbox 1132 2538 1146 2552; x_wconf 79' lang='grc'><strong>’</strong></span> <span class='ocrx_word' id='word_1_249' title='bbox 1174 2515 1247 2575; x_wconf 86' lang='grc' dir='ltr'>ὧν</span> <span class='ocrx_word' id='word_1_250' title='bbox 1286 2519 1383 2574; x_wconf 75' lang='grc' dir='ltr'>καὶ</span> <span class='ocrx_word' id='word_1_251' title='bbox 1419 2521 1679 2588; x_wconf 84' lang='grc' dir='ltr'>γυναῖκες</span> <span class='ocrx_word' id='word_1_252' title='bbox 1718 2515 1820 2587; x_wconf 81' lang='grc' dir='ltr'>ἤδη</span> <span class='ocrx_word' id='word_1_253' title='bbox 1860 2513 2027 2575; x_wconf 80' lang='grc' dir='ltr'>τινὲς,</span> 
     </span>
    </p>
   </div>
   <div class='ocr_carea' id='block_1_38' title="bbox 458 2603 2029 2683">
    <p class='ocr_par' dir='ltr' id='par_1_38' title="bbox 458 2603 2029 2683">
     <span class='ocr_line' id='line_1_38' title="bbox 458 2603 2029 2683; baseline -0.004 -19"><span class='ocrx_word' id='word_1_254' title='bbox 458 2614 662 2683; x_wconf 79' lang='grc' dir='ltr'>μᾶλλον</span> <span class='ocrx_word' id='word_1_255' title='bbox 690 2614 749 2667; x_wconf 85' lang='grc' dir='ltr'>δὲ</span> <span class='ocrx_word' id='word_1_256' title='bbox 778 2615 873 2668; x_wconf 78' lang='grc' dir='ltr'>καὶ</span> <span class='ocrx_word' id='word_1_257' title='bbox 923 2615 1113 2676; x_wconf 87' lang='grc' dir='ltr'>παῖδες</span> <span class='ocrx_word' id='word_1_258' title='bbox 1152 2612 1416 2682; x_wconf 79' lang='grc' dir='ltr'>γεγόνασι</span> <span class='ocrx_word' id='word_1_259' title='bbox 1465 2609 1773 2682; x_wconf 81' lang='grc' dir='ltr'>κρείττονες</span> <span class='ocrx_word' id='word_1_260' title='bbox 1792 2621 1807 2636; x_wconf 74' lang='grc' dir='ltr'><strong><em>ο</em></strong></span> <span class='ocrx_word' id='word_1_261' title='bbox 1838 2604 1956 2669; x_wconf 82' lang='grc' dir='ltr'>πῶς</span> <span class='ocrx_word' id='word_1_262' title='bbox 1984 2603 2029 2656; x_wconf 88' lang='grc' dir='ltr'>δ’</span> 
     </span>
    </p>
   </div>
   <div class='ocr_carea' id='block_1_39' title="bbox 459 2694 2030 2776">
    <p class='ocr_par' dir='ltr' id='par_1_39' title="bbox 459 2694 2030 2776">
     <span class='ocr_line' id='line_1_39' title="bbox 459 2694 2030 2776; baseline -0.007 -17"><span class='ocrx_word' id='word_1_263' title='bbox 459 2704 525 2757; x_wconf 84' lang='grc' dir='ltr'>ἂν</span> <span class='ocrx_word' id='word_1_264' title='bbox 552 2707 734 2776; x_wconf 81' lang='grc' dir='ltr'>ὑμεῖς,</span> <span class='ocrx_word' id='word_1_265' title='bbox 767 2706 894 2776; x_wconf 75' lang='grc' dir='ltr'><strong>ἔφη,</strong></span> <span class='ocrx_word' id='word_1_266' title='bbox 914 2705 1008 2758; x_wconf 80' lang='grc' dir='ltr'>τοῦ</span> <span class='ocrx_word' id='word_1_267' title='bbox 1034 2706 1306 2775; x_wconf 84' lang='grc' dir='ltr'>έπικήρου</span> <span class='ocrx_word' id='word_1_268' title='bbox 1342 2702 1607 2773; x_wconf 86' lang='grc' dir='ltr'>βασιλέως</span> <span class='ocrx_word' id='word_1_269' title='bbox 1639 2694 2030 2770; x_wconf 83' lang='grc' dir='ltr'>προκινδυνεύ-</span> 
     </span>
    </p>
   </div>
   <div class='ocr_carea' id='block_1_40' title="bbox 460 2789 2031 2868">
    <p class='ocr_par' dir='ltr' id='par_1_40' title="bbox 460 2789 2031 2868">
     <span class='ocr_line' id='line_1_40' title="bbox 460 2789 2031 2868; baseline -0.004 -19"><span class='ocrx_word' id='word_1_270' title='bbox 460 2814 612 2867; x_wconf 68' lang='grc' dir='ltr'>σητε,</span> <span class='ocrx_word' id='word_1_271' title='bbox 644 2798 736 2850; x_wconf 78' lang='grc' dir='ltr'><strong>τὸν</strong></span> <span class='ocrx_word' id='word_1_272' title='bbox 759 2799 1011 2868; x_wconf 80' lang='grc' dir='ltr'>οὐράνιον</span> <span class='ocrx_word' id='word_1_273' title='bbox 1048 2798 1282 2865; x_wconf 82' lang='grc' dir='ltr'>ἑτοίμως</span> <span class='ocrx_word' id='word_1_274' title='bbox 1322 2796 1465 2850; x_wconf 74' lang='grc' dir='ltr'>οὕτω</span> <span class='ocrx_word' id='word_1_275' title='bbox 1500 2791 1905 2865; x_wconf 83' lang='grc' dir='ltr'>προδεδωκότες</span> <span class='ocrx_word' id='word_1_276' title='bbox 1931 2807 1946 2856; x_wconf 89' lang='lat'><strong>;</strong></span> <span class='ocrx_word' id='word_1_277' title='bbox 1976 2789 2031 2842; x_wconf 90' lang='grc' dir='ltr'><strong>τί</strong></span> 
     </span>
    </p>
   </div>
   <div class='ocr_carea' id='block_1_41' title="bbox 457 2892 2032 2965">
    <p class='ocr_par' dir='ltr' id='par_1_41' title="bbox 457 2892 2032 2965">
     <span class='ocr_line' id='line_1_41' title="bbox 457 2892 2032 2965; baseline -0.005 -20"><span class='ocrx_word' id='word_1_278' title='bbox 457 2892 513 2946; x_wconf 82' lang='grc' dir='ltr'>δὲ</span> <span class='ocrx_word' id='word_1_279' title='bbox 548 2894 640 2947; x_wconf 81' lang='grc' dir='ltr'>καὶ</span> <span class='ocrx_word' id='word_1_280' title='bbox 670 2894 729 2947; x_wconf 74' lang='grc' dir='ltr'>τὸ</span> <span class='ocrx_word' id='word_1_281' title='bbox 766 2893 1000 2965; x_wconf 85' lang='grc' dir='ltr'>χύρωμα</span> <span class='ocrx_word' id='word_1_282' title='bbox 1028 2894 1060 2965; x_wconf 83' lang='grc' dir='ltr'>ἢ</span> <span class='ocrx_word' id='word_1_283' title='bbox 1097 2892 1365 2964; x_wconf 79' lang='grc' dir='ltr'>φύλαγμα</span> <span class='ocrx_word' id='word_1_284' title='bbox 1410 2892 1538 2960; x_wconf 81' lang='grc' dir='ltr'>ὑμῖν</span> <span class='ocrx_word' id='word_1_285' title='bbox 1593 2892 1888 2960; x_wconf 81' lang='grc' dir='ltr'>γενήσεται</span> <span class='ocrx_word' id='word_1_286' title='bbox 1922 2902 2032 2938; x_wconf 87' lang='grc' dir='ltr'>σω-</span> 
     </span>
    </p>
   </div>
   <div class='ocr_carea' id='block_1_42' title="bbox 454 2977 2031 3056">
    <p class='ocr_par' dir='ltr' id='par_1_42' title="bbox 454 2977 2031 3056">
     <span class='ocr_line' id='line_1_42' title="bbox 454 2977 2031 3056; baseline -0.005 -19"><span class='ocrx_word' id='word_1_287' title='bbox 454 2985 681 3055; x_wconf 75' lang='grc' dir='ltr'>τηρίας,</span> <span class='ocrx_word' id='word_1_288' title='bbox 712 2988 761 3038; x_wconf 90' lang='grc' dir='ltr'><strong>εί</strong></span> <span class='ocrx_word' id='word_1_289' title='bbox 810 2989 1018 3050; x_wconf 80' lang='grc' dir='ltr'>ἐκεῖνος</span> <span class='ocrx_word' id='word_1_290' title='bbox 1066 2987 1211 3056; x_wconf 76' lang='grc' dir='ltr'>ὑμᾶς</span> <span class='ocrx_word' id='word_1_291' title='bbox 1255 2984 1458 3038; x_wconf 76' lang='grc' dir='ltr'>αὐτίκα</span> <span class='ocrx_word' id='word_1_292' title='bbox 1493 2978 1783 3053; x_wconf 55' lang='grc' dir='ltr'>τύχῃῖτόω</span> <span class='ocrx_word' id='word_1_293' title='bbox 1820 2977 2031 3032; x_wconf 75' lang='grc' dir='ltr'>ἐνθένδε</span> 
     </span>
    </p>
   </div>
   <div class='ocr_carea' id='block_1_43' title="bbox 459 3068 2033 3147">
    <p class='ocr_par' dir='ltr' id='par_1_43' title="bbox 459 3068 2033 3147">
     <span class='ocr_line' id='line_1_43' title="bbox 459 3068 2033 3147; baseline -0.004 -20"><span class='ocrx_word' id='word_1_294' title='bbox 459 3077 961 3146; x_wconf 72' lang='grc' dir='ltr'>μεταπεμψάμενος</span> <span class='ocrx_word' id='word_1_295' title='bbox 984 3094 1000 3143; x_wconf 87' lang='grc'>;</span> <span class='ocrx_word' id='word_1_296' title='bbox 1030 3072 1153 3147; x_wconf 68' lang='grc' dir='ltr'><strong>Ἆρ’</strong></span> <span class='ocrx_word' id='word_1_297' title='bbox 1185 3078 1416 3130; x_wconf 76' lang='grc' dir='ltr'>ἐννοεῖτε</span> <span class='ocrx_word' id='word_1_298' title='bbox 1440 3073 1515 3138; x_wconf 85' lang='grc' dir='ltr'>ὡς</span> <span class='ocrx_word' id='word_1_299' title='bbox 1543 3071 1702 3134; x_wconf 75' lang='grc' dir='ltr'>αὐτὸς</span> <span class='ocrx_word' id='word_1_300' title='bbox 1733 3070 1911 3123; x_wconf 84' lang='grc' dir='ltr'>διέπει</span> <span class='ocrx_word' id='word_1_301' title='bbox 1939 3068 2033 3122; x_wconf 70' lang='grc' dir='ltr'>καὶ</span> 
     </span>
    </p>
   </div>
   <div class='ocr_carea' id='block_1_44' title="bbox 456 3161 2033 3238">
    <p class='ocr_par' dir='ltr' id='par_1_44' title="bbox 456 3161 2033 3238">
     <span class='ocr_line' id='line_1_44' title="bbox 456 3161 2033 3238; baseline -0.004 -18"><span class='ocrx_word' id='word_1_302' title='bbox 456 3168 789 3238; x_wconf 81' lang='grc' dir='ltr'>πρυτανεύει</span> <span class='ocrx_word' id='word_1_303' title='bbox 814 3170 935 3223; x_wconf 89' lang='grc' dir='ltr'>τόδε</span> <span class='ocrx_word' id='word_1_304' title='bbox 964 3171 1025 3223; x_wconf 86' lang='grc' dir='ltr'><strong>τὸ</strong></span> <span class='ocrx_word' id='word_1_305' title='bbox 1047 3171 1190 3235; x_wconf 57' lang='lat' dir='ltr'><strong>«av;</strong></span> <span class='ocrx_word' id='word_1_306' title='bbox 1220 3170 1472 3231; x_wconf 83' lang='grc' dir='ltr'>κάκεῖνος</span> <span class='ocrx_word' id='word_1_307' title='bbox 1519 3165 1634 3219; x_wconf 77' lang='grc' dir='ltr'>ἔστι</span> <span class='ocrx_word' id='word_1_308' title='bbox 1672 3164 1817 3233; x_wconf 78' lang='grc' dir='ltr'>ζωῆς</span> <span class='ocrx_word' id='word_1_309' title='bbox 1853 3180 1911 3216; x_wconf 87' lang='grc' dir='ltr'><strong>τε</strong></span> <span class='ocrx_word' id='word_1_310' title='bbox 1938 3161 2033 3217; x_wconf 58' lang='grc' dir='ltr'><strong>καί⁸</strong></span> 
     </span>
    </p>
   </div>
   <div class='ocr_carea' id='block_1_45' title="bbox 459 3255 2030 3333">
    <p class='ocr_par' dir='ltr' id='par_1_45' title="bbox 459 3255 2030 3333">
     <span class='ocr_line' id='line_1_45' title="bbox 459 3255 2030 3333; baseline -0.002 -22"><span class='ocrx_word' id='word_1_311' title='bbox 459 3260 689 3315; x_wconf 77' lang='grc' dir='ltr'>Θανάτου</span> <span class='ocrx_word' id='word_1_312' title='bbox 741 3261 967 3331; x_wconf 83' lang='grc' dir='ltr'>κύριος;</span> <span class='ocrx_word' id='word_1_313' title='bbox 1014 3261 1203 3333; x_wconf 81' lang='grc' dir='ltr'>Πολλῷ</span> <span class='ocrx_word' id='word_1_314' title='bbox 1254 3262 1436 3315; x_wconf 89' lang='grc' dir='ltr'>τοίνυν</span> <span class='ocrx_word' id='word_1_315' title='bbox 1497 3258 1704 3331; x_wconf 85' lang='grc' dir='ltr'>βέλτιόν</span> <span class='ocrx_word' id='word_1_316' title='bbox 1764 3260 1881 3310; x_wconf 77' lang='grc' dir='ltr'>ἐστι</span> <span class='ocrx_word' id='word_1_317' title='bbox 1936 3255 2030 3308; x_wconf 76' lang='grc' dir='ltr'>τοῦ</span> 
     </span>
    </p>
   </div>
   <div class='ocr_carea' id='block_1_46' title="bbox 354 3346 2031 3426">
    <p class='ocr_par' dir='ltr' id='par_1_46' title="bbox 354 3346 2031 3426">
     <span class='ocr_line' id='line_1_46' title="bbox 354 3346 2031 3426; baseline 0.005 -23"><span class='ocrx_word' id='word_1_318' title='bbox 354 3398 357 3399; x_wconf 36' lang='grc' dir='ltr'><strong>ν</strong></span> <span class='ocrx_word' id='word_1_319' title='bbox 460 3355 730 3424; x_wconf 81' lang='grc' dir='ltr'>παρόντος</span> <span class='ocrx_word' id='word_1_320' title='bbox 765 3355 884 3426; x_wconf 85' lang='grc' dir='ltr'>βίου</span> <span class='ocrx_word' id='word_1_321' title='bbox 916 3356 1077 3424; x_wconf 87' lang='grc' dir='ltr'>λόγον</span> <span class='ocrx_word' id='word_1_322' title='bbox 1112 3354 1322 3410; x_wconf 76' lang='grc' dir='ltr'>ἐλάττω</span> <span class='ocrx_word' id='word_1_323' title='bbox 1354 3352 1761 3423; x_wconf 82' lang='grc' dir='ltr'>ποιησαμένους</span> <span class='ocrx_word' id='word_1_324' title='bbox 1780 3350 1876 3418; x_wconf 78' lang='grc' dir='ltr'><strong>τῆς</strong></span> <span class='ocrx_word' id='word_1_325' title='bbox 1901 3346 2031 3419; x_wconf 86' lang='grc' dir='ltr'>παρ’</span> 
     </span>
    </p>
   </div>
   <div class='ocr_carea' id='block_1_47' title="bbox 458 3442 2035 3518">
    <p class='ocr_par' dir='ltr' id='par_1_47' title="bbox 458 3442 2035 3518">
     <span class='ocr_line' id='line_1_47' title="bbox 458 3442 2035 3518; baseline 0.006 -22"><span class='ocrx_word' id='word_1_326' title='bbox 458 3447 651 3517; x_wconf 71' lang='grc' dir='ltr'>ἐκείνῳ</span> <span class='ocrx_word' id='word_1_327' title='bbox 676 3450 864 3517; x_wconf 82' lang='grc' dir='ltr'>τυχεῖν</span> <span class='ocrx_word' id='word_1_328' title='bbox 893 3448 1262 3518; x_wconf 81' lang='grc' dir='ltr'>ἀτελευτήτου</span> <span class='ocrx_word' id='word_1_329' title='bbox 1298 3446 1725 3518; x_wconf 78' lang='grc' dir='ltr'>μακαριότητος,</span> <span class='ocrx_word' id='word_1_330' title='bbox 1756 3442 1789 3514; x_wconf 84' lang='grc' dir='ltr'>ἢ</span> <span class='ocrx_word' id='word_1_331' title='bbox 1822 3443 1919 3511; x_wconf 80' lang='grc' dir='ltr'><strong>τῆς</strong></span> <span class='ocrx_word' id='word_1_332' title='bbox 1944 3442 2035 3494; x_wconf 69' lang='grc' dir='ltr'><strong>ἔν⁶</strong></span> 
     </span>
    </p>
   </div>
   <div class='ocr_carea' id='block_1_48' title="bbox 457 3530 2034 3609">
    <p class='ocr_par' dir='ltr' id='par_1_48' title="bbox 457 3530 2034 3609">
     <span class='ocr_line' id='line_1_48' title="bbox 457 3530 2034 3609; baseline -0.001 -22"><span class='ocrx_word' id='word_1_333' title='bbox 457 3535 631 3590; x_wconf 83' lang='grc' dir='ltr'>ταῦθα</span> <span class='ocrx_word' id='word_1_334' title='bbox 669 3535 816 3608; x_wconf 80' lang='grc' dir='ltr'>ζωῆς</span> <span class='ocrx_word' id='word_1_335' title='bbox 843 3540 1300 3609; x_wconf 58' lang='grc' dir='ltr'>περιαγομένους,</span> <span class='ocrx_word' id='word_1_336' title='bbox 1331 3538 1538 3608; x_wconf 80' lang='grc' dir='ltr'>ταύτης</span> <span class='ocrx_word' id='word_1_337' title='bbox 1577 3536 1634 3589; x_wconf 84' lang='grc' dir='ltr'>δὲ</span> <span class='ocrx_word' id='word_1_338' title='bbox 1681 3535 1834 3588; x_wconf 74' lang='grc' dir='ltr'>οὐδὲν</span> <span class='ocrx_word' id='word_1_339' title='bbox 1872 3530 2034 3606; x_wconf 83' lang='grc' dir='ltr'>ἦττον</span> 
     </span>
    </p>
   </div>
   <div class='ocr_carea' id='block_1_49' title="bbox 459 3626 2037 3700">
    <p class='ocr_par' dir='ltr' id='par_1_49' title="bbox 459 3626 2037 3700">
     <span class='ocr_line' id='line_1_49' title="bbox 459 3626 2037 3700; baseline -0.001 -20"><span class='ocrx_word' id='word_1_340' title='bbox 459 3626 801 3698; x_wconf 78' lang='grc' dir='ltr'>διαμαρτεῖν,</span> <span class='ocrx_word' id='word_1_341' title='bbox 856 3630 1151 3700; x_wconf 83' lang='grc' dir='ltr'>μέλλοντας</span> <span class='ocrx_word' id='word_1_342' title='bbox 1171 3629 1301 3695; x_wconf 81' lang='grc' dir='ltr'>ἴσως</span> <span class='ocrx_word' id='word_1_343' title='bbox 1332 3630 1427 3686; x_wconf 73' lang='grc' dir='ltr'><strong>καὶ</strong></span> <span class='ocrx_word' id='word_1_344' title='bbox 1457 3629 1562 3682; x_wconf 81' lang='grc' dir='ltr'><strong>ὑπὸ</strong></span> <span class='ocrx_word' id='word_1_345' title='bbox 1591 3627 1869 3697; x_wconf 85' lang='grc' dir='ltr'>πολεμίων</span> <span class='ocrx_word' id='word_1_346' title='bbox 1897 3626 2037 3679; x_wconf 77' lang='grc' dir='ltr'>ταυ-</span> 
     </span>
    </p>
   </div>
   <div class='ocr_carea' id='block_1_50' title="bbox 462 3719 2036 3794">
    <p class='ocr_par' dir='ltr' id='par_1_50' title="bbox 462 3719 2036 3794">
     <span class='ocr_line' id='line_1_50' title="bbox 462 3719 2036 3794; baseline -0.002 -21"><span class='ocrx_word' id='word_1_347' title='bbox 462 3739 558 3792; x_wconf 81' lang='grc' dir='ltr'><strong>την</strong></span> <span class='ocrx_word' id='word_1_348' title='bbox 586 3723 979 3794; x_wconf 77' lang='grc' dir='ltr'>ἀφαιρεθῆναι,</span> <span class='ocrx_word' id='word_1_349' title='bbox 1020 3723 1282 3793; x_wconf 84' lang='grc' dir='ltr'>κάκείνης</span> <span class='ocrx_word' id='word_1_350' title='bbox 1329 3739 1391 3775; x_wconf 90' lang='grc' dir='ltr'><strong>τε</strong></span> <span class='ocrx_word' id='word_1_351' title='bbox 1429 3721 1707 3781; x_wconf 77' lang='grc' dir='ltr'>ἐκπεσεῖν.</span> <span class='ocrx_word' id='word_1_352' title='bbox 1751 3719 1847 3772; x_wconf 74' lang='grc' dir='ltr'><strong>καὶ</strong></span> <span class='ocrx_word' id='word_1_353' title='bbox 1878 3719 2036 3788; x_wconf 91' lang='grc' dir='ltr'>δίκην</span> 
     </span>
    </p>
   </div>
   <div class='ocr_carea' id='block_1_51' title="bbox 468 3808 2036 3884">
    <p class='ocr_par' dir='ltr' id='par_1_51' title="bbox 468 3808 2036 3884">
     <span class='ocr_line' id='line_1_51' title="bbox 468 3808 2036 3884; baseline -0.002 -21"><span class='ocrx_word' id='word_1_354' title='bbox 468 3810 539 3864; x_wconf 70' lang='grc' dir='ltr'>ἐτι</span> <span class='ocrx_word' id='word_1_355' title='bbox 555 3812 776 3879; x_wconf 89' lang='grc' dir='ltr'>διδόναι,</span> <span class='ocrx_word' id='word_1_356' title='bbox 802 3812 1311 3884; x_wconf 82' lang='grc' dir='ltr'>κολασθησομένους</span> <span class='ocrx_word' id='word_1_357' title='bbox 1331 3812 1596 3866; x_wconf 89' lang='grc' dir='ltr'>ἀθάνατα.</span> <span class='ocrx_word' id='word_1_358' title='bbox 1622 3808 1857 3872; x_wconf 82' lang='grc' dir='ltr'>Τούτους</span> <span class='ocrx_word' id='word_1_359' title='bbox 1890 3809 2036 3861; x_wconf 81' lang='grc' dir='ltr'>έκεῖ-</span> 
     </span>
    </p>
   </div>
   <div class='ocr_carea' id='block_1_52' title="bbox 474 3903 2036 3976">
    <p class='ocr_par' dir='ltr' id='par_1_52' title="bbox 474 3903 2036 3976">
     <span class='ocr_line' id='line_1_52' title="bbox 474 3903 2036 3976; baseline 0.001 -24"><span class='ocrx_word' id='word_1_360' title='bbox 474 3919 551 3954; x_wconf 85' lang='grc' dir='ltr'><strong>νοι</strong></span> <span class='ocrx_word' id='word_1_361' title='bbox 570 3903 854 3976; x_wconf 78' lang='grc' dir='ltr'>δεξάμενοι</span> <span class='ocrx_word' id='word_1_362' title='bbox 881 3906 1010 3969; x_wconf 75' lang='grc' dir='ltr'>τοὺς</span> <span class='ocrx_word' id='word_1_363' title='bbox 1038 3906 1254 3974; x_wconf 86' lang='grc' dir='ltr'>λόγους,</span> <span class='ocrx_word' id='word_1_364' title='bbox 1286 3904 1724 3974; x_wconf 76' lang='grc' dir='ltr'>ἐγνωσιμάχουν,</span> <span class='ocrx_word' id='word_1_365' title='bbox 1753 3903 1845 3954; x_wconf 79' lang='grc' dir='ltr'><strong>καὶ</strong></span> <span class='ocrx_word' id='word_1_366' title='bbox 1902 3917 2036 3971; x_wconf 86' lang='grc' dir='ltr'>μετ-</span> 
     </span>
    </p>
   </div>
   <div class='ocr_carea' id='block_1_53' title="bbox 473 3990 2038 4069">
    <p class='ocr_par' dir='ltr' id='par_1_53' title="bbox 473 3990 2038 4069">
     <span class='ocr_line' id='line_1_53' title="bbox 473 3990 2038 4069; baseline -0.002 -22"><span class='ocrx_word' id='word_1_367' title='bbox 473 3992 626 4061; x_wconf 70' lang='grc' dir='ltr'>έμελε</span> <span class='ocrx_word' id='word_1_368' title='bbox 678 3996 866 4065; x_wconf 76' lang='grc' dir='ltr'>σφίσιν</span> <span class='ocrx_word' id='word_1_369' title='bbox 911 3996 1335 4069; x_wconf 82' lang='grc' dir='ltr'>ἀρνησαμένοις,</span> <span class='ocrx_word' id='word_1_370' title='bbox 1390 3997 1484 4049; x_wconf 72' lang='grc' dir='ltr'><strong>καὶ</strong></span> <span class='ocrx_word' id='word_1_371' title='bbox 1523 3993 1678 4056; x_wconf 79' lang='grc' dir='ltr'>αὖθις</span> <span class='ocrx_word' id='word_1_372' title='bbox 1702 3993 1785 4059; x_wconf 71' lang='grc' dir='ltr'><strong>ἐφ’</strong></span> <span class='ocrx_word' id='word_1_373' title='bbox 1810 3990 2038 4055; x_wconf 77' lang='grc' dir='ltr'>ἑαυτοὺς</span> 
     </span>
    </p>
   </div>
   <div class='ocr_carea' id='block_1_54' title="bbox 469 4084 2040 4160">
    <p class='ocr_par' dir='ltr' id='par_1_54' title="bbox 469 4084 2040 4160">
     <span class='ocr_line' id='line_1_54' title="bbox 469 4084 2040 4160; baseline 0 -23"><span class='ocrx_word' id='word_1_374' title='bbox 469 4087 852 4152; x_wconf 73' lang='grc' dir='ltr'>ἐπανελθόντες</span> <span class='ocrx_word' id='word_1_375' title='bbox 884 4090 980 4143; x_wconf 77' lang='grc' dir='ltr'><strong>καὶ</strong></span> <span class='ocrx_word' id='word_1_376' title='bbox 1013 4088 1557 4160; x_wconf 78' lang='grc' dir='ltr'>παῤῥησιασάμενοι,</span> <span class='ocrx_word' id='word_1_377' title='bbox 1603 4084 1698 4139; x_wconf 72' lang='grc' dir='ltr'>τὸν</span> <span class='ocrx_word' id='word_1_378' title='bbox 1729 4084 1869 4154; x_wconf 82' lang='grc' dir='ltr'>ὑπὲρ</span> <span class='ocrx_word' id='word_1_379' title='bbox 1902 4084 2040 4152; x_wconf 85' lang='grc' dir='ltr'>Χρι-</span> 
     </span>
    </p>
   </div>
   <div class='ocr_carea' id='block_1_55' title="bbox 466 4175 2041 4248">
    <p class='ocr_par' dir='ltr' id='par_1_55' title="bbox 466 4175 2041 4248">
     <span class='ocr_line' id='line_1_55' title="bbox 466 4175 2041 4248; baseline -0.002 -17"><span class='ocrx_word' id='word_1_380' title='bbox 466 4180 589 4232; x_wconf 79' lang='grc' dir='ltr'>στοῦ</span> <span class='ocrx_word' id='word_1_381' title='bbox 628 4180 862 4235; x_wconf 84' lang='grc' dir='ltr'>θάνατον</span> <span class='ocrx_word' id='word_1_382' title='bbox 895 4182 945 4234; x_wconf 90' lang='grc' dir='ltr'><strong>οί</strong></span> <span class='ocrx_word' id='word_1_383' title='bbox 974 4182 1193 4244; x_wconf 89' lang='grc' dir='ltr'>πλείους</span> <span class='ocrx_word' id='word_1_384' title='bbox 1220 4181 1557 4248; x_wconf 77' lang='grc' dir='ltr'>ὑπέστησαν,</span> <span class='ocrx_word' id='word_1_385' title='bbox 1581 4177 1732 4241; x_wconf 75' lang='grc' dir='ltr'>ὄντες</span> <span class='ocrx_word' id='word_1_386' title='bbox 1753 4177 1853 4229; x_wconf 77' lang='grc' dir='ltr'><strong>οὐκ</strong></span> <span class='ocrx_word' id='word_1_387' title='bbox 1882 4175 2041 4230; x_wconf 83' lang='grc' dir='ltr'>ἐλάτ-</span> 
     </span>
    </p>
   </div>
   <div class='ocr_carea' id='block_1_56' title="bbox 462 4264 2042 4345">
    <p class='ocr_par' dir='ltr' id='par_1_56' title="bbox 462 4264 2042 4345">
     <span class='ocr_line' id='line_1_56' title="bbox 462 4264 2042 4345; baseline -0.001 -22"><span class='ocrx_word' id='word_1_388' title='bbox 462 4288 586 4336; x_wconf 82' lang='grc' dir='ltr'>τους</span> <span class='ocrx_word' id='word_1_389' title='bbox 621 4275 713 4327; x_wconf 77' lang='grc' dir='ltr'><strong>τδν</strong></span> <span class='ocrx_word' id='word_1_390' title='bbox 740 4264 975 4345; x_wconf 81' lang='grc' dir='ltr'>ἀριθμὸν</span> <span class='ocrx_word' id='word_1_391' title='bbox 1021 4275 1472 4345; x_wconf 87' lang='grc' dir='ltr'>τεσσαράκοντα·</span> <span class='ocrx_word' id='word_1_392' title='bbox 1508 4271 1654 4334; x_wconf 82' lang='grc' dir='ltr'>τινὲς</span> <span class='ocrx_word' id='word_1_393' title='bbox 1696 4270 1754 4324; x_wconf 81' lang='grc' dir='ltr'>δὲ</span> <span class='ocrx_word' id='word_1_394' title='bbox 1810 4269 1904 4323; x_wconf 74' lang='grc' dir='ltr'>καὶ</span> <span class='ocrx_word' id='word_1_395' title='bbox 1935 4268 2042 4322; x_wconf 84' lang='grc' dir='ltr'>πά-</span> 
     </span>
    </p>
   </div>
   <div class='ocr_carea' id='block_1_57' title="bbox 466 4360 2042 4436">
    <p class='ocr_par' dir='ltr' id='par_1_57' title="bbox 466 4360 2042 4436">
     <span class='ocr_line' id='line_1_57' title="bbox 466 4360 2042 4436; baseline -0.005 -17"><span class='ocrx_word' id='word_1_396' title='bbox 466 4381 589 4429; x_wconf 79' lang='grc' dir='ltr'>σαις</span> <span class='ocrx_word' id='word_1_397' title='bbox 618 4366 899 4421; x_wconf 81' lang='grc' dir='ltr'>κολάσεων</span> <span class='ocrx_word' id='word_1_398' title='bbox 928 4366 1099 4430; x_wconf 82' lang='grc' dir='ltr'>ἰδέαις</span> <span class='ocrx_word' id='word_1_399' title='bbox 1143 4365 1714 4436; x_wconf 83' lang='grc' dir='ltr'>προσαγωνισάμενοι,</span> <span class='ocrx_word' id='word_1_400' title='bbox 1764 4360 2042 4429; x_wconf 77' lang='grc' dir='ltr'>έπέξησαν</span> 
     </span>
    </p>
   </div>
   <div class='ocr_carea' id='block_1_58' title="bbox 465 4452 2041 4529">
    <p class='ocr_par' dir='ltr' id='par_1_58' title="bbox 465 4452 2041 4529">
     <span class='ocr_line' id='line_1_58' title="bbox 465 4452 2041 4529; baseline -0.002 -22"><span class='ocrx_word' id='word_1_401' title='bbox 465 4455 546 4509; x_wconf 80' lang='grc' dir='ltr'>ἔτι</span> <span class='ocrx_word' id='word_1_402' title='bbox 590 4457 761 4528; x_wconf 79' lang='grc' dir='ltr'>μηδὲν</span> <span class='ocrx_word' id='word_1_403' title='bbox 812 4458 1040 4527; x_wconf 83' lang='grc' dir='ltr'>ἀγεννὲς</span> <span class='ocrx_word' id='word_1_404' title='bbox 1080 4458 1219 4528; x_wconf 84' lang='grc' dir='ltr'>μετὰ</span> <span class='ocrx_word' id='word_1_405' title='bbox 1259 4456 1359 4529; x_wconf 80' lang='grc' dir='ltr'>τὴν</span> <span class='ocrx_word' id='word_1_406' title='bbox 1384 4455 1644 4527; x_wconf 87' lang='grc' dir='ltr'>δευτέραν</span> <span class='ocrx_word' id='word_1_407' title='bbox 1683 4456 1879 4524; x_wconf 82' lang='grc' dir='ltr'>πεῖραν</span> <span class='ocrx_word' id='word_1_408' title='bbox 1904 4452 2041 4505; x_wconf 85' lang='grc' dir='ltr'>ὑπο-</span> 
     </span>
    </p>
   </div>
   <div class='ocr_carea' id='block_1_59' title="bbox 2139 1931 3726 2019">
    <p class='ocr_par' dir='ltr' id='par_1_59' title="bbox 2139 1931 3726 2019">
     <span class='ocr_line' id='line_1_59' title="bbox 2139 1931 3726 2019; baseline -0.012 -14"><span class='ocrx_word' id='word_1_409' title='bbox 2139 1951 2190 2005; x_wconf 83' lang='grc' dir='ltr'>ἰιι</span> <span class='ocrx_word' id='word_1_410' title='bbox 2246 1946 2644 2019; x_wconf 78' lang='lat' dir='ltr'><strong>Cappadociam</strong></span> <span class='ocrx_word' id='word_1_411' title='bbox 2683 1942 2794 2016; x_wconf 84' lang='lat'><strong>(8),</strong></span> <span class='ocrx_word' id='word_1_412' title='bbox 2842 1950 2897 1996; x_wconf 87' lang='lat' dir='ltr'><strong>et</strong></span> <span class='ocrx_word' id='word_1_413' title='bbox 2926 1939 3273 1996; x_wconf 82' lang='lat' dir='ltr'><strong>convenisset</strong></span> <span class='ocrx_word' id='word_1_414' title='bbox 3323 1934 3584 2006; x_wconf 89' lang='lat' dir='ltr'><strong>quosdam</strong></span> <span class='ocrx_word' id='word_1_415' title='bbox 3615 1931 3726 1987; x_wconf 84' lang='lat' dir='ltr'><strong>illic</strong></span> 
     </span>
    </p>
   </div>
   <div class='ocr_carea' id='block_1_60' title="bbox 2138 2024 3724 2105">
    <p class='ocr_par' dir='ltr' id='par_1_60' title="bbox 2138 2024 3724 2105">
     <span class='ocr_line' id='line_1_60' title="bbox 2138 2024 3724 2105; baseline -0.013 -9"><span class='ocrx_word' id='word_1_416' title='bbox 2138 2041 2362 2101; x_wconf 85' lang='lat' dir='ltr'><strong>milites,</strong></span> <span class='ocrx_word' id='word_1_417' title='bbox 2397 2038 2486 2105; x_wconf 85' lang='lat' dir='ltr'><strong>qui</strong></span> <span class='ocrx_word' id='word_1_418' title='bbox 2519 2044 2674 2090; x_wconf 90' lang='lat' dir='ltr'><strong>erant</strong></span> <span class='ocrx_word' id='word_1_419' title='bbox 2719 2033 2935 2102; x_wconf 77' lang='lat' dir='ltr'><strong>quidem</strong></span> <span class='ocrx_word' id='word_1_420' title='bbox 2965 2027 3286 2095; x_wconf 83' lang='lat' dir='ltr'><strong>Christiani,</strong></span> <span class='ocrx_word' id='word_1_421' title='bbox 3317 2024 3493 2081; x_wconf 90' lang='lat' dir='ltr'><strong>coacti</strong></span> <span class='ocrx_word' id='word_1_422' title='bbox 3542 2030 3724 2078; x_wconf 87' lang='lat' dir='ltr'><strong>autem</strong></span> 
     </span>
    </p>
   </div>
   <div class='ocr_carea' id='block_1_61' title="bbox 2138 2118 3726 2198">
    <p class='ocr_par' dir='ltr' id='par_1_61' title="bbox 2138 2118 3726 2198">
     <span class='ocr_line' id='line_1_61' title="bbox 2138 2118 3726 2198; baseline -0.01 -12"><span class='ocrx_word' id='word_1_423' title='bbox 2138 2132 2354 2186; x_wconf 85' lang='lat' dir='ltr'><strong>fuerant</strong></span> <span class='ocrx_word' id='word_1_424' title='bbox 2384 2130 2885 2198; x_wconf 79' lang='lat' dir='ltr'><strong>ahnegare,eorum</strong></span> <span class='ocrx_word' id='word_1_425' title='bbox 2922 2131 3160 2178; x_wconf 87' lang='lat' dir='ltr'><strong>mentem</strong></span> <span class='ocrx_word' id='word_1_426' title='bbox 3197 2118 3494 2183; x_wconf 72' lang='lat' dir='ltr'><strong>revocavit,</strong></span> <span class='ocrx_word' id='word_1_427' title='bbox 3525 2126 3726 2172; x_wconf 89' lang='lat' dir='ltr'><strong>osten-</strong></span> 
     </span>
    </p>
   </div>
   <div class='ocr_carea' id='block_1_62' title="bbox 2136 2208 3733 2287">
    <p class='ocr_par' dir='ltr' id='par_1_62' title="bbox 2136 2208 3733 2287">
     <span class='ocr_line' id='line_1_62' title="bbox 2136 2208 3733 2287; baseline -0.013 -10"><span class='ocrx_word' id='word_1_428' title='bbox 2136 2222 2272 2277; x_wconf 86' lang='lat' dir='ltr'><strong>dens</strong></span> <span class='ocrx_word' id='word_1_429' title='bbox 2304 2228 2359 2275; x_wconf 86' lang='lat' dir='ltr'><strong>et</strong></span> <span class='ocrx_word' id='word_1_430' title='bbox 2389 2233 2691 2287; x_wconf 82' lang='lat' dir='ltr'><strong>exponens,</strong></span> <span class='ocrx_word' id='word_1_431' title='bbox 2728 2217 2885 2285; x_wconf 85' lang='lat' dir='ltr'><strong>quod</strong></span> <span class='ocrx_word' id='word_1_432' title='bbox 2925 2214 2995 2268; x_wconf 90' lang='lat' dir='ltr'><strong>sit</strong></span> <span class='ocrx_word' id='word_1_433' title='bbox 3045 2211 3284 2265; x_wconf 87' lang='lat' dir='ltr'><strong>omnium</strong></span> <span class='ocrx_word' id='word_1_434' title='bbox 3330 2208 3733 2277; x_wconf 85' lang='lat' dir='ltr'><strong>turpissimum,</strong></span> 
     </span>
    </p>
   </div>
   <div class='ocr_carea' id='block_1_63' title="bbox 2136 2297 3723 2379">
    <p class='ocr_par' dir='ltr' id='par_1_63' title="bbox 2136 2297 3723 2379">
     <span class='ocr_line' id='line_1_63' title="bbox 2136 2297 3723 2379; baseline -0.009 -14"><span class='ocrx_word' id='word_1_435' title='bbox 2136 2313 2287 2367; x_wconf 80' lang='lat' dir='ltr'><strong>viros</strong></span> <span class='ocrx_word' id='word_1_436' title='bbox 2319 2323 2522 2379; x_wconf 89' lang='lat' dir='ltr'><strong>eosque</strong></span> <span class='ocrx_word' id='word_1_437' title='bbox 2550 2308 2749 2362; x_wconf 86' lang='lat' dir='ltr'><strong>milites</strong></span> <span class='ocrx_word' id='word_1_438' title='bbox 2780 2303 2950 2360; x_wconf 80' lang='lat' dir='ltr'><strong>videri</strong></span> <span class='ocrx_word' id='word_1_439' title='bbox 2983 2304 3208 2373; x_wconf 80' lang='lat' dir='ltr'><strong>ignavos</strong></span> <span class='ocrx_word' id='word_1_440' title='bbox 3237 2315 3301 2355; x_wconf 82' lang='lat' dir='ltr'><strong>ac</strong></span> <span class='ocrx_word' id='word_1_441' title='bbox 3326 2297 3723 2369; x_wconf 85' lang='lat' dir='ltr'><strong>pusillanimes,</strong></span> 
     </span>
    </p>
   </div>
   <div class='ocr_carea' id='block_1_64' title="bbox 2137 2390 3725 2465">
    <p class='ocr_par' dir='ltr' id='par_1_64' title="bbox 2137 2390 3725 2465">
     <span class='ocr_line' id='line_1_64' title="bbox 2137 2390 3725 2465; baseline -0.01 -6"><span class='ocrx_word' id='word_1_442' title='bbox 2137 2413 2190 2459; x_wconf 85' lang='lat' dir='ltr'><strong>et</strong></span> <span class='ocrx_word' id='word_1_443' title='bbox 2249 2405 2313 2457; x_wconf 86' lang='lat' dir='ltr'><strong>ad</strong></span> <span class='ocrx_word' id='word_1_444' title='bbox 2364 2401 2556 2457; x_wconf 85' lang='lat' dir='ltr'><strong>mortis</strong></span> <span class='ocrx_word' id='word_1_445' title='bbox 2615 2399 2922 2454; x_wconf 87' lang='lat' dir='ltr'><strong>adeundum</strong></span> <span class='ocrx_word' id='word_1_446' title='bbox 2975 2394 3274 2465; x_wconf 89' lang='lat' dir='ltr'><strong>periculum</strong></span> <span class='ocrx_word' id='word_1_447' title='bbox 3329 2390 3725 2451; x_wconf 80' lang='lat' dir='ltr'><strong>timidissimas.</strong></span> 
     </span>
    </p>
   </div>
   <div class='ocr_carea' id='block_1_65' title="bbox 2138 2480 3729 2564">
    <p class='ocr_par' dir='ltr' id='par_1_65' title="bbox 2138 2480 3729 2564">
     <span class='ocr_line' id='line_1_65' title="bbox 2138 2480 3729 2564; baseline -0.007 -16"><span class='ocrx_word' id='word_1_448' title='bbox 2138 2495 2336 2564; x_wconf 89' lang='lat' dir='ltr'><strong>quibus</strong></span> <span class='ocrx_word' id='word_1_449' title='bbox 2358 2480 2732 2563; x_wconf 66' lang='lat' dir='ltr'><strong>qumdattijatn</strong></span> <span class='ocrx_word' id='word_1_450' title='bbox 2768 2489 3003 2554; x_wconf 66' lang='lat' dir='ltr'><strong>feminae,</strong></span> <span class='ocrx_word' id='word_1_451' title='bbox 3037 2496 3199 2558; x_wconf 87' lang='lat' dir='ltr'><strong>atque</strong></span> <span class='ocrx_word' id='word_1_452' title='bbox 3227 2484 3362 2540; x_wconf 89' lang='lat' dir='ltr'><strong>adeo</strong></span> <span class='ocrx_word' id='word_1_453' title='bbox 3382 2483 3551 2554; x_wconf 87' lang='lat' dir='ltr'><strong>pueri,</strong></span> <span class='ocrx_word' id='word_1_454' title='bbox 3575 2480 3729 2537; x_wconf 86' lang='lat' dir='ltr'><strong>fuere</strong></span> 
     </span>
    </p>
   </div>
   <div class='ocr_carea' id='block_1_66' title="bbox 2136 2575 3729 2651">
    <p class='ocr_par' dir='ltr' id='par_1_66' title="bbox 2136 2575 3729 2651">
     <span class='ocr_line' id='line_1_66' title="bbox 2136 2575 3729 2651; baseline -0.007 -13"><span class='ocrx_word' id='word_1_455' title='bbox 2136 2582 2466 2651; x_wconf 89' lang='lat' dir='ltr'><strong>superiores.</strong></span> <span class='ocrx_word' id='word_1_456' title='bbox 2510 2579 2794 2647; x_wconf 84' lang='lat' dir='ltr'><strong>Quomodo</strong></span> <span class='ocrx_word' id='word_1_457' title='bbox 2847 2587 3025 2632; x_wconf 86' lang='lat' dir='ltr'><strong>autem</strong></span> <span class='ocrx_word' id='word_1_458' title='bbox 3089 2591 3204 2641; x_wconf 83' lang='lat' dir='ltr'><strong>vos,</strong></span> <span class='ocrx_word' id='word_1_459' title='bbox 3236 2575 3433 2645; x_wconf 91' lang='lat' dir='ltr'><strong>inquit,</strong></span> <span class='ocrx_word' id='word_1_460' title='bbox 3469 2588 3566 2643; x_wconf 92' lang='lat' dir='ltr'><strong>pro</strong></span> <span class='ocrx_word' id='word_1_461' title='bbox 3602 2585 3729 2642; x_wconf 78' lang='lat' dir='ltr'><strong>rego</strong></span> 
     </span>
    </p>
   </div>
   <div class='ocr_carea' id='block_1_67' title="bbox 2139 2663 3725 2739">
    <p class='ocr_par' dir='ltr' id='par_1_67' title="bbox 2139 2663 3725 2739">
     <span class='ocr_line' id='line_1_67' title="bbox 2139 2663 3725 2739; baseline -0.009 -9"><span class='ocrx_word' id='word_1_462' title='bbox 2139 2675 2342 2730; x_wconf 88' lang='lat' dir='ltr'><strong>caduco</strong></span> <span class='ocrx_word' id='word_1_463' title='bbox 2399 2683 2455 2729; x_wconf 90' lang='lat' dir='ltr'><strong>et</strong></span> <span class='ocrx_word' id='word_1_464' title='bbox 2497 2681 2712 2726; x_wconf 89' lang='lat' dir='ltr'><strong>terreno</strong></span> <span class='ocrx_word' id='word_1_465' title='bbox 2766 2669 3004 2739; x_wconf 89' lang='lat' dir='ltr'><strong>pericula</strong></span> <span class='ocrx_word' id='word_1_466' title='bbox 3047 2665 3286 2733; x_wconf 90' lang='lat' dir='ltr'><strong>adibitis,</strong></span> <span class='ocrx_word' id='word_1_467' title='bbox 3320 2664 3414 2735; x_wconf 88' lang='lat' dir='ltr'><strong>qui</strong></span> <span class='ocrx_word' id='word_1_468' title='bbox 3452 2663 3725 2720; x_wconf 73' lang='lat' dir='ltr'><strong>caelestem</strong></span> 
     </span>
    </p>
   </div>
   <div class='ocr_carea' id='block_1_68' title="bbox 2139 2754 3729 2833">
    <p class='ocr_par' dir='ltr' id='par_1_68' title="bbox 2139 2754 3729 2833">
     <span class='ocr_line' id='line_1_68' title="bbox 2139 2754 3729 2833; baseline -0.008 -14"><span class='ocrx_word' id='word_1_469' title='bbox 2139 2774 2247 2820; x_wconf 82' lang='lat' dir='ltr'><strong>tam</strong></span> <span class='ocrx_word' id='word_1_470' title='bbox 2275 2765 2382 2819; x_wconf 89' lang='lat' dir='ltr'><strong>cito</strong></span> <span class='ocrx_word' id='word_1_471' title='bbox 2409 2759 2798 2833; x_wconf 88' lang='lat' dir='ltr'><strong>prodideritis?</strong></span> <span class='ocrx_word' id='word_1_472' title='bbox 2832 2759 2985 2827; x_wconf 83' lang='lat' dir='ltr'><strong>Quod</strong></span> <span class='ocrx_word' id='word_1_473' title='bbox 3013 2767 3192 2813; x_wconf 89' lang='lat' dir='ltr'><strong>autem</strong></span> <span class='ocrx_word' id='word_1_474' title='bbox 3233 2756 3338 2810; x_wconf 89' lang='lat' dir='ltr'><strong>erit</strong></span> <span class='ocrx_word' id='word_1_475' title='bbox 3366 2755 3520 2810; x_wconf 75' lang='lat' dir='ltr'><strong>vobis</strong></span> <span class='ocrx_word' id='word_1_476' title='bbox 3553 2754 3729 2807; x_wconf 87' lang='lat' dir='ltr'><strong>muni-</strong></span> 
     </span>
    </p>
   </div>
   <div class='ocr_carea' id='block_1_69' title="bbox 2140 2844 3729 2923">
    <p class='ocr_par' dir='ltr' id='par_1_69' title="bbox 2140 2844 3729 2923">
     <span class='ocr_line' id='line_1_69' title="bbox 2140 2844 3729 2923; baseline -0.008 -17"><span class='ocrx_word' id='word_1_477' title='bbox 2140 2865 2382 2909; x_wconf 90' lang='lat' dir='ltr'><strong>mentum</strong></span> <span class='ocrx_word' id='word_1_478' title='bbox 2413 2862 2505 2906; x_wconf 89' lang='lat' dir='ltr'><strong>ant</strong></span> <span class='ocrx_word' id='word_1_479' title='bbox 2527 2852 2835 2923; x_wconf 79' lang='lat' dir='ltr'><strong>praesidium</strong></span> <span class='ocrx_word' id='word_1_480' title='bbox 2862 2849 3079 2912; x_wconf 87' lang='lat' dir='ltr'><strong>salutis,</strong></span> <span class='ocrx_word' id='word_1_481' title='bbox 3114 2848 3159 2903; x_wconf 89' lang='lat' dir='ltr'><strong>si</strong></span> <span class='ocrx_word' id='word_1_482' title='bbox 3192 2847 3280 2900; x_wconf 92' lang='lat' dir='ltr'><strong>ille</strong></span> <span class='ocrx_word' id='word_1_483' title='bbox 3314 2861 3408 2900; x_wconf 83' lang='lat' dir='ltr'><strong>vos</strong></span> <span class='ocrx_word' id='word_1_484' title='bbox 3439 2860 3564 2900; x_wconf 74' lang='lat' dir='ltr'><strong>mox</strong></span> <span class='ocrx_word' id='word_1_485' title='bbox 3601 2844 3729 2897; x_wconf 77' lang='lat' dir='ltr'><strong>hinc</strong></span> 
     </span>
    </p>
   </div>
   <div class='ocr_carea' id='block_1_70' title="bbox 2140 2935 3737 3011">
    <p class='ocr_par' dir='ltr' id='par_1_70' title="bbox 2140 2935 3737 3011">
     <span class='ocr_line' id='line_1_70' title="bbox 2140 2935 3737 3011; baseline -0.01 -12"><span class='ocrx_word' id='word_1_486' title='bbox 2140 2943 2503 3000; x_wconf 81' lang='lat' dir='ltr'><strong>accersierit?</strong></span> <span class='ocrx_word' id='word_1_487' title='bbox 2547 2941 2666 2997; x_wconf 85' lang='lat' dir='ltr'><strong>Non</strong></span> <span class='ocrx_word' id='word_1_488' title='bbox 2708 2940 2959 3011; x_wconf 78' lang='lat' dir='ltr'><strong>cogitatis</strong></span> <span class='ocrx_word' id='word_1_489' title='bbox 3007 2952 3129 2991; x_wconf 89' lang='lat' dir='ltr'><strong>eum</strong></span> <span class='ocrx_word' id='word_1_490' title='bbox 3178 2937 3280 2992; x_wconf 87' lang='lat' dir='ltr'><strong>hoc</strong></span> <span class='ocrx_word' id='word_1_491' title='bbox 3330 2935 3637 2989; x_wconf 88' lang='lat' dir='ltr'><strong>universum</strong></span> <span class='ocrx_word' id='word_1_492' title='bbox 3673 2942 3737 2987; x_wconf 77' lang='lat' dir='ltr'><strong>tt.</strong></span> 
     </span>
    </p>
   </div>
   <div class='ocr_carea' id='block_1_71' title="bbox 2139 3024 3728 3108">
    <p class='ocr_par' dir='ltr' id='par_1_71' title="bbox 2139 3024 3728 3108">
     <span class='ocr_line' id='line_1_71' title="bbox 2139 3024 3728 3108; baseline -0.008 -17"><span class='ocrx_word' id='word_1_493' title='bbox 2139 3051 2327 3108; x_wconf 78' lang='lat' dir='ltr'><strong>regere</strong></span> <span class='ocrx_word' id='word_1_494' title='bbox 2352 3045 2405 3091; x_wconf 91' lang='lat' dir='ltr'><strong>et</strong></span> <span class='ocrx_word' id='word_1_495' title='bbox 2439 3034 2852 3099; x_wconf 88' lang='lat' dir='ltr'><strong>administrare;</strong></span> <span class='ocrx_word' id='word_1_496' title='bbox 2906 3031 3167 3099; x_wconf 90' lang='lat' dir='ltr'><strong>illumque</strong></span> <span class='ocrx_word' id='word_1_497' title='bbox 3209 3039 3264 3084; x_wconf 88' lang='lat' dir='ltr'><strong>et</strong></span> <span class='ocrx_word' id='word_1_498' title='bbox 3307 3027 3429 3082; x_wconf 61' lang='lat' dir='ltr'><strong>vitae</strong></span> <span class='ocrx_word' id='word_1_499' title='bbox 3457 3040 3578 3081; x_wconf 90' lang='lat' dir='ltr'><strong>esse</strong></span> <span class='ocrx_word' id='word_1_500' title='bbox 3614 3024 3728 3079; x_wconf 84' lang='lat' dir='ltr'><strong>dis-</strong></span> 
     </span>
    </p>
   </div>
   <div class='ocr_carea' id='block_1_72' title="bbox 2145 3116 3728 3200">
    <p class='ocr_par' dir='ltr' id='par_1_72' title="bbox 2145 3116 3728 3200">
     <span class='ocr_line' id='line_1_72' title="bbox 2145 3116 3728 3200; baseline -0.008 -19"><span class='ocrx_word' id='word_1_501' title='bbox 2145 3136 2516 3200; x_wconf 85' lang='lat' dir='ltr'><strong>pensatorem,</strong></span> <span class='ocrx_word' id='word_1_502' title='bbox 2548 3134 2605 3181; x_wconf 90' lang='lat' dir='ltr'><strong>et</strong></span> <span class='ocrx_word' id='word_1_503' title='bbox 2629 3124 2820 3180; x_wconf 88' lang='lat' dir='ltr'><strong>mortis</strong></span> <span class='ocrx_word' id='word_1_504' title='bbox 2866 3119 3194 3178; x_wconf 78' lang='lat' dir='ltr'><strong>dominum?</strong></span> <span class='ocrx_word' id='word_1_505' title='bbox 3248 3118 3345 3174; x_wconf 88' lang='lat' dir='ltr'><strong>Est</strong></span> <span class='ocrx_word' id='word_1_506' title='bbox 3391 3131 3523 3188; x_wconf 76' lang='lat' dir='ltr'><strong>ergo</strong></span> <span class='ocrx_word' id='word_1_507' title='bbox 3564 3116 3728 3187; x_wconf 78' lang='lat' dir='ltr'><strong>longe</strong></span> 
     </span>
    </p>
   </div>
   <div class='ocr_carea' id='block_1_73' title="bbox 2058 3207 3726 3289">
    <p class='ocr_par' dir='ltr' id='par_1_73' title="bbox 2058 3207 3726 3289">
     <span class='ocr_line' id='line_1_73' title="bbox 2058 3207 3726 3289; baseline -0.009 -13"><span class='ocrx_word' id='word_1_508' title='bbox 2058 3224 2102 3285; x_wconf 86' lang='lat' dir='ltr'>C</span> <span class='ocrx_word' id='word_1_509' title='bbox 2138 3221 2361 3283; x_wconf 87' lang='lat' dir='ltr'><strong>melius,</strong></span> <span class='ocrx_word' id='word_1_510' title='bbox 2391 3228 2715 3289; x_wconf 76' lang='lat' dir='ltr'><strong>praesentem</strong></span> <span class='ocrx_word' id='word_1_511' title='bbox 2747 3216 2913 3269; x_wconf 82' lang='lat' dir='ltr'><strong>vitam</strong></span> <span class='ocrx_word' id='word_1_512' title='bbox 2942 3214 3118 3269; x_wconf 86' lang='lat' dir='ltr'><strong>minus</strong></span> <span class='ocrx_word' id='word_1_513' title='bbox 3141 3221 3414 3277; x_wconf 87' lang='lat' dir='ltr'><strong>curantes,</strong></span> <span class='ocrx_word' id='word_1_514' title='bbox 3445 3207 3726 3277; x_wconf 88' lang='lat' dir='ltr'><strong>consequi,</strong></span> 
     </span>
    </p>
   </div>
   <div class='ocr_carea' id='block_1_74' title="bbox 2142 3294 3726 3381">
    <p class='ocr_par' dir='ltr' id='par_1_74' title="bbox 2142 3294 3726 3381">
     <span class='ocr_line' id='line_1_74' title="bbox 2142 3294 3726 3381; baseline -0.006 -19"><span class='ocrx_word' id='word_1_515' title='bbox 2142 3327 2262 3381; x_wconf 74' lang='lat' dir='ltr'><strong>quae</strong></span> <span class='ocrx_word' id='word_1_516' title='bbox 2323 3310 2465 3381; x_wconf 86' lang='lat' dir='ltr'><strong>apud</strong></span> <span class='ocrx_word' id='word_1_517' title='bbox 2515 3309 2664 3364; x_wconf 93' lang='lat' dir='ltr'><strong>illum</strong></span> <span class='ocrx_word' id='word_1_518' title='bbox 2734 3320 3007 3376; x_wconf 89' lang='lat' dir='ltr'><strong>nunquam</strong></span> <span class='ocrx_word' id='word_1_519' title='bbox 3051 3304 3268 3369; x_wconf 90' lang='lat' dir='ltr'><strong>desinit,</strong></span> <span class='ocrx_word' id='word_1_520' title='bbox 3317 3294 3726 3358; x_wconf 74' lang='lat' dir='ltr'><strong>beatitudinem,</strong></span> 
     </span>
    </p>
   </div>
   <div class='ocr_carea' id='block_1_75' title="bbox 2142 3391 3729 3473">
    <p class='ocr_par' dir='ltr' id='par_1_75' title="bbox 2142 3391 3729 3473">
     <span class='ocr_line' id='line_1_75' title="bbox 2142 3391 3729 3473; baseline -0.008 -17"><span class='ocrx_word' id='word_1_521' title='bbox 2142 3420 2301 3473; x_wconf 81' lang='lat' dir='ltr'><strong>quam</strong></span> <span class='ocrx_word' id='word_1_522' title='bbox 2329 3404 2516 3466; x_wconf 85' lang='lat' dir='ltr'><strong>vitam,</strong></span> <span class='ocrx_word' id='word_1_523' title='bbox 2557 3415 2678 3470; x_wconf 61' lang='lat' dir='ltr'><strong>qua;</strong></span> <span class='ocrx_word' id='word_1_524' title='bbox 2712 3400 2798 3454; x_wconf 91' lang='lat' dir='ltr'><strong>hic</strong></span> <span class='ocrx_word' id='word_1_525' title='bbox 2833 3409 2941 3462; x_wconf 86' lang='lat' dir='ltr'><strong>est,</strong></span> <span class='ocrx_word' id='word_1_526' title='bbox 2975 3395 3387 3468; x_wconf 86' lang='lat' dir='ltr'><strong>amplectentes,</strong></span> <span class='ocrx_word' id='word_1_527' title='bbox 3413 3393 3480 3446; x_wconf 90' lang='lat' dir='ltr'><strong>ab</strong></span> <span class='ocrx_word' id='word_1_528' title='bbox 3517 3391 3624 3446; x_wconf 86' lang='lat' dir='ltr'><strong>hac</strong></span> <span class='ocrx_word' id='word_1_529' title='bbox 3647 3391 3729 3445; x_wconf 86' lang='lat' dir='ltr'><strong>ni-</strong></span> 
     </span>
    </p>
   </div>
   <div class='ocr_carea' id='block_1_76' title="bbox 2144 3480 3729 3560">
    <p class='ocr_par' dir='ltr' id='par_1_76' title="bbox 2144 3480 3729 3560">
     <span class='ocr_line' id='line_1_76' title="bbox 2144 3480 3729 3560; baseline -0.008 -11"><span class='ocrx_word' id='word_1_530' title='bbox 2144 3495 2251 3549; x_wconf 83' lang='lat' dir='ltr'><strong>hilo</strong></span> <span class='ocrx_word' id='word_1_531' title='bbox 2281 3494 2457 3549; x_wconf 81' lang='lat' dir='ltr'><strong>secius</strong></span> <span class='ocrx_word' id='word_1_532' title='bbox 2485 3491 2756 3557; x_wconf 75' lang='lat' dir='ltr'><strong>excidere,</strong></span> <span class='ocrx_word' id='word_1_533' title='bbox 2793 3496 2853 3544; x_wconf 89' lang='lat' dir='ltr'><strong>ut</strong></span> <span class='ocrx_word' id='word_1_534' title='bbox 2896 3489 2986 3560; x_wconf 91' lang='lat' dir='ltr'><strong>qui</strong></span> <span class='ocrx_word' id='word_1_535' title='bbox 3038 3487 3178 3543; x_wconf 87' lang='lat' dir='ltr'><strong>forte</strong></span> <span class='ocrx_word' id='word_1_536' title='bbox 3224 3485 3344 3541; x_wconf 88' lang='lat' dir='ltr'><strong>sitis</strong></span> <span class='ocrx_word' id='word_1_537' title='bbox 3386 3492 3441 3539; x_wconf 91' lang='lat' dir='ltr'><strong>et</strong></span> <span class='ocrx_word' id='word_1_538' title='bbox 3468 3483 3573 3538; x_wconf 87' lang='lat' dir='ltr'><strong>hac</strong></span> <span class='ocrx_word' id='word_1_539' title='bbox 3620 3480 3729 3552; x_wconf 82' lang='lat' dir='ltr'><strong>pri-</strong></span> 
     </span>
    </p>
   </div>
   <div class='ocr_carea' id='block_1_77' title="bbox 2144 3575 3727 3644">
    <p class='ocr_par' dir='ltr' id='par_1_77' title="bbox 2144 3575 3727 3644">
     <span class='ocr_line' id='line_1_77' title="bbox 2144 3575 3727 3644; baseline -0.005 -8"><span class='ocrx_word' id='word_1_540' title='bbox 2144 3585 2305 3640; x_wconf 70' lang='lat' dir='ltr'><strong>randi</strong></span> <span class='ocrx_word' id='word_1_541' title='bbox 2340 3586 2407 3638; x_wconf 85' lang='lat' dir='ltr'><strong>ab</strong></span> <span class='ocrx_word' id='word_1_542' title='bbox 2447 3582 2721 3644; x_wconf 83' lang='lat' dir='ltr'><strong>hostibus,</strong></span> <span class='ocrx_word' id='word_1_543' title='bbox 2743 3589 2798 3636; x_wconf 88' lang='lat' dir='ltr'><strong>et</strong></span> <span class='ocrx_word' id='word_1_544' title='bbox 2832 3581 2980 3635; x_wconf 85' lang='lat' dir='ltr'><strong>illam</strong></span> <span class='ocrx_word' id='word_1_545' title='bbox 3021 3593 3129 3633; x_wconf 92' lang='lat' dir='ltr'><strong>non</strong></span> <span class='ocrx_word' id='word_1_546' title='bbox 3166 3575 3566 3640; x_wconf 86' lang='lat' dir='ltr'><strong>assecuturi,et</strong></span> <span class='ocrx_word' id='word_1_547' title='bbox 3590 3586 3727 3644; x_wconf 64' lang='lat' dir='ltr'><strong>pras-</strong></span> 
     </span>
    </p>
   </div>
   <div class='ocr_carea' id='block_1_78' title="bbox 2145 3665 3729 3746">
    <p class='ocr_par' dir='ltr' id='par_1_78' title="bbox 2145 3665 3729 3746">
     <span class='ocr_line' id='line_1_78' title="bbox 2145 3665 3729 3746; baseline -0.009 -15"><span class='ocrx_word' id='word_1_548' title='bbox 2145 3686 2292 3732; x_wconf 83' lang='lat' dir='ltr'><strong>terea</strong></span> <span class='ocrx_word' id='word_1_549' title='bbox 2326 3676 2503 3731; x_wconf 86' lang='lat' dir='ltr'><strong>daturi</strong></span> <span class='ocrx_word' id='word_1_550' title='bbox 2557 3689 2744 3746; x_wconf 79' lang='lat' dir='ltr'><strong>pcenas</strong></span> <span class='ocrx_word' id='word_1_551' title='bbox 2773 3672 3029 3743; x_wconf 88' lang='lat' dir='ltr'><strong>puniendi</strong></span> <span class='ocrx_word' id='word_1_552' title='bbox 3091 3669 3453 3726; x_wconf 88' lang='lat' dir='ltr'><strong>immortales.</strong></span> <span class='ocrx_word' id='word_1_553' title='bbox 3485 3665 3729 3736; x_wconf 35' lang='lat' dir='ltr'><strong>lllli‘ergo</strong></span> 
     </span>
    </p>
   </div>
   <div class='ocr_carea' id='block_1_79' title="bbox 2145 3759 3729 3836">
    <p class='ocr_par' dir='ltr' id='par_1_79' title="bbox 2145 3759 3729 3836">
     <span class='ocr_line' id='line_1_79' title="bbox 2145 3759 3729 3836; baseline -0.009 -13"><span class='ocrx_word' id='word_1_554' title='bbox 2145 3784 2265 3824; x_wconf 88' lang='lat' dir='ltr'><strong>cum</strong></span> <span class='ocrx_word' id='word_1_555' title='bbox 2291 3768 2406 3823; x_wconf 64' lang='lat' dir='ltr'><strong>haec</strong></span> <span class='ocrx_word' id='word_1_556' title='bbox 2422 3767 2775 3832; x_wconf 80' lang='lat' dir='ltr'><strong>audivissent,</strong></span> <span class='ocrx_word' id='word_1_557' title='bbox 2806 3765 3174 3836; x_wconf 86' lang='lat' dir='ltr'><strong>resipuerunt,</strong></span> <span class='ocrx_word' id='word_1_558' title='bbox 3197 3773 3252 3817; x_wconf 92' lang='lat' dir='ltr'><strong>et</strong></span> <span class='ocrx_word' id='word_1_559' title='bbox 3277 3776 3371 3816; x_wconf 88' lang='lat' dir='ltr'><strong>eos</strong></span> <span class='ocrx_word' id='word_1_560' title='bbox 3393 3759 3647 3831; x_wconf 75' lang='lat' dir='ltr'><strong>ptenituit</strong></span> <span class='ocrx_word' id='word_1_561' title='bbox 3668 3774 3729 3814; x_wconf 84' lang='lat' dir='ltr'><strong>se</strong></span> 
     </span>
    </p>
   </div>
   <div class='ocr_carea' id='block_1_80' title="bbox 2144 3851 3727 3931">
    <p class='ocr_par' dir='ltr' id='par_1_80' title="bbox 2144 3851 3727 3931">
     <span class='ocr_line' id='line_1_80' title="bbox 2144 3851 3727 3931; baseline -0.008 -15"><span class='ocrx_word' id='word_1_562' title='bbox 2144 3876 2393 3931; x_wconf 79' lang='lat' dir='ltr'><strong>negasse.</strong></span> <span class='ocrx_word' id='word_1_563' title='bbox 2428 3859 2634 3915; x_wconf 83' lang='lat' dir='ltr'><strong>Etcum</strong></span> <span class='ocrx_word' id='word_1_564' title='bbox 2671 3872 2862 3914; x_wconf 88' lang='lat' dir='ltr'><strong>rursus</strong></span> <span class='ocrx_word' id='word_1_565' title='bbox 2915 3859 2980 3911; x_wconf 92' lang='lat' dir='ltr'><strong>ad</strong></span> <span class='ocrx_word' id='word_1_566' title='bbox 3015 3870 3075 3911; x_wconf 86' lang='lat' dir='ltr'><strong>se</strong></span> <span class='ocrx_word' id='word_1_567' title='bbox 3123 3855 3431 3921; x_wconf 86' lang='lat' dir='ltr'><strong>rediissem,</strong></span> <span class='ocrx_word' id='word_1_568' title='bbox 3467 3862 3522 3908; x_wconf 91' lang='lat' dir='ltr'><strong>et</strong></span> <span class='ocrx_word' id='word_1_569' title='bbox 3562 3851 3727 3906; x_wconf 81' lang='lat' dir='ltr'><strong>libere</strong></span> 
     </span>
    </p>
   </div>
   <div class='ocr_carea' id='block_1_81' title="bbox 2144 3943 3724 4020">
    <p class='ocr_par' dir='ltr' id='par_1_81' title="bbox 2144 3943 3724 4020">
     <span class='ocr_line' id='line_1_81' title="bbox 2144 3943 3724 4020; baseline -0.008 -14"><span class='ocrx_word' id='word_1_570' title='bbox 2144 3951 2344 4006; x_wconf 82' lang='lat' dir='ltr'><strong>essent</strong></span> <span class='ocrx_word' id='word_1_571' title='bbox 2368 3950 2556 4013; x_wconf 88' lang='lat' dir='ltr'><strong>locuti,</strong></span> <span class='ocrx_word' id='word_1_572' title='bbox 2595 3947 2815 4020; x_wconf 90' lang='lat' dir='ltr'><strong>plurimi</strong></span> <span class='ocrx_word' id='word_1_573' title='bbox 2845 3945 2923 4018; x_wconf 90' lang='lat'><strong>(9)</strong></span> <span class='ocrx_word' id='word_1_574' title='bbox 2947 3955 3169 4017; x_wconf 82' lang='lat' dir='ltr'><strong>propter</strong></span> <span class='ocrx_word' id='word_1_575' title='bbox 3198 3943 3475 4000; x_wconf 89' lang='lat' dir='ltr'><strong>Christum</strong></span> <span class='ocrx_word' id='word_1_576' title='bbox 3496 3953 3724 3997; x_wconf 89' lang='lat' dir='ltr'><strong>mortem</strong></span> 
     </span>
    </p>
   </div>
   <div class='ocr_carea' id='block_1_82' title="bbox 2146 4036 3725 4111">
    <p class='ocr_par' dir='ltr' id='par_1_82' title="bbox 2146 4036 3725 4111">
     <span class='ocr_line' id='line_1_82' title="bbox 2146 4036 3725 4111; baseline -0.008 -14"><span class='ocrx_word' id='word_1_577' title='bbox 2146 4041 2450 4104; x_wconf 88' lang='lat' dir='ltr'><strong>subierunt,</strong></span> <span class='ocrx_word' id='word_1_578' title='bbox 2485 4054 2609 4095; x_wconf 90' lang='lat' dir='ltr'><strong>cum</strong></span> <span class='ocrx_word' id='word_1_579' title='bbox 2643 4048 2826 4095; x_wconf 89' lang='lat' dir='ltr'><strong>essent</strong></span> <span class='ocrx_word' id='word_1_580' title='bbox 2861 4054 2965 4094; x_wconf 90' lang='lat' dir='ltr'><strong>non</strong></span> <span class='ocrx_word' id='word_1_581' title='bbox 2996 4036 3282 4109; x_wconf 86' lang='lat' dir='ltr'><strong>pauciores</strong></span> <span class='ocrx_word' id='word_1_582' title='bbox 3311 4048 3539 4090; x_wconf 89' lang='lat' dir='ltr'><strong>numero</strong></span> <span class='ocrx_word' id='word_1_583' title='bbox 3559 4047 3725 4111; x_wconf 73' lang='lat' dir='ltr'><strong>quam</strong></span> 
     </span>
    </p>
   </div>
   <div class='ocr_carea' id='block_1_83' title="bbox 2147 4125 3731 4207">
    <p class='ocr_par' dir='ltr' id='par_1_83' title="bbox 2147 4125 3731 4207">
     <span class='ocr_line' id='line_1_83' title="bbox 2147 4125 3731 4207; baseline -0.007 -17"><span class='ocrx_word' id='word_1_584' title='bbox 2147 4135 2546 4207; x_wconf 78' lang='lat' dir='ltr'><strong>quadraginta;</strong></span> <span class='ocrx_word' id='word_1_585' title='bbox 2588 4132 2830 4187; x_wconf 89' lang='lat' dir='ltr'><strong>nonnulli</strong></span> <span class='ocrx_word' id='word_1_586' title='bbox 2851 4142 3030 4187; x_wconf 90' lang='lat' dir='ltr'><strong>autem</strong></span> <span class='ocrx_word' id='word_1_587' title='bbox 3072 4144 3195 4185; x_wconf 89' lang='lat' dir='ltr'><strong>cum</strong></span> <span class='ocrx_word' id='word_1_588' title='bbox 3224 4129 3593 4185; x_wconf 80' lang='lat' dir='ltr'><strong>decertassent</strong></span> <span class='ocrx_word' id='word_1_589' title='bbox 3633 4125 3731 4180; x_wconf 83' lang='lat' dir='ltr'><strong>ad-</strong></span> 
     </span>
    </p>
   </div>
   <div class='ocr_carea' id='block_1_84' title="bbox 2147 4220 3724 4294">
    <p class='ocr_par' dir='ltr' id='par_1_84' title="bbox 2147 4220 3724 4294">
     <span class='ocr_line' id='line_1_84' title="bbox 2147 4220 3724 4294; baseline -0.003 -15"><span class='ocrx_word' id='word_1_590' title='bbox 2147 4240 2337 4281; x_wconf 76' lang='lat' dir='ltr'><strong>versus</strong></span> <span class='ocrx_word' id='word_1_591' title='bbox 2367 4224 2549 4279; x_wconf 76' lang='lat' dir='ltr'><strong>ninnia</strong></span> <span class='ocrx_word' id='word_1_592' title='bbox 2574 4239 2772 4293; x_wconf 64' lang='lat' dir='ltr'><strong>genera</strong></span> <span class='ocrx_word' id='word_1_593' title='bbox 2807 4221 3217 4294; x_wconf 75' lang='lat' dir='ltr'><strong>Suppliciorum,</strong></span> <span class='ocrx_word' id='word_1_594' title='bbox 3243 4221 3501 4277; x_wconf 78' lang='lat' dir='ltr'><strong>vixerunt</strong></span> <span class='ocrx_word' id='word_1_595' title='bbox 3524 4220 3724 4283; x_wconf 80' lang='lat' dir='ltr'><strong>adhuc,</strong></span> 
     </span>
    </p>
   </div>
   <div class='ocr_carea' id='block_1_85' title="bbox 2148 4308 3730 4385">
    <p class='ocr_par' dir='ltr' id='par_1_85' title="bbox 2148 4308 3730 4385">
     <span class='ocr_line' id='line_1_85' title="bbox 2148 4308 3730 4385; baseline -0.005 -14"><span class='ocrx_word' id='word_1_596' title='bbox 2148 4331 2271 4372; x_wconf 92' lang='lat' dir='ltr'><strong>cum</strong></span> <span class='ocrx_word' id='word_1_597' title='bbox 2303 4315 2433 4370; x_wconf 90' lang='lat' dir='ltr'><strong>nihil</strong></span> <span class='ocrx_word' id='word_1_598' title='bbox 2464 4325 2618 4385; x_wconf 87' lang='lat' dir='ltr'><strong>turpe</strong></span> <span class='ocrx_word' id='word_1_599' title='bbox 2652 4325 2708 4371; x_wconf 84' lang='lat' dir='ltr'><strong>et</strong></span> <span class='ocrx_word' id='word_1_600' title='bbox 2736 4314 2987 4384; x_wconf 78' lang='lat' dir='ltr'><strong>ignavum</strong></span> <span class='ocrx_word' id='word_1_601' title='bbox 3031 4326 3142 4383; x_wconf 74' lang='lat' dir='ltr'><strong>prae</strong></span> <span class='ocrx_word' id='word_1_602' title='bbox 3169 4326 3229 4366; x_wconf 93' lang='lat' dir='ltr'><strong>se</strong></span> <span class='ocrx_word' id='word_1_603' title='bbox 3266 4311 3516 4366; x_wconf 87' lang='lat' dir='ltr'><strong>tulissent</strong></span> <span class='ocrx_word' id='word_1_604' title='bbox 3545 4308 3598 4364; x_wconf 94' lang='lat' dir='ltr'><strong>in</strong></span> <span class='ocrx_word' id='word_1_605' title='bbox 3642 4323 3730 4363; x_wconf 86' lang='lat' dir='ltr'><strong>se-</strong></span> 
     </span>
    </p>
   </div>
   <div class='ocr_carea' id='block_1_86' title="bbox 2150 4401 3732 4478">
    <p class='ocr_par' dir='ltr' id='par_1_86' title="bbox 2150 4401 3732 4478">
     <span class='ocr_line' id='line_1_86' title="bbox 2150 4401 3732 4478; baseline -0.005 -15"><span class='ocrx_word' id='word_1_606' title='bbox 2150 4409 2324 4463; x_wconf 90' lang='lat' dir='ltr'><strong>cunda</strong></span> <span class='ocrx_word' id='word_1_607' title='bbox 2354 4407 2692 4478; x_wconf 73' lang='lat' dir='ltr'><strong>experientia</strong></span> <span class='ocrx_word' id='word_1_608' title='bbox 2721 4423 2737 4474; x_wconf 91' lang='lat'><strong>;</strong></span> <span class='ocrx_word' id='word_1_609' title='bbox 2766 4407 2860 4463; x_wconf 88' lang='lat' dir='ltr'><strong>sed</strong></span> <span class='ocrx_word' id='word_1_610' title='bbox 2889 4409 3040 4478; x_wconf 89' lang='lat' dir='ltr'><strong>prius</strong></span> <span class='ocrx_word' id='word_1_611' title='bbox 3071 4418 3286 4475; x_wconf 88' lang='lat' dir='ltr'><strong>quoque</strong></span> <span class='ocrx_word' id='word_1_612' title='bbox 3327 4401 3593 4471; x_wconf 84' lang='lat' dir='ltr'><strong>judicium</strong></span> <span class='ocrx_word' id='word_1_613' title='bbox 3634 4416 3732 4456; x_wconf 56' lang='lat' dir='ltr'><strong>ne-</strong></span> 
     </span>
    </p>
   </div>
   <div class='ocr_carea' id='block_1_87' title="bbox 2154 4493 3751 4571">
    <p class='ocr_par' dir='ltr' id='par_1_87' title="bbox 2154 4493 3751 4571">
     <span class='ocr_line' id='line_1_87' title="bbox 2154 4493 3751 4571; baseline -0.001 -21"><span class='ocrx_word' id='word_1_614' title='bbox 2154 4499 2408 4569; x_wconf 76' lang='lat' dir='ltr'><strong>gationis,</strong></span> <span class='ocrx_word' id='word_1_615' title='bbox 2457 4499 2657 4555; x_wconf 81' lang='lat' dir='ltr'><strong>invicta</strong></span> <span class='ocrx_word' id='word_1_616' title='bbox 2718 4499 2975 4571; x_wconf 84' lang='lat' dir='ltr'><strong>deinceps</strong></span> <span class='ocrx_word' id='word_1_617' title='bbox 3028 4512 3125 4569; x_wconf 93' lang='lat' dir='ltr'><strong>pro</strong></span> <span class='ocrx_word' id='word_1_618' title='bbox 3173 4497 3372 4569; x_wconf 86' lang='lat' dir='ltr'><strong>pietate</strong></span> <span class='ocrx_word' id='word_1_619' title='bbox 3427 4493 3751 4549; x_wconf 79' lang='lat' dir='ltr'><strong>constantia.</strong></span> 
     </span>
    </p>
   </div>
   <div class='ocr_carea' id='block_1_88' title="bbox 468 4545 2051 4648">
    <p class='ocr_par' dir='ltr' id='par_1_88' title="bbox 468 4545 2041 4648">
     <span class='ocr_line' id='line_1_88' title="bbox 468 4545 2041 4648; baseline 0.005 -51"><span class='ocrx_word' id='word_1_620' title='bbox 468 4547 869 4648; x_wconf 66' lang='grc' dir='ltr'>μεμενηκότες,</span> <span class='ocrx_word' id='word_1_621' title='bbox 902 4547 1040 4602; x_wconf 85' lang='grc' dir='ltr'>ἀλλὰ</span> <span class='ocrx_word' id='word_1_622' title='bbox 1068 4547 1163 4601; x_wconf 73' lang='grc' dir='ltr'>καὶ</span> <span class='ocrx_word' id='word_1_623' title='bbox 1195 4548 1295 4618; x_wconf 76' lang='grc' dir='ltr'>τὴν</span> <span class='ocrx_word' id='word_1_624' title='bbox 1336 4548 1611 4620; x_wconf 85' lang='grc' dir='ltr'>προτέραν</span> <span class='ocrx_word' id='word_1_625' title='bbox 1634 4545 1728 4615; x_wconf 83' lang='grc' dir='ltr'><strong>τῆς</strong></span> <span class='ocrx_word' id='word_1_626' title='bbox 1757 4545 2041 4617; x_wconf 81' lang='grc' dir='ltr'>ἀρνήσεως</span> 
     </span>
    </p>
   </div>
   <div class='ocr_carea' id='block_1_89' title="bbox 2139 4545 2498 4648">
    <p class='ocr_par' dir='ltr' id='par_1_89' title="bbox 2148 4545 2498 4648">
     <span class='ocr_line' id='line_1_89' title="bbox 2154 4545 2493 4569; baseline -0.006 -13"><span class='ocrx_word' id='word_1_627' title='bbox 2154 4545 2408 4569; x_wconf 68' lang='grc' dir='ltr'><strong>ο---.-...-,</strong></span> <span class='ocrx_word' id='word_1_628' title='bbox 2457 4545 2493 4554; x_wconf 93' lang='grc'><strong>-.</strong></span> 
     </span>
     <span class='ocr_line' id='line_1_90' title="bbox 2148 4592 2498 4648; baseline 0.003 -1"><span class='ocrx_word' id='word_1_629' title='bbox 2148 4592 2498 4648; x_wconf 66' lang='grc' dir='ltr'>ἀοιονίεεθῐιι.</span> 
     </span>
    </p>
   </div>
   <div class='ocr_carea' id='block_1_90' title="bbox 462 4634 2040 4713">
    <p class='ocr_par' dir='ltr' id='par_1_90' title="bbox 462 4634 2040 4713">
     <span class='ocr_line' id='line_1_91' title="bbox 462 4634 2040 4713; baseline 0.004 -27"><span class='ocrx_word' id='word_1_630' title='bbox 462 4634 619 4704; x_wconf 82' lang='grc' dir='ltr'>δίκην</span> <span class='ocrx_word' id='word_1_631' title='bbox 668 4640 734 4709; x_wconf 80' lang='grc' dir='ltr'>τῇ</span> <span class='ocrx_word' id='word_1_632' title='bbox 795 4636 893 4693; x_wconf 79' lang='grc' dir='ltr'>νῦν</span> <span class='ocrx_word' id='word_1_633' title='bbox 936 4639 1078 4713; x_wconf 81' lang='grc' dir='ltr'>ὑπὲρ</span> <span class='ocrx_word' id='word_1_634' title='bbox 1137 4639 1421 4703; x_wconf 77' lang='grc' dir='ltr'>εὐσεϐείας</span> <span class='ocrx_word' id='word_1_635' title='bbox 1477 4639 1727 4693; x_wconf 80' lang='grc' dir='ltr'>ὲνστάσει</span> <span class='ocrx_word' id='word_1_636' title='bbox 1781 4634 2040 4693; x_wconf 76' lang='grc' dir='ltr'>διαλυσά-</span> 
     </span>
    </p>
   </div>
   <div class='ocr_carea' id='block_1_91' title="bbox 469 4743 641 4794">
    <p class='ocr_par' dir='ltr' id='par_1_91' title="bbox 469 4743 641 4794">
     <span class='ocr_line' id='line_1_92' title="bbox 469 4743 641 4794; baseline 0.012 -16"><span class='ocrx_word' id='word_1_637' title='bbox 469 4743 641 4794; x_wconf 87' lang='grc' dir='ltr'>μενοι.</span> 
     </span>
    </p>
   </div>
   <div class='ocr_carea' id='block_1_92' title="bbox 538 4781 2045 4890">
    <p class='ocr_par' dir='ltr' id='par_1_92' title="bbox 538 4781 2045 4890">
     <span class='ocr_line' id='line_1_93' title="bbox 538 4781 2045 4890; baseline 0 -21"><span class='ocrx_word' id='word_1_638' title='bbox 538 4814 602 4870; x_wconf 87' lang='grc' dir='ltr'><strong>θ’.</strong></span> <span class='ocrx_word' id='word_1_639' title='bbox 650 4815 710 4871; x_wconf 87' lang='lat'><strong>&#39;0</strong></span> <span class='ocrx_word' id='word_1_640' title='bbox 742 4816 801 4871; x_wconf 86' lang='grc' dir='ltr'>δὲ</span> <span class='ocrx_word' id='word_1_641' title='bbox 830 4818 1131 4883; x_wconf 83' lang='grc' dir='ltr'>Λουκιανὸς</span> <span class='ocrx_word' id='word_1_642' title='bbox 1163 4781 1418 4890; x_wconf 55' lang='grc' dir='ltr'>πάρεργα</span> <span class='ocrx_word' id='word_1_643' title='bbox 1447 4818 1549 4889; x_wconf 86' lang='grc' dir='ltr'><strong>τῆς</strong></span> <span class='ocrx_word' id='word_1_644' title='bbox 1587 4816 1707 4872; x_wconf 81' lang='grc' dir='ltr'>ὁδοῦ</span> <span class='ocrx_word' id='word_1_645' title='bbox 1739 4815 1915 4872; x_wconf 81' lang='grc' dir='ltr'>ταῦτα</span> <span class='ocrx_word' id='word_1_646' title='bbox 1950 4817 2045 4869; x_wconf 71' lang='grc' dir='ltr'><strong>καὶ</strong></span> 
     </span>
    </p>
   </div>
   <div class='ocr_carea' id='block_1_93' title="bbox 465 4907 2044 4983">
    <p class='ocr_par' dir='ltr' id='par_1_93' title="bbox 465 4907 2044 4983">
     <span class='ocr_line' id='line_1_94' title="bbox 465 4907 2044 4983; baseline 0.002 -24"><span class='ocrx_word' id='word_1_647' title='bbox 465 4907 691 4962; x_wconf 80' lang='grc' dir='ltr'>τοιαῦτα</span> <span class='ocrx_word' id='word_1_648' title='bbox 723 4910 894 4964; x_wconf 82' lang='grc' dir='ltr'>πλείω</span> <span class='ocrx_word' id='word_1_649' title='bbox 918 4911 1379 4983; x_wconf 82' lang='grc' dir='ltr'>διαπραξάμενος,</span> <span class='ocrx_word' id='word_1_650' title='bbox 1424 4913 1504 4975; x_wconf 82' lang='grc' dir='ltr'><strong>είς</strong></span> <span class='ocrx_word' id='word_1_651' title='bbox 1540 4911 1639 4981; x_wconf 86' lang='grc' dir='ltr'>τὴν</span> <span class='ocrx_word' id='word_1_652' title='bbox 1668 4909 2044 4979; x_wconf 83' lang='grc' dir='ltr'>Νικομήδειαν</span> 
     </span>
    </p>
   </div>
   <div class='ocr_carea' id='block_1_94' title="bbox 467 5000 2042 5076">
    <p class='ocr_par' dir='ltr' id='par_1_94' title="bbox 467 5000 2042 5076">
     <span class='ocr_line' id='line_1_95' title="bbox 467 5000 2042 5076; baseline 0.002 -25"><span class='ocrx_word' id='word_1_653' title='bbox 467 5000 768 5073; x_wconf 74' lang='grc' dir='ltr'>ἐκομίσθη·</span> <span class='ocrx_word' id='word_1_654' title='bbox 794 5003 988 5058; x_wconf 85' lang='grc' dir='ltr'>τούτου</span> <span class='ocrx_word' id='word_1_655' title='bbox 1020 5003 1077 5057; x_wconf 78' lang='grc' dir='ltr'>δὲ</span> <span class='ocrx_word' id='word_1_656' title='bbox 1106 5005 1202 5059; x_wconf 83' lang='grc' dir='ltr'>τοῦ</span> <span class='ocrx_word' id='word_1_657' title='bbox 1250 5005 1447 5076; x_wconf 73' lang='grc' dir='ltr'>ἀνδρὸς</span> <span class='ocrx_word' id='word_1_658' title='bbox 1481 5003 1742 5074; x_wconf 72' lang='grc' dir='ltr'>ὁμιληταὶ</span> <span class='ocrx_word' id='word_1_659' title='bbox 1782 5001 2042 5072; x_wconf 85' lang='grc' dir='ltr'>γεγόνασι</span> 
     </span>
    </p>
   </div>
   <div class='ocr_carea' id='block_1_95' title="bbox 467 5092 2048 5169">
    <p class='ocr_par' dir='ltr' id='par_1_95' title="bbox 467 5092 2048 5169">
     <span class='ocr_line' id='line_1_96' title="bbox 467 5092 2048 5169; baseline 0.001 -24"><span class='ocrx_word' id='word_1_660' title='bbox 467 5092 712 5160; x_wconf 81' lang='grc' dir='ltr'>πλείους,</span> <span class='ocrx_word' id='word_1_661' title='bbox 743 5097 845 5152; x_wconf 84' lang='grc' dir='ltr'><strong>καὶ</strong></span> <span class='ocrx_word' id='word_1_662' title='bbox 874 5098 924 5149; x_wconf 80' lang='lat' dir='ltr'><strong>oi</strong></span> <span class='ocrx_word' id='word_1_663' title='bbox 958 5097 1058 5169; x_wconf 79' lang='grc' dir='ltr'>μὲν</span> <span class='ocrx_word' id='word_1_664' title='bbox 1096 5098 1287 5152; x_wconf 83' lang='grc' dir='ltr'>αὐτόθι</span> <span class='ocrx_word' id='word_1_665' title='bbox 1336 5096 1705 5169; x_wconf 82' lang='grc' dir='ltr'>συμπαρῆσαν</span> <span class='ocrx_word' id='word_1_666' title='bbox 1734 5093 1882 5164; x_wconf 80' lang='grc' dir='ltr'>αὑτῷ</span> <span class='ocrx_word' id='word_1_667' title='bbox 1906 5096 2048 5147; x_wconf 87' lang='grc' dir='ltr'><strong>κατά</strong></span> 
     </span>
    </p>
   </div>
   <div class='ocr_carea' id='block_1_96' title="bbox 464 5179 2046 5261">
    <p class='ocr_par' dir='ltr' id='par_1_96' title="bbox 464 5179 2046 5261">
     <span class='ocr_line' id='line_1_97' title="bbox 464 5179 2046 5261; baseline 0.001 -25"><span class='ocrx_word' id='word_1_668' title='bbox 464 5182 565 5255; x_wconf 78' lang='grc' dir='ltr'><strong>τὴν</strong></span> <span class='ocrx_word' id='word_1_669' title='bbox 577 5185 948 5259; x_wconf 72' lang='grc' dir='ltr'>Νικομήδειαν</span> <span class='ocrx_word' id='word_1_670' title='bbox 972 5190 1364 5261; x_wconf 81' lang='grc' dir='ltr'>ἀγωνιζομένῳ</span> <span class='ocrx_word' id='word_1_671' title='bbox 1391 5204 1406 5220; x_wconf 75' lang='grc' dir='ltr'><strong><em>ο</em></strong></span> <span class='ocrx_word' id='word_1_672' title='bbox 1437 5190 1485 5242; x_wconf 81' lang='lat' dir='ltr'><strong>oi</strong></span> <span class='ocrx_word' id='word_1_673' title='bbox 1516 5188 1571 5241; x_wconf 76' lang='grc' dir='ltr'>δὲ</span> <span class='ocrx_word' id='word_1_674' title='bbox 1595 5185 1681 5240; x_wconf 70' lang='grc' dir='ltr'><strong>οὔθ</strong></span> <span class='ocrx_word' id='word_1_675' title='bbox 1709 5184 1771 5251; x_wconf 80' lang='grc' dir='ltr'>ἐξ</span> <span class='ocrx_word' id='word_1_676' title='bbox 1795 5179 1870 5239; x_wconf 85' lang='grc' dir='ltr'><strong>ὧν</strong></span> <span class='ocrx_word' id='word_1_677' title='bbox 1897 5200 2046 5247; x_wconf 86' lang='grc' dir='ltr'>τινες</span> 
     </span>
    </p>
   </div>
   <div class='ocr_carea' id='block_1_97' title="bbox 468 5276 2045 5351">
    <p class='ocr_par' dir='ltr' id='par_1_97' title="bbox 468 5276 2045 5351">
     <span class='ocr_line' id='line_1_98' title="bbox 468 5276 2045 5351; baseline -0.003 -17"><span class='ocrx_word' id='word_1_678' title='bbox 468 5278 857 5347; x_wconf 76' lang='grc' dir='ltr'>προϐαλόντων</span> <span class='ocrx_word' id='word_1_679' title='bbox 886 5282 1081 5347; x_wconf 82' lang='grc' dir='ltr'>αὐτοῖς</span> <span class='ocrx_word' id='word_1_680' title='bbox 1104 5283 1217 5337; x_wconf 85' lang='grc' dir='ltr'>τῶν</span> <span class='ocrx_word' id='word_1_681' title='bbox 1239 5281 1518 5351; x_wconf 84' lang='grc' dir='ltr'>έλληνίσαι</span> <span class='ocrx_word' id='word_1_682' title='bbox 1553 5277 1924 5350; x_wconf 81' lang='grc' dir='ltr'>βιασαμένων,</span> <span class='ocrx_word' id='word_1_683' title='bbox 1957 5276 2045 5330; x_wconf 81' lang='grc' dir='ltr'>έν-</span> 
     </span>
    </p>
   </div>
   <div class='ocr_carea' id='block_1_98' title="bbox 468 5368 2045 5446">
    <p class='ocr_par' dir='ltr' id='par_1_98' title="bbox 468 5368 2045 5446">
     <span class='ocr_line' id='line_1_99' title="bbox 468 5368 2045 5446; baseline 0.001 -25"><span class='ocrx_word' id='word_1_684' title='bbox 468 5368 658 5425; x_wconf 77' lang='grc' dir='ltr'>έδοσαν</span> <span class='ocrx_word' id='word_1_685' title='bbox 690 5373 791 5444; x_wconf 75' lang='grc' dir='ltr'><strong>μὲν</strong></span> <span class='ocrx_word' id='word_1_686' title='bbox 818 5374 889 5428; x_wconf 75' lang='grc' dir='ltr'>τὰ</span> <span class='ocrx_word' id='word_1_687' title='bbox 920 5375 1116 5445; x_wconf 85' lang='grc' dir='ltr'>πρῶτα</span> <span class='ocrx_word' id='word_1_688' title='bbox 1166 5373 1242 5446; x_wconf 84' lang='grc' dir='ltr'>μὴ</span> <span class='ocrx_word' id='word_1_689' title='bbox 1279 5369 1604 5441; x_wconf 72' lang='grc' dir='ltr'>δυνηθέντες</span> <span class='ocrx_word' id='word_1_690' title='bbox 1644 5371 1879 5441; x_wconf 87' lang='grc' dir='ltr'>ἀρκέσαι</span> <span class='ocrx_word' id='word_1_691' title='bbox 1907 5369 2045 5440; x_wconf 83' lang='grc' dir='ltr'>πρὸς</span> 
     </span>
    </p>
   </div>
   <div class='ocr_carea' id='block_1_99' title="bbox 466 5460 2047 5537">
    <p class='ocr_par' dir='ltr' id='par_1_99' title="bbox 466 5460 2047 5537">
     <span class='ocr_line' id='line_1_100' title="bbox 466 5460 2047 5537; baseline 0 -22"><span class='ocrx_word' id='word_1_692' title='bbox 466 5460 566 5525; x_wconf 77' lang='grc' dir='ltr'>τὰς</span> <span class='ocrx_word' id='word_1_693' title='bbox 592 5462 865 5534; x_wconf 76' lang='grc' dir='ltr'>βασάνους</span> <span class='ocrx_word' id='word_1_694' title='bbox 889 5483 904 5499; x_wconf 90' lang='grc'><strong>·</strong></span> <span class='ocrx_word' id='word_1_695' title='bbox 933 5466 1127 5520; x_wconf 74' lang='grc' dir='ltr'>ἔπειτα</span> <span class='ocrx_word' id='word_1_696' title='bbox 1153 5470 1337 5537; x_wconf 82' lang='grc' dir='ltr'>μέντοι</span> <span class='ocrx_word' id='word_1_697' title='bbox 1370 5463 1671 5528; x_wconf 80' lang='grc' dir='ltr'>Λουκιανὸς</span> <span class='ocrx_word' id='word_1_698' title='bbox 1706 5464 1735 5516; x_wconf 86' lang='grc' dir='ltr'><strong>ὁ</strong></span> <span class='ocrx_word' id='word_1_699' title='bbox 1767 5462 1910 5525; x_wconf 87' lang='grc' dir='ltr'>θεῖος</span> <span class='ocrx_word' id='word_1_700' title='bbox 1941 5461 2047 5532; x_wconf 70' lang='grc' dir='ltr'>(ἔτι</span> 
     </span>
    </p>
   </div>
   <div class='ocr_carea' id='block_1_100' title="bbox 468 5555 2040 5663">
    <p class='ocr_par' dir='ltr' id='par_1_100' title="bbox 468 5555 2040 5663">
     <span class='ocr_line' id='line_1_101' title="bbox 468 5555 2040 5663; baseline -0.008 -43"><span class='ocrx_word' id='word_1_701' title='bbox 468 5557 578 5627; x_wconf 66' lang='grc' dir='ltr'>γὰρ</span> <span class='ocrx_word' id='word_1_702' title='bbox 600 5560 719 5630; x_wconf 72' lang='grc' dir='ltr'><strong>ἔζη)</strong></span> <span class='ocrx_word' id='word_1_703' title='bbox 749 5560 1271 5633; x_wconf 81' lang='grc' dir='ltr'>προσκαλεσάμενος</span> <span class='ocrx_word' id='word_1_704' title='bbox 1290 5558 1521 5663; x_wconf 38' lang='grc' dir='ltr'>Ῐαῦτοὺς,</span> <span class='ocrx_word' id='word_1_705' title='bbox 1562 5557 1658 5612; x_wconf 78' lang='grc' dir='ltr'>καὶ</span> <span class='ocrx_word' id='word_1_706' title='bbox 1696 5555 1879 5627; x_wconf 71' lang='grc' dir='ltr'>λόγοις</span> <span class='ocrx_word' id='word_1_707' title='bbox 1905 5571 2040 5609; x_wconf 85' lang='grc' dir='ltr'>παν-</span> 
     </span>
    </p>
   </div>
   <div class='ocr_carea' id='block_1_101' title="bbox 486 5717 2048 5794">
    <p class='ocr_par' dir='ltr' id='par_1_101' title="bbox 486 5717 2048 5794">
     <span class='ocr_line' id='line_1_102' title="bbox 486 5717 2048 5794; baseline -0.001 -18"><span class='ocrx_word' id='word_1_708' title='bbox 486 5786 494 5794; x_wconf 19' lang='grc'><strong>,</strong></span> <span class='ocrx_word' id='word_1_709' title='bbox 541 5720 616 5794; x_wconf 80' lang='lat'><strong>(8)</strong></span> <span class='ocrx_word' id='word_1_710' title='bbox 654 5721 792 5777; x_wconf 86' lang='lat' dir='ltr'><strong>Hinc</strong></span> <span class='ocrx_word' id='word_1_711' title='bbox 820 5730 988 5794; x_wconf 64' lang='lat' dir='ltr'><strong>patet,</strong></span> <span class='ocrx_word' id='word_1_712' title='bbox 1021 5721 1273 5794; x_wconf 72' lang='lat' dir='ltr'><strong>terrestri</strong></span> <span class='ocrx_word' id='word_1_713' title='bbox 1318 5720 1514 5794; x_wconf 80' lang='lat' dir='ltr'><strong>itinere</strong></span> <span class='ocrx_word' id='word_1_714' title='bbox 1548 5720 1853 5779; x_wconf 74' lang='lat' dir='ltr'><strong>Antiochiae</strong></span> <span class='ocrx_word' id='word_1_715' title='bbox 1885 5717 2048 5775; x_wconf 83' lang='lat' dir='ltr'><strong>Nico-</strong></span> 
     </span>
    </p>
   </div>
   <div class='ocr_carea' id='block_1_102' title="bbox 475 5789 1573 5863">
    <p class='ocr_par' dir='ltr' id='par_1_102' title="bbox 475 5789 1573 5863">
     <span class='ocr_line' id='line_1_103' title="bbox 475 5789 1573 5863; baseline 0.003 -19"><span class='ocrx_word' id='word_1_716' title='bbox 475 5789 704 5846; x_wconf 72' lang='lat' dir='ltr'><strong>mediam</strong></span> <span class='ocrx_word' id='word_1_717' title='bbox 736 5789 1054 5863; x_wconf 78' lang='lat' dir='ltr'><strong>perductum</strong></span> <span class='ocrx_word' id='word_1_718' title='bbox 1100 5806 1219 5848; x_wconf 84' lang='lat' dir='ltr'><strong>esse</strong></span> <span class='ocrx_word' id='word_1_719' title='bbox 1253 5789 1573 5847; x_wconf 81' lang='lat' dir='ltr'><strong>Lucianum.</strong></span> 
     </span>
    </p>
   </div>
   <div class='ocr_carea' id='block_1_103' title="bbox 2221 4821 3736 4890">
    <p class='ocr_par' dir='ltr' id='par_1_103' title="bbox 2221 4821 3736 4890">
     <span class='ocr_line' id='line_1_104' title="bbox 2221 4821 3736 4890; baseline -0.005 -6"><span class='ocrx_word' id='word_1_720' title='bbox 2221 4828 2273 4884; x_wconf 89' lang='lat'><strong>9.</strong></span> <span class='ocrx_word' id='word_1_721' title='bbox 2294 4826 2572 4883; x_wconf 85' lang='lat' dir='ltr'><strong>Lucianus</strong></span> <span class='ocrx_word' id='word_1_722' title='bbox 2602 4834 2804 4890; x_wconf 89' lang='lat' dir='ltr'><strong>autem,</strong></span> <span class='ocrx_word' id='word_1_723' title='bbox 2827 4839 2950 4879; x_wconf 89' lang='lat' dir='ltr'><strong>cum</strong></span> <span class='ocrx_word' id='word_1_724' title='bbox 2976 4823 3029 4878; x_wconf 93' lang='lat' dir='ltr'><strong>in</strong></span> <span class='ocrx_word' id='word_1_725' title='bbox 3054 4822 3283 4879; x_wconf 86' lang='lat' dir='ltr'><strong>transitu</strong></span> <span class='ocrx_word' id='word_1_726' title='bbox 3305 4823 3516 4878; x_wconf 87' lang='lat' dir='ltr'><strong>itineris</strong></span> <span class='ocrx_word' id='word_1_727' title='bbox 3536 4821 3652 4876; x_wconf 66' lang='lat' dir='ltr'><strong>haec</strong></span> <span class='ocrx_word' id='word_1_728' title='bbox 3680 4829 3736 4877; x_wconf 81' lang='lat' dir='ltr'><strong>et</strong></span> 
     </span>
    </p>
   </div>
   <div class='ocr_carea' id='block_1_104' title="bbox 2150 4911 3743 4989">
    <p class='ocr_par' dir='ltr' id='par_1_104' title="bbox 2150 4911 3743 4989">
     <span class='ocr_line' id='line_1_105' title="bbox 2150 4911 3743 4989; baseline -0.005 -16"><span class='ocrx_word' id='word_1_729' title='bbox 2150 4918 2302 4989; x_wconf 89' lang='lat' dir='ltr'><strong>plura</strong></span> <span class='ocrx_word' id='word_1_730' title='bbox 2324 4917 2630 4984; x_wconf 81' lang='lat' dir='ltr'><strong>huiusmodi</strong></span> <span class='ocrx_word' id='word_1_731' title='bbox 2663 4915 2957 4981; x_wconf 77' lang='lat' dir='ltr'><strong>effecisset,</strong></span> <span class='ocrx_word' id='word_1_732' title='bbox 2981 4915 3192 4970; x_wconf 85' lang='lat' dir='ltr'><strong>delatus</strong></span> <span class='ocrx_word' id='word_1_733' title='bbox 3222 4923 3307 4971; x_wconf 90' lang='lat' dir='ltr'><strong>est</strong></span> <span class='ocrx_word' id='word_1_734' title='bbox 3339 4911 3743 4968; x_wconf 66' lang='lat' dir='ltr'><strong>Nicomediam-</strong></span> 
     </span>
    </p>
   </div>
   <div class='ocr_carea' id='block_1_105' title="bbox 2152 5005 3734 5080">
    <p class='ocr_par' dir='ltr' id='par_1_105' title="bbox 2152 5005 3734 5080">
     <span class='ocr_line' id='line_1_106' title="bbox 2152 5005 3734 5080; baseline -0.006 -13"><span class='ocrx_word' id='word_1_735' title='bbox 2152 5011 2324 5080; x_wconf 82' lang='lat' dir='ltr'><strong>Ilnjns</strong></span> <span class='ocrx_word' id='word_1_736' title='bbox 2340 5018 2521 5065; x_wconf 89' lang='lat' dir='ltr'><strong>autem</strong></span> <span class='ocrx_word' id='word_1_737' title='bbox 2546 5009 2647 5064; x_wconf 84' lang='lat' dir='ltr'><strong>viri</strong></span> <span class='ocrx_word' id='word_1_738' title='bbox 2668 5010 2822 5064; x_wconf 90' lang='lat' dir='ltr'><strong>fuere</strong></span> <span class='ocrx_word' id='word_1_739' title='bbox 2847 5007 2998 5062; x_wconf 88' lang='lat' dir='ltr'><strong>multi</strong></span> <span class='ocrx_word' id='word_1_740' title='bbox 3021 5007 3338 5073; x_wconf 88' lang='lat' dir='ltr'><strong>familiares,</strong></span> <span class='ocrx_word' id='word_1_741' title='bbox 3357 5015 3411 5060; x_wconf 90' lang='lat' dir='ltr'><strong>et</strong></span> <span class='ocrx_word' id='word_1_742' title='bbox 3433 5005 3582 5060; x_wconf 78' lang='lat' dir='ltr'><strong>exiis</strong></span> <span class='ocrx_word' id='word_1_743' title='bbox 3598 5018 3734 5059; x_wconf 84' lang='lat' dir='ltr'><strong>non-</strong></span> 
     </span>
    </p>
   </div>
   <div class='ocr_carea' id='block_1_106' title="bbox 2116 5092 3738 5170">
    <p class='ocr_par' dir='ltr' id='par_1_106' title="bbox 2116 5092 3738 5170">
     <span class='ocr_line' id='line_1_107' title="bbox 2116 5092 3738 5170; baseline -0.005 -13"><span class='ocrx_word' id='word_1_744' title='bbox 2116 5092 2121 5097; x_wconf 71' lang='grc'><strong>’</strong></span> <span class='ocrx_word' id='word_1_745' title='bbox 2154 5102 2283 5157; x_wconf 91' lang='lat' dir='ltr'><strong>nulli</strong></span> <span class='ocrx_word' id='word_1_746' title='bbox 2302 5117 2422 5156; x_wconf 92' lang='lat' dir='ltr'><strong>cum</strong></span> <span class='ocrx_word' id='word_1_747' title='bbox 2447 5115 2513 5156; x_wconf 89' lang='lat' dir='ltr'><strong>eo</strong></span> <span class='ocrx_word' id='word_1_748' title='bbox 2539 5101 2766 5156; x_wconf 84' lang='lat' dir='ltr'><strong>aderant</strong></span> <span class='ocrx_word' id='word_1_749' title='bbox 2792 5100 3105 5155; x_wconf 87' lang='lat' dir='ltr'><strong>decertante</strong></span> <span class='ocrx_word' id='word_1_750' title='bbox 3122 5096 3468 5170; x_wconf 75' lang='lat' dir='ltr'><strong>Nicomediae.</strong></span> <span class='ocrx_word' id='word_1_751' title='bbox 3496 5095 3738 5152; x_wconf 81' lang='lat' dir='ltr'><strong>alii-abe-</strong></span> 
     </span>
    </p>
   </div>
   <div class='ocr_carea' id='block_1_107' title="bbox 2154 5185 3734 5262">
    <p class='ocr_par' dir='ltr' id='par_1_107' title="bbox 2154 5185 3734 5262">
     <span class='ocr_line' id='line_1_108' title="bbox 2154 5185 3734 5262; baseline -0.004 -16"><span class='ocrx_word' id='word_1_752' title='bbox 2154 5200 2297 5248; x_wconf 66' lang='lat' dir='ltr'><strong>rant.</strong></span> <span class='ocrx_word' id='word_1_753' title='bbox 2326 5191 2405 5247; x_wconf 80' lang='lat' dir='ltr'><strong>Ex</strong></span> <span class='ocrx_word' id='word_1_754' title='bbox 2436 5192 2632 5262; x_wconf 82' lang='lat' dir='ltr'><strong>quibus</strong></span> <span class='ocrx_word' id='word_1_755' title='bbox 2668 5206 2791 5247; x_wconf 90' lang='lat' dir='ltr'><strong>cum</strong></span> <span class='ocrx_word' id='word_1_756' title='bbox 2831 5190 3093 5260; x_wconf 86' lang='lat' dir='ltr'><strong>aliqui-ad</strong></span> <span class='ocrx_word' id='word_1_757' title='bbox 3141 5205 3237 5246; x_wconf 89' lang='lat' dir='ltr'><strong>eos</strong></span> <span class='ocrx_word' id='word_1_758' title='bbox 3278 5188 3641 5245; x_wconf 85' lang='lat' dir='ltr'><strong>accessissent</strong></span> <span class='ocrx_word' id='word_1_759' title='bbox 3675 5185 3734 5254; x_wconf 91' lang='lat' dir='ltr'><strong>ii,</strong></span> 
     </span>
    </p>
   </div>
   <div class='ocr_carea' id='block_1_108' title="bbox 2153 5276 3734 5354">
    <p class='ocr_par' dir='ltr' id='par_1_108' title="bbox 2153 5276 3734 5354">
     <span class='ocr_line' id='line_1_109' title="bbox 2153 5276 3734 5354; baseline -0.001 -22"><span class='ocrx_word' id='word_1_760' title='bbox 2153 5281 2244 5351; x_wconf 85' lang='lat' dir='ltr'><strong>qui</strong></span> <span class='ocrx_word' id='word_1_761' title='bbox 2301 5281 2567 5354; x_wconf 79' lang='lat' dir='ltr'><strong>cogebant</strong></span> <span class='ocrx_word' id='word_1_762' title='bbox 2622 5278 2963 5336; x_wconf 82' lang='lat' dir='ltr'><strong>Christianos</strong></span> <span class='ocrx_word' id='word_1_763' title='bbox 3020 5279 3184 5335; x_wconf 89' lang='lat' dir='ltr'><strong>ritum</strong></span> <span class='ocrx_word' id='word_1_764' title='bbox 3233 5277 3387 5351; x_wconf 88' lang='lat' dir='ltr'><strong>sequi</strong></span> <span class='ocrx_word' id='word_1_765' title='bbox 3455 5276 3734 5350; x_wconf 75' lang='lat' dir='ltr'><strong>gentium,</strong></span> 
     </span>
    </p>
   </div>
   <div class='ocr_carea' id='block_1_109' title="bbox 2155 5372 3738 5446">
    <p class='ocr_par' dir='ltr' id='par_1_109' title="bbox 2155 5372 3738 5446">
     <span class='ocr_line' id='line_1_110' title="bbox 2155 5372 3738 5446; baseline -0.004 -18"><span class='ocrx_word' id='word_1_766' title='bbox 2155 5375 2333 5446; x_wconf 90' lang='lat' dir='ltr'><strong>primo</strong></span> <span class='ocrx_word' id='word_1_767' title='bbox 2359 5374 2581 5445; x_wconf 88' lang='lat' dir='ltr'><strong>quidem</strong></span> <span class='ocrx_word' id='word_1_768' title='bbox 2616 5383 2923 5438; x_wconf 88' lang='lat' dir='ltr'><strong>cesserunt,</strong></span> <span class='ocrx_word' id='word_1_769' title='bbox 2977 5383 3033 5427; x_wconf 88' lang='lat' dir='ltr'><strong>ut</strong></span> <span class='ocrx_word' id='word_1_770' title='bbox 3087 5372 3182 5443; x_wconf 91' lang='lat' dir='ltr'><strong>qui</strong></span> <span class='ocrx_word' id='word_1_771' title='bbox 3212 5386 3321 5429; x_wconf 90' lang='lat' dir='ltr'><strong>non</strong></span> <span class='ocrx_word' id='word_1_772' title='bbox 3373 5378 3597 5442; x_wconf 79' lang='lat' dir='ltr'><strong>possent</strong></span> <span class='ocrx_word' id='word_1_773' title='bbox 3627 5378 3738 5423; x_wconf 88' lang='lat' dir='ltr'><strong>tor-</strong></span> 
     </span>
    </p>
   </div>
   <div class='ocr_carea' id='block_1_110' title="bbox 2159 5458 3739 5534">
    <p class='ocr_par' dir='ltr' id='par_1_110' title="bbox 2159 5458 3739 5534">
     <span class='ocr_line' id='line_1_111' title="bbox 2159 5458 3739 5534; baseline -0.004 -14"><span class='ocrx_word' id='word_1_774' title='bbox 2159 5465 2359 5521; x_wconf 88' lang='lat' dir='ltr'><strong>mentis</strong></span> <span class='ocrx_word' id='word_1_775' title='bbox 2415 5466 2706 5534; x_wconf 79' lang='lat' dir='ltr'><strong>sufﬁcere;</strong></span> <span class='ocrx_word' id='word_1_776' title='bbox 2743 5476 2795 5521; x_wconf 87' lang='lat' dir='ltr'><strong>at</strong></span> <span class='ocrx_word' id='word_1_777' title='bbox 2823 5482 2944 5519; x_wconf 84' lang='lat' dir='ltr'><strong>cum</strong></span> <span class='ocrx_word' id='word_1_778' title='bbox 2987 5465 3205 5520; x_wconf 85' lang='lat' dir='ltr'><strong>divinus</strong></span> <span class='ocrx_word' id='word_1_779' title='bbox 3241 5458 3516 5518; x_wconf 87' lang='lat' dir='ltr'><strong>Lucianus</strong></span> <span class='ocrx_word' id='word_1_780' title='bbox 3540 5459 3739 5533; x_wconf 82' lang='lat' dir='ltr'><strong>(adhuc</strong></span> 
     </span>
    </p>
   </div>
   <div class='ocr_carea' id='block_1_111' title="bbox 2147 5556 3738 5629">
    <p class='ocr_par' dir='ltr' id='par_1_111' title="bbox 2147 5556 3738 5629">
     <span class='ocr_line' id='line_1_112' title="bbox 2147 5556 3738 5629; baseline -0.007 -15"><span class='ocrx_word' id='word_1_781' title='bbox 2147 5558 2291 5614; x_wconf 82' lang='lat' dir='ltr'><strong>enim</strong></span> <span class='ocrx_word' id='word_1_782' title='bbox 2318 5556 2553 5629; x_wconf 80' lang='lat' dir='ltr'><strong>vivebat)</strong></span> <span class='ocrx_word' id='word_1_783' title='bbox 2568 5573 2660 5614; x_wconf 84' lang='lat' dir='ltr'><strong>eos</strong></span> <span class='ocrx_word' id='word_1_784' title='bbox 2687 5560 2753 5612; x_wconf 85' lang='lat' dir='ltr'><strong>ad</strong></span> <span class='ocrx_word' id='word_1_785' title='bbox 2771 5573 2845 5613; x_wconf 70' lang='lat' dir='ltr'><strong>~se</strong></span> <span class='ocrx_word' id='word_1_786' title='bbox 2872 5556 3274 5624; x_wconf 84' lang='lat' dir='ltr'><strong>accersivisset,</strong></span> <span class='ocrx_word' id='word_1_787' title='bbox 3306 5563 3363 5611; x_wconf 91' lang='lat' dir='ltr'><strong>et</strong></span> <span class='ocrx_word' id='word_1_788' title='bbox 3385 5567 3546 5609; x_wconf 88' lang='lat' dir='ltr'><strong>omne</strong></span> <span class='ocrx_word' id='word_1_789' title='bbox 3568 5564 3738 5621; x_wconf 78' lang='lat' dir='ltr'><strong>genus</strong></span> 
     </span>
    </p>
   </div>
   <div class='ocr_carea' id='block_1_112' title="bbox 2230 5709 3757 5785">
    <p class='ocr_par' dir='ltr' id='par_1_112' title="bbox 2230 5709 3757 5785">
     <span class='ocr_line' id='line_1_113' title="bbox 2230 5709 3757 5785; baseline -0.005 -12"><span class='ocrx_word' id='word_1_790' title='bbox 2230 5719 2307 5785; x_wconf 81' lang='lat'><strong>(9)</strong></span> <span class='ocrx_word' id='word_1_791' title='bbox 2343 5718 2405 5773; x_wconf 83' lang='lat' dir='ltr'><strong>lli</strong></span> <span class='ocrx_word' id='word_1_792' title='bbox 2467 5733 2588 5773; x_wconf 91' lang='lat' dir='ltr'><strong>cum</strong></span> <span class='ocrx_word' id='word_1_793' title='bbox 2637 5718 2759 5772; x_wconf 86' lang='lat' dir='ltr'><strong>aliis</strong></span> <span class='ocrx_word' id='word_1_794' title='bbox 2787 5718 3016 5775; x_wconf 82' lang='lat' dir='ltr'><strong>fortasse</strong></span> <span class='ocrx_word' id='word_1_795' title='bbox 3066 5718 3125 5773; x_wconf 78' lang='lat' dir='ltr'><strong>in</strong></span> <span class='ocrx_word' id='word_1_796' title='bbox 3169 5714 3358 5771; x_wconf 84' lang='lat' dir='ltr'><strong>eadem</strong></span> <span class='ocrx_word' id='word_1_797' title='bbox 3399 5709 3757 5785; x_wconf 65' lang='lat' dir='ltr'><strong>Cappadocia</strong></span> 
     </span>
    </p>
   </div>
   <div class='ocr_carea' id='block_1_113' title="bbox 2159 5787 3077 5860">
    <p class='ocr_par' dir='ltr' id='par_1_113' title="bbox 2159 5787 3077 5860">
     <span class='ocr_line' id='line_1_114' title="bbox 2159 5787 3077 5860; baseline 0.002 -17"><span class='ocrx_word' id='word_1_798' title='bbox 2159 5791 2332 5860; x_wconf 79' lang='lat' dir='ltr'><strong>passis</strong></span> <span class='ocrx_word' id='word_1_799' title='bbox 2355 5789 2604 5844; x_wconf 88' lang='lat' dir='ltr'><strong>coluntur</strong></span> <span class='ocrx_word' id='word_1_800' title='bbox 2636 5788 2707 5842; x_wconf 71' lang='lat'><strong>25</strong></span> <span class='ocrx_word' id='word_1_801' title='bbox 2742 5787 2884 5845; x_wconf 79' lang='lat' dir='ltr'><strong>Maii.</strong></span> <span class='ocrx_word' id='word_1_802' title='bbox 3070 5794 3077 5801; x_wconf 79' lang='lat'>‘</span> 
     </span>
    </p>
   </div>
  </div>
