4152 6420
509 262 619 329 ᾹΟῚ

510 385 851 443 sermonibus
903 406 1090 451 eorum
1130 402 1345 463 animos
1367 415 1694 474 correxisset

506 473 583 529 sit
630 482 1086 551 transgressionis
1127 497 1430 564 periculum
1470 512 1821 581 ostendisset,
1848 473 1923 575 let
1946 527 2088 592 quod

507 580 669 623 nemo
723 586 933 643 eorum,
997 583 1088 649 qui
1137 600 1293 645 suam
1348 597 1649 662 prodiderit
1701 605 1754 660 in
1808 607 2087 671 Christum

506 660 932 734 confessionem,
957 672 1182 745 ell'ugiet
1223 680 1494 743 ﬂammam
1533 694 1814 764 gebenme,
1836 716 1955 771 quae
1978 722 2087 762 non

499 758 682 816 potest
719 758 1035 832 exstingui;
1067 768 1215 826 ducti
1261 758 1604 851 poenitentia,
1657 789 1727 844 ab
1780 758 2086 855 eo.reducti

501 852 629 896 sunt
659 844 714 900 in
746 847 1068 912 Ecclesiam.

574 934 663 990 10.
718 938 798 995 Ex
845 942 914 999 iis
954 959 1158 1017 autem,
1217 958 1308 1026 qui
1349 961 1417 1015 ad
1468 962 1768 1027 Lueianum
1823 990 2086 1037 venerant

498 1023 892 1103 Nicomediam,
913 1052 1032 1096 erat
1051 1047 1216 1103 etiam
1234 1023 1514 1112 'Antonius
1531 1060 1667 1133 (10),
1685 1023 2080 1139 discipulorum

498 1130 723 1176 suorum
754 1126 1143 1193 dilectissimus
1186 1157 1200 1195 :
1234 1158 1365 1211 quo,
1417 1159 1701 1222 postquam
1749 1162 1918 1227 venit,
1948 1181 2082 1224 usus

495 1220 581 1266 est
618 1214 870 1276 ministro
894 1224 963 1278 ad
986 1228 1300 1290 scribendas
1326 1214 1603 1307 epistolas,
1632 1255 1691 1299 ut
1717 1249 1831 1317 ipse
1862 1214 2083 1327 quoque

498 1307 739 1362 ostendit
763 1309 1035 1373 Lucianus
1069 1319 1123 1374 in
1154 1338 1258 1378 una
1291 1329 1543 1398 epistola.
1573 1335 1650 1391 Ex
1683 1339 1748 1395 iis
1774 1353 1957 1400 autem
1978 1307 2079 1419 qui

499 1395 721 1419 ..ΒΑ--..ι
795 1418 802 1419 κ
924 1415 936 1419 -
1045 1410 1059 1419 ⁸
1083 1412 1096 1419 ⁸

497 1395 746 1463 aberant,
782 1415 939 1460 erant
967 1410 1184 1478 quidem
1241 1395 1426 1488 plures
1474 1424 1621 1493 viri,
1659 1444 1726 1486 ex
1759 1395 2078 1498 mulierib'us

494 1498 676 1544 autem
708 1493 974 1556 Eustolia.
1007 1511 1061 1556 et
1089 1503 1385 1578 Dorotbea,
1413 1524 1469 1570 et
1503 1515 1728 1580 Severa.
1757 1526 1923 1584 Aiunt
1979 1550 2078 1588 an-

496 1586 602 1634 tem
635 1580 906 1653 Pelagiam
933 1588 1046 1662 (ll)
1079 1610 1294 1670 quoque
1326 1604 1493 1663 fuisse
1524 1624 1592 1666 ex
1623 1613 1741 1684 ejus
1771 1580 2075 1694 discipulis,

493 1684 616 1738 qua:
658 1675 966 1736 Antiochia
987 1682 1162 1757 Syria:
1180 1692 1347 1752 vixit:
1371 1714 1494 1769 quas
1512 1675 1677 1761 etiam
1704 1675 2075 1781 diciturrseip:

489 1777 603 1818 sam
621 1779 652 1820 e
681 1774 827 1826 tecto
857 1773 1124 1836 altissimo
1146 1782 1429 1855 dejecisse,
1451 1808 1573 1849 cum
1598 1804 1962 1861 accessissent
1983 1812 2073 1879 qui
2109 1779 2150 1833 Β

489 1870 609 1910 eam
633 1871 793 1917 erant
814 1871 1287 1943 eomprebensuri,
1324 1882 1523 1942 timens
1552 1904 1620 1945 ne
1650 1893 2072 1957 abominandum

489 1948 619 2015 quid
659 1967 757 2020 per
801 1957 911 2012 vim
943 1964 1241 2026 sustineret
1297 1972 1439 2042 (erat
1491 1982 1636 2038 enim
1675 1988 1868 2062 virgo),
1918 2005 1973 2049 et
2005 2013 2075 2053 eo

1758 2042 1789 2059 υ
1828 2042 1868 2062 ιν
1923 2042 1973 2049 *⁷
2006 2042 2069 2053 *ν

491 2042 650 2096 modo
679 2058 801 2103 esse
846 2063 1121 2112 mortuam
1169 2078 1188 2116 :
1239 2079 1400 2133 quam
1453 2073 1615 2129 etiam
1659 2077 1711 2132 in
1750 2082 2069 2144 hodiernum

487 2145 658 2200 usque
688 2136 832 2193 diem
870 2139 1143 2204 honorant
1201 2163 1456 2227 tanquam
1491 2177 1808 2240 martyrem,
1834 2177 1927 2246 qui
1948 2189 2072 2237 sunt

485 2232 732 2280 amantes
756 2242 1076 2304 martyrum.

556 2314 646 2371 ll.
673 2316 844 2378 Porro
874 2338 1053 2385 autem
1081 2349 1203 2389 eum
1229 2338 1295 2395 de
1321 2340 1564 2404 Lneiano
1590 2366 1618 2404 a
1652 2356 1836 2414 multis
1854 2362 2067 2420 audiret

480 2402 866 2484 Maximianus,
894 2428 1099 2479 tantam
1132 2427 1184 2482 in
1217 2446 1336 2496 ejus
1363 2434 1504 2495 faeie
1534 2442 1771 2505 insidere
1802 2467 2064 2511 reveren-

483 2497 636 2565 tiam,
659 2511 720 2556 ut
749 2506 792 2558 si
826 2522 949 2563 eum
977 2513 1151 2571 solum
1170 2520 1421 2590 vidisset,
1444 2531 1651 2586 veniret
1675 2534 1729 2589 in
1762 2540 2058 2605 perieulum

480 2602 553 2643 ne
585 2590 738 2650 fieret
760 2595 1140 2675 Christianus;
1171 2624 1456 2685 postquam
1490 2620 1658 2690 jussit
1688 2637 1745 2681 ut
1773 2629 1861 2685 ille
1888 2635 2063 2690 addu-

480 2690 719 2750 ceretur,
780 2688 979 2750 timens
1019 2712 1088 2753 ne
1122 2701 1225 2757 sibi
1279 2706 1386 2762 tale
1428 2688 1556 2779 quid
1603 2719 1906 2788 accederet,
1943 2726 2062 2783 velo

474 2771 761 2843 interjecto
791 2796 1007 2853 separat
1030 2796 1303 2852 sermonis
1329 2806 1794 2878 congressionem,
1820 2823 1875 2869 et
1895 2819 2061 2875 verba

469 2868 661 2932 procul
710 2874 776 2927 ad
806 2886 928 2930 eum
961 2881 1263 2952 emittebat,
1298 2889 1619 2953 intermedio
1660 2911 1818 2961 utens
1845 2922 2059 2966 sermo-

472 2958 558 3011 nis
615 2961 889 3021 ministro.
942 2969 1009 3025 Et
1036 2975 1273 3043 primum
1334 2987 1551 3052 quidem
1609 2995 1967 3063 pollicebatur
1995 3018 2057 3059 se

468 3049 895 3117 innumerabilia
926 3066 975 3120 ei
1008 3082 1133 3125 esse
1172 3072 1256 3129 lar

1261 3141 1284 3146 _
1508 3141 1519 3149 ,
1704 3141 1710 3142 ,
1737 3141 1820 3145 ﬁ---
1854 3141 2017 3162 ου-..

468 3141 662 3200 darnm
695 3148 1009 3211 habiturum
1040 3172 1164 3217 eum
1195 3179 1317 3222 esse
1344 3173 1809 3245 consiliarium,et
1830 3182 2050 3242 Patrem

466 3231 840 3305 imperatoriae
865 3245 1170 3315 dignitatis,
1200 3265 1256 3310 et
1286 3261 1496 3317 socium
1526 3267 1911 3330 sollicitudinis
1932 3291 2057 3346 quas

465 3339 568 3393 pro
601 3342 812 3389 summa
843 3351 1027 3394 rerum
1056 3347 1386 3418 suscipitur;
1417 3362 1473 3408 et
1510 3355 1661 3424 plura
1702 3361 1807 3417 alia
1862 3366 2054 3434 hujus-

466 3420 616 3477 modi
658 3441 672 3477 :
706 3440 806 3495 pro
837 3431 1034 3500 quibus
1066 3440 1319 3497 omnibus
1349 3420 1523 3503 unum
1542 3450 1716 3508 solum
1748 3456 1968 3514 dicebat
1992 3476 2052 3517 se

463 3520 670 3578 petere,
704 3531 899 3591 nempe
928 3533 987 3578 ut
1012 3526 1116 3583 diis
1138 3534 1495 3594 sacriﬁcaret.
1528 3541 1661 3597 Cum
1693 3558 1879 3603 autem
1920 3552 2035 3619 ille,

464 3611 650 3667 audita
679 3616 948 3675 donorum
973 3628 1367 3698 magnitudine,
1405 3652 1524 3706 quae
1558 3642 1624 3696 de
1672 3644 1755 3699 eis
1783 3611 2046 3705 diceban-

460 3707 574 3768 tur,
604 3705 761 3760 nihili
793 3707 1034 3779 fecisset,
1085 3728 1139 3772 et
1170 3735 1238 3775 ne
1268 3705 1579 3784 universum
1622 3735 1844 3802 quidem
1887 3755 2046 3796 nurn-

459 3791 588 3845 dum
616 3808 741 3851 esse
776 3813 898 3855 cum
928 3803 1133 3873 pietate
1164 3810 1217 3865 in
1254 3813 1420 3869 Deum
1451 3819 1839 3880 conferendum
1866 3829 2045 3887 dixis-

455 3891 577 3950 set,
610 3890 742 3942 tunc
785 3889 896 3960 jam
933 3906 1175 3955 mutatus
1222 3902 1543 3975 imperator,
1576 3916 1813 3972 minatus
1867 3932 1953 3975 est
1981 3937 2042 3978 se

458 3972 527 4026 ad
556 3976 880 4045 supplicium
920 3986 969 4041 ei
1000 4003 1124 4046 esse
1170 3972 1588 4069 intentaturum,
1622 4009 1885 4080 quidquid
1923 4016 2042 4071 lon-

456 4077 584 4132 gum
618 4077 830 4141 tempus
857 4075 1175 4152 invenisset,
1201 4097 1257 4142 et
1285 4091 1333 4145 si
1363 4095 1492 4163 quid
1519 4075 1655 4167 ipse
1668 4114 1856 4172 posset
1889 4106 2041 4167 inve-

454 4156 580 4211 nire
609 4175 805 4219 novum
837 4176 892 4223 et
937 4171 1263 4234 inauditum.
1293 4182 1387 4241 Illo
1418 4199 1598 4247 autem
1628 4196 1895 4257 adversus
1922 4203 2038 4259 bare

451 4248 760 4309 interritam
801 4273 1107 4329 opponente
1156 4272 1464 4347 audaciam,
1520 4294 1575 4338 et
1603 4298 1793 4356 parato
1817 4294 2038 4361 prodire

448 4341 509 4394 in
538 4345 733 4412 aciem,
771 4351 927 4408 valde
970 4357 1280 4431 indignatus
1315 4341 1631 4444 imperator,
1659 4393 1782 4436 eum
1811 4385 2029 4453 quidem

445 4433 620 4489 noluit
652 4455 813 4509 quam
845 4446 1080 4515 primum
1110 4454 1299 4514 tollere
1322 4433 1621 4537 de'medio;
1645 4433 1866 4540 putabat
1885 4479 2032 4534 enim
2058 4470 2114 4531 D

444 4540 506 4579 se
555 4529 637 4584 sic
670 4531 718 4586 ei
750 4537 1205 4611 gratiﬁcaturum,
1233 4559 1289 4604 ut
1322 4553 1412 4621 qui
1438 4570 1561 4611 eum
1600 4529 1745 4618 illico
1766 4565 2027 4625 liberaret

443 4635 476 4675 a
502 4623 695 4692 malis;
730 4630 827 4685 sed
854 4629 1020 4701 jussit
1051 4638 1104 4692 in
1136 4655 1413 4701 carcerem
1445 4652 1751 4721 conjectum
1783 4666 2024 4731 torqueri

440 4710 611 4768 variis
634 4718 828 4773 modis.

1710 307 1998 374 MENSIS
2032 314 2167 379 IAN
2181 321 2503 389 UARIUS.

1702 460 1722 488 ρ
1753 434 1808 481 et
1830 440 2092 497 quantum
2118 438 2172 499 Α
2196 440 2364 503 τοίοις
2389 445 2573 500 αὐτῶν
2594 445 2916 519 ἀνορθώσας
2940 454 3038 521 τάς
3060 455 3308 529 γνώμας,
3328 461 3426 517 καὶ
3444 464 3557 537 ὅσῳ
3577 466 3639 522 τὸ
3664 487 3783 525 κινο

3672 351 3782 418 408

2192 531 2425 600 δυνῶδες
2450 537 2552 608 τῆς
2595 541 2963 612 παραϐάσεως
2999 547 3309 619 ὑποδείξας,
3365 556 3463 610 καὶ
3491 531 3568 622 ῶς
3599 560 3779 627 οὐδεὶς

2191 625 2292 696 τὴν
2317 626 2399 689 εἰς
2420 629 2663 700 Χριστὸν
2689 634 2985 705 ὁμολογίαν
3020 645 3398 716 καταπροδοὺς
3419 625 3776 721 διαδράσεται

2187 716 2288 787 τὴν
2313 717 2581 776 ἄσϐεστον
2625 725 2800 795 φλόγα
2829 730 2928 799 τῆς
2951 733 3180 802 γεέννης
3206 739 3397 805 εἰπὼν,
3428 716 3778 813 μεταγνῶναί

2188 824 2249 861 τε
2272 813 2811 884 παρεσκεύασεν,καὶ
2830 823 2910 886 είς
2937 822 3037 895 τὴν
3073 826 3405 900 Ἐκκλησίαν
3420 833 3776 906 ἐπανήγαγεν

2187 896 2369 965 αὖθις.

2260 992 2308 1046 ι’.
2345 996 2466 1050 Τῶν
2494 997 2549 1051 δὲ
2579 1001 2660 1064 είς
2691 1003 2791 1069 τὴν
2823 1005 3200 1077 Νικομήδειαν
3244 1010 3325 1082 τῷ
3350 1012 3644 1087 Λουκιανῷ
3673 1020 3774 1072 ἐπ-

2196 1082 2559 1156 εληλυθότων,
2590 1094 2684 1147 καὶ
2713 1096 3032 1163 Ἀντωνῖνος
3062 1095 3133 1172 ἦν
3165 1102 3275 1156 τῶν
3302 1105 3471 1159 αὐτοῦ
3501 1109 3769 1180 μαθητῶν

2183 1176 2212 1227 6
2234 1176 2676 1250 ἀγαπητότατος,
2708 1187 2804 1239 καὶ
2854 1187 3091 1260 διακόνῳ
3118 1209 3181 1260 γε
3215 1194 3392 1266 τούτῳ
3425 1199 3613 1272 ἐπειδὴ
3639 1176 3768 1271 -ἀφ-

2188 1266 2335 1321 ίκετο
2363 1270 2501 1340 πρὸς
2537 1272 2638 1344 τὴν
2668 1276 2778 1331 τῶν
2797 1279 3105 1335 ἐπιστολῶν
3128 1284 3401 1357 ἐχρήσατο
3430 1266 3669 1361 γραφήν.
3693 1266 3773 1359 ῶς

2182 1357 2277 1410 καὶ
2308 1359 2473 1425 αὐτὸς
2495 1364 2523 1416 6
2553 1365 2854 1431 Λουκιανὸς
2899 1372 2961 1425 ἐν
3008 1375 3110 1444 μιᾷ
3133 1377 3392 1450 ἐπιστολῇ
3415 1357 3576 1436 τοῦτο
3605 1357 3771 1455 δεδήέ

2181 1446 2358 1503 λωκεν
2380 1468 2393 1481 ·
2421 1451 2531 1505 τῶν
2560 1455 2618 1508 δὲ
2653 1458 2908 1514 ἀπόντων
2935 1463 3150 1535 ἀνδρῶν
3197 1467 3297 1536 μὲν
3335 1446 3559 1536 πλείους
3601 1446 3767 1540 ἐτύγ-

2180 1558 2365 1610 χανον,
2395 1549 2674 1612 γυναῖκων
2706 1550 2765 1604 δέ
2820 1553 3114 1620 Ε’ύστόλια,
3171 1561 3265 1613 καὶ
3320 1564 3603 1634 Δωροθέα,
3666 1567 3766 1621 καὶ

2179 1633 2483 1707 Σευουήρα.
2511 1640 2648 1710 Φησὶ
2677 1641 2734 1695 δὲ
2767 1646 2860 1698 καὶ
2900 1646 3185 1716 Πελαγίαν
3224 1652 3336 1706 τῶν
3389 1633 3557 1709 αὐτοῦ
3604 1659 3766 1727 γενέ-

2181 1721 2307 1776 σθαι
2350 1726 2694 1799 μαθητριῶν,
2717 1731 2818 1803 τὴν
2849 1734 2909 1786 ἐν
2950 1737 3255 1813 Ἀντιοχείᾳ
3282 1736 3384 1813 τῆς
3400 1744 3602 1816 Συρίας
3616 1721 3765 1818 πρὸς

2191 1814 2415 1887 Ἀμανῷ
2445 1817 2522 1889 τῷ
2549 1821 2665 1891 ὄρει
2699 1822 2983 1893 βῒώσασαν
3005 1844 3019 1860 ο
3047 1830 3171 1899 ῆτις
3194 1832 3418 1902 λέγεται
3435 1814 3531 1891 καὶ
3556 1814 3762 1910 ἑαυτὴν

2178 1904 2386 1960 ἀνωθεν
2413 1909 2780 1982 ἀπὸθστέγους
2822 1917 3162 1986 ὑψηλοτάτου
3191 1923 3395 1994 βαλεῖν,
3419 1904 3760 1985 ἐπιστάντῶν
3820 1942 3833 1951 ‘

2177 1996 2314 2067 αὐτῇ
2343 1998 2453 2051 τῶν
2496 2001 2942 2075 συλληψομένων,
2994 2008 3105 2065 δέει
3152 2014 3247 2067 τοῦ
3302 2017 3435 2089 μήτι
3471 2020 3608 2089 πρὸς
3638 2021 3762 2092 βίαν

2177 2087 2474 2159 ὑπομεῖναι
2510 2091 2621 2147 τῶν
2682 2097 2981 2154 ἀπευκτῶν
3022 2087 3320 2176 (παρθένος
3367 2087 3487 2182 γὰρ
3511 2087 3761 2183 ῆν),”καὶ

2173 2178 2365 2235 τοῦτον
2397 2183 2694 2243 ἀποθανεῖν
2721 2189 2815 2244 τὸν
2863 2193 3068 2263 τρόπον
3096 2213 3109 2226 ·
3138 2198 3206 2269 ἢν
3234 2200 3330 2255 καὶ
3358 2205 3440 2266 είς
3487 2204 3649 2275 δεῦρο
3672 2223 3759 2260 τι·

2175 2270 2350 2339 μῶσιν
2375 2273 2450 2337 ὠς
2484 2277 2743 2351 μάρτυρα
2773 2284 3076 2355 γενομένην
3106 2291 3153 2339 οἱ
3185 2270 3616 2364 φιλομάρτιῑρες.

2244 2362 2333 2419 ια’.
2372 2365 2434 2419 ὐ
2459 2368 2643 2438 μέντοι
2686 2373 2988 2440 Λουκιανὸς
3024 2380 3100 2439 ὡς
3128 2381 3228 2451 τῆς
3252 2362 3626 2455 Νικομηδείας
3655 2389 3757 2441 ἐπ-

2171 2454 2271 2526 έϐη
2295 2460 2596 2529 φερόμενος
2623 2465 2777 2537 παρὰ
2798 2469 3009 2524 πολλῶν
3040 2473 3068 2524 ὁ
3107 2454 3454 2544 Μαξιμιανδς
3476 2480 3750 2535 πυνθανό-

2172 2566 2358 2619 μενος,
2411 2552 2544 2608 ὤσει
2606 2558 2703 2610 καὶ
2755 2562 2916 2629 μόνον
2963 2563 3220 2621 θεάσαιτο
3258 2569 3351 2621 τὸν
3397 2571 3587 2641 ἄνδρα,
3642 2572 3751 2628 κᾶν

2755 2622 2767 2629 .
3403 2622 3429 2625 ν
3473 2622 3587 2641 εινι
3645 2622 3740 2628 ""'

2167 2622 2535 2713 χριστιανίσαι
2563 2650 2928 2709 κινδυνεύσειε
2965 2674 2979 2689 ⁸
3006 2660 3278 2732 τοσαύτην
3307 2662 3414 2732 γὰρ
3444 2663 3578 2717 αἰδὼ
3611 2682 3748 2735 προ-

2167 2734 2440 2804 καθῆσθαι
2474 2738 2576 2809 τῆς
2605 2742 2701 2795 τοῦ
2727 2746 2920 2816 ἀνδρὸς
2949 2749 3187 2821 μορφῆς,
3214 2751 3398 2816 δείσας
3447 2755 3520 2825 μή
3553 2771 3607 2807 τι
3638 2734 3746 2810 πά-

2165 2825 2248 2879 θοι
2277 2828 2540 2895 τοιοῦτον,
2573 2840 3043 2909 παραπετάσματι
3100 2843 3252 2912 μέσῳ
3295 2844 3615 2919 διατειχίζει
3647 2846 3748 2919 τήν

2161 2919 2404 2988 ὁμιλίαν,
2438 2923 2536 2977 καὶ
2574 2925 2640 2978 ἐκ
2676 2930 2892 3000 μακροῦ
2925 2934 3052 2995 τοὺς
3080 2933 3215 3003 πρὸς
3255 2935 3420 2989 αὐτὸν
3473 2938 3747 3008 διέπεμπε

2161 3011 2374 3081 λόγους,
2410 3017 2560 3088 μέσῳ
2581 3020 2660 3090 τῷ
2684 3020 2793 3074 τῶν
2820 3021 2996 3092 λόγων
3024 3025 3262 3098 διακόνῳ
3304 3028 3610 3099 χρώμενος.
3632 3032 3746 3085 Καὶ

1258 3074 1521 3149 giturum,
1556 3093 1613 3139 et
1641 3102 1820 3145 rerum
1854 3109 2047 3162 geren.

1259 3182 1316 3194 ..η
1347 3173 1620 3194 num“.
1796 3182 1870 3194 ,..

2860 3074 2871 3075 ,
2893 3074 2906 3092 ,
2926 3074 2987 3079 ἡ,
3031 3074 3257 3098 --ηυγ
3305 3074 3610 3099 ,παραγ
3633 3074 3743 3085 --.η

2162 3074 2498 3178 πρῶτονμὲν
2530 3074 2845 3184 ύπισχνεῖτο
2884 3117 3059 3188 μυρία
3095 3119 3233 3189 δῆτα
3262 3121 3743 3194 φιλοτιμούμενος,

2162 3198 2226 3251 σύ
2236 3200 2467 3270 μϐουλόν
2492 3222 2551 3257 τε
2571 3206 2681 3261 τῶν
2700 3210 2991 3279 πρακτέων
3009 3211 3172 3265 αὑτὸν
3197 3212 3363 3280 ἕξειν,
3399 3216 3494 3269 καὶ
3525 3218 3744 3286 πατέρα

2157 3290 2260 3359 τῆς
2298 3293 2587 3366 βασιλικῆς
2617 3298 2796 3364 ἀξίας,
2829 3302 2922 3355 καὶ
2969 3306 3228 3360 κοινωνὸν
3281 3310 3382 3378 τῆς
3436 3309 3578 3378 ὑπὲρ
3630 3310 3742 3363 τῶν

2155 3382 2295 3437 ὅλων
2326 3389 2629 3458 φροντίδος,
2672 3393 2768 3446 καὶ
2796 3394 2930 3449 ἄλλα
2970 3397 3144 3452 πλείω
3184 3401 3431 3464 τοιαῦτα,
3457 3397 3532 3455 ὧν
3561 3404 3741 3457 ἁπάν-

2154 3492 2264 3531 των
2295 3477 2499 3547 ἐφασκε
2530 3482 2842 3552 μονώτατον
2865 3488 3143 3542 ἀνταιτεῖν
3162 3492 3222 3543 τὸ
3250 3492 3412 3546 θύσαι
3431 3496 3545 3557 τοῖς
3567 3496 3734 3559 θεοῖς.

2168 3567 2324 3622 Ἐπεὶ
2352 3569 2408 3623 δέ
2442 3574 2649 3639 ἐκεῖνος
2690 3577 2931 3642 ἀκούσας
2970 3583 3031 3634 τὸ
3068 3581 3177 3636 τῶν
3209 3582 3432 3644 δωρεῶν
3470 3584 3732 3656 μέγεθος,

2150 3660 2210 3713 ἐν
2242 3662 2434 3734 φαύλῳ
2471 3681 2530 3716 τε
2562 3667 2689 3730 τοὺς
2719 3669 2848 3740 περὶ
2886 3670 3088 3724 τούτων
3111 3672 3304 3742 λόγους
3328 3674 3734 3744 mmini-amat

2150 3751 2273 3805 οὐδὲ
2307 3755 2471 3808 αὐτὸν
2505 3755 2610 3828 ἔφη
2642 3759 2734 3813 τὸν
2758 3760 2976 3815 ἅπαντα
3008 3764 3213 3834 κόσμον
3239 3765 3497 3832 ἀντάξιον
3523 3768 3622 3834 τῆς
3653 3770 3734 3831 είς

2146 3841 2240 3895 τὸν
2286 3844 2424 3897 Θεὸν
2481 3849 2772 3914 εὐσεϐείας
2813 3852 3086 3914 τίθεσθαι,
3123 3857 3247 3909 τότε
3286 3858 3350 3928 δὴ
3394 3859 3733 3928 μεταϐαλλό-

2149 3949 2313 4004 μενος
2345 3936 2373 3989 6
2411 3938 2631 4007 κρατῶν
2667 3941 2882 4010 ἠπείλει
2910 3946 3017 3997 πᾶν
3049 3945 3077 4000 ὃ
3101 3962 3153 3998 τι
3185 3963 3244 3998 τε
3284 3950 3311 4000 ὁ
3350 3949 3567 4018 μακρὸς
3605 3951 3732 4020 χρό-

2145 4042 2235 4091 νος
2269 4028 2491 4096 ἐξεῦρεν
2525 4029 2663 4097 εἷδος
2693 4037 2775 4097 εἰς
2820 4039 3044 4091 κόλασιν
3078 4041 3302 4107 ἐπάξειν
3332 4045 3505 4133 αὐτῷ,
3541 4048 3636 4099 καὶ
3678 4046 3735 4099 εῖ

2140 4134 2307 4189 τιπερ
2335 4121 2500 4186 αὐτὸς
2527 4124 2783 4196 ἐφευρεῖν
2811 4126 3067 4199 δυνηθείη
3102 4122 3441 4207 καινότερον.
3483 4135 3726 4190 Ἐκείνου

2140 4210 2199 4264 δὲ
2232 4210 2327 4265 καὶ
2370 4213 2505 4283 πρὸς
2536 4217 2712 4271 ταῦτα
2759 4222 2822 4273 τὸ
2860 4221 3088 4294 θαρρεῖν
3120 4225 3568 4298 ἀκαταπλήκτως
3589 4246 3726 4299 προ-

2144 4302 2502 4376 ϐαλλομένου,
2526 4310 2777 4381 καὶπρὸς
2807 4313 3248 4384 ἀντιπαράταξιν
3273 4318 3722 4390 ἀπομαχομένου,

2152 4394 2702 4470 ὑπεραγανακτήσας
2723 4403 2750 4455 6
2776 4402 3038 4473 βασιλεὺς
3068 4407 3277 4461 ἀνελεῖν
3307 4407 3407 4479 μὲν
3422 4412 3589 4464 αὐτὸν
3632 4412 3722 4466 διὰ

2139 4485 2351 4556 ταχέων
2383 4489 2481 4541 ούκ
2516 4492 2782 4558 ἐγίνωσκε
2804 4494 2915 4547 δεῖν
2936 4514 2949 4527 ’
2977 4499 3295 4571 χαριεῖσθαι
3331 4504 3439 4572 γάρ
3469 4502 3721 4573 ἐνόμιζεν

2135 4578 2287 4648 αὐτῷ
2317 4579 2418 4651 τὴν
2449 4582 2656 4652 ἀθρόαν
2708 4586 2816 4639 τῶν
2857 4588 3113 4658 χαλεπῶν
3150 4593 3480 4665 ἀπαλλαγήν
3506 4613 3518 4626 ·
3546 4612 3719 4665 προσ-

2134 4668 2290 4734 έταξε
2335 4671 2392 4725 δὲ
2434 4674 2600 4728 αὐτόν
2638 4677 2719 4740 είς
2770 4678 2869 4749 τὴν
2902 4681 3129 4754 εἱρκτὴν
3180 4685 3523 4754 ἐμϐληθέντα
3572 4687 3718 4743 κστά

2138 4762 2421 4828 ποικίλους
2443 4766 2505 4819 τὸ
2533 4767 2694 4838 σῶμα
2733 4772 3127 4842 στρεϐλοῦσθαι
3153 4778 3279 4841 τοὺς
3309 4778 3566 4850 τρόπους.

1904 4898 2132 4958 CAPUT
2156 4901 2239 4980 ινα

1746 5007 1813 5062 In
1842 5016 2120 5070 tormentis
2148 5020 2392 5072 moritur.

506 5096 596 5154 12.
629 5098 763 5156 Cum
794 5118 917 5160 eum
942 5121 1074 5179 ergo
1103 5116 1441 5183 accepissent
1462 5120 1520 5184 ii,
1550 5124 1746 5191 quibus
1777 5130 1877 5183 boc
1905 5142 2027 5187 erat

432 5183 786 5259 imperatum,
816 5207 941 5249 eum
979 5197 1163 5253 multis
1199 5210 1256 5255 et
1285 5204 1452 5261 variis
1499 5209 1732 5267 all‘eeere
1762 5219 2022 5273 cruciati-

431 5276 556 5347 bus,
589 5283 791 5350 quibus
820 5296 939 5342 erat
996 5291 1214 5358 quidem
1262 5310 1481 5365 gravem
1514 5314 1839 5373 accepturus
1870 5312 2021 5367 dolo-

506 5462 749 5561 (lol‘llie
784 5477 903 5561 Ielst,
958 5473 1011 5525 ni
1069 5474 1254 5561 fallor,
1288 5494 1447 5561 quem
1483 5485 1706 5555 Nicepb.
1762 5489 1853 5546 lib.
1891 5509 2009 5561 vm,

428 5544 549 5632 gap.
575 5535 896 5632 _‘5ln,.‘et'lib.
922 5558 998 5624 ιιι,
1023 5561 1074 5598 c.
1103 5547 1191 5610 17,
1228 5535 1736 5632 ξιιῖιοιιίιιιιι-ιίογοξῆ,
1784 5536 2006 5632 aitque:

1108 5598 1123 5599 κ
1228 5598 1517 5608 ---.--.---υ----
1571 5598 1645 5610 -υι
1662 5598 1715 5611 ιιι
1784 5598 1874 5614 ult!
1902 5598 1966 5619 ιιῠ

428 5598 843 5699 Tlarsi'Cilicia:
891 5598 1205 5684 episcopum
1250 5621 1435 5688 fuisse,
1470 5634 1523 5679 et
1569 5600 1853 5699 postq’nam
1880 5598 2007 5690 cun;

429 5679 458 5699 α
486 5669 551 5699 τε.
649 5678 828 5699 ..-2---2
886 5681 1011 5699 12,-0
1094 5688 1125 5699 -ο

1472 5669 1523 5679 υ.
1589 5669 1853 5685 ..,.,..
1883 5669 2007 5690 ω...

425 5669 552 5748 aliis
602 5671 829 5765 Luciani
871 5669 1179 5765 't'li'scipn'lis,
1232 5705 1367 5765 quos
1401 5669 1666 5765 recenset,
1707 5669 2007 5759 itortnentis

1114 5738 1153 5741 ,_
1235 5738 1244 5742 Ἴ
1274 5738 1366 5746 η-
1402 5738 1645 5751 ww..-"
1725 5738 2007 5759 unum"...

427 5738 606 5794 vietus
639 5744 702 5797 ad
737 5738 1032 5815 gentilitias
1075 5738 1489 5827 superstitiones
1513 5741 1838 5839 deﬂesisset,
1868 5791 2007 5843 prro—

2205 5116 2295 5207 ιβ⁹.
2350 5139 2767 5209 Παραλαϐόντες
2807 5152 2989 5203 τοίνυν
3033 5151 3199 5208 αὐτὸν
3254 5156 3302 5208 οῖ
3357 5156 3495 5228 πρὸς
3546 5159 3710 5215 τοῦτο

2120 5230 2448 5297 τεταγμένοι
2478 5236 2734 5302 ποικίλας
2772 5240 2980 5311 ἐπῆγον
3010 5245 3161 5317 αὐτῷ
3203 5249 3298 5302 καὶ⁵
3322 5249 3707 5322 πολυτρόπους

2118 5321 2327 5385 αἰκίας,
2365 5318 2454 5389 αἷς
2480 5328 2837 5397 ἀλγυνεῖσθαι
2895 5335 2999 5407 μὲν
3048 5340 3296 5412 σφοδρῶς
3336 5318 3582 5414 ἔμελλεν,
3608 5351 3703 5402 ἀνι

2124 5512 2343 5588 (Τρίονὲ
2392 5522 2549 5577 Opem
2616 5515 2683 5566 ad
2751 5518 3127 5611 penitentiam
3182 5522 3697 5611 ferentemitsdem

2124 5586 2496 5611 I‘llllllnllnﬂnn-
2558 5597 2802 5611 ηι-ηης-..-
2900 5607 2976 5611 -__
3042 5610 3045 5611 ,
3084 5608 3132 5611 __-

2120 5578 2498 5645 renuntiasse;
2557 5578 2804 5651 quamvis
2856 5590 3137 5647 deindein
3169 5594 3284 5650 Arii
3350 5596 3699 5652 declinaverit

2117 5658 2145 5696 (Ἴ
2156 5660 2243 5696 1⁸1⁵0
2252 5662 2335 5699 res
2344 5688 2357 5701 .

2188 5717 2232 5767 tl
2254 5715 2301 5769 Ιὶ
2331 5719 2539 5778 Colitur
2578 5723 2634 5779 S.
2656 5724 2873 5797 Pelagia
2899 5728 2933 5785 9
2958 5730 3128 5790 Junii.
