4152 6424
383 374 489 439 ιο9

1679 370 1864 433 VITA
1910 371 1974 436 S.
2003 367 2363 436 {LUCIANL

3537 372 3643 438 UO

292 466 295 469 ὗ
380 483 553 547 θέξειν
575 480 636 536 δὲ
667 480 861 552 χρόνον
886 480 981 535 ἐπὶ
1019 480 1188 536 πολὺν
1216 479 1603 552 ’κολαζόμενος
1623 495 1640 512 ο
1672 483 1767 536 καὶ
1796 482 1954 537 τοῦτο

2068 501 2195 551 rem,
2220 487 2381 558 longo
2416 497 2596 542 autem
2653 495 2894 557 tempore
2940 485 2994 540 in
3026 483 3200 556 poenis
3229 483 3547 536 duraturus.
3578 481 3644 536 Et

381 575 501 645 μὲν,
527 574 611 635 εἰς
653 572 756 644 τὴν
804 573 1137 645 ποδοκάκην,
1174 572 1331 639 ξύλον
1381 573 1440 626 δὲ
1471 572 1762 644 πρόμηκὲς
1795 576 1956 628 ἐστιν

380 663 837 737 στρεϐλωτήριον,
888 664 1237 737 ἀμφοτέρους
1274 664 1444 719 αὑτοῦ
1497 666 1625 729 τοὺς
1669 666 1837 731 πόδας
1866 669 1956 721 ὲν·-

377 753 651 820 εδξδαζον,
682 755 781 807 sui.
802 753 1048 826 τέσσαρα
1087 757 1346 827 τρήματα
1382 756 1788 824 διελκύσαντες,
1818 759 1961 831 ὅπερ

378 850 495 903 ἔστι
519 849 584 902 τὺ
616 848 718 918 τῆς
763 846 1042 919 τιμωρίας
1087 848 1292 920 ταύτης
1340 848 1662 921 βαρύτερον,
1710 849 1806 904 ἀτε
1848 849 1963 905 τῶν

378 943 625 1014 γλουτῶν
653 942 1003 1015 ἑκατέρωθεν
1040 943 1189 1015 αὐτῷ
1226 943 1418 1015 βιαίως
1466 944 1958 1018 ὲξαρθρουμένωνθ

378 1034 537 1093 τοῦτο
555 1035 638 1101 δὲ,
665 1034 809 1097 κατά
835 1032 1009 1089 νώτου
1036 1034 1239 1098 παντὸς
1260 1035 1441 1099 δεινὰς
1461 1036 1745 1107 ὀστράκων
1771 1037 1967 1101 ἀκίδας

353 1108 770 1201 έκακομηχάνῳ
794 1126 995 1200 γνώμῃ
1025 1126 1243 1191 πυκνὰς
1268 1128 1367 1181 καὶ
1389 1128 1638 1199 συνεχεῖς
1661 1127 1964 1198 ὑπεστόρε-

355 1238 499 1309 ἱσαν,
531 1221 630 1274 καὶ
682 1218 771 1309 ἵνα
817 1234 882 1288 γε
940 1219 1078 1290 μηδὲ
1118 1218 1450 1289 στρέφεσθαι
1497 1219 1578 1288 τῷ
1614 1219 1813 1291 δικαίῳ
1842 1220 1964 1291 ἐξῇ,

386 1310 516 1380 μηδὲ
548 1308 823 1363 κινεῖσθαι
843 1310 1272 1382 τιτρωσκομένῳ
1297 1312 1426 1374 ταῖς
1449 1310 1736 1375 τοιαύταις
1786 1312 1962 1375 ἀκίσι,

384 1399 746 1462 διατείναντες
778 1398 949 1453 αὐτοῦ
992 1398 1093 1463 τὰς
1129 1402 1319 1470 χεῖρας
1362 1400 1459 1455 ἐπί
1503 1418 1612 1454 τινι
1640 1401 1783 1472 ξύλῳ
1823 1400 1971 1472 ὑπὲρ

386 1489 627 1559 κεφαλῆς
670 1489 917 1558 κειμένῳ
965 1490 1249 1559 ὲδέσμουν.
1282 1491 1391 1544 Καὶ
1430 1491 1566 1546 ἄλλα
1613 1509 1674 1545 τε
1736 1493 1968 1546 πλεῖστα

395 1582 669 1653 ὲνὺδριζον
714 1581 889 1652 αὐτῷ,
937 1581 1033 1635 καὶ
1059 1582 1124 1653 δὴ
1162 1583 1258 1636 καὶ
1302 1583 1513 1654 τροφῆς
1568 1584 1733 1637 αὐτὸν
1783 1579 1968 1654 εἶργον

399 1675 635 1743 ἀπάσης,
662 1672 803 1744 πλὴν
838 1675 888 1727 εί
915 1673 1026 1727 τῶν
1053 1674 1184 1745 παρ’
1218 1674 1403 1738 αὐτοῖς
1437 1674 1652 1747 μιαρῶς
1678 1674 1968 1743 θυομένων

395 1764 664 1835 ἐθελήσειε
694 1767 992 1835 μετασχεῖν
1014 1780 1029 1795 ⁸
1059 1764 1269 1820 τούτων
1308 1767 1419 1837 γὰρ
1449 1770 1545 1821 καὶ
1585 1766 1969 1837 ἐπιδαψιλευό-

390 1873 545 1927 μενοι
566 1855 797 1927 ὤρεγον.
843 1854 900 1910 '0
923 1856 981 1910 δὲ
1029 1855 1259 1928 μυρίους
1295 1858 1499 1928 μᾶλλον
1548 1858 1839 1931 ἀνθῃρεῖτο
1875 1858 1972 1913 θα·

386 1948 600 2014 νάτους,
632 1948 728 2001 καὶ
762 1947 895 2001 ἴδιον
919 1942 989 2019 ἦν
1023 1947 1175 2019 αὐτῷ
1211 1951 1427 2019 μένοντι
1457 1950 1704 2021 ἀποσίτῳ
1740 1953 1863 2011 ταῖς
1898 1951 1969 2003 ὲκ

383 2038 482 2091 τοῦ
505 2038 667 2107 λιμοῦ
690 2038 1169 2110 παραφθείρεσθαι
1186 2040 1418 2108 κεδόσιν,
1445 2043 1478 2116 ἢ
1501 2043 1594 2097 καὶ
1629 2044 1798 2116 μόνην
1819 2044 1971 2098 ὲκεί-

383 2146 496 2183 νων
523 2129 816 2199 ὑπομεῖναι
845 2129 942 2200 τὴν
968 2130 1098 2184 θέαν
1119 2147 1135 2163 ο
1179 2133 1278 2185 καὶ
1303 2132 1559 2202 διέμενεν
1591 2134 1767 2199 οὕτως
1802 2137 1831 2188 6
1875 2135 1970 2190 τοῦ

383 2220 628 2289 Χριστοῦ
660 2220 875 2293 μάρτυς
925 2221 1003 2291 τῷ
1031 2221 1177 2293 λιμῷ
1209 2225 1749 2296 καταδαπανώμενος
1778 2227 1974 2281 τέσσα-

387 2329 481 2382 ρες
502 2314 598 2367 καὶ
620 2313 864 2378 δεκάτας
886 2315 1067 2380 πάσας
1093 2316 1201 2385 ήμέ
1210 2332 1333 2386 ρας,
1363 2317 1431 2370 τὰ
1458 2317 1666 2389 συνήθη
1691 2335 1750 2371 τε
1780 2318 1970 2383 ποιῶν,

383 2406 488 2458 καὶ
538 2405 722 2471 λόγοις
768 2406 1121 2471 διδασκαλίας
1180 2408 1563 2483 ὲπιθαρσένων
1622 2410 1751 2475 τοὺς
1798 2413 1857 2465 ὲν
1893 2411 1973 2483 τῷ

381 2496 751 2568 δεσμωτηρίῳ
809 2497 897 2550 διὰ
944 2497 1182 2569 Χριστὸν
1231 2500 1826 2569 κατακεκλεισμένους,
1878 2504 1973 2556 καὶ

381 2590 722 2658 προσευχαῖς
767 2588 1205 2658 ὲπιμονωτάταις
1251 2592 1446 2662 ὲπιστη
1459 2591 1641 2660 ρὶζων.

463 2676 551 2747 ιγ’.
598 2679 826 2749 Ἐπειδὴ
856 2680 912 2732 δέ
942 2697 1090 2744 τινες
1141 2682 1348 2751 ἡμέραι
1403 2682 1791 2751 διεληλύθεσαν
1824 2686 1972 2759 αὐτῷ

380 2770 595 2841 τρόπον
622 2771 683 2825 ὃν
741 2772 956 2842 εἴρηται
1003 2774 1354 2842 κακουμένῳ,
1395 2776 1489 2828 καὶ
1519 2776 1715 2846 ἤγγιζε
1743 2778 1843 2847 μὲν
1868 2779 1969 2850 ἤδη

378 2861 497 2915 τῶν
523 2861 836 2930 Θεοφανίων
866 2865 899 2934 ή
926 2864 1113 2933 ἑορτὴ,
1145 2865 1270 2927 τοὺς
1308 2865 1364 2918 δὲ
1390 2861 1660 2935 ’μαθητὰς
1688 2868 1972 2940 (παρῆσαν

378 2954 501 3025 γὰρ
523 2954 712 3008 αὐτόθι
736 2955 958 3018 πλείους
983 2955 1048 3009 εκ
1090 2974 1150 3010 τε
1193 2958 1291 3025 τῆς
1335 2958 1670 3029 Ἀντιοχείας
1698 2959 1847 3030 αὐτῷ
1877 2959 1971 3013 καί

380 3064 553 3101 τινων
622 3046 803 3101 ἄλλων
868 3046 1051 3101 τόπων
1124 3049 1634 3120 συναθροισθέντες)
1695 3052 1971 3121 κατηφιᾷν

2062 570 2456 648 ιιιιιισίιιιῖᾶειιι
2498 579 2551 632 in
2613 579 2830 649 cippum
2877 579 2983 648 (est
3015 585 3196 632 autem
3246 576 3349 630 hoc
3389 574 3643 629 tormenti

2060 684 2233 738 genus
2262 670 2574 741 oblongum)
2605 672 2794 725 ambos
2820 670 2938 740 ejus
2968 671 3132 739 pedes
3165 667 3550 730 immittebant,
3579 665 3645 719 ad

2063 772 2299 828 quatuor
2344 762 2712 817 distrahentes
2764 762 3032 816 foramina
3070 777 3083 814 :
3134 761 3275 828 quod
3311 758 3528 829 quidem
3563 763 3650 810 est

2063 854 2117 909 in
2147 854 2248 909 hoc
2278 854 2542 924 supplicio
2568 854 2979 927 gravissimum,
3008 868 3129 906 cum
3168 852 3424 918 utrinque
3449 862 3651 902 coxen-

2065 946 2210 1001 dices
2233 946 2500 1000 violenter
2533 961 2564 999 a
2615 945 2729 999 suis
2781 950 3103 1000 moveantur
3154 940 3450 994 articulis:
3503 951 3650 991 nunc

2065 1052 2243 1092 autem
2286 1038 2339 1092 in
2400 1046 2512 1093 toto
2551 1038 2713 1092 dorso
2741 1051 2936 1106 graves
2968 1044 3228 1089 testarum
3266 1030 3486 1085 aculeos
3514 1030 3648 1084 den-

2069 1144 2162 1185 sos
2195 1139 2245 1183 et
2283 1130 2572 1184 continuos
2601 1128 2840 1199 maligno
2870 1128 3054 1181 animo
3104 1121 3520 1178 substernebant
3552 1139 3566 1174 :
3598 1128 3652 1172 et

2073 1232 2128 1275 ut
2149 1237 2217 1276 ne
2238 1220 2432 1277 liceret
2457 1221 2677 1291 quidem
2703 1220 2819 1274 viro
2840 1216 2989 1287 justo
3022 1230 3083 1271 se
3102 1224 3339 1278 vertere,
3365 1222 3420 1267 et
3448 1227 3517 1266 ne
3538 1226 3653 1264 mo-

2067 1314 2184 1369 veri
2218 1313 2461 1385 quidem,
2490 1314 2616 1369 dum
2661 1313 2864 1367 talibus
2909 1310 3250 1366 sauciaretur
3278 1305 3514 1369 aculeis;
3538 1303 3655 1374 eius

2069 1408 2322 1462 manibus
2359 1406 2623 1471 extensis,
2658 1419 2753 1460 eas
2784 1402 3101 1458 vinciebant
3121 1401 3176 1455 in
3210 1399 3447 1471 quodam
3479 1396 3652 1466 ligno,

2069 1498 2213 1568 quod
2255 1507 2372 1553 erat
2397 1497 2629 1566 positum
2679 1509 2844 1564 super
2876 1493 2993 1562 ejus
3045 1500 3229 1562 caput.
3293 1488 3433 1556 Quin
3485 1486 3653 1541 etiam

2070 1589 2190 1643 aliis
2227 1603 2441 1658 quoque
2472 1587 2658 1642 multis
2683 1601 2806 1640 eum
2836 1583 3106 1640 alliciebat
3134 1581 3322 1650 probis
3371 1594 3434 1633 ac
3460 1587 3656 1633 contu-

2070 1677 2268 1744 meliis,
2295 1685 2350 1733 et
2382 1692 2506 1732 eum
2542 1676 2709 1730 etiam
2760 1674 3021 1730 arcebant
3051 1673 3120 1728 ab
3160 1670 3309 1727 omni
3362 1668 3509 1732 cibo,
3545 1665 3653 1720 nisi

2071 1769 2237 1823 vellet
2270 1769 2416 1823 vesci
2473 1768 2541 1823 iis
2570 1782 2690 1836 qua:
2749 1768 2818 1822 ab
2867 1767 3001 1837 ipsis
3040 1763 3538 1824 saerilicabantur;
3590 1772 3656 1814 ea

2071 1870 2216 1924 enim
2249 1867 2454 1922 atl'atim
2488 1866 2862 1937 porrigebant.
2915 1863 3013 1918 llle
3056 1872 3234 1916 autem
3267 1858 3550 1915 maluisset
3571 1869 3660 1911 su-

2072 1960 2190 2014 bire
2220 1966 2425 2013 mortes
2452 1957 2537 2010 vel
2564 1954 3016 2019 innumerabiles,
3055 1963 3110 2023 et
3135 1951 3393 2006 libentius
3422 1962 3657 2005 manens

2067 2048 2308 2119 jejunus,
2360 2049 2618 2120 paulatim
2677 2063 2705 2101 a
2736 2047 2880 2101 fame
2905 2054 3051 2101 esset
3080 2051 3455 2112 consumptus,
3491 2053 3656 2110 quam

2072 2142 2155 2195 vel
2186 2142 2399 2196 illorum
2451 2140 2624 2195 solum
2688 2153 2887 2208 passus
2931 2144 3078 2192 esset
3142 2142 3518 2204 conspectum.
3565 2130 3660 2187 Sic

2074 2233 2241 2304 igitur
2295 2231 2599 2302 permansit
2650 2228 2855 2286 Christi
2905 2243 3124 2293 servus,
3164 2224 3316 2296 quia
3355 2224 3498 2280 fame
3528 2237 3664 2280 con-

2074 2325 2413 2389 sumebatur,
2457 2332 2600 2379 totos
2633 2321 3046 2392 qnatnordecim
3103 2318 3220 2373 dies
3276 2317 3482 2372 faciens
3524 2328 3661 2371 con—

2073 2424 2249 2477 sueta,
2283 2422 2337 2469 et
2364 2413 2544 2468 verbis
2594 2413 2859 2468 doctrinae
2897 2412 3139 2465 animum
3187 2406 3397 2464 addens
3447 2408 3516 2462 iis
3567 2406 3659 2478 qui

2073 2522 2172 2577 pro
2217 2505 2435 2562 Christo
2467 2512 2624 2560 erant
2652 2503 2844 2560 inclusi
2877 2503 2930 2558 in
2963 2516 3210 2569 carcere,
3261 2508 3316 2556 et
3344 2514 3439 2555 eos
3461 2497 3665 2556 eonllr-

2075 2613 2230 2652 mans
2248 2596 2716 2653 constantissimis
2740 2607 2793 2650 et
2822 2594 3099 2665 perpetuis
3125 2591 3406 2662 precibus.

2148 2705 2234 2760 15.
2261 2703 2394 2757 Cum
2431 2713 2613 2758 autem
2673 2703 2881 2770 aliquot
2908 2700 3021 2768 jam
3069 2700 3186 2755 dies
3222 2699 3566 2767 transissent,
3592 2713 3641 2754 e.

2074 2809 2181 2864 quo
2211 2808 2275 2848 eo
2309 2793 2492 2855 modo,
2521 2808 2628 2861 quo
2670 2792 2927 2856 diximus,
2960 2789 3317 2859 aﬂligebatur,
3347 2789 3535 2860 etjam
3565 2802 3665 2858 ap-

2073 2884 2464 2955 pmpinquaret
2513 2883 2731 2950 quidem
2759 2882 2875 2937 dies
2930 2880 3102 2937 festus
3149 2880 3661 2951 Tbeopltaniorum;

2073 2974 2372 3043 discipulos
2421 2983 2601 3028 autem
2650 2974 2780 3043 (jam
2834 2974 2977 3028 enim
3036 2974 3083 3029 ei
3116 2974 3299 3044 plures
3334 2973 3563 3028 aderant
3593 2986 3661 3026 ex

2072 3066 2362 3122 Antiochia
2428 3075 2481 3121 et
2539 3080 2606 3119 ex
2655 3065 2778 3120 aliis
2826 3064 2960 3120 locis
3011 3064 3349 3136 congregati)
3400 3059 3665 3120 subiisse‘

378 3139 586 3211 εἰσῄει,
623 3138 1004 3209 λογιζομένους
1022 3138 1097 3202 ὡς
1121 3140 1320 3195 αὐτίκα
1347 3156 1405 3194 τε
1440 3141 1663 3205 τούτους
1685 3143 1966 3196 ἀπολιπὼν

2079 3159 2321 3220 tristitia.
2354 3167 2668 3227 reputantes
2695 3157 2833 3222 fore,
2864 3164 2922 3210 ut
2952 3155 3030 3211 eis
3051 3156 3235 3211 statim
3267 3156 3472 3211 relictis
3498 3155 3664 3209 abeat

377 3230 671 3301 οἰχήσεται
721 3231 820 3301 μὲν
851 3231 880 3282 6
925 3230 1265 3298 διδάσκαλος,
1289 3232 1472 3286 οὐκέτι
1507 3235 1810 3303 ’δυνάμενος
1839 3235 1966 3288 ἀντ-

2075 3251 2295 3321 quidcm
2324 3250 2607 3321 magister,
2640 3264 2744 3303 non
2776 3248 2963 3303 valens
3009 3249 3262 3303 resistere
3287 3247 3555 3301 diuturna:
3585 3244 3663 3299 illi

381 3324 534 3395 ἐχειν
599 3321 739 3393 πρὸς
791 3322 886 3376 τὸν
929 3324 1284 3394 πολυχρόνιον
1332 3326 1541 3378 ἐκεῖνον
1583 3326 1777 3394 λιμόν·
1816 3326 1966 3379 αὐτοὶ

2076 3342 2240 3409 fami;
2291 3342 2394 3407 ipsi
2443 3349 2625 3396 autem
2660 3355 2999 3411 nequaquam
3043 3340 3186 3409 digni
3229 3346 3538 3402 censeatur,
3569 3340 3662 3407 qui

379 3414 445 3469 δὲ
490 3414 748 3484 οὖδαμῶς
782 3414 958 3485 τούτῳ
1008 3418 1367 3487 συνεορτάσαι
1413 3419 1512 3488 τὴν
1551 3418 1651 3488 τῆς
1677 3419 1966 3488 θεοφανίας

2075 3433 2441 3503 Theophanide
2487 3434 2629 3487 diem
2678 3431 2874 3485 festum
2923 3446 3044 3486 cum
3074 3446 3139 3486 eo
3161 3431 3475 3496 celebrent;
3514 3428 3665 3483 vide-

380 3508 603 3602 ἡμέραν
632 3507 1036 3578 ἀξιωθήσοντας
1086 3509 1301 3582 (πόρρω
1335 3511 1445 3580 γὰρ
1489 3512 1675 3575 αὐτοῖς
1717 3512 1966 3580 ἐφαίνετο

2077 3524 2415 3602 batnr'enim
2447 3523 2529 3579 eis
2568 3537 2687 3578 esse
2719 3523 2895 3577 adhuc
2940 3521 3097 3576 valde
3132 3531 3398 3582 remotus,
3440 3528 3495 3573 et
3551 3531 3662 3572 non

382 3594 569 3669 οὖσα),
599 3600 694 3651 καὶ
718 3599 803 3683 ’μὴ
828 3599 1089 3654 δύνασθαι
1138 3602 1333 3674 μέχρις
1376 3604 1549 3674 αὐτῆς
1607 3605 1668 3657 τὸ
1696 3603 1790 3657 τοῦ
1826 3604 1966 3659 διδα-

2078 3594 2238 3686 posse
2271 3614 2514 3682 magistri
2549 3628 2745 3681 corpus
2770 3628 2942 3682 usque
2970 3613 3034 3664 ad
3060 3627 3182 3665 eum
3217 3611 3360 3665 diem
3391 3607 3658 3674 suﬂicere,

387 3691 590 3743 σκάλου
619 3690 778 3760 σῶμα
810 3693 1147 3764 ἀποχρήσειν
1173 3695 1322 3765 αὐτῷ
1345 3696 1450 3750 ἅτε
1481 3698 1581 3767 τῆς
1618 3697 1836 3760 ἀσιτίας
1866 3698 1965 3769 ἤδη

2074 3715 2265 3776 utpote
2292 3705 2431 3774 quod
2480 3704 2654 3757 inedia
2696 3702 2825 3757 illud
2864 3703 2977 3772 jam
3014 3717 3208 3770 magna
3246 3714 3309 3754 ex
3343 3690 3660 3769 parte'con-

389 3783 453 3835 τὸ
480 3782 728 3836 πλεῖστον
760 3783 909 3863 αὐτῷ
948 3787 1400 3856 κατηναλωκυίας
1425 3805 1438 3818 °
1467 3789 1495 3841 6
1547 3789 1797 3856 ἀοίδιμος
1826 3791 1966 3843 ἐκεί-

2076 3798 2394 3865 snmpsisset
2421 3815 2436 3864 ;
2475 3796 2556 3849 vir
2589 3796 2676 3849 ille
2703 3795 2934 3866 inclytus
2963 3807 3059 3848 eos
3101 3792 3409 3853 consolans,
3434 3788 3662 3858 iubebat

398 3888 484 3934 νος
521 3874 653 3944 ἀνὴρ
689 3877 829 3945 πρδς
862 3877 1036 3931 ταῦτα
1089 3880 1272 3945 αὐτοῖς
1304 3881 1801 3952 ἀντιφθεγγόμενος
1845 3883 1966 3955 θαῤ-

2074 3906 2197 3946 esse
2227 3890 2368 3943 bono
2400 3889 2587 3942 animo
2634 3904 2648 3941 :
2683 3887 2792 3940 Ero
2842 3885 3010 3951 enim,
3044 3883 3241 3952 inquit,
3274 3880 3576 3945 vobiscum,
3608 3889 3662 3935 et

402 3965 518 4034 ῥεῖν
552 3966 782 4035 ἰσχυρῶς
811 3969 1051 4025 ἐκέλευε.
1088 3971 1393 4041 Συνέσομαι
1419 3974 1696 4044 γάρύμῖν,
1724 3973 1848 4045 ἔφη,
1872 3976 1966 4028 καὶ

2075 3980 2216 4036 diem
2250 3978 2446 4033 festum
2476 3976 2957 4047 Tlteopbaniornm
2993 3974 3269 4028 vobiscum
3312 3971 3603 4027 celebrabo
3641 3988 3655 4025 :

393 4053 495 4124 τὴν
515 4056 619 4110 τῶν
641 4057 945 4128 θεοφανίων
970 4062 1188 4131 ἡμέραν
1221 4063 1318 4117 σὺν
1349 4064 1479 4132 ὑμῖν
1515 4064 1782 4134 ἑορτάσω,
1814 4066 1966 4136 οἰχή-

2075 4069 2327 4125 recedant
2384 4079 2565 4123 autem
2619 4068 2903 4139 postridie.
2939 4066 3018 4119 Ad
3050 4064 3303 4120 eﬂ‘ectum
3344 4073 3524 4118 autem
3566 4063 3661 4117 de-

386 4162 558 4216 σομαι
585 4149 644 4202 δὲ
672 4153 739 4220 τῇ
772 4153 1153 4224 ὲπιγινομένῃ.
1188 4154 1298 4207 Καὶ
1332 4156 1432 4224 μὲν
1463 4155 1528 4227 δὴ
1554 4156 1649 4209 καὶ
1684 4156 1966 4225 ἐτελεύτη-

2075 4164 2296 4218 ductum
2339 4162 2441 4216 fuit
2468 4162 2519 4216 id
2551 4163 2695 4231 quod
2728 4163 2963 4227 dixerat,
3001 4167 3187 4230 aperte
3238 4159 3423 4215 divina
3472 4157 3524 4213 in
3557 4157 3662 4212 hoc

383 4256 481 4292 σεν
504 4240 586 4301 είς
620 4240 782 4310 ἔργον
810 4235 967 4306 οὗτος
988 4244 1017 4296 6
1046 4243 1229 4311 λόγος,
1258 4244 1409 4310 θείας
1470 4246 1559 4299 ἐπ’
1614 4246 1763 4318 αὐτῷ
1804 4248 1965 4302 δυνά-

2076 4264 2294 4310 ostensa
2327 4255 2547 4309 virtute.

383 4348 536 4401 μεως
572 4331 760 4400 σαφῶς
781 4333 1053 4388 διαδεικνυ
1063 4336 1253 4407 μένης.

460 4423 545 4477 ιδ’.
584 4423 741 4478 Ἐπεὶ
761 4424 852 4478 οὖν
873 4429 908 4497 ἡ
932 4427 1360 4501 προσδοκωμένη
1404 4430 1506 4499 τῆς
1552 4414 1750 4504 ἑορτῆς
1785 4430 1966 4502 ἡμέρα

2149 4423 2239 4479 14.
2280 4424 2413 4480 Cum
2449 4437 2582 4495 ergo
2621 4424 2931 4478 advenisset
2963 4422 3082 4478 dies
3115 4422 3305 4483 festus,
3330 4422 3422 4491 qui
3470 4434 3661 4488 exspe-

385 4514 753 4582 κατέλαυνεν,
798 4496 1080 4588 ἐπόθησαν
1120 4496 1236 4589 μὲν
1269 4523 1317 4574 οἱ
1348 4496 1626 4592 μαθηταὶ.
1647 4496 1966 4586 τελευταίας

2073 4518 2349 4583 ctabatur,
2384 4517 2771 4572 desiderabant
2803 4515 3023 4585 quidem
3052 4513 3302 4582 discipuli
3343 4513 3485 4567 hanc
3530 4511 3658 4566 ulti-

378 4606 451 4678 δὴ
468 4608 622 4676 παρά
655 4608 749 4661 τοῦ
767 4608 1091 4665 διδασκάλου
1113 4612 1320 4683 ταύτης
1349 4612 1655 4667 ἀπολαῦσαι
1680 4630 1966 4684 μυσταγω-

2071 4624 2220 4664 mam
2243 4623 2273 4661 a
2314 4609 2576 4678 magistro
2606 4606 2866 4676 consequi
2911 4605 3157 4677 mysterii
3210 4603 3374 4659 divini
3408 4603 3656 4659 celebra-

348 4664 785 4769 ζγὶας.”εδάκει
812 4700 869 4753 δὲ
906 4701 1113 4773 ἄπορον
1155 4664 1318 4757 εινάῖ
1354 4664 1566 4767 πῶςᾶν
1606 4664 1653 4774 ἧ
1680 4664 1966 4775 Egesta

2074 4701 2301 4755 tionem.
2344 4697 2651 4753 Videbatur
2707 4709 2888 4752 autem
2935 4710 3058 4750 esse
3119 4695 3365 4760 dubium,
3420 4707 3656 4763 quonam

384 4787 474 4848 εἰς
499 4792 598 4859 τὴν
620 4792 848 4862 εἱρκτὴν
886 4794 1262 4863 είσαγάγοιεν,
1293 4796 1325 4866 ἢ
1365 4796 1494 4860 τοὺς
1532 4797 1641 4850 τῶν
1668 4797 1845 4851 ἀθέων
1870 4797 1965 4851 λά-

2072 4793 2233 4847 modo
2262 4806 2507 4846 mensam
2540 4789 2759 4861 quidem
2820 4789 2873 4842 in
2914 4798 3191 4842 carcerem
3246 4785 3534 4848 inferrent,
3562 4793 3658 4838 aut

382 4873 535 4928 θοιεν
572 4876 910 4946 ὀφθαλμοὺς,
971 4881 1184 4936 πολλῶν
1234 4885 1355 4937 τότε
1394 4883 1506 4937 τῶν
1544 4886 1645 4956 μὲν
1684 4888 1966 4957 παρόντων

2069 4882 2305 4938 laterent
2338 4881 2629 4952 impiorum
2664 4878 2872 4943 oculos,
2910 4891 3035 4931 cum
3068 4875 3223 4930 multi
3260 4875 3480 4944 quidem
3526 4881 3657 4928 tunc

379 4965 667 5029 ἔκεῖ,’τῶν
696 4968 753 5022 δὲ
783 4972 1315 5044 εἰσαφικνουμένων.
1357 4975 1415 5029 '0
1441 4976 1498 5029 δὲ
1532 4977 1815 5048 τράπεζαν
1846 4978 1966 5048 μὲν,

2071 4975 2269 5047 partim
2293 4972 2405 5027 illic
2432 4971 2706 5037 adessent,
2748 4968 2943 5040 partim
2966 4977 3145 5022 autem
3174 4966 3529 5031 accederent,
3562 4962 3656 5019 ille
3708 5017 3729 5043 δ

380 5056 513 5126 ἔφη,
537 5058 660 5112 τόδε
692 5060 754 5113 τὸ
778 5061 919 5129 ἐμὸν
948 5063 1104 5118 ἔσται
1155 5065 1354 5135 στῆθος
1406 5068 1554 5137 ὑμῖν,
1579 5066 1642 5121 οὗ
1704 5085 1796 5139 μοι
1824 5068 1966 5122 δοκῶ

2069 5079 2201 5119 vero
2235 5081 2249 5119 :
2278 5063 2462 5118 Mensa
2499 5063 2740 5130 quidem,
2775 5060 2971 5131 inquit,
3006 5060 3112 5114 erit
3133 5059 3290 5114 vobis
3330 5058 3433 5113 hoc
3473 5070 3651 5112 meum

377 5147 485 5217 τῆς
507 5147 782 5221 ὲξαψύχου
816 5151 951 5224 ὕλης
982 5155 1284 5227 ἀτιμοτέρα
1313 5159 1656 5229 γενησομένη
1680 5159 1966 5232 Θεῷ,ναὺς

2068 5164 2283 5225 pectus,
2319 5168 2449 5220 non,
2485 5152 2826 5217 utarbitror,
2856 5150 2967 5206 Deo
3003 5149 3184 5205 futura
3215 5150 3394 5207 minus
3424 5148 3652 5202 honesta

383 5236 443 5290 δὲ
474 5238 636 5307 ἀγιος
660 5241 825 5311 ὑμεῖς
854 5259 947 5312 μοι
967 5246 1292 5317 γενήσεσθε,
1329 5248 1675 5318 πανταχόθεν
1714 5268 1781 5319 με
1805 5267 1965 5322 περι-

2068 5262 2131 5302 ea
2175 5261 2296 5317 quae
2341 5245 2403 5300 fit
2451 5259 2519 5300 ex
2553 5244 2793 5300 inanima
2854 5235 3108 5309 materia,
3162 5241 3420 5313 templum
3468 5246 3650 5293 autem

384 5332 829 5403 οτοιχισάμενοι·
862 5336 961 5391 καὶ
1009 5336 1186 5402 οὕτως
1219 5339 1458 5394 ἐτελεῖτο
1489 5343 1587 5412 μὲν
1618 5341 1794 5415 ταῦτα
1817 5343 1964 5398 τόνδε

2068 5348 2315 5394 sanctum
2350 5352 2446 5393 vos
2464 5336 2598 5392 mihi
2621 5335 2798 5403 eritis,
2836 5350 2923 5389 me
2953 5336 3101 5389 omni
3131 5349 3196 5389 ex
3229 5344 3385 5405 parte
3413 5331 3654 5387 circum-

376 5420 474 5474 τὸν
510 5424 739 5495 τρόπον.
780 5427 922 5498 Ἤδη
978 5429 1088 5502 γὰρ
1125 5430 1201 5509 ῶς
1245 5432 1338 5485 ἐπὶ
1373 5432 1592 5504 τελετῆς
1630 5434 1776 5505 ζωῆς
1813 5434 1964 5499 ὄντος

2070 5433 2283 5487 dantes.
2337 5430 2405 5486 Et
2441 5431 2520 5486 sic
2559 5429 2674 5484 hac
2714 5429 2859 5484 facta
2887 5428 3106 5499 quidem
3151 5435 3282 5482 sunt
3311 5426 3417 5481 hoc
3465 5423 3649 5479 modo.

378 5513 479 5569 τοῦ
509 5517 813 5588 μάρτυρος,
834 5520 888 5574 οἵ
909 5537 971 5576 τε
987 5522 1225 5594 φύλακες
1241 5524 1474 5589 ἀνεῖντο,
1500 5526 1596 5580 καὶ
1608 5527 1768 5593 Θεὸς,
1786 5526 1962 5596 ἔγωγε

2068 5522 2183 5578 Iam
2216 5524 2384 5588 enim,
2413 5529 2475 5577 ut
2523 5523 2665 5592 quod
2713 5530 2859 5577 esset
2908 5528 3131 5576 sanctus
3160 5519 3214 5573 in
3247 5518 3355 5575 line
3410 5518 3554 5584 vitae,
3596 5524 3653 5573 et

378 5598 555 5676 οἶμαι,
591 5608 685 5663 τόν
716 5627 776 5664 τε
829 5612 1086 5684 μάρτυρα
1119 5614 1320 5685 τιμῶν,
1356 5614 1452 5669 καὶ
1494 5615 1604 5669 τῶν
1650 5615 1816 5669 αὐτοῦ
1862 5634 1964 5686 μα-

382 5693 564 5766 θητῶν
596 5698 1040 5772 ἀπαραμύθητον
1065 5704 1284 5776 ἀφεῖναι
1327 5705 1421 5760 τὸν
1453 5705 1620 5760 πόθον
1657 5705 1733 5779 μὴ
1764 5707 1958 5777 ἀνεχό-

388 5804 567 5857 μενος.
598 5793 1011 5863 παρασκευάζει
1043 5798 1103 5853 τὸ
1144 5798 1280 5872 πρὸς
1312 5797 1416 5870 τὴν
1460 5796 1634 5868 ὲκπλή
1647 5816 1814 5871 ρωτιν
1846 5799 1957 5854 τῶν

2065 5615 2279 5672 remissi
2313 5624 2470 5670 erant
2515 5614 2792 5677 custodes,
2834 5613 2964 5678 Deo,
3010 5624 3070 5666 ut
3097 5625 3198 5681 ego
3252 5609 3469 5680 quidem
3497 5607 3646 5663 arbi-

2064 5715 2201 5771 tror,
2236 5707 2325 5774 qni
2384 5715 2679 5777 martyrem
2742 5708 3012 5763 honorare
3042 5704 3276 5770 volebat,
3328 5712 3384 5758 et
3421 5714 3644 5758 suorum

2063 5798 2451 5869 discipulorum
2511 5815 2616 5855 non
2673 5799 2975 5857 sustinebat
3033 5794 3420 5854 inconsolabile
3466 5791 3647 5851 videri
