4152 6436
482 405 582 471 dii

1684 410 1964 472 MENSIS
2008 411 2044 474 J
2049 412 2340 474 ANUABI
2357 413 2475 478 US.

3556 431 3563 437 ·
3641 408 3749 477 412

483 530 841 593 desiderium,
867 528 1153 595 eillciente,
1193 535 1253 582 ttt
1298 527 1435 584 citra
1479 528 1925 599 tmpedimentum
1968 534 2067 588 lie—

2172 531 2555 603 προκειμένων
2581 528 2864 584 ἀκώλυτον
2891 544 2906 561 ⁶
2930 528 3141 591 πάντας
3178 527 3286 599 γὰρ
3318 527 3516 593 αὐτοὺς
3539 531 3568 584 ὁ
3600 530 3748 604 μάρ-

480 633 606 681 rent
633 638 720 689 ea,
754 637 873 691 quae
897 629 1055 676 erant
1094 620 1394 690 proposita.
1430 618 1565 674 Nam
1595 636 1718 676 cum
1755 635 1947 676 omnes
1971 637 2066 678 eos

484 725 690 786 martyr
743 712 965 767 fecisset
1015 712 1067 766 in
1107 710 1291 766 orbem
1346 713 1667 778 consistere,
1699 720 1759 768 ut
1812 714 1954 769 inter
2007 730 2066 770 se

483 808 714 863 invicem
743 803 882 858 alter
908 818 1077 873 prope
1108 804 1337 859 alterum
1365 814 1596 868 stantes,
1616 821 1737 860 eum
1772 815 1887 861 tuto
1912 823 2061 862 com-

481 894 904 971 prehenderent,
951 893 1115 964 jussit
1158 908 1257 947 suo
1289 895 1498 962 pectori
1534 895 1736 963 imponi
1769 894 1921 964 signa
1978 897 2062 950 di-

482 985 593 1040 vini
622 985 899 1039 sacrificii.
941 984 1238 1052 Postquam
1265 983 1380 1036 haec
1411 982 1688 1050 fecissent,
1713 992 1769 1037 et
1788 983 1841 1037 in
1867 987 2063 1040 emittm

479 1076 733 1147 protinus
773 1074 995 1130 sustulit
1025 1073 1297 1138 obtutum,
1328 1088 1451 1126 eum
1480 1073 1592 1142 jam
1643 1074 1731 1127 vix
1762 1086 1941 1143 posset
1969 1090 2065 1131 ex-

483 1169 699 1232 tollere,
735 1176 791 1222 et
841 1181 1030 1237 preces
1062 1166 1273 1235 peregit
1319 1175 1632 1220 consuetas.
1689 1166 1895 1222 Deinde
1940 1183 2062 1222 cum

483 1261 666 1315 divina
724 1258 956 1329 plurima
1008 1266 1153 1312 esset
1180 1256 1397 1320 ell’atus,
1442 1265 1496 1310 et
1527 1270 1689 1313 sacro
1745 1258 1849 1311 ritu
1881 1261 2062 1313 omnia

484 1353 786 1425 peregisset
820 1350 1123 1421 proposita,
1174 1349 1289 1418 ipse
1317 1357 1373 1403 et
1422 1347 1521 1403 fuit
1563 1351 1837 1420 particeps
1871 1349 2066 1405 Sacra-

484 1456 817 1509 mentorum,
872 1453 929 1499 et
986 1441 1285 1497 transmisit
1349 1441 1415 1495 ad
1444 1456 1537 1497 eos
1568 1441 1660 1512 qui
1717 1442 1965 1508 aberant,
2006 1453 2067 1499 ut

483 1542 600 1608 ipse
627 1549 845 1605 quoque
883 1535 1122 1589 ostendit
1148 1533 1203 1587 itt
1230 1533 1418 1587 ultima
1461 1532 1527 1587 ad
1573 1549 1669 1589 eos
1716 1535 1966 1605 cpistola.
1996 1536 2065 1591 Et

484 1632 627 1683 hunc
672 1629 888 1698 quidem
926 1628 1067 1683 diem
1106 1642 1231 1681 cum
1284 1628 1366 1684 eis
1407 1629 1689 1699 transegit,
1745 1630 1886 1683 sicut
1946 1637 2067 1684 erat

479 1722 772 1792 pollicitus.

555 1902 644 1962 13.
702 1905 975 1963 Postridie
1026 1916 1206 1962 autem
1247 1922 1369 1962 cum
1413 1907 1694 1962 venissent
1741 1906 1959 1975 quidam
1993 1905 2062 1961 ab
2095 1884 2137 1938 Β

480 1999 829 2070 imperatore,
859 2000 1028 2055 visuri
1060 2014 1126 2053 an
1156 2000 1334 2053 adhuc
1360 2000 1564 2053 viveret
1586 1998 1898 2069 (videbatur
1915 2000 2060 2052 enim

477 2091 559 2145 eis
616 2089 771 2144 valde
827 2072 1155 2153 mirandum,
1198 2091 1343 2157 quod
1393 2089 1558 2143 vitam
1610 2088 1892 2157 hucusque
1933 2102 2063 2157 pro-

479 2178 774 2247 duxisset),
802 2189 1089 2249 postquam
1130 2193 1298 2248 prope
1351 2192 1410 2233 se
1457 2187 1663 2232 stantes
1730 2177 1942 2246 aspexit
1969 2191 2062 2230 eos

478 2270 570 2341 qui
598 2274 954 2334 advenerant,
982 2285 1103 2324 cum
1148 2286 1230 2335 se,
1261 2279 1521 2339 quantum
1554 2279 1765 2336 poterat
1787 2267 2063 2322 extendis-

479 2374 584 2428 set,
612 2373 668 2418 et
708 2373 790 2420 ter
816 2364 1062 2429 dixisset,
1093 2363 1223 2417 Sum
1273 2363 1656 2430 Christianus;
1718 2361 1879 2418 simul
1937 2376 2061 2414 cum

483 2457 673 2512 ultima
706 2471 839 2513 voce
870 2457 1052 2513 emisit
1077 2456 1353 2519 Spiritum.

2168 640 2268 685 τυς
2298 621 2497 693 κύκλῳ⁷
2528 620 3030 693 περιστησάμενος,
3064 620 3139 683 ὡς
3166 619 3234 673 ἂν
3263 620 3402 691 ὁμοῦ
3434 621 3624 677 τοῦτον
3653 625 3749 677 καὶ

2167 714 2298 785 παρ’
2320 713 2583 785 ἀλλήλους
2624 713 2849 777 στάντες
2887 712 3147 781 ἀσφαλῶς
3198 712 3592 783 περιλάϐωσιν,
3623 715 3749 770 ἐκέ-

2166 805 2289 858 λευε
2347 804 2426 877 τῷ
2467 804 2665 858 ἐαυτοῦ
2699 805 2889 877 στήθει
2933 804 3219 874 ἐπιφέρειν
3258 804 3329 858 τὰ
3361 805 3461 876 τῆς
3487 806 3639 871 θείας
3672 808 3750 861 is-

2171 898 2435 969 ρουργίας
2468 898 2739 968 σύμϐολα.
2785 897 2945 952 Ἐπεὶ
2974 898 3030 951 δέ
3072 898 3230 952 ταῦτ’
3260 897 3475 962 ἔθεσαν,
3529 900 3611 961 είς
3658 902 3751 956 οὐ.

2167 989 2331 1060 ρανὸν
2355 1007 2415 1043 τε
2449 990 2657 1059 ἀνῆκεν
2682 989 2845 1054 εὐθὺς
2879 988 3177 1060 συμπεσὼν
3194 990 3297 1061 ἤδη
3325 989 3386 1043 τὸ
3409 990 3630 1061 βλέμμα
3653 992 3751 1048 καὶ⁸

2169 1081 2325 1151 μόλις
2350 1082 2630 1135 ἀνατεῖναι
2659 1081 2979 1151 δυνάμενος,
3035 1082 3128 1134 καὶ
3162 1082 3262 1144 τὰς
3296 1082 3552 1150 συνήθεις
3585 1084 3749 1155 εὐχὰς

2166 1174 2430 1238 ἐποιεῖτο,
2456 1168 2574 1226 εἶτα
2604 1173 2701 1227 καὶ
2732 1172 2964 1227 πλεῖστα
2984 1173 3329 1239 ἐπιθειάσας,
3362 1175 3455 1227 καὶ
3491 1175 3633 1228 κατά
3658 1177 3749 1231 τὸν

2168 1264 2314 1333 ἱερὸν
2368 1264 2570 1335 θεσμὸν
2611 1263 2829 1318 ἅπαντα
2863 1265 2932 1320 τὰ
2982 1265 3318 1335 προτεθέντα
3362 1265 3746 1336 τελεσάμενος,

2166 1354 2329 1418 αὐτός
2356 1371 2415 1408 τε
2450 1355 2680 1426 μετέσχε
2704 1355 2814 1409 τῶν
2847 1355 3184 1427 μυστηρίων,
3220 1354 3353 1419 τούς
3376 1373 3437 1409 τε
3471 1358 3747 1427 παρόντας

2164 1447 2274 1501 τῶν
2299 1448 2559 1521 μαθητῶν
2593 1448 2868 1521 ἐπέτρεψε
2901 1451 3216 1519 μετασχεῖν,
3255 1448 3351 1503 καὶ
3398 1450 3513 1510 τοῖς
3545 1449 3747 1503 ἀπσῦσι

2165 1539 2484 1611 διέπεμψεν,
2517 1540 2594 1604 ὡς
2627 1542 2722 1594 καὶ
2746 1540 2912 1604 αὐτὸς
2941 1542 3000 1595 ἐν
3040 1543 3108 1612 τῇ
3143 1540 3350 1613 ἐσχάτῃ
3383 1540 3521 1611 πρὸς
3551 1540 3749 1605 αὐτοὺς

2166 1631 2427 1702 ἐπιστολῇ
2487 1633 2664 1686 ταῦτα
2723 1633 3048 1702 δεδήλωκεν.
3109 1633 3219 1686 Καὶ
3284 1631 3490 1703 ταύτην
3532 1632 3631 1702 μέν
3681 1632 3748 1701 δὴ

2163 1727 2264 1794 τὴν
2322 1726 2540 1797 ἡμέραν
2569 1726 2932 1798 συνδιήρκεσε
2962 1724 3176 1789 τούτοις
3199 1725 3390 1797 ῶσπερ
3417 1721 3486 1797 ἦν
3513 1725 3751 1797 ὑποσχόο

2171 1832 2350 1888 μενος.
2869 1805 2876 1812 ’

2241 1908 2324 1962 ιε’.
2359 1910 2451 1971 El;
2476 1910 2533 1963 δέ
2560 1909 2659 1980 τὴν
2683 1909 2979 1982 ὑστεραίαν
3006 1909 3270 1963 ἐλθόντων
3298 1908 3452 1980 παρὰ
3473 1908 3569 1962 τοῦ
3598 1908 3747 1980 βασι⁴

2169 2000 2306 2063 λέως
2339 2001 2502 2053 τινῶν
2547 2002 2656 2054 τῶν
2689 2001 2975 2071 ὀψομένων
3030 2002 3080 2053 εί
3110 2001 3192 2055 ἔτι
3244 2018 3306 2070 γε
3349 2000 3509 2071 διαζῇ
3544 2000 3751 2073 (θαῦμα

2168 2091 2279 2161 γὰρ
2318 2092 2503 2156 αὐτοῖς
2531 2093 2769 2157 ἐξαίσιον
2805 2096 2838 2163 ἡ
2872 2094 2971 2163 τῆς
2999 2093 3147 2162 ζωῆς
3176 2093 3341 2146 αὑτοῦ
3369 2094 3533 2164 μέχρι
3555 2093 3750 2147 τούτου

2172 2183 2560 2254 παράστασις),
2598 2186 2786 2256 ἐπειδὴ
2825 2186 3056 2254 πλησίον
3103 2184 3298 2239 ἑαυτοῦ
3326 2187 3557 2249 στάντας
3598 2186 3758 2239 ἐθεά-

2173 2292 2304 2328 σατο
2334 2276 2459 2338 τοὺς
2504 2277 2896 2345 ἀφικομένους,
2928 2276 3188 2347 ὁπηλίκον
3226 2276 3452 2330 ἐδύνατο
3482 2276 3754 2347 βιασάμεο

2171 2385 2259 2427 νος
2287 2366 2500 2431 ἑαυτὸν,
2533 2369 2626 2420 καὶ
2659 2369 2841 2440 τρίτον
2874 2368 3115 2422 ἀνειπὼν
3157 2368 3219 2421 τδ
3250 2368 3578 2439 Χριστιανός
3611 2371 3755 2440 είμι,

2172 2459 2240 2528 τῇ
2272 2457 2560 2529 τελευταίᾳ
2591 2460 2741 2529 φωνῇ
2770 2459 3054 2529 συναφῆκε
3077 2458 3139 2512 τὸ
3171 2460 3411 2529 πνεῦμα.

1975 2636 2205 2692 CAPUT
2236 2635 2302 2693 V.

1610 2735 1747 2830 Ii‘jus
1785 2758 2082 2823 sepultura.
2114 2753 2461 2825 Helenopolt's
2486 2759 2694 2813 civitas.

552 2913 639 2968 16.
684 2911 821 2982 Spnt
854 2918 1032 2965 autem
1060 2908 1150 2978 qni
1186 2908 1390 2967 dicant,
1411 2920 1532 2959 cum
1562 2904 1739 2956 adhuc
1765 2902 2061 2969 spirantem

480 3004 785 3077 projectum
827 3002 995 3057 fuisse
1038 3002 1091 3055 in
1125 2999 1451 3068 profundum
1483 2996 1666 3050 maris.
1701 2992 2065 3046 Maximianus

480 3099 624 3155 enim
681 3096 984 3150 admiratus
1021 3093 1137 3161 ejus
1176 3101 1489 3161 perpetuam
1550 3088 1616 3141 ad
1671 3088 1830 3140 linem
1892 3097 2065 3151 usque

481 3190 866 3253 constantiam,
899 3186 1065 3255 jussit
1090 3186 1155 3239 iis
1185 3185 1276 3251 qui
1309 3184 1363 3236 in
1391 3181 1656 3252 ejusmodi
1693 3181 1854 3233 rebus
1895 3178 2067 3230 inser-

482 3281 661 3344 viunt,
682 3280 858 3347 ipsum
888 3279 943 3332 itt
978 3292 1127 3329 mare
1150 3276 1357 3344 jacere,
1398 3288 1518 3326 cum
1549 3286 1801 3341 magnum
1829 3268 2062 3338 lapidem

484 3371 872 3440 appendissent
913 3368 1135 3423 brachio
1188 3366 1305 3434 ejus
1337 3367 1585 3429 dextero,
1637 3372 1725 3436 ut,
1752 3362 2068 3416 submersus

486 3478 750 3531 nusquam
815 3470 1123 3533 appareret,
1166 3469 1221 3514 et
1262 3474 1459 3526 corpus
1505 3457 1623 3527 ejus
1674 3456 1876 3509 nullam
1912 3468 2066 3508 asse-

485 3564 745 3626 queretur
773 3553 1131 3623 sepulturam,
1195 3567 1295 3607 nec
1334 3552 1484 3621 justa
1539 3551 1589 3605 ei
1625 3549 1839 3605 ﬁerent.
1891 3544 2068 3616 Atque

484 3647 585 3701 fuit
612 3647 829 3717 quidem
866 3647 917 3700 in
959 3641 1225 3715 profundo
1254 3642 1667 3714 quatuordecim
1703 3641 1838 3704 dies,
1872 3654 2071 3708 nempe

485 3740 731 3803 totidem,
766 3748 897 3810 quot
929 3740 981 3792 in
1009 3751 1233 3794 carcere
1269 3738 1581 3792 decertarat
1605 3739 1866 3789 adversus
1889 3732 2071 3787 Varias

483 3830 727 3897 corporis
773 3828 1177 3899 perpessiones.
1234 3827 1651 3894 Quintodecimo
1712 3834 1894 3879 autem
1957 3821 2073 3877 del-

486 3921 685 3988 phinus
710 3919 763 3973 itt
812 3920 1017 3975 siccum
1051 3934 1175 3971 eum
1214 3919 1319 3973 Itoc
1349 3916 1511 3973 modo
1531 3916 1728 3971 extulit
1759 3935 1772 3970 :
1804 3916 1929 3970 cttm‘
1957 3913 2072 3979 ejus

485 4010 734 4078 discipuli
769 4011 913 4064 circa
960 4011 1108 4078 ripas
1134 4018 1189 4063 et
1220 4007 1406 4062 littora
1448 4006 1587 4061 alius
1614 4005 1743 4061 alibi
1775 4020 2071 4060 versaren-

488 4110 597 4166 tur,
627 4109 687 4153 ut
716 4099 983 4163 viderent,
1019 4100 1065 4154 si
1107 4115 1214 4169 quo
1246 4100 1407 4155 modo
1447 4108 1669 4168 possent
1700 4112 1822 4152 eum
1855 4111 1885 4150 e
1934 4095 2070 4149 mari

486 4188 718 4255 ejectum
768 4188 1033 4254 invenire,
1078 4197 1320 4258 tempore
1350 4199 1530 4243 autem
1583 4189 1811 4243 biberno
1835 4186 1887 4241 id
1916 4186 2072 4239 valde

488 4291 635 4335 esset
671 4281 942 4335 turbatum
972 4295 985 4334 :
1017 4281 1334 4336 diuturnum
1361 4290 1577 4350 tempus
1591 4278 1796 4344 ell'eeit,
1834 4289 1893 4332 ut
1915 4277 2074 4348 plane

489 4375 840 4445 desperarent
876 4391 935 4431 se
970 4390 1127 4446 posse
1153 4376 1203 4431 id
1238 4376 1502 4432 invenire.

2242 2897 2337 2962 ις’.
2377 2901 2496 2954 Εἰσὶ
2530 2901 2589 2953 δέ
2633 2918 2778 2965 τινες
2833 2902 2885 2955 οἳ
2934 2900 3152 2971 λέγουσι
3218 2901 3380 2956 αὑτὸν
3426 2902 3505 2955 ἔτι
3552 2902 3761 2972 μᾶλλον

2168 2989 2408 3057 ἔμπνουν
2435 2992 2751 3073 ὑπάρχοντα
2775 2993 2851 3064 τῷ
2891 2995 2989 3064 τῆς
3019 2993 3295 3065 θαλάσσης
3325 2993 3754 3065 ἐναπορριφῆναι

2171 3082 2338 3152 βυθῷ.
2390 3083 2446 3136 '0
2485 3085 2595 3154 γὰρ
2640 3085 2984 3155 Μαξιμιανὸς
3027 3086 3166 3157 πρὸς
3211 3085 3310 3157 τὴν
3352 3085 3514 3158 μέχρι
3562 3087 3752 3150 τέλους

2168 3174 2419 3227 ἔνστασιν
2454 3175 2619 3228 αὐτοῦ
2666 3177 2761 3229 καὶ
2802 3176 2863 3230 τὸ
2900 3177 3182 3231 ἁνένδοτον
3228 3177 3526 3246 ἐκπλαγεὶς
3578 3195 3751 3248 προσ-

2172 3264 2329 3331 έταξε
2366 3269 2477 3329 τοῖς
2500 3267 2673 3321 ταῦτα
2699 3268 3039 3322 διακονοῦσιν
3062 3271 3143 3332 είς
3173 3269 3269 3338 τὴν
3290 3269 3565 3322 θάλασσαν
3595 3270 3756 3323 αὐτὸν

2176 3357 2351 3426 ῥίψαι,
2387 3357 2534 3411 λίθον
2570 3359 2827 3429 μέγιστον
2853 3361 2947 3413 τοῦ
2978 3360 3154 3425 δεξιοῦ
3201 3361 3485 3432 βραχίονος
3527 3360 3760 3433 ἐξαρτη-

2174 3451 2464 3519 σαμένους,
2493 3450 2559 3503 ἶν’
2588 3452 2920 3522 ὑποϐρύχιος
2949 3453 3273 3523 ἀφανισθείη
3315 3454 3631 3521 γενόμενος,
3662 3452 3759 3505 καὶ

2176 3541 2450 3611 μηδεμιᾶς
2478 3543 2506 3593 ὁ
2537 3544 2730 3613 νεκρὸς
2755 3542 2920 3596 αὐτοῦ
2945 3545 3143 3613 ταφῆς,
3174 3543 3376 3615 ﬁrmo;
3405 3542 3573 3607 ἄλλης
3596 3541 3758 3611 θερα-

2174 3632 2332 3695 πείας
2383 3632 2637 3704 δυνηθείη
2710 3639 2917 3707 τυχεῖν,
2965 3630 3075 3688 Ἦν
3133 3637 3231 3707 μὲν
3274 3634 3367 3689 οὖν
3400 3634 3564 3704 ἐντῷ
3609 3634 3760 3705 βυθῷ

2172 3726 2439 3797 τέσσαρες
2485 3728 2579 3780 καὶ
2625 3728 2860 3792 δεκατάς
2908 3728 3036 3792 ὅλας
3083 3729 3322 3800 ἡμέρας,
3355 3729 3414 3782 ἐν
3457 3729 3611 3792 ὅσαις
3653 3743 3760 3796 περ

2173 3815 2242 3891 ἦν
2266 3821 2360 3875 καὶ
2393 3823 2450 3874 ἐν
2484 3824 2548 3892 τῇ
2581 3824 2774 3893 εἰρκτῇ
2823 3823 2962 3893 πρὸς
2993 3823 3061 3876 τὰ
3112 3823 3333 3877 ποικίλα
3360 3821 3507 3893 πάθη
3535 3821 3628 3874 τοῦ
3660 3820 3763 3875 σώ-

2177 3927 2346 3979 ματος
2372 3911 2847 3983 διαγωνιζόμενος.
2874 3915 2918 3966 Τ
2922 3917 2954 3985 ᾗ
2993 3913 3049 3967 δὲ
3086 3912 3558 3982 πεντεκαιδεκάτῃ
3576 3911 3760 3979 δελφὶς

2175 4004 2336 4058 αὐτὸν
2361 4004 2679 4072 ἐξεκόμισεν
2729 4004 2823 4057 ἐπὶ
2854 4004 2914 4056 τὸ
2947 4004 3136 4073 ξηρὸν,
3162 4007 3353 4058 τοῦτον
3390 4003 3481 4056 τὸν
3523 4002 3756 4073 τρόπον’

2177 4097 2289 4150 τῶν
2321 4096 2581 4167 μαθητῶν
2626 4094 2792 4148 αὐτοῦ
2835 4096 2965 4165 περὶ
2998 4096 3098 4160 τὰς
3125 4094 3296 4158 ἀκτὰς
3324 4094 3558 4156 καὶτοὺς
3581 4093 3763 4161 αἰγια-

2173 4187 2299 4250 λοὺς
2329 4187 2506 4241 ἄλλων
2555 4186 2692 4257 ἄλλῃ
2755 4186 3168 4256 διατριὸόντων,
3223 4186 3278 4238 εἴ
3319 4202 3421 4238 που
3485 4184 3764 4255 δυνηθεῖεν

2175 4279 2339 4334 αὐτὸν
2399 4277 2815 4333 ἀποπτυσθέντα
2880 4278 2980 4347 τῆς
3033 4277 3312 4347 θαλάσσης
3372 4276 3658 4347 ἀνευρεῖν·
3706 4275 3765 4328 ἐν

2174 4373 2294 4444 ὥρᾳ
2344 4371 2614 4443 χειμερίῳ
2673 4371 2922 4440 σφοδρῶς
2978 4370 3455 4442 ἐκταραττομένης
3506 4368 3700 4437 αὐτῆς,
3737 4370 3768 4420 ὁ

2086 4519 2095 4528 _
2176 4465 2367 4536 χρόνος
2390 4462 2855 4533 παρατεινόμενος
2878 4462 3194 4530 ἀπογνῶναι
3223 4461 3446 4524 τούτους
3482 4460 3581 4530 τὴν
3604 4458 3767 4516 ἀνεύ-

2179 4574 2331 4627 ρεσιν
2370 4554 2808 4626 παρεσκεύαζεν.

568 4660 649 4713 Π.
682 4657 899 4713 Interim
940 4672 1070 4712 vero
1120 4655 1445 4709 adveniente
1506 4650 1915 4720 quintodecimo
1959 4649 2068 4712 die,

2253 4649 2339 4715 ιζ’.
2388 4651 2476 4703 Ἐν
2500 4648 2673 4720 τούτῳ
2699 4649 2756 4701 δέ
2792 4648 2884 4703 καὶ
2911 4647 3010 4719 τῆς
3036 4646 3532 4716 πεντεκαιδεκάτης
3552 4644 3769 4716 ἠμέρας

492 4760 701 4821 martyr
739 4750 792 4803 itt
834 4748 1041 4804 somnis
1081 4758 1349 4817 apparens
1378 4742 1592 4798 cuidam
1623 4739 1898 4812 Glycerio,
1944 4754 2073 4807 ger-

492 4854 652 4894 mano
677 4853 778 4892 suo
804 4837 1088 4906 discipulo,
1116 4835 1207 4904 qui
1234 4845 1360 4888 tunc
1396 4831 1719 4887 versabatur
1770 4830 1822 4884 in
1855 4829 2076 4901 reginae

492 4933 718 4987 adversa
749 4931 1047 4985 continenti
1080 4927 1428 4990 Nicomedia,
1457 4925 1588 4979 dicit
1622 4925 1669 4980 ei
1699 4938 1713 4977 :
1749 4922 1793 4978 O
1819 4935 1894 4987 ttt,
1950 4937 2071 4977 cum

489 5021 726 5089 primum
763 5034 922 5073 mane
942 5017 1271 5082 surrexeris,
1299 5016 1384 5070 abi
1410 5017 1462 5069 in
1494 5015 1640 5069 hunc
1655 5010 1835 5073 locum'
1865 5013 2073 5082 (osten-

490 5113 626 5167 dens
646 5112 834 5179 ,locutn
861 5109 1106 5180 littoris);
1151 5120 1202 5164 te
1255 5109 1423 5173 enim,
1472 5107 1666 5176 inquit,
1731 5106 2072 5171 conveniam,

492 5218 614 5258 eum
649 5202 775 5257 illuc
806 5201 1156 5257 venerilele
1177 5211 1389 5265 autem,
1416 5216 1537 5254 cum
1566 5199 1825 5268 primunt,
1859 5211 1925 5252 ex
1958 5212 2077 5252 ma-

494 5311 597 5366 gna
630 5295 901 5350 evnlentia
953 5304 1007 5350 et
1046 5294 1408 5348 admiratione
1456 5308 1645 5348 eorum
1677 5308 1798 5362 quae
1846 5300 2068 5345 ostensa

491 5375 730 5453 fuerant,
758 5402 880 5442 cum
933 5400 1159 5443 somnus
1205 5388 1527 5451 dimisisset,
1562 5397 1616 5443 et
1640 5387 1752 5456 jatn
1804 5386 1920 5440 dies
1952 5383 2078 5439 illu-

493 5488 759 5543 cesceret,
792 5495 1041 5550 surgens,
1069 5489 1125 5535 et
1175 5480 1438 5552 quosdam
1471 5479 1629 5542 alios,
1660 5494 1723 5534 ex
1760 5479 1860 5548 piis
1893 5492 2078 5532 secum

496 5583 806 5637 assumens,
862 5588 984 5627 cutn
1031 5574 1114 5628 eis
1164 5574 1307 5629 venit
1344 5573 1395 5627 in
1448 5572 1648 5638 locum,
1692 5573 1783 5640 qui
1825 5570 2000 5625 fuerat
2033 5571 2082 5625 ei

496 5660 847 5728 signiﬁcatus.
882 5661 940 5718 In
967 5679 1033 5719 eo
1058 5674 1238 5722 autem
1267 5666 1457 5733 ingens
1483 5664 1767 5735 delphinus
1814 5666 2075 5719 ascende-

499 5747 639 5804 bate
669 5753 824 5817 mari,
852 5754 966 5824 jant
997 5771 1065 5810 ex
1090 5771 1155 5811 eo
1185 5771 1469 5826 emergens
1501 5774 1515 5813 :
1546 5757 1639 5825 qui
1665 5772 1785 5811 cum
1813 5765 1956 5811 esset
1980 5770 2077 5811 ex-

500 5844 689 5897 tensus
714 5856 877 5911 super
903 5860 1056 5914 aqua:
1076 5847 1439 5918 superﬁciem,
1472 5845 1625 5904 valde
1649 5844 1910 5917 spirabat,
1928 5854 1981 5902 et
2010 5844 2077 5902 ad

2178 4746 2572 4816 ἐφισταμένης,
2598 4745 2731 4815 ὄναρ
2761 4744 3047 4814 ἐπιφανεὶς
3074 4745 3102 4796 ὁ
3130 4744 3340 4813 μάρτυς
3372 4741 3451 4811 τῷ
3489 4740 3770 4812 Γλυκερίῳ

2180 4839 2288 4890 τινί
2314 4839 2422 4891 τῶν
2448 4838 2686 4907 γνησίων
2711 4834 2876 4890 αὐτοῦ
2899 4834 3190 4905 φοιτητῶν,
3217 4834 3309 4887 ἐπὶ
3338 4833 3436 4901 τῆς
3469 4831 3772 4902 ἀντιπέρας

2182 4930 2317 4999 πρὸς
2349 4928 2446 4999 τὴν
2479 4928 2851 4998 Νικομήδειαν
2901 4925 3132 4996 ἠπείρου
3164 4924 3473 4995 τηνικαῦτα
3510 4922 3611 4994 τὴν
3649 4922 3771 4975 δια-

2180 5019 2375 5091 τριϐὴν
2430 5021 2759 5091 ποιουμένῳ,
2803 5020 2942 5090 φησὶ
3000 5019 3139 5090 πρὸς
3202 5019 3390 5075 αὐτόν·
3451 5018 3685 5083 Αὐτίκα,
3724 5010 3771 5072 ὦ

2180 5107 2355 5178 οὗτος,
2389 5113 2559 5166 ἕωθεν
2591 5113 2832 5176 ἀναστὰς
2859 5115 2939 5177 είς
2979 5113 3100 5167 τόδε
3134 5112 3197 5165 τὸ
3220 5111 3423 5183 χωρίον
3454 5110 3612 5167 ἄπιθι
3649 5110 3773 5181 (τῆς

2175 5207 2358 5275 ἠϊόνος
2415 5204 2669 5274 δηλώσας
2721 5205 2813 5259 τὸν
2859 5205 3090 5275 τόπον)·
3145 5204 3475 5274 ἐντεύξομαι
3516 5204 3624 5274 γάρ
3662 5217 3768 5266 σοι,

2176 5298 2305 5369 ἐφη,
2346 5300 2465 5351 ἐκεῖ
2502 5297 2954 5368 παραγενομένῳ.
2993 5299 3050 5351 '0
3083 5298 3161 5360 δὲ,
3210 5297 3444 5366 τάχιστα
3504 5295 3669 5348 αὑτὸν
3704 5295 3773 5348 ἐκ

2179 5388 2272 5442 τοῦ
2323 5388 2443 5441 λίαν
2496 5386 2765 5458 ἐναργοῦς
2808 5388 2903 5441 καὶ
2956 5386 3261 5459 πληκτικοῦ
3291 5387 3402 5439 τῶν
3452 5384 3774 5456 δειχθέντων

2181 5481 2255 5544 ὡς
2296 5480 2464 5543 ὕπνος
2509 5481 2731 5551 ἀνῆκεν,
2783 5480 2970 5553 ἡμέρα
3017 5497 3077 5533 τε
3136 5480 3234 5552 ἤδη
3268 5478 3612 5549 ύπηύγαζεν,
3639 5480 3775 5532 ἀνον-

2192 5571 2320 5633 στὰς
2355 5570 2448 5625 καί
2480 5588 2633 5635 τινας
2666 5571 2889 5640 ἐτέρους
2947 5569 3057 5625 τῶν
3103 5569 3439 5639 φιλευσεδῶν
3480 5581 3777 5639 συμπαρα-

2186 5664 2385 5729 λαϐὼν,
2421 5665 2502 5728 είς
2531 5663 2593 5717 τὸ
2629 5663 2867 5734 δηλωθέν
2902 5663 3103 5736 χωρίον
3149 5664 3342 5734 ἐφοίτα
3401 5661 3519 5731 μετ’
3567 5660 3767 5715 αὐτῶν.

2200 5755 2287 5808 Ἐν
2313 5755 2489 5822 τούτῳ
2510 5755 2566 5808 δέ
2593 5755 2690 5808 καὶ
2710 5754 2958 5825 δελφῖνος
2989 5752 3251 5824 μέγιστόν
3274 5772 3327 5808 τι
3354 5755 3546 5825 χρῆμα
3574 5754 3638 5806 ἐκ
3669 5750 3772 5818 τῆς

2189 5847 2459 5919 θαλάττης
2483 5846 2659 5918 ἀνῄει,
2687 5848 2811 5920 ἄρτι
2832 5846 3035 5918 ταύτης
3050 5847 3433 5919 ἀναδυόμενος,
3461 5846 3556 5899 καὶ
3582 5843 3772 5912 ἐπειδὴ
