4152 6420
374 420 484 487 U3
1678 424 1858 487 VITA
1898 426 1959 487 S.
2009 423 2355 489 LUCIANI.
3560 424 3665 490 414

368 538 510 608 πρὸς
532 537 602 609 τῇ
634 532 934 606 ἐπιφανείᾴ
973 533 1067 589 τοῦ
1102 534 1293 599 ὕδατος
1340 532 1410 608 ἦν
1452 534 1960 608 άπλωθεὶςνὲφύσα
1988 551 2008 605 λ

2030 593 2037 605 ,
2064 553 2267 598 terram
2299 538 2937 609 contendebat:eratque
2964 536 3109 594 circa
3131 536 3308 610 ipsum
3336 538 3508 596 multa
3538 550 3670 611 apu-

365 650 431 687 τε
482 629 627 701 μέγα
672 630 772 684 καὶ
820 628 966 701 πρὸς
1013 629 1112 701 τὴν
1173 631 1373 702 χέρσον
1407 630 1629 703 ἐχώρει,
1664 634 1763 687 καὶ
1797 634 1966 700 πολὺς

2071 652 2179 703 ma,
2212 644 2267 690 et
2295 649 2541 690 murmur
2573 631 2859 697 ﬂuctuum,
2890 633 2982 704 qui
3014 633 3080 688 ab
3109 632 3226 704 ipso
3242 632 3663 689 'scindebantur.

371 724 505 792 περὶ
535 721 703 775 αὑτὸν
752 720 930 793 ἀφρός
978 739 1040 775 τε
1091 723 1185 776 καὶ
1218 724 1400 793 ῥοῖζος
1435 720 1528 795 ἦν,
1560 725 1669 779 τῶν
1704 726 1971 797 κυμάτων

2069 730 2306 785 Ferebat
2336 739 2519 784 autem
2548 738 2833 782 extensum
2866 736 3167 792 mortuum,
3203 735 3469 795 tanquam
3496 725 3551 780 in
3584 726 3666 781 le-

368 814 519 885 αύτῷ
572 813 820 884 συνεχῶς
858 814 1318 885 ὲπισχιζομένων.
1350 816 1555 888 Ἐφερε
1613 817 1670 871 δὲ
1708 817 1819 885 ἄρα
1878 820 1969 871 τὸν

2072 834 2163 879 cto‘
2179 823 2472 892 iacentem.
2490 821 2728 891 Eratque
2745 820 3115 890 spectaculum
3134 819 3480 881 admirabile,
3500 833 3671 888 super

368 907 564 976 νεκρὸν
607 908 866 978 ἐκτάδην,
899 906 977 970 ὡς
1015 908 1106 960 ἐπί
1155 925 1301 972 τινος
1332 908 1525 981 κλίνης
1556 911 1839 981 κείμενον·
1878 922 1976 975 κα)⁵

2077 929 2273 985 corpus
2294 917 2430 969 adeo
2465 914 2731 968 lubricum
2775 923 2831 967 et
2876 914 3165 968 rotundum
3208 912 3393 981 quiete
3439 924 3669 965 manens

366 999 549 1066 θέαμα
587 999 896 1071 παράδοξον
926 996 995 1071 ἦν
1031 1002 1116 1071 ἐφ’
1160 1000 1335 1065 οὕτως
1381 1002 1672 1073 ὀλισθηροῦ
1723 1002 1975 1072 σώματος

2076 1017 2349 1071 mortuus,
2369 1015 2423 1061 et
2449 1021 2549 1061 nec
2581 1021 2610 1058 a
2640 1020 2741 1059 suo
2764 1007 3022 1073 pondere,
3060 1018 3235 1072 neque
3257 1018 3285 1055 a
3318 1003 3370 1055 vi
3406 1001 3666 1056 ﬂuctuum

365 1093 461 1146 καὶ
500 1093 865 1164 περιφεροῦς,
903 1094 1081 1164 μένων
1105 1094 1355 1164 ἀτρέμας
1387 1096 1416 1149 ὁ
1448 1097 1664 1166 νεκρὸς,
1696 1098 1793 1150 καὶ
1831 1097 1963 1167 μήθ’

2075 1098 2365 1154 devolutus
2384 1099 2551 1164 abeo,
2575 1099 2716 1168 quod
2749 1099 2924 1169 ipsum
2945 1097 3220 1166 portabat,
3237 1093 3509 1148 vehiculo.
3534 1092 3669 1147 Cum

369 1185 474 1237 ὑπὸ
498 1185 594 1238 τοῦ
626 1187 835 1239 οίκείου
870 1185 1093 1257 βάρους,
1126 1189 1337 1258 μήποτε
1389 1186 1496 1258 μὴν
1551 1188 1657 1241 ὑπὸ
1708 1191 1808 1258 τῆς
1863 1188 1973 1244 τῶν

2075 1201 2257 1245 autem
2296 1190 2583 1260 delphinus
2619 1189 2809 1245 luisset
2859 1204 3025 1259 prope
3073 1188 3471 1257 continentem.
3505 1184 3672 1239 ﬂuctu

374 1279 638 1346 κυμάτων
670 1277 795 1348 βίας
818 1279 919 1331 τοῦ
953 1279 1211 1347 φέροντος
1239 1281 1401 1334 αὐτὸν
1433 1280 1715 1351 ὀχήματος
1744 1298 1974 1350 περικυ-

2073 1283 2305 1337 sublime
2335 1283 2436 1335 fuit
2477 1276 2747 1347 sublatus,
2777 1290 2831 1336 et
2863 1292 3021 1336 terrae
3044 1280 3096 1335 id
3119 1279 3348 1351 appulit.
3385 1279 3562 1349 Atque
3587 1277 3677 1332 ille

377 1369 737 1439 λινδούμενος.
778 1370 997 1443 Ἐπειδὴ
1030 1371 1088 1424 δὲ
1126 1372 1263 1442 πρὸς
1298 1375 1365 1442 τῇ
1407 1374 1624 1444 ἠπείρῳ
1657 1373 1901 1442 γεγονὼς
1940 1376 1968 1428 ὁ

1673 1373 1901 1442 γεγονὼς
1940 1376 1968 1428 ὁ
2081 1376 2298 1443 quidem
2325 1376 2511 1429 statim
2533 1373 2853 1443 exspiravit.

376 1463 578 1531 δελφὶς.
615 1462 894 1532 μετέωρος
950 1462 1093 1535 ἤρθη
1153 1464 1231 1535 τῷ
1278 1464 1510 1535 κύματι,
1552 1467 1648 1521 καὶ⁹
1719 1467 1944 1536 γέγονεν
1984 1470 2080 1523 ἐπὶ
2108 1471 2203 1523 τοῦ
2232 1470 2421 1542 ξηροῦ,
2455 1471 2484 1523 ὁ
2525 1469 2623 1537 μὲν
2648 1467 2850 1522 αὐτίκα
2881 1466 2997 1530 θεὶς
3033 1466 3398 1520 ἀπέπνεῦσεν.

454 1551 544 1622 ιη’.
584 1552 641 1604 '0
663 1552 721 1605 δὲ
761 1552 958 1622 νεκρὸς
987 1554 1082 1606 ἐπὶ
1120 1552 1222 1624 τὴν
1252 1553 1481 1624 ψάμμον
1514 1556 1757 1626 ἐνεχθεὶς
1789 1556 1970 1610 ἔκειτο

2154 1560 2243 1615 18.
2287 1560 2534 1614 Mortuus
2580 1566 2761 1613 autem
2824 1557 3012 1612 statim
3072 1557 3125 1612 in
3163 1570 3386 1610 arenam
3438 1552 3673 1618 delatus.

390 1644 550 1707 σῶος,
580 1645 671 1698 καὶ
718 1643 790 1697 τὰ
826 1646 1005 1699 πάντα
1058 1645 1269 1716 ἄρτιος,
1306 1648 1447 1718 πλὴν
1504 1649 1586 1702 ὅτι
1627 1665 1689 1717 γε
1739 1651 1771 1719 ἡ
1818 1648 1971 1713 δεξιὰ

2075 1653 2299 1725 jacebat
2331 1653 2518 1707 salvus
2556 1661 2610 1705 et
2637 1650 2785 1705 omni
2815 1665 2880 1704 ex
2913 1659 3070 1719 parte
3120 1649 3355 1717 integer,
3396 1645 3498 1702 nisi
3530 1645 3675 1715 quod

385 1740 527 1842 χεὶρ,
554 1732 676 1842 τες-ὁ
700 1728 852 1839 lie-os
878 1737 1203 1809 ὲξαρτηοεὶς
1233 1739 1445 1810 ἔτυχεν,
1468 1741 1530 1794 οὐ
1566 1741 1971 1811 συνεπηκολού-
2008 1788 2025 1842 Ι

2108 1761 2277 1800 nanus
2311 1746 2525 1806 dextra,
2558 1745 2645 1798 cui
2680 1743 2821 1811 lapis
2874 1742 3057 1795 fuerat
3113 1753 3407 1807 appensus,
3454 1752 3559 1791 non
3591 1744 3676 1790 est
3745 1748 3748 1752 '

385 1828 550 1899 θησεν
587 1830 646 1895 ἐξ
669 1829 842 1896 αὐτῆς
873 1830 947 1899 τῷ
979 1830 1151 1902 λοιπῷ
1175 1830 1417 1900 σώματι.
1455 1833 1566 1884 Ka‘t
1609 1834 1748 1885 εἰσὶν
1796 1835 1844 1886 oi
1883 1832 1973 1885 λέ·
2008 1827 2025 1842 ³

2033 1827 2048 1842 ’
2076 1853 2281 1908 corpus
2308 1850 2525 1906 quoque
2545 1834 2815 1903 reliquum
2851 1843 3168 1888 consecuta.
3197 1829 3265 1883 Et
3295 1837 3424 1884 sunt
3451 1827 3673 1898 quidam

379 1935 569 2004 γοντξς
611 1919 689 1982 ὡς
739 1920 861 1973 οὐδὲ
910 1920 1139 1991 ὕστερον
1172 1922 1502 1993 ἐξεπέμφθη
1527 1923 1628 1993 τῆς
1666 1923 1970 1994 θαλάσσης,

2106 1933 2168 2003 [υἱ
2199 1931 2408 1997 dicunt,
2440 1944 2561 1985 eam
2602 1944 2701 1983 nec
2746 1936 2933 1998 postea
2984 1928 3204 1996 quidem
3235 1924 3426 1978 fuisse
3467 1936 3499 1976 e
3539 1923 3673 1977 mari
3736 1918 3746 1923 ’

379 1995 720 2077 άλλΐμενεν
760 2012 819 2064 ὲν
844 2010 921 2080 τῷ
961 2010 1133 2083 βυθῷ,
1167 2013 1249 2066 ὅτι
1281 2015 1374 2066 καὶ
1404 2013 1550 2078 ἔδοξε
1590 2014 1670 2086 τῷ
1703 2013 1847 2084 Θεῷ,
1877 2032 1974 2083 γε·

2079 2027 2360 2087 emissam,
2390 2025 2482 2079 sed
2505 2022 2771 2078 mansisse
2793 2022 2846 2075 in
2880 2016 3431 2090 profundo.eﬂ'ectam
3466 2016 3516 2071 id
3532 2015 3676 2084 quod

380 2097 606 2168 νομένη.
643 2098 802 2162 Τινὲς
836 2099 1021 2169 μέντοι
1054 2101 1210 2168 φασὶ,
1246 2104 1364 2173 μετ’
1393 2104 1453 2156 οὔ
1489 2104 1625 2158 πολὺ
1649 2106 1744 2158 καὶ
1768 2105 1975 2177 ταύτην

2081 2119 2190 2174 Deo
2225 2119 2398 2172 visum
2431 2116 2554 2171 fuit.
2588 2113 2840 2169 Nonnulli
2874 2123 3055 2166 autem
3087 2111 3275 2166 dicunt
3315 2124 3434 2164 eam
3460 2122 3679 2178 quoque

382 2188 732 2260 ἀναδοθῆναι,
800 2194 1180 2262 παραρυέντος
1238 2195 1375 2266 αὐτῇ
1429 2195 1523 2248 τοῦ
1583 2196 1826 2266 δεσμοῦ,
1882 2197 1977 2251 καὶ

2080 2225 2187 2266 non
2219 2210 2291 2264 ita
2328 2208 2501 2261 multo
2528 2218 2648 2275 post
2697 2203 2865 2259 fuisse
2901 2203 3194 2267 redditam,
3228 2215 3350 2256 cum
3382 2200 3681 2255 eﬂluxisset

386 2284 554 2353 αὐτὴν
612 2286 678 2354 τῇ
738 2284 919 2355 χέρσῳ
966 2286 1468 2357 προσκομισθεῖσαν
1520 2291 1647 2352 τοὺς
1697 2291 1977 2362 παρόντας

2081 2304 2128 2356 ei
2168 2301 2475 2365 vinculum;
2509 2298 2812 2365 eamquein
2837 2306 3037 2351 terram
3057 2295 3316 2360 delatam,
3341 2307 3463 2349 cum
3494 2302 3677 2347 sustu-

383 2377 767 2447 ἀνελομένους,
822 2379 905 2441 είς
942 2380 1042 2449 τὴν
1088 2380 1259 2451 αὐτὴν
1294 2382 1758 2452 ἀποκαταστῆσαι
1811 2384 1974 2437 πάλιν

2080 2396 2275 2451 lissent
2302 2394 2335 2448 ii
2373 2394 2463 2462 qui
2504 2393 2753 2456 aderant,
2822 2389 3130 2444 restitutam
3177 2386 3345 2441 fuisse
3385 2400 3575 2440 rursus
3622 2386 3675 2439 iu

385 2468 485 2523 τοῦ
548 2469 803 2538 σώματος
852 2471 1141 2541 ἁρμονίαν.
1205 2473 1410 2543 Συνέϐη
1465 2473 1522 2526 δὲ
1577 2474 1638 2526 τὸ
1697 2476 1829 2546 περὶ
1878 2476 1979 2546 τὴν

2082 2486 2329 2542 eamdem
2380 2499 2696 2554 compagem
2750 2480 3020 2548 corporis.
3087 2479 3203 2533 Hoc
3251 2486 3432 2531 autem
3478 2475 3681 2531 accidit

385 2566 547 2635 χεῖρα
592 2564 788 2629 πάθος,
823 2564 918 2617 τοῦ
953 2564 1113 2627 Θεοῦ,
1150 2582 1240 2634 μοι
1286 2565 1453 2632 δοκῶ,
1505 2566 1735 2636 τιμῆσαι
1774 2567 1980 2638 ταύτην

2084 2578 2293 2642 manui,
2340 2592 2459 2631 cum
2494 2576 2657 2639 Deus,
2697 2583 2757 2631 ut
2811 2573 3069 2632 arbitror,
3111 2586 3230 2624 eam
3289 2584 3531 2624 seorsum
3582 2583 3681 2623 vo-

389 2654 536 2718 ιδίως
588 2654 962 2725 βουληθέντος,
1010 2655 1107 2709 ἅτε
1145 2656 1236 2709 τὸν
1283 2657 1371 2710 διὰ
1408 2658 1616 2727 ταύτης
1654 2660 1747 2712 ἐπὶ
1772 2662 1837 2730 τῇ
1873 2659 1981 2713 τῶν

2085 2673 2275 2729 luisset
2309 2672 2604 2736 honorare,
2639 2678 2699 2723 ut
2745 2668 2836 2735 qui
2873 2675 3156 2733 acceptum
3206 2665 3490 2718 habuisset
3527 2660 3681 2715 labo-

386 2744 621 2813 Γραφῶν
650 2745 1025 2816 ὲπανορθώσει
1048 2747 1341 2817 γενόμενον
1365 2749 1528 2801 πόνον
1553 2750 1979 2821 ἀποδεξάμενον.

2086 2776 2223 2825 rem,
2280 2761 2374 2831 qui
2422 2775 2518 2829 per
2567 2772 2687 2811 eam
2735 2755 2836 2811 fuit
2884 2764 3169 2823 susceptus
3236 2753 3290 2805 in
3350 2748 3685 2817 corrigendis

404 2837 492 2889 Ἐν
539 2837 651 2909 γὰρ
689 2841 816 2901 τοῖς
865 2837 1008 2907 ὑπὲρ
1058 2838 1296 2910 Χριστοῦ
1347 2839 1547 2893 πάθεσι
1586 2840 1648 2894 τὸ
1683 2839 1985 2912 βαρύτερον

2088 2853 2411 2922 Scripturis.
2450 2849 2584 2903 Nam
2612 2848 2668 2903 in
2687 2845 3155 2917 perpessionibus,
3182 2855 3320 2911 quas
3349 2855 3445 2911 pro
3466 2840 3685 2895 Christo

391 2926 640 2998 ὲντιμότε
648 2943 766 2999 ρον.

2086 2953 2420 3015 susceperat,
2459 2944 2510 2998 in
2549 2942 2740 3013 majori
2773 2941 2977 2994 honore
3002 2936 3106 2992 fuit
3150 2950 3211 2991 ea
3245 2948 3370 3005 qua:
3403 2942 3680 3003 eratgra-

2089 3037 2227 3090 vior.

462 3109 550 3163 ιϐ’.
580 3110 656 3164 0'3
698 3110 810 3180 γὰρ
847 3108 914 3163 ἂν
941 3110 1051 3163 άπὸ
1079 3110 1423 3180 ταυτομάτου
1473 3112 1751 3182 νομίσειέν
1779 3131 1862 3176 τις
1894 3113 1985 3166 τὸν
2014 3127 2060 3188 C

2047 3127 2060 3188 Ξ
2164 3128 2250 3184 l9.
2273 3125 2393 3181 Non
2429 3135 2609 3180 autem
2636 3122 2970 3180 existimabit
2992 3120 3286 3191 quispiam,
3316 3133 3514 3190 corpus
3535 3133 3687 3173 mor-

392 3203 587 3274 νεκρὸν
623 3203 729 3256 one
775 3202 869 3254 τοῦ
918 3202 1164 3272 δελφῖνος
1210 3206 1636 3275 ἐκκομισθῆναι,
1677 3207 1797 3260 οὐδὲ
1843 3208 1987 3270 τινος

2094 3229 2243 3275 tuum
2297 3234 2325 3272 a
2351 3217 2607 3287 delphino
2640 3231 2766 3269 casu
2808 3213 2978 3268 fuisse
3040 3213 3290 3278 allatum,
3319 3226 3495 3283 neque
3520 3210 3570 3264 id
3604 3207 3686 3264 fa-

393 3296 543 3367 αὐτῷ
570 3296 745 3367 τύχης
772 3298 1195 3369 ἐργασαμένης.
1237 3297 1367 3355 Ὀτι
1430 3299 1529 3371 μὲν
1581 3300 1690 3371 γὰρ
1745 3301 1823 3371 τῷ
1874 3302 1988 3355 ὄντι

2092 3321 2240 3367 ctum
2269 3309 2435 3363 fuisse
2465 3308 2605 3362 forte
2626 3305 2863 3361 fortuna.
2888 3302 3025 3358 Nam
3052 3304 3195 3372 quod
3225 3316 3413 3358 revera
3465 3299 3684 3370 quidem

395 3389 579 3460 δελφὶς
608 3391 775 3443 αὑτὸν
819 3391 1077 3460 τυγχάνει
1117 3391 1219 3462 τῆς
1254 3392 1526 3462 θαλάττης
1572 3392 1899 3464 ἐξενεγκὼν,
1930 3396 1988 3450 ὃν

2094 3403 2383 3472 delphinus
2403 3415 2527 3455 cum
2563 3414 2629 3454 eo
2659 3399 2839 3461 modo,
2879 3398 2972 3465 qui
3001 3396 3182 3451 dictus
3204 3403 3307 3459 est,
3355 3390 3686 3464 exportarit,

397 3483 619 3553 εἴρηται
652 3483 879 3554 τρόπον,
910 3483 1250 3554 σαφέστατον
1285 3481 1426 3541 εἶναι
1465 3487 1636 3551 δοκεῖ,
1679 3487 1895 3542 πολλῶν
1927 3505 1990 3542 τε

2094 3497 2311 3551 videtur
2345 3508 2466 3549 esse
2515 3490 3045 3551 manifestissimum.
3078 3504 3200 3543 cum
3233 3486 3410 3544 multi.
3453 3485 3545 3555 qui
3569 3484 3688 3540 fue-

396 3572 506 3625 τῶν
535 3572 661 3626 κατ’
693 3574 902 3626 ἐκεῖνον
935 3573 1248 3644 γενομένων
1275 3575 1371 3628 τὸν
1412 3578 1606 3646 χρόνον
1649 3579 1870 3648 μνήμην
1895 3577 1992 3631 τοῦ

2097 3595 2224 3643 runt
2255 3583 2348 3638 illo
2394 3591 2661 3652 tempore,
2688 3581 2848 3648 hujus
2890 3569 3130 3634 'feeerint
3175 3574 3687 3642 mentionem.Quiu

397 3664 644 3717 τοιούτου
690 3665 1103 3735 ποιησαμένων.
1139 3667 1250 3719 Καὶ
1283 3666 1447 3730 αὐτὸς
1485 3667 1545 3720 δὲ
1576 3667 1655 3721 ἔτι
1699 3670 1764 3722 ὲκ
1799 3669 1993 3733 παιδὸς

2095 3676 2260 3731 etiam
2290 3675 2406 3744 ipse
2435 3687 2653 3742 quoque
2679 3673 2794 3727 scio
2832 3671 2901 3725 ab
2931 3672 3153 3724 ineunte
3181 3675 3342 3724 astate
3366 3668 3434 3722 de
3456 3664 3547 3721 illo
3566 3664 3689 3721 cani

401 3751 519 3809 οἴδα
551 3757 811 3829 ᾀδόμενον
841 3758 928 3811 ἐπ’
957 3758 1130 3828 αὐτῷ,
1173 3752 1235 3813 οὗ
1301 3759 1364 3812 τὸ
1407 3760 1823 3831 ἀκροτελεύτιόν
1874 3763 1994 3815 ἐστι

1597 3760 1823 3815 ελεύτιόν
1874 3763 1994 3815 ἐστι
2098 3768 2316 3824 solitum
2342 3768 2467 3832 hoc,
2492 3764 2647 3833 cujus
2676 3773 2754 3819 est
2783 3777 2913 3833 pars
2938 3770 3186 3816 extrema
3221 3775 3237 3814 :

409 3845 545 3899 τάδε.
1459 3859 1475 3873 ι

587 3986 797 4057 Δεᾼρὶς
820 3985 874 4040 δ’
898 3986 995 4041 ἐπὶ
1030 3987 1190 4042 νῶτα
1216 3988 1468 4057 κομίζων
2205 3985 2227 4041 1

2205 3985 2273 4041 In
2304 3995 2494 4057 terram
2519 3985 2678 4037 dorso
2702 3991 3020 4053 portamque
3051 3995 3117 4034 ea:
3143 3993 3366 4053 (equore
3385 3975 3620 4047 delphin,

598 4051 953 4120 Ἐξέπίρευσε
985 4057 1182 4127 φέρων
1211 4051 1307 4113 ἐπὶ
1342 4060 1538 4130 γαιην.
2208 4056 2238 4110 ι

900 4074 953 4111 re
985 4057 1182 4127 φέρων
1211 4051 1307 4113 ἐπὶ
1342 4060 1538 4130 γαιην.
2208 4056 2540 4125 Exspiravit.

478 4194 603 4248 Ὅτι
648 4195 707 4248 δὲ
763 4197 826 4249 οὐ
874 4198 1166 4268 συντυχίας
1205 4199 1268 4253 τὸ
1299 4198 1543 4255 τοιοῦτον
1594 4200 1662 4255 ἂν
1693 4199 1808 4271 εἴη,
1844 4200 2000 4271 δηλοῖ
2099 4194 2118 4260 (

2099 4192 2256 4262 Quod
2281 4201 2461 4249 autem
2493 4206 2601 4246 non
2642 4190 2846 4246 factum
2892 4190 2965 4245 sit
2993 4203 3149 4254 casu,
3188 4184 3271 4243 vel
3303 4188 3541 4242 maxime
3570 4186 3692 4255 qui-

411 4286 516 4355 μὲν
552 4285 652 4358 οὐχ
681 4288 886 4358 ἥκιστα
913 4291 1011 4344 καὶ
1038 4291 1174 4344 αὐτὸ
1199 4292 1261 4345 τὸ
1303 4292 1538 4363 μέγεθος
1584 4294 1679 4347 τοῦ
1709 4292 1996 4347 τελεσθέν-

2100 4288 2223 4343 dem
2246 4284 2486 4342 ostendit
2517 4284 2634 4354 ipsa
2665 4282 2986 4353 magnitudo
3023 4282 3280 4337 miraculi
3310 4282 3456 4349 quod
3489 4277 3694 4333 factum

398 4397 495 4444 τος
522 4379 914 4453 θαυματουργή
924 4401 1113 4452 ματος,
1143 4386 1238 4438 καὶ
1262 4386 1361 4455 μὲν
1385 4387 1449 4456 δὴ
1469 4388 1564 4440 καὶ
1580 4387 1641 4440 τὺ
1659 4389 1916 4441 ἐνύπνιον
1934 4386 1997 4440 τὸ

2101 4387 2216 4446 est;
2249 4379 2525 4433 somnium
2566 4376 2963 4447 quoque,quod
2991 4385 3215 4446 prapter
3245 4374 3296 4428 id
3326 4373 3542 4436 evenit;
3563 4370 3693 4439 quin

402 4474 499 4527 hri.
528 4473 703 4544 τούτῳ
728 4475 1017 4543 γενόμενον
1038 4488 1052 4502 ’
1069 4475 1130 4527 οὐ
1160 4475 1266 4547 μὴν
1294 4475 1431 4528 ἀλλὰ
1447 4476 1542 4529 καὶ⁹
1566 4475 1636 4529 τὰ
1656 4475 1804 4546 μετὰ
1822 4476 1996 4530 ταῦτα

2108 4474 2272 4528 etiam
2323 4486 2387 4526 ea
2441 4485 2657 4541 quoque
2686 4485 2806 4538 qua:
2841 4480 3031 4537 postea
3078 4479 3205 4522 sunt
3228 4476 3467 4521 ostensa.
3493 4464 3532 4516 E
3556 4460 3693 4516 mari

399 4566 709 4635 δειχθέντα.
751 4566 1085 4639 Ἐξενεχθεὶς
1135 4568 1247 4638 γὰρ
1290 4568 1391 4637 τῆς
1434 4567 1759 4637 θαλάσσηςὸ
1791 4560 2039 4638 νεκρὸς]

2056 4568 2067 4615 l
2095 4565 2238 4619 enim
2269 4571 2616 4633 exportatum
2645 4577 2868 4632 corpus,
2890 4569 3010 4615 erat
3038 4561 3252 4629 insigne
3268 4555 3592 4611 miraculum
3628 4553 3696 4625 iis

405 4655 599 4725 θαῦμα
636 4659 747 4722 τοῖς
794 4657 1092 4727 θεωμένοις
1142 4659 1383 4725 ἐξαίσιον
1409 4655 1477 4730 ἦν
1505 4672 1520 4686 ⁸
1546 4659 1688 4728 πλὴν
1723 4659 1816 4712 τοῦ
1852 4659 1995 4712 κατὰ

2096 4658 2187 4727 qui
2223 4646 2752 4726 contemplabantur,
2809 4662 2869 4707 ut
2924 4654 3065 4722 quod
3094 4660 3296 4721 praeter
3348 4649 3403 4704 id
3454 4647 3600 4718 quod
3637 4647 3692 4700 in

404 4750 509 4818 τὴν
556 4751 716 4819 χεῖρα
771 4751 998 4815 πάθους,
1028 4752 1101 4803 τά
1155 4750 1293 4804 ἄλλα
1338 4766 1402 4820 γε
1432 4750 1651 4822 ἀπαθὴς
1700 4751 1993 4820 διαμένων,

2100 4749 2235 4803 mari
2262 4749 2558 4811 acciderat,
2588 4747 2815 4799 illaesum
2839 4742 3045 4810 alioqui
3076 4748 3344 4801 maneret.
3366 4749 3420 4793 et
3448 4752 3548 4793 nec
3576 4753 3697 4791 ma-

409 4841 551 4910 μήτε
603 4841 704 4909 τῆς
760 4839 1041 4909 θαλάσσης
1098 4841 1193 4894 ἐπὶ
1250 4841 1522 4904 τοσαύτας
1569 4841 1733 4895 αὑτὸν
1784 4843 1997 4913 ἡμέρας

2099 4858 2159 4897 rc
2192 4851 2303 4894 tam
2348 4840 2532 4894 multis
2572 4838 2760 4892 diebus
2778 4835 2826 4889 ei
2856 4833 3154 4897 nocuisset,
3188 4846 3364 4898 neque
3396 4830 3487 4883 ulli
3517 4829 3696 4896 pisces

404 4930 831 5002 λωϐησαμένης,
874 4933 1013 5003 μήτε
1062 4933 1227 4986 τινῶν
1271 4933 1473 5004 ίχθύων
1529 4935 1996 5005 προσαψαμένων,

2102 4937 2155 4990 id
2182 4922 2508 5004 tetigissent,
2532 4944 2708 4999 neque
2757 4927 2898 4983 ullus
2928 4926 3107 4980 malus
3134 4924 3268 4979 odor
3297 4923 3446 4977 illinc
3480 4922 3697 4974 eudtte-

411 5025 548 5095 μήτε
577 5025 723 5089 τινὸς
761 5024 1034 5091 δυσώδους
1078 5025 1257 5098 ὀσμῆς
1309 5027 1521 5081 ἐκεῖθεν
1552 5029 1997 5099 ἁποςρερομένης,

2104 5039 2255 5083 retur
2295 5044 2310 5080 :
2367 5025 2503 5079 adeo
2533 5033 2592 5076 ut
2618 5033 2764 5077 esset
2818 5020 2968 5075 omni
3023 5034 3087 5072 ex
3125 5026 3279 5089 parte
3322 5013 3695 5080 manifestum,

409 5118 486 5181 ὡς
518 5120 857 5191 πανταχόθεν
907 5116 1050 5174 εἶναι
1085 5121 1256 5186 σαφὲς
1283 5122 1364 5176 ὅτι
1395 5123 1538 5175 θεῖον
1570 5123 1786 5193 ὑπῆρχε
1827 5122 1886 5174 τὸ
1909 5139 1999 5175 τε-

2103 5120 2273 5177 fuisse
2324 5118 2565 5173 divinmn
2625 5115 2676 5169 id
2726 5114 2869 5184 quod
2929 5113 3132 5167 factum
3190 5120 3292 5164 cst.
3344 5107 3529 5177 Neque
3568 5119 3700 5159 vero

411 5210 635 5279 λεσθὲν,
666 5214 763 5266 καὶ
800 5210 927 5266 οὔτε
975 5214 1037 5267 τὸ
1077 5213 1343 5284 πρότερον
1372 5214 1638 5284 ὀλιγωρία
1676 5216 1784 5267 τινὶ
1828 5214 2000 5279 Θεὸς,

2105 5218 2255 5285 prius
2305 5213 2489 5280 aliquo
2538 5217 2891 5276 contemptu,
2972 5220 3148 5273 neque
3204 5202 3347 5272 quod
3410 5214 3534 5253 eum
3592 5211 3697 5251 non

414 5303 529 5356 οὐδὲ
560 5305 657 5357 τοῦ
687 5304 920 5375 ἀμύνειν
954 5305 1250 5376 ἀδυναμίᾳ,
1275 5308 1404 5369 τοὺς
1436 5306 1793 5376 τηλικούτους
1822 5307 2004 5378 ἀφῆκε

2106 5314 2290 5377 posset
2359 5302 2695 5366 defendere,
2779 5301 2909 5355 sivit
2989 5299 3133 5354 Deus
3224 5305 3374 5354 tanta
3461 5292 3698 5364 pericula

410 5395 493 5467 τῷ
520 5397 760 5469 μάρτυρι
796 5399 1190 5470 συνενεχθῆναι
1227 5399 1508 5463 κινδύνους
1528 5443 1543 5467 ,
1572 5398 1697 5453 οὒτε
1728 5399 1822 5452 νῦν
1851 5400 2006 5454 εὐλο-

2107 5402 2258 5457 adire
2329 5410 2624 5467 martyrem
2676 5411 2691 5447 :
2751 5409 2927 5463 neque
2990 5407 3137 5447 nunc
3210 5391 3333 5445 sine
3395 5387 3699 5457 justissima

412 5491 674 5560 γωτάτης
701 5482 834 5547 ἄνευ
885 5493 1069 5555 αἰτίας
1125 5492 1310 5545 εἴασεν
1338 5493 1488 5563 αύτῷ
1536 5491 1861 5563 διαξυγῆναι
1906 5493 2007 5563 τὴν

2108 5508 2273 5548 causa
2323 5491 2451 5547 sivit
2503 5490 2553 5544 ei
2632 5487 2866 5559 disjungi
2944 5501 3165 5540 manum
3232 5497 3262 5537 a
3317 5482 3525 5550 reliquo
3581 5492 3702 5532 coro

414 5580 578 5647 χεῖρα
613 5579 709 5632 τοῦ
739 5579 934 5634 λοιποῦ
970 5582 1248 5652 σώματος,
1278 5582 1308 5636 ὃ
1339 5599 1404 5652 γε
1439 5581 1712 5652 τοσαύτην
1740 5583 1829 5636 ἐπ’
1859 5581 2009 5652 αὐτῷ

2111 5600 2242 5654 pore
2296 5584 2345 5639 is
2387 5583 2479 5653 qui
2528 5583 2580 5637 in
2644 5596 2711 5636 eo
2770 5589 2876 5633 tam
2923 5579 3091 5633 multa
3142 5575 3352 5631 fecerat
3408 5570 3698 5629 miracula.

416 5670 872 5744 θαυματουργίαν
915 5673 1380 5745 ὲκτελεσάμενοςθ
1416 5674 1554 5728 άλλά
1609 5672 1914 5745 τηνικαῦτά
1950 5691 2009 5726 τε

2114 5665 2222 5730 Sed
2267 5685 2324 5729 et
2394 5686 2522 5729 tunc
2570 5672 2880 5727 universam
2918 5677 3217 5724 ornaturus
3250 5664 3367 5734 ejus
3414 5664 3696 5743 virtutem,

416 5762 520 5832 τὴν
550 5764 779 5820 ἃπασαν
837 5766 1005 5821 αὐτοῦ
1043 5769 1270 5840 κοσμῶν
1324 5766 1528 5838 ἀρετὴν
1583 5768 1663 5831 είς
1723 5766 2011 5821 κοινωνίαν

2115 5768 2323 5824 vocavit
2374 5766 2549 5837 ipsum
2607 5765 2673 5818 ad
2702 5757 3026 5820 societatem
3066 5758 3386 5831 passionum
3416 5754 3501 5812 sui
3547 5751 3698 5817 Filii,

420 5861 584 5920 αὐτον
611 5864 841 5920 ἐκάλεσε
872 5864 981 5921 τῶν
1008 5864 1103 5921 τοῦ
1137 5866 1329 5933 παιδὸς
1378 5862 1574 5920 ἑαυτοῦ
1626 5860 1971 5933 παθημάτων
1991 5879 2005 5897 ·
2030 5884 2044 5896 -

2118 5861 2381 5934 optimam
2416 5868 2473 5916 ct
2508 5856 2872 5926 iustissimam
2901 5855 2951 5912 ei
2982 5855 3231 5925 praebens
3259 5850 3597 5908 occasionem
3631 5847 3699 5902 ad
