  <div class='ocr_page' id='page_1' title='image "/cluster/home/n/w/nwhite01/storage/ocr_20150623/114:no.1/coo.31924054870187/215.png"; bbox 0 0 4152 6412; ppageno 0'>
   <div class='ocr_carea' id='block_1_1' title="bbox 484 372 595 441">
    <p class='ocr_par' dir='ltr' id='par_1_1' title="bbox 484 372 595 441">
     <span class='ocr_line' id='line_1_1' title="bbox 484 372 595 441; baseline 0 0"><span class='ocrx_word' id='word_1_1' title='bbox 484 372 595 441; x_wconf 69' lang='grc'><strong>415</strong></span> 
     </span>
    </p>
   </div>
   <div class='ocr_carea' id='block_1_2' title="bbox 1660 372 2534 439">
    <p class='ocr_par' dir='ltr' id='par_1_2' title="bbox 1660 372 2534 439">
     <span class='ocr_line' id='line_1_2' title="bbox 1660 372 2534 439; baseline 0.003 -4"><span class='ocrx_word' id='word_1_2' title='bbox 1660 372 1947 437; x_wconf 79' lang='lat' dir='ltr'><strong>MENSIS</strong></span> <span class='ocrx_word' id='word_1_3' title='bbox 1999 372 2467 439; x_wconf 69' lang='lat' dir='ltr'><strong>JANUARIUS.</strong></span> <span class='ocrx_word' id='word_1_4' title='bbox 2529 376 2534 381; x_wconf 77' lang='grc'><strong>’</strong></span> 
     </span>
    </p>
   </div>
   <div class='ocr_carea' id='block_1_3' title="bbox 3661 375 3772 445">
    <p class='ocr_par' dir='ltr' id='par_1_3' title="bbox 3661 375 3772 445">
     <span class='ocr_line' id='line_1_3' title="bbox 3661 375 3772 445; baseline 0.054 -6"><span class='ocrx_word' id='word_1_5' title='bbox 3661 375 3772 445; x_wconf 74' lang='grc' dir='ltr'>ιίθ</span> 
     </span>
    </p>
   </div>
   <div class='ocr_carea' id='block_1_4' title="bbox 489 482 2095 562">
    <p class='ocr_par' dir='ltr' id='par_1_4' title="bbox 489 483 2073 557">
     <span class='ocr_line' id='line_1_4' title="bbox 489 483 2073 557; baseline -0.002 -13"><span class='ocrx_word' id='word_1_6' title='bbox 489 490 596 545; x_wconf 89' lang='lat' dir='ltr'><strong>hoc</strong></span> <span class='ocrx_word' id='word_1_7' title='bbox 646 498 706 543; x_wconf 89' lang='lat' dir='ltr'><strong>ut</strong></span> <span class='ocrx_word' id='word_1_8' title='bbox 762 487 941 557; x_wconf 87' lang='lat' dir='ltr'><strong>ipsum</strong></span> <span class='ocrx_word' id='word_1_9' title='bbox 1003 499 1223 557; x_wconf 83' lang='lat' dir='ltr'><strong>quoque</strong></span> <span class='ocrx_word' id='word_1_10' title='bbox 1253 484 1402 542; x_wconf 91' lang='lat' dir='ltr'><strong>illius</strong></span> <span class='ocrx_word' id='word_1_11' title='bbox 1427 483 1739 557; x_wconf 84' lang='lat' dir='ltr'><strong>impertiret</strong></span> <span class='ocrx_word' id='word_1_12' title='bbox 1770 485 1964 557; x_wconf 99' lang='lat' dir='ltr'><strong>gloria.</strong></span> <span class='ocrx_word' id='word_1_13' title='bbox 2005 484 2073 541; x_wconf 87' lang='lat' dir='ltr'><strong>Et</strong></span> 
     </span>
    </p>
   </div>
   <div class='ocr_carea' id='block_1_5' title="bbox 2196 482 3773 562">
    <p class='ocr_par' dir='ltr' id='par_1_5' title="bbox 2196 482 3773 562">
     <span class='ocr_line' id='line_1_5' title="bbox 2196 482 3773 562; baseline 0.001 -20"><span class='ocrx_word' id='word_1_14' title='bbox 2196 489 2413 562; x_wconf 64' lang='grc' dir='ltr'>ἰρίστην</span> <span class='ocrx_word' id='word_1_15' title='bbox 2446 484 2596 558; x_wconf 81' lang='grc' dir='ltr'>αὐτῷ</span> <span class='ocrx_word' id='word_1_16' title='bbox 2630 484 2910 557; x_wconf 79' lang='grc' dir='ltr'>πρόφασιν</span> <span class='ocrx_word' id='word_1_17' title='bbox 2940 482 3242 558; x_wconf 79' lang='grc' dir='ltr'>παρασχὼν</span> <span class='ocrx_word' id='word_1_18' title='bbox 3274 483 3371 540; x_wconf 70' lang='grc' dir='ltr'><strong>καὶ</strong></span> <span class='ocrx_word' id='word_1_19' title='bbox 3394 485 3773 560; x_wconf 72' lang='grc' dir='ltr'>δικαιοτάτην.</span> 
     </span>
    </p>
   </div>
   <div class='ocr_carea' id='block_1_6' title="bbox 491 577 2075 650">
    <p class='ocr_par' dir='ltr' id='par_1_6' title="bbox 491 577 2075 650">
     <span class='ocr_line' id='line_1_6' title="bbox 491 577 2075 650; baseline -0.001 -15"><span class='ocrx_word' id='word_1_20' title='bbox 491 582 608 635; x_wconf 70' lang='lat' dir='ltr'><strong>haec</strong></span> <span class='ocrx_word' id='word_1_21' title='bbox 637 588 721 635; x_wconf 80' lang='lat' dir='ltr'><strong>est</strong></span> <span class='ocrx_word' id='word_1_22' title='bbox 750 578 883 634; x_wconf 90' lang='lat' dir='ltr'><strong>mihi</strong></span> <span class='ocrx_word' id='word_1_23' title='bbox 915 579 1225 635; x_wconf 80' lang='lat' dir='ltr'><strong>communis</strong></span> <span class='ocrx_word' id='word_1_24' title='bbox 1253 578 1393 634; x_wconf 95' lang='lat' dir='ltr'><strong>ratio</strong></span> <span class='ocrx_word' id='word_1_25' title='bbox 1422 577 1477 633; x_wconf 93' lang='lat' dir='ltr'><strong>in</strong></span> <span class='ocrx_word' id='word_1_26' title='bbox 1533 578 1789 639; x_wconf 87' lang='lat' dir='ltr'><strong>omnibus</strong></span> <span class='ocrx_word' id='word_1_27' title='bbox 1821 579 2075 650; x_wconf 86' lang='lat' dir='ltr'><strong>martyri-</strong></span> 
     </span>
    </p>
   </div>
   <div class='ocr_carea' id='block_1_7' title="bbox 492 669 2079 739">
    <p class='ocr_par' dir='ltr' id='par_1_7' title="bbox 492 669 2079 739">
     <span class='ocr_line' id='line_1_7' title="bbox 492 669 2079 739; baseline -0.001 -11"><span class='ocrx_word' id='word_1_28' title='bbox 492 673 616 739; x_wconf 88' lang='lat' dir='ltr'><strong>bus,</strong></span> <span class='ocrx_word' id='word_1_29' title='bbox 662 672 713 726; x_wconf 92' lang='lat' dir='ltr'><strong>id</strong></span> <span class='ocrx_word' id='word_1_30' title='bbox 752 670 858 738; x_wconf 79' lang='lat' dir='ltr'><strong>est,</strong></span> <span class='ocrx_word' id='word_1_31' title='bbox 894 671 1127 727; x_wconf 79' lang='lat' dir='ltr'><strong>testibus</strong></span> <span class='ocrx_word' id='word_1_32' title='bbox 1174 670 1441 726; x_wconf 79' lang='lat' dir='ltr'><strong>veritatis.</strong></span> <span class='ocrx_word' id='word_1_33' title='bbox 1486 669 1645 726; x_wconf 87' lang='lat' dir='ltr'><strong>Nunc</strong></span> <span class='ocrx_word' id='word_1_34' title='bbox 1675 681 1855 726; x_wconf 86' lang='lat' dir='ltr'><strong>autem</strong></span> <span class='ocrx_word' id='word_1_35' title='bbox 1891 670 2079 726; x_wconf 82' lang='lat' dir='ltr'><strong>volens</strong></span> 
     </span>
    </p>
   </div>
   <div class='ocr_carea' id='block_1_8' title="bbox 493 761 2080 834">
    <p class='ocr_par' dir='ltr' id='par_1_8' title="bbox 493 761 2080 834">
     <span class='ocr_line' id='line_1_8' title="bbox 493 761 2080 834; baseline -0.004 -15"><span class='ocrx_word' id='word_1_36' title='bbox 493 764 816 820; x_wconf 79' lang='lat' dir='ltr'><strong>confirmare</strong></span> <span class='ocrx_word' id='word_1_37' title='bbox 843 764 1108 829; x_wconf 89' lang='lat' dir='ltr'><strong>studium,</strong></span> <span class='ocrx_word' id='word_1_38' title='bbox 1145 763 1289 834; x_wconf 91' lang='lat' dir='ltr'><strong>quod</strong></span> <span class='ocrx_word' id='word_1_39' title='bbox 1344 762 1575 819; x_wconf 83' lang='lat' dir='ltr'><strong>contulit</strong></span> <span class='ocrx_word' id='word_1_40' title='bbox 1610 763 1662 817; x_wconf 91' lang='lat' dir='ltr'><strong>in</strong></span> <span class='ocrx_word' id='word_1_41' title='bbox 1710 776 1898 818; x_wconf 87' lang='lat' dir='ltr'><strong>sacras</strong></span> <span class='ocrx_word' id='word_1_42' title='bbox 1930 761 2080 816; x_wconf 89' lang='lat' dir='ltr'><strong>Sori-</strong></span> 
     </span>
    </p>
   </div>
   <div class='ocr_carea' id='block_1_9' title="bbox 491 854 2080 928">
    <p class='ocr_par' dir='ltr' id='par_1_9' title="bbox 491 854 2080 928">
     <span class='ocr_line' id='line_1_9' title="bbox 491 854 2080 928; baseline -0.003 -18"><span class='ocrx_word' id='word_1_43' title='bbox 491 867 710 928; x_wconf 88' lang='lat' dir='ltr'><strong>pturas,</strong></span> <span class='ocrx_word' id='word_1_44' title='bbox 741 871 866 912; x_wconf 90' lang='lat' dir='ltr'><strong>esse</strong></span> <span class='ocrx_word' id='word_1_45' title='bbox 898 872 1036 926; x_wconf 91' lang='lat' dir='ltr'><strong>opus</strong></span> <span class='ocrx_word' id='word_1_46' title='bbox 1065 855 1281 926; x_wconf 79' lang='lat' dir='ltr'><strong>plurimi</strong></span> <span class='ocrx_word' id='word_1_47' title='bbox 1322 854 1656 920; x_wconf 82' lang='lat' dir='ltr'><strong>faciendum,</strong></span> <span class='ocrx_word' id='word_1_48' title='bbox 1683 869 1926 918; x_wconf 88' lang='lat' dir='ltr'><strong>manum,</strong></span> <span class='ocrx_word' id='word_1_49' title='bbox 1958 866 2080 924; x_wconf 66' lang='lat' dir='ltr'><strong>qua:</strong></span> 
     </span>
    </p>
   </div>
   <div class='ocr_carea' id='block_1_10' title="bbox 492 939 2079 1015">
    <p class='ocr_par' dir='ltr' id='par_1_10' title="bbox 492 939 2079 1015">
     <span class='ocr_line' id='line_1_10' title="bbox 492 939 2079 1015; baseline -0.004 -15"><span class='ocrx_word' id='word_1_50' title='bbox 492 946 543 1000; x_wconf 87' lang='lat' dir='ltr'><strong>ei</strong></span> <span class='ocrx_word' id='word_1_51' title='bbox 571 945 791 1015; x_wconf 88' lang='lat' dir='ltr'><strong>proprie</strong></span> <span class='ocrx_word' id='word_1_52' title='bbox 816 944 870 998; x_wconf 93' lang='lat' dir='ltr'><strong>in</strong></span> <span class='ocrx_word' id='word_1_53' title='bbox 907 945 1009 999; x_wconf 91' lang='lat' dir='ltr'><strong>hac</strong></span> <span class='ocrx_word' id='word_1_54' title='bbox 1036 959 1098 999; x_wconf 89' lang='lat' dir='ltr'><strong>re</strong></span> <span class='ocrx_word' id='word_1_55' title='bbox 1134 943 1407 1009; x_wconf 81' lang='lat' dir='ltr'><strong>inserviit,</strong></span> <span class='ocrx_word' id='word_1_56' title='bbox 1449 943 1621 998; x_wconf 75' lang='lat' dir='ltr'><strong>voluit</strong></span> <span class='ocrx_word' id='word_1_57' title='bbox 1648 942 1812 998; x_wconf 92' lang='lat' dir='ltr'><strong>etiam</strong></span> <span class='ocrx_word' id='word_1_58' title='bbox 1845 939 2079 1010; x_wconf 86' lang='lat' dir='ltr'><strong>propriis</strong></span> 
     </span>
    </p>
   </div>
   <div class='ocr_carea' id='block_1_11' title="bbox 493 1033 2074 1105">
    <p class='ocr_par' dir='ltr' id='par_1_11' title="bbox 493 1033 2074 1105">
     <span class='ocr_line' id='line_1_11' title="bbox 493 1033 2074 1105; baseline -0.004 -13"><span class='ocrx_word' id='word_1_59' title='bbox 493 1038 768 1093; x_wconf 90' lang='lat' dir='ltr'><strong>honorare</strong></span> <span class='ocrx_word' id='word_1_60' title='bbox 789 1035 1163 1105; x_wconf 88' lang='lat' dir='ltr'><strong>passionibus,</strong></span> <span class='ocrx_word' id='word_1_61' title='bbox 1199 1036 1471 1104; x_wconf 88' lang='lat' dir='ltr'><strong>quomodo</strong></span> <span class='ocrx_word' id='word_1_62' title='bbox 1497 1034 1687 1099; x_wconf 88' lang='lat' dir='ltr'><strong>etiam,</strong></span> <span class='ocrx_word' id='word_1_63' title='bbox 1721 1043 1781 1088; x_wconf 94' lang='lat' dir='ltr'><strong>ut</strong></span> <span class='ocrx_word' id='word_1_64' title='bbox 1820 1033 2074 1098; x_wconf 84' lang='lat' dir='ltr'><strong>arbitror,</strong></span> 
     </span>
    </p>
   </div>
   <div class='ocr_carea' id='block_1_12' title="bbox 494 1125 2079 1199">
    <p class='ocr_par' dir='ltr' id='par_1_12' title="bbox 494 1125 2079 1199">
     <span class='ocr_line' id='line_1_12' title="bbox 494 1125 2079 1199; baseline -0.005 -12"><span class='ocrx_word' id='word_1_65' title='bbox 494 1131 674 1187; x_wconf 81' lang='lat' dir='ltr'><strong>solent</strong></span> <span class='ocrx_word' id='word_1_66' title='bbox 707 1139 1051 1199; x_wconf 80' lang='lat' dir='ltr'><strong>spectatores</strong></span> <span class='ocrx_word' id='word_1_67' title='bbox 1101 1130 1266 1187; x_wconf 87' lang='lat' dir='ltr'><strong>sertis</strong></span> <span class='ocrx_word' id='word_1_68' title='bbox 1295 1129 1553 1186; x_wconf 88' lang='lat' dir='ltr'><strong>redimire</strong></span> <span class='ocrx_word' id='word_1_69' title='bbox 1590 1128 1814 1183; x_wconf 87' lang='lat' dir='ltr'><strong>brachia</strong></span> <span class='ocrx_word' id='word_1_70' title='bbox 1843 1125 2079 1181; x_wconf 84' lang='lat' dir='ltr'><strong>athleta-</strong></span> 
     </span>
    </p>
   </div>
   <div class='ocr_carea' id='block_1_13' title="bbox 493 1217 2076 1291">
    <p class='ocr_par' dir='ltr' id='par_1_13' title="bbox 493 1217 2076 1291">
     <span class='ocr_line' id='line_1_13' title="bbox 493 1217 2076 1291; baseline -0.002 -17"><span class='ocrx_word' id='word_1_71' title='bbox 493 1234 637 1274; x_wconf 89' lang='lat' dir='ltr'><strong>rum.</strong></span> <span class='ocrx_word' id='word_1_72' title='bbox 681 1220 836 1286; x_wconf 83' lang='lat' dir='ltr'><strong>Quod</strong></span> <span class='ocrx_word' id='word_1_73' title='bbox 866 1220 913 1275; x_wconf 89' lang='lat' dir='ltr'><strong>si</strong></span> <span class='ocrx_word' id='word_1_74' title='bbox 962 1219 1086 1291; x_wconf 89' lang='lat' dir='ltr'><strong>quis</strong></span> <span class='ocrx_word' id='word_1_75' title='bbox 1131 1219 1294 1274; x_wconf 88' lang='lat' dir='ltr'><strong>etiam</strong></span> <span class='ocrx_word' id='word_1_76' title='bbox 1346 1217 1640 1277; x_wconf 88' lang='lat' dir='ltr'><strong>crediderit</strong></span> <span class='ocrx_word' id='word_1_77' title='bbox 1679 1232 1798 1273; x_wconf 85' lang='lat' dir='ltr'><strong>eam</strong></span> <span class='ocrx_word' id='word_1_78' title='bbox 1851 1218 1904 1271; x_wconf 92' lang='lat' dir='ltr'><strong>in</strong></span> <span class='ocrx_word' id='word_1_79' title='bbox 1940 1217 2076 1271; x_wconf 89' lang='lat' dir='ltr'><strong>mari</strong></span> 
     </span>
    </p>
   </div>
   <div class='ocr_carea' id='block_1_14' title="bbox 484 1305 2077 1377">
    <p class='ocr_par' dir='ltr' id='par_1_14' title="bbox 484 1305 2077 1377">
     <span class='ocr_line' id='line_1_14' title="bbox 484 1305 2077 1377; baseline -0.001 -14"><span class='ocrx_word' id='word_1_80' title='bbox 484 1310 785 1377; x_wconf 75' lang='lat' dir='ltr'><strong>mansisse,</strong></span> <span class='ocrx_word' id='word_1_81' title='bbox 811 1309 862 1364; x_wconf 88' lang='lat' dir='ltr'><strong>ei</strong></span> <span class='ocrx_word' id='word_1_82' title='bbox 897 1309 1024 1365; x_wconf 91' lang='lat' dir='ltr'><strong>licet</strong></span> <span class='ocrx_word' id='word_1_83' title='bbox 1049 1316 1104 1363; x_wconf 91' lang='lat' dir='ltr'><strong>et</strong></span> <span class='ocrx_word' id='word_1_84' title='bbox 1135 1309 1252 1364; x_wconf 56' lang='lat' dir='ltr'><strong>hac</strong></span> <span class='ocrx_word' id='word_1_85' title='bbox 1275 1307 1648 1371; x_wconf 85' lang='lat' dir='ltr'><strong>considerare,</strong></span> <span class='ocrx_word' id='word_1_86' title='bbox 1684 1314 1740 1363; x_wconf 90' lang='lat' dir='ltr'><strong>et</strong></span> <span class='ocrx_word' id='word_1_87' title='bbox 1766 1306 1908 1375; x_wconf 93' lang='lat' dir='ltr'><strong>quod</strong></span> <span class='ocrx_word' id='word_1_88' title='bbox 1937 1305 2077 1362; x_wconf 92' lang='lat' dir='ltr'><strong>Deus</strong></span> 
     </span>
    </p>
   </div>
   <div class='ocr_carea' id='block_1_15' title="bbox 495 1396 2076 1467">
    <p class='ocr_par' dir='ltr' id='par_1_15' title="bbox 495 1396 2076 1467">
     <span class='ocr_line' id='line_1_15' title="bbox 495 1396 2076 1467; baseline -0.003 -13"><span class='ocrx_word' id='word_1_89' title='bbox 495 1399 778 1454; x_wconf 81' lang='lat' dir='ltr'><strong>miraculis</strong></span> <span class='ocrx_word' id='word_1_90' title='bbox 804 1412 948 1467; x_wconf 80' lang='lat' dir='ltr'><strong>sarpe</strong></span> <span class='ocrx_word' id='word_1_91' title='bbox 973 1398 1145 1463; x_wconf 14' lang='lat' dir='ltr'><strong>etiam,</strong></span> <span class='ocrx_word' id='word_1_92' title='bbox 1189 1397 1455 1451; x_wconf 80' lang='lat' dir='ltr'><strong>admiscet</strong></span> <span class='ocrx_word' id='word_1_93' title='bbox 1484 1410 1547 1451; x_wconf 88' lang='lat' dir='ltr'><strong>ea</strong></span> <span class='ocrx_word' id='word_1_94' title='bbox 1570 1410 1693 1466; x_wconf 64' lang='lat' dir='ltr'><strong>quae</strong></span> <span class='ocrx_word' id='word_1_95' title='bbox 1718 1396 2019 1467; x_wconf 88' lang='lat' dir='ltr'><strong>procedunt</strong></span> <span class='ocrx_word' id='word_1_96' title='bbox 2045 1409 2076 1450; x_wconf 87' lang='lat' dir='ltr'><strong>a</strong></span> 
     </span>
    </p>
   </div>
   <div class='ocr_carea' id='block_1_16' title="bbox 496 1485 2082 1556">
    <p class='ocr_par' dir='ltr' id='par_1_16' title="bbox 496 1485 2082 1556">
     <span class='ocr_line' id='line_1_16' title="bbox 496 1485 2082 1556; baseline -0.002 -12"><span class='ocrx_word' id='word_1_97' title='bbox 496 1495 716 1554; x_wconf 87' lang='lat' dir='ltr'><strong>natura,</strong></span> <span class='ocrx_word' id='word_1_98' title='bbox 752 1495 813 1541; x_wconf 90' lang='lat' dir='ltr'><strong>ut</strong></span> <span class='ocrx_word' id='word_1_99' title='bbox 837 1501 937 1556; x_wconf 90' lang='lat' dir='ltr'><strong>per</strong></span> <span class='ocrx_word' id='word_1_100' title='bbox 987 1486 1073 1542; x_wconf 89' lang='lat' dir='ltr'><strong>illa</strong></span> <span class='ocrx_word' id='word_1_101' title='bbox 1105 1486 1323 1551; x_wconf 76' lang='lat' dir='ltr'><strong>quidem</strong></span> <span class='ocrx_word' id='word_1_102' title='bbox 1369 1485 1693 1541; x_wconf 84' lang='lat' dir='ltr'><strong>ostendatur</strong></span> <span class='ocrx_word' id='word_1_103' title='bbox 1725 1485 1898 1541; x_wconf 82' lang='lat' dir='ltr'><strong>virtus</strong></span> <span class='ocrx_word' id='word_1_104' title='bbox 1948 1485 2082 1541; x_wconf 84' lang='lat' dir='ltr'><strong>eﬂ‘e-</strong></span> 
     </span>
    </p>
   </div>
   <div class='ocr_carea' id='block_1_17' title="bbox 490 1573 2076 1645">
    <p class='ocr_par' dir='ltr' id='par_1_17' title="bbox 490 1573 2076 1645">
     <span class='ocr_line' id='line_1_17' title="bbox 490 1573 2076 1645; baseline 0.001 -16"><span class='ocrx_word' id='word_1_105' title='bbox 490 1576 639 1630; x_wconf 80' lang='lat' dir='ltr'><strong>ctrix</strong></span> <span class='ocrx_word' id='word_1_106' title='bbox 681 1573 1091 1639; x_wconf 86' lang='lat' dir='ltr'><strong>miraculorum,</strong></span> <span class='ocrx_word' id='word_1_107' title='bbox 1141 1588 1237 1644; x_wconf 87' lang='lat' dir='ltr'><strong>per</strong></span> <span class='ocrx_word' id='word_1_108' title='bbox 1287 1576 1405 1629; x_wconf 80' lang='lat' dir='ltr'><strong>haec</strong></span> <span class='ocrx_word' id='word_1_109' title='bbox 1450 1582 1632 1629; x_wconf 89' lang='lat' dir='ltr'><strong>autem</strong></span> <span class='ocrx_word' id='word_1_110' title='bbox 1675 1574 1808 1631; x_wconf 81' lang='lat' dir='ltr'><strong>ﬁdes</strong></span> <span class='ocrx_word' id='word_1_111' title='bbox 1860 1589 2076 1645; x_wconf 91' lang='lat' dir='ltr'><strong>quoque</strong></span> 
     </span>
    </p>
   </div>
   <div class='ocr_carea' id='block_1_18' title="bbox 496 1666 2077 1738">
    <p class='ocr_par' dir='ltr' id='par_1_18' title="bbox 496 1666 2077 1738">
     <span class='ocr_line' id='line_1_18' title="bbox 496 1666 2077 1738; baseline 0.001 -17"><span class='ocrx_word' id='word_1_112' title='bbox 496 1667 764 1721; x_wconf 81' lang='lat' dir='ltr'><strong>habeatur</strong></span> <span class='ocrx_word' id='word_1_113' title='bbox 791 1676 1022 1721; x_wconf 69' lang='lat' dir='ltr'><strong>naturae.</strong></span> <span class='ocrx_word' id='word_1_114' title='bbox 1050 1666 1156 1721; x_wconf 89' lang='lat' dir='ltr'><strong>Sed</strong></span> <span class='ocrx_word' id='word_1_115' title='bbox 1184 1667 1300 1722; x_wconf 64' lang='lat' dir='ltr'><strong>hate</strong></span> <span class='ocrx_word' id='word_1_116' title='bbox 1319 1666 1559 1736; x_wconf 90' lang='lat' dir='ltr'><strong>quidem,</strong></span> <span class='ocrx_word' id='word_1_117' title='bbox 1588 1676 1645 1722; x_wconf 90' lang='lat' dir='ltr'><strong>et</strong></span> <span class='ocrx_word' id='word_1_118' title='bbox 1675 1675 1899 1737; x_wconf 88' lang='lat' dir='ltr'><strong>propter</strong></span> <span class='ocrx_word' id='word_1_119' title='bbox 1916 1681 2077 1738; x_wconf 86' lang='lat' dir='ltr'><strong>quam</strong></span> 
     </span>
    </p>
   </div>
   <div class='ocr_carea' id='block_1_19' title="bbox 493 1759 2075 1829">
    <p class='ocr_par' dir='ltr' id='par_1_19' title="bbox 493 1759 2075 1829">
     <span class='ocr_line' id='line_1_19' title="bbox 493 1759 2075 1829; baseline -0.002 -15"><span class='ocrx_word' id='word_1_120' title='bbox 493 1774 719 1814; x_wconf 82' lang='lat' dir='ltr'><strong>causam</strong></span> <span class='ocrx_word' id='word_1_121' title='bbox 791 1759 1219 1829; x_wconf 84' lang='lat' dir='ltr'><strong>unumquodque</strong></span> <span class='ocrx_word' id='word_1_122' title='bbox 1292 1759 1599 1827; x_wconf 86' lang='lat' dir='ltr'><strong>contingit,</strong></span> <span class='ocrx_word' id='word_1_123' title='bbox 1669 1773 1807 1828; x_wconf 88' lang='lat' dir='ltr'><strong>pure</strong></span> <span class='ocrx_word' id='word_1_124' title='bbox 1857 1759 2075 1814; x_wconf 88' lang='lat' dir='ltr'><strong>demum</strong></span> 
     </span>
    </p>
   </div>
   <div class='ocr_carea' id='block_1_20' title="bbox 2180 576 3779 650">
    <p class='ocr_par' dir='ltr' id='par_1_20' title="bbox 2180 576 3779 650">
     <span class='ocr_line' id='line_1_20' title="bbox 2180 576 3779 650; baseline 0.001 -17"><span class='ocrx_word' id='word_1_125' title='bbox 2180 580 2262 643; x_wconf 86' lang='grc' dir='ltr'><strong>είς</strong></span> <span class='ocrx_word' id='word_1_126' title='bbox 2285 580 2348 633; x_wconf 85' lang='grc' dir='ltr'><strong>τδ</strong></span> <span class='ocrx_word' id='word_1_127' title='bbox 2377 579 2473 633; x_wconf 78' lang='grc' dir='ltr'>καὶ</span> <span class='ocrx_word' id='word_1_128' title='bbox 2503 578 2606 650; x_wconf 79' lang='grc' dir='ltr'>τῆς</span> <span class='ocrx_word' id='word_1_129' title='bbox 2652 576 2816 649; x_wconf 76' lang='grc' dir='ltr'>δόξης</span> <span class='ocrx_word' id='word_1_130' title='bbox 2868 576 3034 632; x_wconf 81' lang='grc' dir='ltr'>αὑτὸν</span> <span class='ocrx_word' id='word_1_131' title='bbox 3065 576 3169 646; x_wconf 83' lang='grc' dir='ltr'>τῆς</span> <span class='ocrx_word' id='word_1_132' title='bbox 3199 576 3413 632; x_wconf 71' lang='grc' dir='ltr'>ἐκείνου</span> <span class='ocrx_word' id='word_1_133' title='bbox 3440 581 3779 650; x_wconf 83' lang='grc' dir='ltr'>ποιήσασθαι</span> 
     </span>
    </p>
   </div>
   <div class='ocr_carea' id='block_1_21' title="bbox 2180 663 3782 740">
    <p class='ocr_par' dir='ltr' id='par_1_21' title="bbox 2180 663 3782 740">
     <span class='ocr_line' id='line_1_21' title="bbox 2180 663 3782 740; baseline 0.001 -14"><span class='ocrx_word' id='word_1_134' title='bbox 2180 671 2459 727; x_wconf 64' lang='grc' dir='ltr'>κωνωνῦν.</span> <span class='ocrx_word' id='word_1_135' title='bbox 2493 669 2605 724; x_wconf 74' lang='grc' dir='ltr'><strong>Καὶ</strong></span> <span class='ocrx_word' id='word_1_136' title='bbox 2638 663 2795 734; x_wconf 66' lang='grc' dir='ltr'>οὗτός</span> <span class='ocrx_word' id='word_1_137' title='bbox 2840 685 2931 740; x_wconf 90' lang='grc' dir='ltr'><strong>μοι</strong></span> <span class='ocrx_word' id='word_1_138' title='bbox 2960 668 3140 732; x_wconf 83' lang='grc' dir='ltr'>κοινός</span> <span class='ocrx_word' id='word_1_139' title='bbox 3191 668 3310 722; x_wconf 73' lang='grc' dir='ltr'>ἐστι</span> <span class='ocrx_word' id='word_1_140' title='bbox 3359 670 3504 723; x_wconf 83' lang='grc' dir='ltr'>κατὰ</span> <span class='ocrx_word' id='word_1_141' title='bbox 3553 671 3782 727; x_wconf 53' lang='grc' dir='ltr'>πάντων.</span> 
     </span>
    </p>
   </div>
   <div class='ocr_carea' id='block_1_22' title="bbox 2179 760 3773 835">
    <p class='ocr_par' dir='ltr' id='par_1_22' title="bbox 2179 760 3773 835">
     <span class='ocr_line' id='line_1_22' title="bbox 2179 760 3773 835; baseline 0 -19"><span class='ocrx_word' id='word_1_142' title='bbox 2179 765 2292 831; x_wconf 86' lang='grc' dir='ltr'>τῶν</span> <span class='ocrx_word' id='word_1_143' title='bbox 2318 764 2419 834; x_wconf 79' lang='grc' dir='ltr'>τῆς</span> <span class='ocrx_word' id='word_1_144' title='bbox 2461 762 2723 833; x_wconf 78' lang='grc' dir='ltr'><strong>ἀληθείας</strong></span> <span class='ocrx_word' id='word_1_145' title='bbox 2749 761 3050 833; x_wconf 79' lang='grc' dir='ltr'>μαρτύρων</span> <span class='ocrx_word' id='word_1_146' title='bbox 3079 761 3108 813; x_wconf 85' lang='grc' dir='ltr'><strong>ὁ</strong></span> <span class='ocrx_word' id='word_1_147' title='bbox 3136 760 3315 828; x_wconf 87' lang='grc' dir='ltr'>λόγος.</span> <span class='ocrx_word' id='word_1_148' title='bbox 3340 760 3459 815; x_wconf 60' lang='lat' dir='ltr'><strong>Nov</strong></span> <span class='ocrx_word' id='word_1_149' title='bbox 3484 762 3542 816; x_wconf 79' lang='grc' dir='ltr'>δὲ</span> <span class='ocrx_word' id='word_1_150' title='bbox 3584 763 3773 835; x_wconf 86' lang='grc' dir='ltr'>κυρῶ-</span> 
     </span>
    </p>
   </div>
   <div class='ocr_carea' id='block_1_23' title="bbox 2182 850 3777 925">
    <p class='ocr_par' dir='ltr' id='par_1_23' title="bbox 2182 850 3777 925">
     <span class='ocr_line' id='line_1_23' title="bbox 2182 850 3777 925; baseline 0 -17"><span class='ocrx_word' id='word_1_151' title='bbox 2182 872 2273 909; x_wconf 96' lang='grc' dir='ltr'><strong>σαι</strong></span> <span class='ocrx_word' id='word_1_152' title='bbox 2295 854 2624 925; x_wconf 76' lang='grc' dir='ltr'>βουλόμενος</span> <span class='ocrx_word' id='word_1_153' title='bbox 2654 852 2732 924; x_wconf 85' lang='grc' dir='ltr'><strong>τῷ</strong></span> <span class='ocrx_word' id='word_1_154' title='bbox 2763 852 2920 924; x_wconf 72' lang='grc' dir='ltr'>ἀνδρὶ</span> <span class='ocrx_word' id='word_1_155' title='bbox 2960 850 3061 922; x_wconf 79' lang='grc' dir='ltr'>τὴν</span> <span class='ocrx_word' id='word_1_156' title='bbox 3086 853 3145 904; x_wconf 79' lang='grc' dir='ltr'>ἐν</span> <span class='ocrx_word' id='word_1_157' title='bbox 3173 854 3293 914; x_wconf 83' lang='grc' dir='ltr'>ταῖς</span> <span class='ocrx_word' id='word_1_158' title='bbox 3324 851 3496 923; x_wconf 81' lang='grc' dir='ltr'><strong>ἱεραῖς</strong></span> <span class='ocrx_word' id='word_1_159' title='bbox 3526 852 3777 922; x_wconf 81' lang='grc' dir='ltr'>Γραφαῐς</span> 
     </span>
    </p>
   </div>
   <div class='ocr_carea' id='block_1_24' title="bbox 2179 939 3777 1015">
    <p class='ocr_par' dir='ltr' id='par_1_24' title="bbox 2179 939 3777 1015">
     <span class='ocr_line' id='line_1_24' title="bbox 2179 939 3777 1015; baseline -0.001 -16"><span class='ocrx_word' id='word_1_160' title='bbox 2179 944 2583 1014; x_wconf 85' lang='grc' dir='ltr'>εἰσενεχθεῖσαν</span> <span class='ocrx_word' id='word_1_161' title='bbox 2614 942 2877 1012; x_wconf 82' lang='grc' dir='ltr'>σπουδὴν,</span> <span class='ocrx_word' id='word_1_162' title='bbox 2909 943 3004 996; x_wconf 79' lang='grc' dir='ltr'><strong>καὶ</strong></span> <span class='ocrx_word' id='word_1_163' title='bbox 3033 941 3110 1005; x_wconf 83' lang='grc' dir='ltr'><strong>ὡς</strong></span> <span class='ocrx_word' id='word_1_164' title='bbox 3146 939 3345 996; x_wconf 82' lang='grc' dir='ltr'>πολλοῦ</span> <span class='ocrx_word' id='word_1_165' title='bbox 3372 958 3518 1005; x_wconf 86' lang='grc' dir='ltr'>τινος</span> <span class='ocrx_word' id='word_1_166' title='bbox 3567 943 3677 1013; x_wconf 80' lang='grc' dir='ltr'>ἄρα</span> <span class='ocrx_word' id='word_1_167' title='bbox 3706 939 3777 1015; x_wconf 82' lang='grc' dir='ltr'>ἦν</span> 
     </span>
    </p>
   </div>
   <div class='ocr_carea' id='block_1_25' title="bbox 2180 1033 3776 1110">
    <p class='ocr_par' dir='ltr' id='par_1_25' title="bbox 2180 1033 3776 1110">
     <span class='ocr_line' id='line_1_25' title="bbox 2180 1033 3776 1110; baseline -0.002 -18"><span class='ocrx_word' id='word_1_168' title='bbox 2180 1038 2214 1110; x_wconf 82' lang='grc' dir='ltr'><strong>ἡ</strong></span> <span class='ocrx_word' id='word_1_169' title='bbox 2248 1037 2575 1110; x_wconf 84' lang='grc' dir='ltr'>πραγματία</span> <span class='ocrx_word' id='word_1_170' title='bbox 2618 1035 2920 1107; x_wconf 80' lang='grc' dir='ltr'>ἀξιωτάτη,</span> <span class='ocrx_word' id='word_1_171' title='bbox 2950 1035 3052 1105; x_wconf 82' lang='grc' dir='ltr'>τὴν</span> <span class='ocrx_word' id='word_1_172' title='bbox 3076 1082 3079 1085; x_wconf 96' lang='grc'>.</span> <span class='ocrx_word' id='word_1_173' title='bbox 3101 1037 3263 1108; x_wconf 71' lang='grc' dir='ltr'>χεῖρα</span> <span class='ocrx_word' id='word_1_174' title='bbox 3300 1033 3463 1089; x_wconf 83' lang='grc' dir='ltr'><strong>αὐτοῦ</strong></span> <span class='ocrx_word' id='word_1_175' title='bbox 3493 1034 3592 1106; x_wconf 77' lang='grc' dir='ltr'>τὴν</span> <span class='ocrx_word' id='word_1_176' title='bbox 3627 1035 3776 1100; x_wconf 74' lang='grc' dir='ltr'>ἰδίως</span> 
     </span>
    </p>
   </div>
   <div class='ocr_carea' id='block_1_26' title="bbox 2186 1126 3775 1203">
    <p class='ocr_par' dir='ltr' id='par_1_26' title="bbox 2186 1126 3775 1203">
     <span class='ocr_line' id='line_1_26' title="bbox 2186 1126 3775 1203; baseline -0.001 -17"><span class='ocrx_word' id='word_1_177' title='bbox 2186 1132 2326 1203; x_wconf 84' lang='grc' dir='ltr'>πρὸς</span> <span class='ocrx_word' id='word_1_178' title='bbox 2357 1129 2520 1185; x_wconf 81' lang='grc' dir='ltr'>τοῦτο</span> <span class='ocrx_word' id='word_1_179' title='bbox 2561 1128 3037 1200; x_wconf 86' lang='grc' dir='ltr'>διακονησαμένην</span> <span class='ocrx_word' id='word_1_180' title='bbox 3089 1128 3243 1191; x_wconf 84' lang='grc' dir='ltr'>ίδίοις</span> <span class='ocrx_word' id='word_1_181' title='bbox 3292 1126 3498 1197; x_wconf 74' lang='grc' dir='ltr'>ἠξίωσε</span> <span class='ocrx_word' id='word_1_182' title='bbox 3543 1128 3775 1199; x_wconf 83' lang='grc' dir='ltr'>τιμῆσαι</span> 
     </span>
    </p>
   </div>
   <div class='ocr_carea' id='block_1_27' title="bbox 2178 1219 3778 1298">
    <p class='ocr_par' dir='ltr' id='par_1_27' title="bbox 2178 1219 3778 1298">
     <span class='ocr_line' id='line_1_27' title="bbox 2178 1219 3778 1298; baseline -0.006 -16"><span class='ocrx_word' id='word_1_183' title='bbox 2178 1228 2414 1293; x_wconf 77' lang='grc' dir='ltr'>καὶτοῖς</span> <span class='ocrx_word' id='word_1_184' title='bbox 2445 1227 2739 1298; x_wconf 85' lang='grc' dir='ltr'>παθήμασι</span> <span class='ocrx_word' id='word_1_185' title='bbox 2762 1242 2777 1256; x_wconf 90' lang='grc'>·</span> <span class='ocrx_word' id='word_1_186' title='bbox 2809 1224 3087 1298; x_wconf 80' lang='grc' dir='ltr'>καθάπερ.</span> <span class='ocrx_word' id='word_1_187' title='bbox 3123 1219 3301 1294; x_wconf 79' lang='grc' dir='ltr'>οἶμαι,</span> <span class='ocrx_word' id='word_1_188' title='bbox 3332 1224 3427 1276; x_wconf 76' lang='grc' dir='ltr'><strong>καὶ</strong></span> <span class='ocrx_word' id='word_1_189' title='bbox 3460 1223 3571 1278; x_wconf 86' lang='grc' dir='ltr'><strong>τῶν</strong></span> <span class='ocrx_word' id='word_1_190' title='bbox 3610 1221 3778 1291; x_wconf 78' lang='grc' dir='ltr'>ἀθλη-</span> 
     </span>
    </p>
   </div>
   <div class='ocr_carea' id='block_1_28' title="bbox 2178 1311 3781 1387">
    <p class='ocr_par' dir='ltr' id='par_1_28' title="bbox 2178 1311 3781 1387">
     <span class='ocr_line' id='line_1_28' title="bbox 2178 1311 3781 1387; baseline -0.004 -15"><span class='ocrx_word' id='word_1_191' title='bbox 2178 1317 2288 1372; x_wconf 83' lang='grc' dir='ltr'><strong>τῶν</strong></span> <span class='ocrx_word' id='word_1_192' title='bbox 2333 1318 2384 1371; x_wconf 78' lang='grc' dir='ltr'>οἱ</span> <span class='ocrx_word' id='word_1_193' title='bbox 2432 1317 2627 1371; x_wconf 74' lang='grc' dir='ltr'>θεαταὶ</span> <span class='ocrx_word' id='word_1_194' title='bbox 2661 1318 2793 1380; x_wconf 83' lang='grc' dir='ltr'>τοὺς</span> <span class='ocrx_word' id='word_1_195' title='bbox 2838 1314 3137 1387; x_wconf 80' lang='grc' dir='ltr'><strong>βραχίονας</strong></span> <span class='ocrx_word' id='word_1_196' title='bbox 3165 1312 3392 1368; x_wconf 80' lang='grc' dir='ltr'>εἰώθασι</span> <span class='ocrx_word' id='word_1_197' title='bbox 3418 1312 3681 1367; x_wconf 82' lang='grc' dir='ltr'>ταινιοῦν.</span> <span class='ocrx_word' id='word_1_198' title='bbox 3711 1311 3781 1365; x_wconf 67' lang='lat' dir='ltr'><strong>Et</strong></span> 
     </span>
    </p>
   </div>
   <div class='ocr_carea' id='block_1_29' title="bbox 2179 1403 3779 1480">
    <p class='ocr_par' dir='ltr' id='par_1_29' title="bbox 2179 1403 3779 1480">
     <span class='ocr_line' id='line_1_29' title="bbox 2179 1403 3779 1480; baseline -0.004 -17"><span class='ocrx_word' id='word_1_199' title='bbox 2179 1424 2246 1479; x_wconf 81' lang='grc' dir='ltr'><strong>γε</strong></span> <span class='ocrx_word' id='word_1_200' title='bbox 2278 1409 2464 1480; x_wconf 88' lang='grc' dir='ltr'>μέντοι</span> <span class='ocrx_word' id='word_1_201' title='bbox 2484 1424 2570 1472; x_wconf 92' lang='grc' dir='ltr'><strong>τις</strong></span> <span class='ocrx_word' id='word_1_202' title='bbox 2598 1408 2770 1479; x_wconf 81' lang='grc' dir='ltr'>αὐτὴν</span> <span class='ocrx_word' id='word_1_203' title='bbox 2806 1406 3404 1477; x_wconf 82' lang='grc' dir='ltr'>έγκαταμεμενηκέναι</span> <span class='ocrx_word' id='word_1_204' title='bbox 3430 1407 3497 1476; x_wconf 80' lang='grc' dir='ltr'><strong>τῇ</strong></span> <span class='ocrx_word' id='word_1_205' title='bbox 3529 1403 3779 1476; x_wconf 77' lang='grc' dir='ltr'><strong>θαλάσσῃ</strong></span> 
     </span>
    </p>
   </div>
   <div class='ocr_carea' id='block_1_30' title="bbox 2182 1496 3776 1573">
    <p class='ocr_par' dir='ltr' id='par_1_30' title="bbox 2182 1496 3776 1573">
     <span class='ocr_line' id='line_1_30' title="bbox 2182 1496 3776 1573; baseline -0.006 -17"><span class='ocrx_word' id='word_1_206' title='bbox 2182 1501 2503 1556; x_wconf 85' lang='grc' dir='ltr'>πιστεύσειε</span> <span class='ocrx_word' id='word_1_207' title='bbox 2540 1542 2555 1568; x_wconf 90' lang='grc'><strong>,</strong></span> <span class='ocrx_word' id='word_1_208' title='bbox 2607 1501 2844 1573; x_wconf 83' lang='grc' dir='ltr'>πάρεστι</span> <span class='ocrx_word' id='word_1_209' title='bbox 2928 1499 3026 1554; x_wconf 76' lang='grc' dir='ltr'>καὶ</span> <span class='ocrx_word' id='word_1_210' title='bbox 3073 1499 3169 1552; x_wconf 72' lang='grc' dir='ltr'><strong>ἐπὶ</strong></span> <span class='ocrx_word' id='word_1_211' title='bbox 3224 1496 3402 1568; x_wconf 83' lang='grc' dir='ltr'>τούτῳ</span> <span class='ocrx_word' id='word_1_212' title='bbox 3456 1496 3776 1566; x_wconf 83' lang='grc' dir='ltr'>λογίσασθαι</span> 
     </span>
    </p>
   </div>
   <div class='ocr_carea' id='block_1_31' title="bbox 2181 1587 3776 1662">
    <p class='ocr_par' dir='ltr' id='par_1_31' title="bbox 2181 1587 3776 1662">
     <span class='ocr_line' id='line_1_31' title="bbox 2181 1587 3776 1662; baseline -0.003 -15"><span class='ocrx_word' id='word_1_213' title='bbox 2181 1593 2361 1648; x_wconf 76' lang='grc' dir='ltr'>ταῦτα</span> <span class='ocrx_word' id='word_1_214' title='bbox 2417 1610 2505 1659; x_wconf 86' lang='grc' dir='ltr'><strong>τε,</strong></span> <span class='ocrx_word' id='word_1_215' title='bbox 2556 1593 2650 1647; x_wconf 76' lang='grc' dir='ltr'>καὶ</span> <span class='ocrx_word' id='word_1_216' title='bbox 2707 1593 2791 1647; x_wconf 85' lang='grc' dir='ltr'>ὅτι</span> <span class='ocrx_word' id='word_1_217' title='bbox 2822 1592 2941 1655; x_wconf 83' lang='grc' dir='ltr'>ταῖς</span> <span class='ocrx_word' id='word_1_218' title='bbox 2968 1589 3446 1662; x_wconf 86' lang='grc' dir='ltr'>θαυματουργίαις</span> <span class='ocrx_word' id='word_1_219' title='bbox 3477 1587 3614 1653; x_wconf 79' lang='grc' dir='ltr'>Θεὸς</span> <span class='ocrx_word' id='word_1_220' title='bbox 3644 1590 3776 1644; x_wconf 87' lang='grc' dir='ltr'>πολ-</span> 
     </span>
    </p>
   </div>
   <div class='ocr_carea' id='block_1_32' title="bbox 2180 1672 3773 1756">
    <p class='ocr_par' dir='ltr' id='par_1_32' title="bbox 2180 1672 3773 1756">
     <span class='ocr_line' id='line_1_32' title="bbox 2180 1672 3773 1756; baseline -0.003 -16"><span class='ocrx_word' id='word_1_221' title='bbox 2180 1686 2342 1749; x_wconf 84' lang='grc' dir='ltr'>λάκις</span> <span class='ocrx_word' id='word_1_222' title='bbox 2396 1672 2863 1756; x_wconf 78' lang='grc' dir='ltr'>ἐγκαταμίγνυσι.</span> <span class='ocrx_word' id='word_1_223' title='bbox 2893 1682 2989 1736; x_wconf 73' lang='grc' dir='ltr'>καὶ</span> <span class='ocrx_word' id='word_1_224' title='bbox 3025 1683 3095 1737; x_wconf 76' lang='grc' dir='ltr'><strong>τὰ</strong></span> <span class='ocrx_word' id='word_1_225' title='bbox 3132 1682 3242 1736; x_wconf 82' lang='grc' dir='ltr'><strong>ἀπὸ</strong></span> <span class='ocrx_word' id='word_1_226' title='bbox 3274 1682 3375 1751; x_wconf 77' lang='grc' dir='ltr'><strong>τῇς</strong></span> <span class='ocrx_word' id='word_1_227' title='bbox 3410 1680 3653 1751; x_wconf 84' lang='grc' dir='ltr'>φύσεως.</span> <span class='ocrx_word' id='word_1_228' title='bbox 3684 1683 3773 1736; x_wconf 77' lang='grc' dir='ltr'>ἵνα</span> 
     </span>
    </p>
   </div>
   <div class='ocr_carea' id='block_1_33' title="bbox 2182 1772 3777 1848">
    <p class='ocr_par' dir='ltr' id='par_1_33' title="bbox 2182 1772 3777 1848">
     <span class='ocr_line' id='line_1_33' title="bbox 2182 1772 3777 1848; baseline -0.002 -17"><span class='ocrx_word' id='word_1_229' title='bbox 2182 1777 2274 1831; x_wconf 79' lang='grc' dir='ltr'>διὰ</span> <span class='ocrx_word' id='word_1_230' title='bbox 2303 1778 2366 1831; x_wconf 84' lang='grc' dir='ltr'>τὸ</span> <span class='ocrx_word' id='word_1_231' title='bbox 2400 1777 2503 1848; x_wconf 82' lang='grc' dir='ltr'>μὲν</span> <span class='ocrx_word' id='word_1_232' title='bbox 2548 1776 2971 1847; x_wconf 81' lang='grc' dir='ltr'>θαυματουργὸς</span> <span class='ocrx_word' id='word_1_233' title='bbox 3017 1774 3335 1846; x_wconf 85' lang='grc' dir='ltr'>δεικνύηται</span> <span class='ocrx_word' id='word_1_234' title='bbox 3396 1772 3650 1844; x_wconf 82' lang='grc' dir='ltr'>δύναμις,</span> <span class='ocrx_word' id='word_1_235' title='bbox 3684 1773 3777 1828; x_wconf 78' lang='grc' dir='ltr'>διὰ</span> 
     </span>
    </p>
   </div>
   <div class='ocr_carea' id='block_1_34' title="bbox 492 1842 2095 1939">
    <p class='ocr_par' dir='ltr' id='par_1_34' title="bbox 492 1846 2083 1918">
     <span class='ocr_line' id='line_1_34' title="bbox 492 1846 2083 1918; baseline -0.002 -12"><span class='ocrx_word' id='word_1_236' title='bbox 492 1852 634 1906; x_wconf 86' lang='lat' dir='ltr'><strong>sciat</strong></span> <span class='ocrx_word' id='word_1_237' title='bbox 665 1849 712 1906; x_wconf 84' lang='lat' dir='ltr'><strong>is</strong></span> <span class='ocrx_word' id='word_1_238' title='bbox 739 1847 832 1918; x_wconf 89' lang='lat' dir='ltr'><strong>qui</strong></span> <span class='ocrx_word' id='word_1_239' title='bbox 882 1849 998 1903; x_wconf 86' lang='lat' dir='ltr'><strong>haec</strong></span> <span class='ocrx_word' id='word_1_240' title='bbox 1027 1847 1391 1903; x_wconf 86' lang='lat' dir='ltr'><strong>administrat.</strong></span> <span class='ocrx_word' id='word_1_241' title='bbox 1417 1846 1729 1914; x_wconf 83' lang='lat' dir='ltr'><strong>Quinetiam</strong></span> <span class='ocrx_word' id='word_1_242' title='bbox 1766 1847 1819 1901; x_wconf 93' lang='lat' dir='ltr'><strong>in</strong></span> <span class='ocrx_word' id='word_1_243' title='bbox 1856 1846 2083 1918; x_wconf 76' lang='lat' dir='ltr'><strong>singulis</strong></span> 
     </span>
    </p>
   </div>
   <div class='ocr_carea' id='block_1_35' title="bbox 2196 1842 3778 1939">
    <p class='ocr_par' dir='ltr' id='par_1_35' title="bbox 2196 1842 3778 1939">
     <span class='ocr_line' id='line_1_35' title="bbox 2196 1842 3778 1939; baseline -0.002 -17"><span class='ocrx_word' id='word_1_244' title='bbox 2196 1868 2243 1923; x_wconf 70' lang='grc' dir='ltr'>δὲ</span> <span class='ocrx_word' id='word_1_245' title='bbox 2277 1867 2387 1922; x_wconf 84' lang='grc' dir='ltr'><strong>τῶν</strong></span> <span class='ocrx_word' id='word_1_246' title='bbox 2401 1842 2492 1939; x_wconf 73' lang='grc' dir='ltr'>μὴ</span> <span class='ocrx_word' id='word_1_247' title='bbox 2536 1842 2820 1920; x_wconf 70' lang='grc' dir='ltr'>ἀπιστοίτο</span> <span class='ocrx_word' id='word_1_248' title='bbox 2841 1842 3110 1937; x_wconf 34' lang='grc' dir='ltr'><strong>λιι-φύσιςο</strong></span> <span class='ocrx_word' id='word_1_249' title='bbox 3142 1842 3283 1920; x_wconf 80' lang='grc' dir='ltr'>ἀλλὰ</span> <span class='ocrx_word' id='word_1_250' title='bbox 3311 1864 3486 1920; x_wconf 80' lang='grc' dir='ltr'>ταῦτα</span> <span class='ocrx_word' id='word_1_251' title='bbox 3522 1842 3647 1936; x_wconf 81' lang='grc' dir='ltr'>μὲν,</span> <span class='ocrx_word' id='word_1_252' title='bbox 3680 1864 3778 1919; x_wconf 74' lang='grc' dir='ltr'>καὶ</span> 
     </span>
    </p>
   </div>
   <div class='ocr_carea' id='block_1_36' title="bbox 493 1936 2084 2010">
    <p class='ocr_par' dir='ltr' id='par_1_36' title="bbox 493 1936 2084 2010">
     <span class='ocr_line' id='line_1_36' title="bbox 493 1936 2084 2010; baseline 0 -15"><span class='ocrx_word' id='word_1_253' title='bbox 493 1956 711 2007; x_wconf 83' lang='lat' dir='ltr'><strong>eorum,</strong></span> <span class='ocrx_word' id='word_1_254' title='bbox 735 1954 856 2009; x_wconf 72' lang='lat' dir='ltr'><strong>quae</strong></span> <span class='ocrx_word' id='word_1_255' title='bbox 885 1939 953 1994; x_wconf 88' lang='lat' dir='ltr'><strong>ab</strong></span> <span class='ocrx_word' id='word_1_256' title='bbox 976 1939 1095 2008; x_wconf 91' lang='lat' dir='ltr'><strong>ipso</strong></span> <span class='ocrx_word' id='word_1_257' title='bbox 1121 1936 1520 1995; x_wconf 80' lang='lat' dir='ltr'><strong>admirabiliter</strong></span> <span class='ocrx_word' id='word_1_258' title='bbox 1550 1938 1685 1994; x_wconf 73' lang='lat' dir='ltr'><strong>[lunt</strong></span> <span class='ocrx_word' id='word_1_259' title='bbox 1712 1946 1769 1995; x_wconf 89' lang='lat' dir='ltr'><strong>et</strong></span> <span class='ocrx_word' id='word_1_260' title='bbox 1797 1948 2084 2010; x_wconf 90' lang='lat' dir='ltr'><strong>geruntur,</strong></span> 
     </span>
    </p>
   </div>
   <div class='ocr_carea' id='block_1_37' title="bbox 496 2030 2087 2102">
    <p class='ocr_par' dir='ltr' id='par_1_37' title="bbox 496 2030 2087 2102">
     <span class='ocr_line' id='line_1_37' title="bbox 496 2030 2087 2102; baseline 0.001 -16"><span class='ocrx_word' id='word_1_261' title='bbox 496 2031 754 2086; x_wconf 70' lang='lat' dir='ltr'><strong>didicerit</strong></span> <span class='ocrx_word' id='word_1_262' title='bbox 793 2030 1023 2102; x_wconf 86' lang='lat' dir='ltr'><strong>quisque</strong></span> <span class='ocrx_word' id='word_1_263' title='bbox 1069 2030 1234 2085; x_wconf 89' lang='lat' dir='ltr'><strong>aliam</strong></span> <span class='ocrx_word' id='word_1_264' title='bbox 1277 2045 1495 2101; x_wconf 85' lang='lat' dir='ltr'><strong>quoque</strong></span> <span class='ocrx_word' id='word_1_265' title='bbox 1541 2045 1663 2087; x_wconf 85' lang='lat' dir='ltr'><strong>esse</strong></span> <span class='ocrx_word' id='word_1_266' title='bbox 1713 2045 1996 2099; x_wconf 84' lang='lat' dir='ltr'><strong>arcanam,</strong></span> <span class='ocrx_word' id='word_1_267' title='bbox 2029 2042 2087 2088; x_wconf 87' lang='lat' dir='ltr'><strong>ct</strong></span> 
     </span>
    </p>
   </div>
   <div class='ocr_carea' id='block_1_38' title="bbox 500 2122 2089 2194">
    <p class='ocr_par' dir='ltr' id='par_1_38' title="bbox 500 2122 2089 2194">
     <span class='ocr_line' id='line_1_38' title="bbox 500 2122 2089 2194; baseline 0.003 -18"><span class='ocrx_word' id='word_1_268' title='bbox 500 2137 626 2192; x_wconf 84' lang='lat' dir='ltr'><strong>quae</strong></span> <span class='ocrx_word' id='word_1_269' title='bbox 662 2122 736 2177; x_wconf 91' lang='lat' dir='ltr'><strong>sit</strong></span> <span class='ocrx_word' id='word_1_270' title='bbox 757 2136 925 2192; x_wconf 85' lang='lat' dir='ltr'><strong>supra</strong></span> <span class='ocrx_word' id='word_1_271' title='bbox 960 2136 1062 2178; x_wconf 90' lang='lat' dir='ltr'><strong>nos</strong></span> <span class='ocrx_word' id='word_1_272' title='bbox 1100 2123 1395 2189; x_wconf 87' lang='lat' dir='ltr'><strong>rationem,</strong></span> <span class='ocrx_word' id='word_1_273' title='bbox 1432 2123 1827 2194; x_wconf 74' lang='lat' dir='ltr'><strong>optimumque.</strong></span> <span class='ocrx_word' id='word_1_274' title='bbox 1869 2132 1925 2179; x_wconf 89' lang='lat' dir='ltr'><strong>et</strong></span> <span class='ocrx_word' id='word_1_275' title='bbox 1967 2139 2089 2194; x_wconf 69' lang='lat' dir='ltr'><strong>qum</strong></span> 
     </span>
    </p>
   </div>
   <div class='ocr_carea' id='block_1_39' title="bbox 498 2212 2089 2286">
    <p class='ocr_par' dir='ltr' id='par_1_39' title="bbox 498 2212 2089 2286">
     <span class='ocr_line' id='line_1_39' title="bbox 498 2212 2089 2286; baseline 0.003 -20"><span class='ocrx_word' id='word_1_276' title='bbox 498 2212 888 2282; x_wconf 84' lang='lat' dir='ltr'><strong>comprehendi</strong></span> <span class='ocrx_word' id='word_1_277' title='bbox 924 2228 1030 2267; x_wconf 92' lang='lat' dir='ltr'><strong>non</strong></span> <span class='ocrx_word' id='word_1_278' title='bbox 1060 2221 1260 2281; x_wconf 89' lang='lat' dir='ltr'><strong>potest,</strong></span> <span class='ocrx_word' id='word_1_279' title='bbox 1308 2213 1864 2283; x_wconf 86' lang='lat' dir='ltr'><strong>administrationem,</strong></span> <span class='ocrx_word' id='word_1_280' title='bbox 1912 2228 2089 2286; x_wconf 82' lang='lat' dir='ltr'><strong>neque</strong></span> 
     </span>
    </p>
   </div>
   <div class='ocr_carea' id='block_1_40' title="bbox 499 2301 1476 2373">
    <p class='ocr_par' dir='ltr' id='par_1_40' title="bbox 499 2301 1476 2373">
     <span class='ocr_line' id='line_1_40' title="bbox 499 2301 1476 2373; baseline 0.005 -18"><span class='ocrx_word' id='word_1_281' title='bbox 499 2309 705 2357; x_wconf 80' lang='lat' dir='ltr'><strong>temere</strong></span> <span class='ocrx_word' id='word_1_282' title='bbox 726 2301 929 2373; x_wconf 90' lang='lat' dir='ltr'><strong>aliquid</strong></span> <span class='ocrx_word' id='word_1_283' title='bbox 955 2302 1069 2358; x_wconf 87' lang='lat' dir='ltr'><strong>lieri</strong></span> <span class='ocrx_word' id='word_1_284' title='bbox 1102 2311 1196 2358; x_wconf 90' lang='lat' dir='ltr'><strong>aut</strong></span> <span class='ocrx_word' id='word_1_285' title='bbox 1231 2303 1476 2360; x_wconf 77' lang='lat' dir='ltr'><strong>fortuito.</strong></span> 
     </span>
    </p>
   </div>
   <div class='ocr_carea' id='block_1_41' title="bbox 575 2570 2099 2642">
    <p class='ocr_par' dir='ltr' id='par_1_41' title="bbox 575 2570 2099 2642">
     <span class='ocr_line' id='line_1_41' title="bbox 575 2570 2099 2642; baseline -0.002 -14"><span class='ocrx_word' id='word_1_286' title='bbox 575 2573 667 2628; x_wconf 74' lang='lat'><strong>20.</strong></span> <span class='ocrx_word' id='word_1_287' title='bbox 702 2572 857 2627; x_wconf 89' lang='lat' dir='ltr'><strong>Tunc</strong></span> <span class='ocrx_word' id='word_1_288' title='bbox 891 2586 1019 2641; x_wconf 82' lang='lat' dir='ltr'><strong>ergo</strong></span> <span class='ocrx_word' id='word_1_289' title='bbox 1051 2571 1131 2627; x_wconf 87' lang='lat' dir='ltr'><strong>sic</strong></span> <span class='ocrx_word' id='word_1_290' title='bbox 1157 2586 1186 2624; x_wconf 90' lang='lat' dir='ltr'><strong>a</strong></span> <span class='ocrx_word' id='word_1_291' title='bbox 1214 2571 1468 2640; x_wconf 83' lang='lat' dir='ltr'><strong>delphino</strong></span> <span class='ocrx_word' id='word_1_292' title='bbox 1491 2570 1834 2642; x_wconf 79' lang='lat' dir='ltr'><strong>exportatum</strong></span> <span class='ocrx_word' id='word_1_293' title='bbox 1865 2586 2099 2642; x_wconf 64' lang='lat' dir='ltr'><strong>corpus,</strong></span> 
     </span>
    </p>
   </div>
   <div class='ocr_carea' id='block_1_42' title="bbox 506 2660 2091 2721">
    <p class='ocr_par' dir='ltr' id='par_1_42' title="bbox 506 2660 2091 2721">
     <span class='ocr_line' id='line_1_42' title="bbox 506 2660 2091 2721; baseline -0.001 -2"><span class='ocrx_word' id='word_1_294' title='bbox 506 2664 743 2721; x_wconf 79' lang='lat' dir='ltr'><strong>dolatum</strong></span> <span class='ocrx_word' id='word_1_295' title='bbox 773 2671 858 2718; x_wconf 89' lang='lat' dir='ltr'><strong>est</strong></span> <span class='ocrx_word' id='word_1_296' title='bbox 890 2662 949 2716; x_wconf 85' lang='lat' dir='ltr'><strong>in</strong></span> <span class='ocrx_word' id='word_1_297' title='bbox 988 2676 1233 2716; x_wconf 86' lang='lat' dir='ltr'><strong>arenam.</strong></span> <span class='ocrx_word' id='word_1_298' title='bbox 1262 2660 1668 2718; x_wconf 84' lang='lat' dir='ltr'><strong>Concurrentes</strong></span> <span class='ocrx_word' id='word_1_299' title='bbox 1694 2670 1876 2718; x_wconf 81' lang='lat' dir='ltr'><strong>autem</strong></span> <span class='ocrx_word' id='word_1_300' title='bbox 1920 2663 2091 2718; x_wconf 72' lang='lat' dir='ltr'><strong>discl‘j</strong></span> 
     </span>
    </p>
   </div>
   <div class='ocr_carea' id='block_1_43' title="bbox 500 2751 2086 2824">
    <p class='ocr_par' dir='ltr' id='par_1_43' title="bbox 500 2751 2086 2824">
     <span class='ocr_line' id='line_1_43' title="bbox 500 2751 2086 2824; baseline -0.001 -17"><span class='ocrx_word' id='word_1_301' title='bbox 500 2752 641 2824; x_wconf 74' lang='lat' dir='ltr'><strong>puli,</strong></span> <span class='ocrx_word' id='word_1_302' title='bbox 674 2752 907 2822; x_wconf 89' lang='lat' dir='ltr'><strong>primum</strong></span> <span class='ocrx_word' id='word_1_303' title='bbox 969 2751 1211 2822; x_wconf 91' lang='lat' dir='ltr'><strong>quidem,</strong></span> <span class='ocrx_word' id='word_1_304' title='bbox 1249 2763 1309 2806; x_wconf 89' lang='lat' dir='ltr'><strong>ut</strong></span> <span class='ocrx_word' id='word_1_305' title='bbox 1353 2751 1604 2814; x_wconf 84' lang='lat' dir='ltr'><strong>decebat.</strong></span> <span class='ocrx_word' id='word_1_306' title='bbox 1659 2752 1712 2808; x_wconf 89' lang='lat' dir='ltr'><strong>id</strong></span> <span class='ocrx_word' id='word_1_307' title='bbox 1758 2753 2086 2819; x_wconf 89' lang='lat' dir='ltr'><strong>salutabant,</strong></span> 
     </span>
    </p>
   </div>
   <div class='ocr_carea' id='block_1_44' title="bbox 502 2840 2109 2914">
    <p class='ocr_par' dir='ltr' id='par_1_44' title="bbox 502 2840 2109 2914">
     <span class='ocr_line' id='line_1_44' title="bbox 502 2840 2109 2914; baseline 0.001 -18"><span class='ocrx_word' id='word_1_308' title='bbox 502 2843 646 2905; x_wconf 75' lang='lat' dir='ltr'><strong>alius</strong></span> <span class='ocrx_word' id='word_1_309' title='bbox 669 2840 1311 2910; x_wconf 34' lang='lat' dir='ltr'><strong>aliundeavcnientesget</strong></span> <span class='ocrx_word' id='word_1_310' title='bbox 1349 2842 1762 2908; x_wconf 88' lang='lat' dir='ltr'><strong>osculabantur,</strong></span> <span class='ocrx_word' id='word_1_311' title='bbox 1808 2853 1863 2900; x_wconf 89' lang='lat' dir='ltr'><strong>et</strong></span> <span class='ocrx_word' id='word_1_312' title='bbox 1885 2842 2109 2914; x_wconf 14' lang='lat' dir='ltr'><strong>ample-7</strong></span> 
     </span>
    </p>
   </div>
   <div class='ocr_carea' id='block_1_45' title="bbox 506 2932 2087 3005">
    <p class='ocr_par' dir='ltr' id='par_1_45' title="bbox 506 2932 2087 3005">
     <span class='ocr_line' id='line_1_45' title="bbox 506 2932 2087 3005; baseline -0.003 -13"><span class='ocrx_word' id='word_1_313' title='bbox 506 2936 821 3000; x_wconf 73' lang='lat' dir='ltr'><strong>utebantur,</strong></span> <span class='ocrx_word' id='word_1_314' title='bbox 859 2935 1236 3003; x_wconf 86' lang='lat' dir='ltr'><strong>unusquisque</strong></span> <span class='ocrx_word' id='word_1_315' title='bbox 1287 2948 1386 3003; x_wconf 91' lang='lat' dir='ltr'><strong>pro</strong></span> <span class='ocrx_word' id='word_1_316' title='bbox 1418 2932 1651 3000; x_wconf 84' lang='lat' dir='ltr'><strong>viribus,</strong></span> <span class='ocrx_word' id='word_1_317' title='bbox 1676 2935 1748 2989; x_wconf 88' lang='lat' dir='ltr'><strong>ob</strong></span> <span class='ocrx_word' id='word_1_318' title='bbox 1780 2944 2087 3005; x_wconf 91' lang='lat' dir='ltr'><strong>promptum</strong></span> 
     </span>
    </p>
   </div>
   <div class='ocr_carea' id='block_1_46' title="bbox 506 3021 2087 3079">
    <p class='ocr_par' dir='ltr' id='par_1_46' title="bbox 506 3021 2087 3079">
     <span class='ocr_line' id='line_1_46' title="bbox 506 3021 2087 3079; baseline -0.003 0"><span class='ocrx_word' id='word_1_319' title='bbox 506 3032 563 3079; x_wconf 85' lang='lat' dir='ltr'><strong>et</strong></span> <span class='ocrx_word' id='word_1_320' title='bbox 592 3024 771 3078; x_wconf 86' lang='lat' dir='ltr'><strong>alacre</strong></span> <span class='ocrx_word' id='word_1_321' title='bbox 802 3022 970 3077; x_wconf 90' lang='lat' dir='ltr'><strong>animi</strong></span> <span class='ocrx_word' id='word_1_322' title='bbox 1011 3022 1274 3077; x_wconf 84' lang='lat' dir='ltr'><strong>studium.</strong></span> <span class='ocrx_word' id='word_1_323' title='bbox 1304 3021 1507 3076; x_wconf 85' lang='lat' dir='ltr'><strong>Deinde</strong></span> <span class='ocrx_word' id='word_1_324' title='bbox 1532 3036 1663 3075; x_wconf 83' lang='lat' dir='ltr'><strong>vero</strong></span> <span class='ocrx_word' id='word_1_325' title='bbox 1688 3037 1810 3076; x_wconf 91' lang='lat' dir='ltr'><strong>cum</strong></span> <span class='ocrx_word' id='word_1_326' title='bbox 1846 3022 1899 3076; x_wconf 89' lang='lat' dir='ltr'><strong>id</strong></span> <span class='ocrx_word' id='word_1_327' title='bbox 1936 3037 2087 3076; x_wconf 87' lang='lat' dir='ltr'><strong>sum-</strong></span> 
     </span>
    </p>
   </div>
   <div class='ocr_carea' id='block_1_47' title="bbox 500 3110 2086 3188">
    <p class='ocr_par' dir='ltr' id='par_1_47' title="bbox 500 3110 2086 3188">
     <span class='ocr_line' id='line_1_47' title="bbox 500 3110 2086 3188; baseline -0.004 -17"><span class='ocrx_word' id='word_1_328' title='bbox 500 3115 768 3188; x_wconf 78' lang='lat' dir='ltr'><strong>psissent,</strong></span> <span class='ocrx_word' id='word_1_329' title='bbox 788 3113 1106 3184; x_wconf 60' lang='lat' dir='ltr'><strong>etpropriis</strong></span> <span class='ocrx_word' id='word_1_330' title='bbox 1126 3110 1387 3168; x_wconf 85' lang='lat' dir='ltr'><strong>manibus</strong></span> <span class='ocrx_word' id='word_1_331' title='bbox 1424 3111 1767 3178; x_wconf 74' lang='lat' dir='ltr'><strong>extulissent,</strong></span> <span class='ocrx_word' id='word_1_332' title='bbox 1796 3119 1851 3166; x_wconf 92' lang='lat' dir='ltr'><strong>et</strong></span> <span class='ocrx_word' id='word_1_333' title='bbox 1872 3112 1920 3165; x_wconf 89' lang='lat' dir='ltr'><strong>ei</strong></span> <span class='ocrx_word' id='word_1_334' title='bbox 1940 3110 2086 3181; x_wconf 85' lang='lat' dir='ltr'><strong>justa</strong></span> 
     </span>
    </p>
   </div>
   <div class='ocr_carea' id='block_1_48' title="bbox 507 3181 2167 3274">
    <p class='ocr_par' dir='ltr' id='par_1_48' title="bbox 507 3181 2167 3274">
     <span class='ocr_line' id='line_1_48' title="bbox 507 3181 2167 3274; baseline -0.004 -9"><span class='ocrx_word' id='word_1_335' title='bbox 507 3209 691 3273; x_wconf 82' lang='lat' dir='ltr'><strong>omnia</strong></span> <span class='ocrx_word' id='word_1_336' title='bbox 717 3207 786 3262; x_wconf 82' lang='lat' dir='ltr'><strong>de</strong></span> <span class='ocrx_word' id='word_1_337' title='bbox 834 3221 986 3265; x_wconf 88' lang='lat' dir='ltr'><strong>more</strong></span> <span class='ocrx_word' id='word_1_338' title='bbox 1026 3204 1306 3271; x_wconf 81' lang='lat' dir='ltr'><strong>fecissent,</strong></span> <span class='ocrx_word' id='word_1_339' title='bbox 1345 3205 1400 3259; x_wconf 90' lang='lat' dir='ltr'><strong>in</strong></span> <span class='ocrx_word' id='word_1_340' title='bbox 1438 3204 1559 3260; x_wconf 90' lang='lat' dir='ltr'><strong>loco</strong></span> <span class='ocrx_word' id='word_1_341' title='bbox 1588 3204 1787 3274; x_wconf 82' lang='lat' dir='ltr'><strong>insigni</strong></span> <span class='ocrx_word' id='word_1_342' title='bbox 1828 3203 2094 3273; x_wconf 85' lang='lat' dir='ltr'><strong>deposue-</strong></span> <span class='ocrx_word' id='word_1_343' title='bbox 2122 3181 2167 3241; x_wconf 64' lang='grc' dir='ltr'><strong>(ἶ</strong></span> 
     </span>
    </p>
   </div>
   <div class='ocr_carea' id='block_1_49' title="bbox 510 3293 2097 3366">
    <p class='ocr_par' dir='ltr' id='par_1_49' title="bbox 510 3293 2097 3366">
     <span class='ocr_line' id='line_1_49' title="bbox 510 3293 2097 3366; baseline -0.003 -14"><span class='ocrx_word' id='word_1_344' title='bbox 510 3298 901 3359; x_wconf 82' lang='lat' dir='ltr'><strong>runt.-Ettuuc</strong></span> <span class='ocrx_word' id='word_1_345' title='bbox 925 3295 1142 3366; x_wconf 80' lang='lat' dir='ltr'><strong>quidem</strong></span> <span class='ocrx_word' id='word_1_346' title='bbox 1188 3294 1264 3350; x_wconf 91' lang='lat' dir='ltr'><strong>illi</strong></span> <span class='ocrx_word' id='word_1_347' title='bbox 1316 3294 1646 3365; x_wconf 83' lang='lat' dir='ltr'><strong>sepulcrum,</strong></span> <span class='ocrx_word' id='word_1_348' title='bbox 1716 3293 1879 3364; x_wconf 84' lang='lat' dir='ltr'><strong>quale</strong></span> <span class='ocrx_word' id='word_1_349' title='bbox 1902 3303 2097 3363; x_wconf 86' lang='lat' dir='ltr'><strong>potue-</strong></span> 
     </span>
    </p>
   </div>
   <div class='ocr_carea' id='block_1_50' title="bbox 444 3384 2096 3460">
    <p class='ocr_par' dir='ltr' id='par_1_50' title="bbox 444 3384 2096 3460">
     <span class='ocr_line' id='line_1_50' title="bbox 444 3384 2096 3460; baseline -0.001 -17"><span class='ocrx_word' id='word_1_350' title='bbox 444 3422 463 3443; x_wconf 59' lang='grc' dir='ltr'><strong>κ</strong></span> <span class='ocrx_word' id='word_1_351' title='bbox 511 3402 661 3457; x_wconf 80' lang='lat' dir='ltr'><strong>runt,</strong></span> <span class='ocrx_word' id='word_1_352' title='bbox 730 3399 891 3460; x_wconf 82' lang='lat' dir='ltr'><strong>prout</strong></span> <span class='ocrx_word' id='word_1_353' title='bbox 938 3397 1152 3456; x_wconf 86' lang='lat' dir='ltr'><strong>tempus</strong></span> <span class='ocrx_word' id='word_1_354' title='bbox 1213 3389 1464 3459; x_wconf 75' lang='lat' dir='ltr'><strong>urgebat,</strong></span> <span class='ocrx_word' id='word_1_355' title='bbox 1523 3395 1855 3443; x_wconf 86' lang='lat' dir='ltr'><strong>statuerunt.</strong></span> <span class='ocrx_word' id='word_1_356' title='bbox 1900 3384 2096 3441; x_wconf 88' lang='lat' dir='ltr'><strong>Postea</strong></span> 
     </span>
    </p>
   </div>
   <div class='ocr_carea' id='block_1_51' title="bbox 514 3474 2100 3549">
    <p class='ocr_par' dir='ltr' id='par_1_51' title="bbox 514 3474 2100 3549">
     <span class='ocr_line' id='line_1_51' title="bbox 514 3474 2100 3549; baseline -0.004 -16"><span class='ocrx_word' id='word_1_357' title='bbox 514 3488 721 3542; x_wconf 83' lang='lat' dir='ltr'><strong>autem,</strong></span> <span class='ocrx_word' id='word_1_358' title='bbox 750 3491 871 3544; x_wconf 72' lang='lat' dir='ltr'><strong>quae</strong></span> <span class='ocrx_word' id='word_1_359' title='bbox 915 3477 1082 3533; x_wconf 83' lang='lat' dir='ltr'><strong>nobis</strong></span> <span class='ocrx_word' id='word_1_360' title='bbox 1115 3476 1409 3531; x_wconf 81' lang='lat' dir='ltr'><strong>salutarem</strong></span> <span class='ocrx_word' id='word_1_361' title='bbox 1450 3476 1662 3531; x_wconf 90' lang='lat' dir='ltr'><strong>Domini</strong></span> <span class='ocrx_word' id='word_1_362' title='bbox 1694 3476 1934 3549; x_wconf 75' lang='lat' dir='ltr'><strong>restituit</strong></span> <span class='ocrx_word' id='word_1_363' title='bbox 1962 3474 2100 3531; x_wconf 88' lang='lat' dir='ltr'><strong>Cru-</strong></span> 
     </span>
    </p>
   </div>
   <div class='ocr_carea' id='block_1_52' title="bbox 512 3566 2100 3639">
    <p class='ocr_par' dir='ltr' id='par_1_52' title="bbox 512 3566 2100 3639">
     <span class='ocr_line' id='line_1_52' title="bbox 512 3566 2100 3639; baseline -0.003 -15"><span class='ocrx_word' id='word_1_364' title='bbox 512 3583 652 3632; x_wconf 78' lang='lat' dir='ltr'><strong>cem,</strong></span> <span class='ocrx_word' id='word_1_365' title='bbox 697 3575 753 3623; x_wconf 85' lang='lat' dir='ltr'><strong>et</strong></span> <span class='ocrx_word' id='word_1_366' title='bbox 782 3583 1036 3638; x_wconf 80' lang='lat' dir='ltr'><strong>magnum</strong></span> <span class='ocrx_word' id='word_1_367' title='bbox 1087 3569 1232 3623; x_wconf 88' lang='lat' dir='ltr'><strong>inter</strong></span> <span class='ocrx_word' id='word_1_368' title='bbox 1281 3568 1459 3624; x_wconf 88' lang='lat' dir='ltr'><strong>claros</strong></span> <span class='ocrx_word' id='word_1_369' title='bbox 1488 3570 1848 3639; x_wconf 88' lang='lat' dir='ltr'><strong>imperatores</strong></span> <span class='ocrx_word' id='word_1_370' title='bbox 1912 3566 2100 3636; x_wconf 79' lang='lat' dir='ltr'><strong>genuit</strong></span> 
     </span>
    </p>
   </div>
   <div class='ocr_carea' id='block_1_53' title="bbox 512 3658 2105 3729">
    <p class='ocr_par' dir='ltr' id='par_1_53' title="bbox 512 3658 2105 3729">
     <span class='ocr_line' id='line_1_53' title="bbox 512 3658 2105 3729; baseline -0.001 -13"><span class='ocrx_word' id='word_1_371' title='bbox 512 3659 952 3725; x_wconf 86' lang='lat' dir='ltr'><strong>Constantinum,</strong></span> <span class='ocrx_word' id='word_1_372' title='bbox 996 3661 1307 3716; x_wconf 81' lang='lat' dir='ltr'><strong>veneranda</strong></span> <span class='ocrx_word' id='word_1_373' title='bbox 1337 3658 1559 3724; x_wconf 86' lang='lat' dir='ltr'><strong>llelena,</strong></span> <span class='ocrx_word' id='word_1_374' title='bbox 1584 3660 1815 3729; x_wconf 84' lang='lat' dir='ltr'><strong>quando</strong></span> <span class='ocrx_word' id='word_1_375' title='bbox 1861 3667 2105 3714; x_wconf 76' lang='lat' dir='ltr'><strong>reverte-</strong></span> 
     </span>
    </p>
   </div>
   <div class='ocr_carea' id='block_1_54' title="bbox 513 3752 2099 3824">
    <p class='ocr_par' dir='ltr' id='par_1_54' title="bbox 513 3752 2099 3824">
     <span class='ocr_line' id='line_1_54' title="bbox 513 3752 2099 3824; baseline -0.003 -16"><span class='ocrx_word' id='word_1_376' title='bbox 513 3754 676 3809; x_wconf 90' lang='lat' dir='ltr'><strong>batur</strong></span> <span class='ocrx_word' id='word_1_377' title='bbox 702 3752 1114 3824; x_wconf 82' lang='lat' dir='ltr'><strong>llierosolymis,</strong></span> <span class='ocrx_word' id='word_1_378' title='bbox 1141 3752 1319 3811; x_wconf 89' lang='lat' dir='ltr'><strong>locum</strong></span> <span class='ocrx_word' id='word_1_379' title='bbox 1354 3753 1653 3821; x_wconf 89' lang='lat' dir='ltr'><strong>honorans,</strong></span> <span class='ocrx_word' id='word_1_380' title='bbox 1687 3761 1742 3805; x_wconf 83' lang='lat' dir='ltr'><strong>et</strong></span> <span class='ocrx_word' id='word_1_381' title='bbox 1772 3753 1825 3806; x_wconf 92' lang='lat' dir='ltr'><strong>in</strong></span> <span class='ocrx_word' id='word_1_382' title='bbox 1868 3766 1934 3807; x_wconf 89' lang='lat' dir='ltr'><strong>eo</strong></span> <span class='ocrx_word' id='word_1_383' title='bbox 1961 3765 2099 3806; x_wconf 91' lang='lat' dir='ltr'><strong>con-</strong></span> 
     </span>
    </p>
   </div>
   <div class='ocr_carea' id='block_1_55' title="bbox 513 3843 2117 3916">
    <p class='ocr_par' dir='ltr' id='par_1_55' title="bbox 513 3843 2117 3916">
     <span class='ocr_line' id='line_1_55' title="bbox 513 3843 2117 3916; baseline -0.002 -16"><span class='ocrx_word' id='word_1_384' title='bbox 513 3845 651 3900; x_wconf 88' lang='lat' dir='ltr'><strong>didit</strong></span> <span class='ocrx_word' id='word_1_385' title='bbox 681 3844 796 3916; x_wconf 68' lang='grc' dir='ltr'><strong>(ω)</strong></span> <span class='ocrx_word' id='word_1_386' title='bbox 826 3846 1128 3911; x_wconf 78' lang='lat' dir='ltr'><strong>civitatem,</strong></span> <span class='ocrx_word' id='word_1_387' title='bbox 1163 3845 1476 3900; x_wconf 85' lang='lat' dir='ltr'><strong>convocatis</strong></span> <span class='ocrx_word' id='word_1_388' title='bbox 1495 3844 1895 3899; x_wconf 86' lang='lat' dir='ltr'><strong>habitatoribus</strong></span> <span class='ocrx_word' id='word_1_389' title='bbox 1914 3857 1979 3898; x_wconf 81' lang='lat' dir='ltr'><strong>cx</strong></span> <span class='ocrx_word' id='word_1_390' title='bbox 2009 3843 2117 3906; x_wconf 89' lang='lat' dir='ltr'><strong>iis,.</strong></span> 
     </span>
    </p>
   </div>
   <div class='ocr_carea' id='block_1_56' title="bbox 511 3932 2098 4007">
    <p class='ocr_par' dir='ltr' id='par_1_56' title="bbox 511 3932 2098 4007">
     <span class='ocr_line' id='line_1_56' title="bbox 511 3932 2098 4007; baseline -0.002 -16"><span class='ocrx_word' id='word_1_391' title='bbox 511 3950 632 4003; x_wconf 69' lang='lat' dir='ltr'><strong>quae</strong></span> <span class='ocrx_word' id='word_1_392' title='bbox 655 3938 861 3990; x_wconf 88' lang='lat' dir='ltr'><strong>circum</strong></span> <span class='ocrx_word' id='word_1_393' title='bbox 888 3935 1035 3990; x_wconf 89' lang='lat' dir='ltr'><strong>circa</strong></span> <span class='ocrx_word' id='word_1_394' title='bbox 1074 3944 1251 4001; x_wconf 90' lang='lat' dir='ltr'><strong>erant,</strong></span> <span class='ocrx_word' id='word_1_395' title='bbox 1284 3934 1619 4007; x_wconf 87' lang='lat' dir='ltr'><strong>regionibus,</strong></span> <span class='ocrx_word' id='word_1_396' title='bbox 1646 3943 1702 3988; x_wconf 89' lang='lat' dir='ltr'><strong>et</strong></span> <span class='ocrx_word' id='word_1_397' title='bbox 1728 3932 1942 3989; x_wconf 72' lang='lat' dir='ltr'><strong>effectis</strong></span> <span class='ocrx_word' id='word_1_398' title='bbox 1961 3947 2098 4002; x_wconf 91' lang='lat' dir='ltr'><strong>ope-</strong></span> 
     </span>
    </p>
   </div>
   <div class='ocr_carea' id='block_1_57' title="bbox 513 4027 2098 4099">
    <p class='ocr_par' dir='ltr' id='par_1_57' title="bbox 513 4027 2098 4099">
     <span class='ocr_line' id='line_1_57' title="bbox 513 4027 2098 4099; baseline -0.003 -14"><span class='ocrx_word' id='word_1_399' title='bbox 513 4030 592 4085; x_wconf 88' lang='lat' dir='ltr'><strong>ris</strong></span> <span class='ocrx_word' id='word_1_400' title='bbox 625 4030 1000 4099; x_wconf 79' lang='lat' dir='ltr'><strong>participibus,</strong></span> <span class='ocrx_word' id='word_1_401' title='bbox 1033 4038 1091 4083; x_wconf 90' lang='lat' dir='ltr'><strong>et</strong></span> <span class='ocrx_word' id='word_1_402' title='bbox 1116 4028 1318 4084; x_wconf 81' lang='lat' dir='ltr'><strong>validis</strong></span> <span class='ocrx_word' id='word_1_403' title='bbox 1344 4043 1462 4083; x_wconf 90' lang='lat' dir='ltr'><strong>eam</strong></span> <span class='ocrx_word' id='word_1_404' title='bbox 1494 4029 1667 4083; x_wconf 80' lang='lat' dir='ltr'><strong>cinxit</strong></span> <span class='ocrx_word' id='word_1_405' title='bbox 1716 4027 2010 4089; x_wconf 64' lang='lat' dir='ltr'><strong>moenibus,</strong></span> <span class='ocrx_word' id='word_1_406' title='bbox 2043 4034 2098 4081; x_wconf 90' lang='lat' dir='ltr'><strong>et</strong></span> 
     </span>
    </p>
   </div>
   <div class='ocr_carea' id='block_1_58' title="bbox 513 4118 2099 4190">
    <p class='ocr_par' dir='ltr' id='par_1_58' title="bbox 513 4118 2099 4190">
     <span class='ocr_line' id='line_1_58' title="bbox 513 4118 2099 4190; baseline 0 -17"><span class='ocrx_word' id='word_1_407' title='bbox 513 4120 743 4190; x_wconf 87' lang='lat' dir='ltr'><strong>martyri</strong></span> <span class='ocrx_word' id='word_1_408' title='bbox 765 4118 1021 4186; x_wconf 88' lang='lat' dir='ltr'><strong>templum</strong></span> <span class='ocrx_word' id='word_1_409' title='bbox 1052 4118 1342 4173; x_wconf 79' lang='lat' dir='ltr'><strong>:editicavit</strong></span> <span class='ocrx_word' id='word_1_410' title='bbox 1382 4119 1722 4173; x_wconf 70' lang='lat' dir='ltr'><strong>maximum:</strong></span> <span class='ocrx_word' id='word_1_411' title='bbox 1771 4118 1913 4186; x_wconf 87' lang='lat' dir='ltr'><strong>quod</strong></span> <span class='ocrx_word' id='word_1_412' title='bbox 1956 4132 2099 4173; x_wconf 86' lang='lat' dir='ltr'><strong>nunc</strong></span> 
     </span>
    </p>
   </div>
   <div class='ocr_carea' id='block_1_59' title="bbox 514 4205 2115 4274">
    <p class='ocr_par' dir='ltr' id='par_1_59' title="bbox 514 4205 2115 4274">
     <span class='ocr_line' id='line_1_59' title="bbox 514 4205 2115 4274; baseline 0.001 -15"><span class='ocrx_word' id='word_1_413' title='bbox 514 4218 729 4274; x_wconf 87' lang='lat' dir='ltr'><strong>quoque</strong></span> <span class='ocrx_word' id='word_1_414' title='bbox 757 4205 1044 4274; x_wconf 55' lang='lat' dir='ltr'><strong>insigneict</strong></span> <span class='ocrx_word' id='word_1_415' title='bbox 1060 4205 1286 4274; x_wconf 80' lang='lat' dir='ltr'><strong>pulchre</strong></span> <span class='ocrx_word' id='word_1_416' title='bbox 1300 4213 1637 4261; x_wconf 76' lang='lat' dir='ltr'><strong>exstructum</strong></span> <span class='ocrx_word' id='word_1_417' title='bbox 1660 4206 1902 4261; x_wconf 89' lang='lat' dir='ltr'><strong>cernitur</strong></span> <span class='ocrx_word' id='word_1_418' title='bbox 1917 4206 1987 4261; x_wconf 82' lang='lat' dir='ltr'><strong>ab</strong></span> <span class='ocrx_word' id='word_1_419' title='bbox 2008 4206 2115 4274; x_wconf 81' lang='lat' dir='ltr'><strong>iis,.</strong></span> 
     </span>
    </p>
   </div>
   <div class='ocr_carea' id='block_1_60' title="bbox 515 4295 2096 4370">
    <p class='ocr_par' dir='ltr' id='par_1_60' title="bbox 515 4295 2096 4370">
     <span class='ocr_line' id='line_1_60' title="bbox 515 4295 2096 4370; baseline 0.003 -21"><span class='ocrx_word' id='word_1_420' title='bbox 515 4295 612 4366; x_wconf 89' lang='lat' dir='ltr'><strong>qui</strong></span> <span class='ocrx_word' id='word_1_421' title='bbox 644 4303 700 4350; x_wconf 90' lang='lat' dir='ltr'><strong>et</strong></span> <span class='ocrx_word' id='word_1_422' title='bbox 726 4304 870 4350; x_wconf 85' lang='lat' dir='ltr'><strong>terra</strong></span> <span class='ocrx_word' id='word_1_423' title='bbox 897 4304 951 4350; x_wconf 90' lang='lat' dir='ltr'><strong>et</strong></span> <span class='ocrx_word' id='word_1_424' title='bbox 1001 4296 1138 4350; x_wconf 88' lang='lat' dir='ltr'><strong>mari</strong></span> <span class='ocrx_word' id='word_1_425' title='bbox 1181 4296 1562 4366; x_wconf 83' lang='lat' dir='ltr'><strong>ingrediuntur</strong></span> <span class='ocrx_word' id='word_1_426' title='bbox 1592 4313 1655 4351; x_wconf 90' lang='lat' dir='ltr'><strong>ac</strong></span> <span class='ocrx_word' id='word_1_427' title='bbox 1696 4298 1993 4370; x_wconf 81' lang='lat' dir='ltr'><strong>navigant;</strong></span> <span class='ocrx_word' id='word_1_428' title='bbox 2029 4299 2096 4353; x_wconf 92' lang='lat' dir='ltr'><strong>ad</strong></span> 
     </span>
    </p>
   </div>
   <div class='ocr_carea' id='block_1_61' title="bbox 513 4386 2095 4461">
    <p class='ocr_par' dir='ltr' id='par_1_61' title="bbox 513 4386 2095 4461">
     <span class='ocr_line' id='line_1_61' title="bbox 513 4386 2095 4461; baseline 0.003 -21"><span class='ocrx_word' id='word_1_429' title='bbox 513 4386 742 4456; x_wconf 81' lang='lat' dir='ltr'><strong>gloriam</strong></span> <span class='ocrx_word' id='word_1_430' title='bbox 774 4387 986 4442; x_wconf 88' lang='lat' dir='ltr'><strong>Domini</strong></span> <span class='ocrx_word' id='word_1_431' title='bbox 1016 4388 1185 4443; x_wconf 85' lang='lat' dir='ltr'><strong>nostri</strong></span> <span class='ocrx_word' id='word_1_432' title='bbox 1218 4387 1343 4443; x_wconf 79' lang='lat' dir='ltr'><strong>Jesu</strong></span> <span class='ocrx_word' id='word_1_433' title='bbox 1399 4387 1624 4454; x_wconf 88' lang='lat' dir='ltr'><strong>Christi,</strong></span> <span class='ocrx_word' id='word_1_434' title='bbox 1670 4399 1720 4445; x_wconf 89' lang='lat' dir='ltr'><strong>et</strong></span> <span class='ocrx_word' id='word_1_435' title='bbox 1759 4405 1971 4457; x_wconf 87' lang='lat' dir='ltr'><strong>eorum,</strong></span> <span class='ocrx_word' id='word_1_436' title='bbox 1996 4390 2095 4461; x_wconf 85' lang='lat' dir='ltr'><strong>qui</strong></span> 
     </span>
    </p>
   </div>
   <div class='ocr_carea' id='block_1_62' title="bbox 514 4477 2178 4574">
    <p class='ocr_par' dir='ltr' id='par_1_62' title="bbox 514 4477 2178 4574">
     <span class='ocr_line' id='line_1_62' title="bbox 514 4477 2178 4574; baseline 0.004 -45"><span class='ocrx_word' id='word_1_437' title='bbox 514 4489 737 4547; x_wconf 82' lang='lat' dir='ltr'><strong>propter</strong></span> <span class='ocrx_word' id='word_1_438' title='bbox 786 4477 962 4549; x_wconf 89' lang='lat' dir='ltr'><strong>ipsum</strong></span> <span class='ocrx_word' id='word_1_439' title='bbox 996 4479 1454 4535; x_wconf 84' lang='lat' dir='ltr'><strong>decertaverunt:</strong></span> <span class='ocrx_word' id='word_1_440' title='bbox 1490 4483 1748 4550; x_wconf 89' lang='lat' dir='ltr'><strong>quoniam</strong></span> <span class='ocrx_word' id='word_1_441' title='bbox 1786 4497 1908 4537; x_wconf 92' lang='lat' dir='ltr'><strong>cum</strong></span> <span class='ocrx_word' id='word_1_442' title='bbox 1941 4481 2097 4538; x_wconf 88' lang='lat' dir='ltr'><strong>decet</strong></span> <span class='ocrx_word' id='word_1_443' title='bbox 2124 4514 2178 4574; x_wconf 65' lang='grc' dir='ltr'>Β</span> 
     </span>
    </p>
   </div>
   <div class='ocr_carea' id='block_1_63' title="bbox 513 4566 1632 4639">
    <p class='ocr_par' dir='ltr' id='par_1_63' title="bbox 513 4566 1632 4639">
     <span class='ocr_line' id='line_1_63' title="bbox 513 4566 1632 4639; baseline 0.006 -19"><span class='ocrx_word' id='word_1_444' title='bbox 513 4567 687 4639; x_wconf 77' lang='lat' dir='ltr'><strong>gloria</strong></span> <span class='ocrx_word' id='word_1_445' title='bbox 729 4569 782 4625; x_wconf 92' lang='lat' dir='ltr'><strong>in</strong></span> <span class='ocrx_word' id='word_1_446' title='bbox 823 4566 1020 4627; x_wconf 81' lang='lat' dir='ltr'><strong>saecula</strong></span> <span class='ocrx_word' id='word_1_447' title='bbox 1044 4570 1397 4627; x_wconf 80' lang='lat' dir='ltr'><strong>saeculorum.</strong></span> <span class='ocrx_word' id='word_1_448' title='bbox 1438 4570 1632 4627; x_wconf 80' lang='lat' dir='ltr'><strong>Amen.</strong></span> 
     </span>
    </p>
   </div>
   <div class='ocr_carea' id='block_1_64' title="bbox 589 4919 2094 4993">
    <p class='ocr_par' dir='ltr' id='par_1_64' title="bbox 589 4919 2094 4993">
     <span class='ocr_line' id='line_1_64' title="bbox 589 4919 2094 4993; baseline -0.003 -15"><span class='ocrx_word' id='word_1_449' title='bbox 589 4921 706 4993; x_wconf 70' lang='grc' dir='ltr'><strong>(η)</strong></span> <span class='ocrx_word' id='word_1_450' title='bbox 743 4922 1056 4983; x_wconf 84' lang='lat' dir='ltr'><strong>Chronicon</strong></span> <span class='ocrx_word' id='word_1_451' title='bbox 1100 4923 1528 4983; x_wconf 72' lang='lat' dir='ltr'><strong>Alexandrinum</strong></span> <span class='ocrx_word' id='word_1_452' title='bbox 1581 4938 1724 4980; x_wconf 89' lang='lat' dir='ltr'><strong>anno</strong></span> <span class='ocrx_word' id='word_1_453' title='bbox 1753 4919 2094 4993; x_wconf 85' lang='lat' dir='ltr'><strong>Constantini</strong></span> 
     </span>
    </p>
   </div>
   <div class='ocr_carea' id='block_1_65' title="bbox 513 4989 2098 5062">
    <p class='ocr_par' dir='ltr' id='par_1_65' title="bbox 513 4989 2098 5062">
     <span class='ocr_line' id='line_1_65' title="bbox 513 4989 2098 5062; baseline -0.001 -17"><span class='ocrx_word' id='word_1_454' title='bbox 513 4989 587 5062; x_wconf 60' lang='lat'><strong>29.</strong></span> <span class='ocrx_word' id='word_1_455' title='bbox 602 4989 934 5052; x_wconf 76' lang='lat' dir='ltr'><strong>Constantio</strong></span> <span class='ocrx_word' id='word_1_456' title='bbox 982 4997 1195 5052; x_wconf 67' lang='lat' dir='ltr'><strong>Caesare</strong></span> <span class='ocrx_word' id='word_1_457' title='bbox 1216 5011 1250 5051; x_wconf 76' lang='grc' dir='ltr'><strong>ν</strong></span> <span class='ocrx_word' id='word_1_458' title='bbox 1283 5003 1338 5049; x_wconf 90' lang='lat' dir='ltr'><strong>et</strong></span> <span class='ocrx_word' id='word_1_459' title='bbox 1383 4994 1618 5049; x_wconf 84' lang='lat' dir='ltr'><strong>Maximo</strong></span> <span class='ocrx_word' id='word_1_460' title='bbox 1648 5010 1816 5056; x_wconf 85' lang='lat' dir='ltr'><strong>coss.,</strong></span> <span class='ocrx_word' id='word_1_461' title='bbox 1849 4992 1944 5062; x_wconf 92' lang='lat' dir='ltr'><strong>qui</strong></span> <span class='ocrx_word' id='word_1_462' title='bbox 1975 4997 2098 5045; x_wconf 88' lang='lat' dir='ltr'><strong>erat</strong></span> 
     </span>
    </p>
   </div>
   <div class='ocr_carea' id='block_1_66' title="bbox 516 5058 2095 5121">
    <p class='ocr_par' dir='ltr' id='par_1_66' title="bbox 516 5058 2095 5121">
     <span class='ocr_line' id='line_1_66' title="bbox 516 5058 2095 5121; baseline -0.001 -7"><span class='ocrx_word' id='word_1_463' title='bbox 516 5058 718 5117; x_wconf 83' lang='lat' dir='ltr'><strong>Christi</strong></span> <span class='ocrx_word' id='word_1_464' title='bbox 757 5066 863 5119; x_wconf 59' lang='lat'><strong>5‘27</strong></span> <span class='ocrx_word' id='word_1_465' title='bbox 895 5070 1011 5121; x_wconf 61' lang='lat' dir='ltr'><strong>haec</strong></span> <span class='ocrx_word' id='word_1_466' title='bbox 1053 5067 1214 5120; x_wconf 87' lang='lat' dir='ltr'><strong>habet</strong></span> <span class='ocrx_word' id='word_1_467' title='bbox 1253 5081 1270 5118; x_wconf 89' lang='lat'><strong>:</strong></span> <span class='ocrx_word' id='word_1_468' title='bbox 1305 5082 1324 5117; x_wconf 81' lang='grc' dir='ltr'><strong>ι</strong></span> <span class='ocrx_word' id='word_1_469' title='bbox 1358 5062 1754 5119; x_wconf 82' lang='lat' dir='ltr'><strong>Constantinus</strong></span> <span class='ocrx_word' id='word_1_470' title='bbox 1794 5058 2095 5118; x_wconf 80' lang='lat' dir='ltr'><strong>instaurata</strong></span> 
     </span>
    </p>
   </div>
   <div class='ocr_carea' id='block_1_67' title="bbox 516 5130 2096 5206">
    <p class='ocr_par' dir='ltr' id='par_1_67' title="bbox 516 5130 2096 5206">
     <span class='ocr_line' id='line_1_67' title="bbox 516 5130 2096 5206; baseline -0.002 -19"><span class='ocrx_word' id='word_1_471' title='bbox 516 5132 753 5206; x_wconf 78' lang='lat' dir='ltr'><strong>Drepani</strong></span> <span class='ocrx_word' id='word_1_472' title='bbox 800 5138 933 5191; x_wconf 88' lang='lat' dir='ltr'><strong>urbe</strong></span> <span class='ocrx_word' id='word_1_473' title='bbox 967 5137 1024 5190; x_wconf 90' lang='lat' dir='ltr'><strong>in</strong></span> <span class='ocrx_word' id='word_1_474' title='bbox 1075 5134 1330 5206; x_wconf 84' lang='lat' dir='ltr'><strong>Bithynia</strong></span> <span class='ocrx_word' id='word_1_475' title='bbox 1384 5135 1452 5206; x_wconf 70' lang='lat' dir='ltr'><strong>ad</strong></span> <span class='ocrx_word' id='word_1_476' title='bbox 1495 5136 1721 5206; x_wconf 72' lang='lat' dir='ltr'><strong>cultum</strong></span> <span class='ocrx_word' id='word_1_477' title='bbox 1755 5133 1813 5188; x_wconf 90' lang='lat' dir='ltr'><strong>S.</strong></span> <span class='ocrx_word' id='word_1_478' title='bbox 1868 5130 2096 5185; x_wconf 87' lang='lat' dir='ltr'><strong>Luciaui</strong></span> 
     </span>
    </p>
   </div>
   <div class='ocr_carea' id='block_1_68' title="bbox 517 5203 2099 5273">
    <p class='ocr_par' dir='ltr' id='par_1_68' title="bbox 517 5203 2099 5273">
     <span class='ocr_line' id='line_1_68' title="bbox 517 5203 2099 5273; baseline -0.003 -15"><span class='ocrx_word' id='word_1_479' title='bbox 517 5204 799 5273; x_wconf 82' lang='lat' dir='ltr'><strong>martyris,</strong></span> <span class='ocrx_word' id='word_1_480' title='bbox 839 5207 985 5261; x_wconf 87' lang='lat' dir='ltr'><strong>illam</strong></span> <span class='ocrx_word' id='word_1_481' title='bbox 1014 5222 1044 5259; x_wconf 88' lang='lat' dir='ltr'><strong>a</strong></span> <span class='ocrx_word' id='word_1_482' title='bbox 1072 5203 1245 5260; x_wconf 79' lang='lat' dir='ltr'><strong>matre</strong></span> <span class='ocrx_word' id='word_1_483' title='bbox 1280 5218 1378 5257; x_wconf 87' lang='lat' dir='ltr'><strong>sua</strong></span> <span class='ocrx_word' id='word_1_484' title='bbox 1412 5203 1783 5272; x_wconf 87' lang='lat' dir='ltr'><strong>Helenopolim</strong></span> <span class='ocrx_word' id='word_1_485' title='bbox 1816 5215 2099 5270; x_wconf 87' lang='lat' dir='ltr'><strong>nuncupa-</strong></span> 
     </span>
    </p>
   </div>
   <div class='ocr_carea' id='block_1_69' title="bbox 516 5273 2104 5344">
    <p class='ocr_par' dir='ltr' id='par_1_69' title="bbox 516 5273 2104 5344">
     <span class='ocr_line' id='line_1_69' title="bbox 516 5273 2104 5344; baseline 0.002 -22"><span class='ocrx_word' id='word_1_486' title='bbox 516 5273 618 5337; x_wconf 80' lang='lat' dir='ltr'><strong>vit,</strong></span> <span class='ocrx_word' id='word_1_487' title='bbox 643 5278 839 5329; x_wconf 85' lang='lat' dir='ltr'><strong>donata</strong></span> <span class='ocrx_word' id='word_1_488' title='bbox 885 5276 1087 5331; x_wconf 75' lang='lat' dir='ltr'><strong>civitati</strong></span> <span class='ocrx_word' id='word_1_489' title='bbox 1122 5275 1173 5329; x_wconf 87' lang='lat' dir='ltr'><strong>in</strong></span> <span class='ocrx_word' id='word_1_490' title='bbox 1213 5275 1469 5344; x_wconf 81' lang='lat' dir='ltr'><strong>martyris</strong></span> <span class='ocrx_word' id='word_1_491' title='bbox 1510 5277 1795 5336; x_wconf 87' lang='lat' dir='ltr'><strong>honorem,</strong></span> <span class='ocrx_word' id='word_1_492' title='bbox 1821 5286 2104 5343; x_wconf 86' lang='lat' dir='ltr'><strong>quousque</strong></span> 
     </span>
    </p>
   </div>
   <div class='ocr_carea' id='block_1_70' title="bbox 521 5344 2106 5415">
    <p class='ocr_par' dir='ltr' id='par_1_70' title="bbox 521 5344 2106 5415">
     <span class='ocr_line' id='line_1_70' title="bbox 521 5344 2106 5415; baseline -0.002 -20"><span class='ocrx_word' id='word_1_493' title='bbox 521 5352 673 5415; x_wconf 83' lang='lat' dir='ltr'><strong>patet</strong></span> <span class='ocrx_word' id='word_1_494' title='bbox 712 5356 836 5399; x_wconf 89' lang='lat' dir='ltr'><strong>ante</strong></span> <span class='ocrx_word' id='word_1_495' title='bbox 882 5347 1071 5400; x_wconf 89' lang='lat' dir='ltr'><strong>urbem</strong></span> <span class='ocrx_word' id='word_1_496' title='bbox 1113 5355 1449 5415; x_wconf 90' lang='lat' dir='ltr'><strong>prospectus,</strong></span> <span class='ocrx_word' id='word_1_497' title='bbox 1494 5344 2106 5415; x_wconf 60' lang='lat' dir='ltr'><strong>immunitatevectiga-</strong></span> 
     </span>
    </p>
   </div>
   <div class='ocr_carea' id='block_1_71' title="bbox 522 5412 2106 5483">
    <p class='ocr_par' dir='ltr' id='par_1_71' title="bbox 522 5412 2106 5483">
     <span class='ocr_line' id='line_1_71' title="bbox 522 5412 2106 5483; baseline -0.001 -18"><span class='ocrx_word' id='word_1_498' title='bbox 522 5413 655 5483; x_wconf 61' lang='lat' dir='ltr'><strong>lium</strong></span> <span class='ocrx_word' id='word_1_499' title='bbox 678 5416 744 5467; x_wconf 90' lang='lat' dir='ltr'><strong>ad</strong></span> <span class='ocrx_word' id='word_1_500' title='bbox 771 5416 1091 5470; x_wconf 88' lang='lat' dir='ltr'><strong>hodiernum</strong></span> <span class='ocrx_word' id='word_1_501' title='bbox 1115 5412 1290 5483; x_wconf 81' lang='lat' dir='ltr'><strong>usque</strong></span> <span class='ocrx_word' id='word_1_502' title='bbox 1325 5416 1489 5469; x_wconf 88' lang='lat' dir='ltr'><strong>diem.</strong></span> <span class='ocrx_word' id='word_1_503' title='bbox 1521 5431 1541 5464; x_wconf 71' lang='grc' dir='ltr'><strong>ι</strong></span> <span class='ocrx_word' id='word_1_504' title='bbox 1574 5413 1711 5468; x_wconf 83' lang='lat' dir='ltr'><strong>Nota</strong></span> <span class='ocrx_word' id='word_1_505' title='bbox 1744 5422 1799 5468; x_wconf 89' lang='lat' dir='ltr'><strong>et</strong></span> <span class='ocrx_word' id='word_1_506' title='bbox 1826 5412 2106 5479; x_wconf 86' lang='lat' dir='ltr'><strong>Stephano</strong></span> 
     </span>
    </p>
   </div>
   <div class='ocr_carea' id='block_1_72' title="bbox 526 5479 2106 5556">
    <p class='ocr_par' dir='ltr' id='par_1_72' title="bbox 526 5479 2106 5556">
     <span class='ocr_line' id='line_1_72' title="bbox 526 5479 2106 5556; baseline -0.004 -16"><span class='ocrx_word' id='word_1_507' title='bbox 526 5479 799 5556; x_wconf 57' lang='lat' dir='ltr'><strong>Byzantio</strong></span> <span class='ocrx_word' id='word_1_508' title='bbox 821 5485 1070 5556; x_wconf 80' lang='lat' dir='ltr'><strong>Drepane</strong></span> <span class='ocrx_word' id='word_1_509' title='bbox 1105 5479 1375 5555; x_wconf 66' lang='lat' dir='ltr'><strong>Bithyniae</strong></span> <span class='ocrx_word' id='word_1_510' title='bbox 1431 5486 1506 5556; x_wconf 81' lang='lat' dir='ltr'><strong>ad</strong></span> <span class='ocrx_word' id='word_1_511' title='bbox 1547 5485 1733 5556; x_wconf 76' lang='lat' dir='ltr'><strong>sinum</strong></span> <span class='ocrx_word' id='word_1_512' title='bbox 1776 5485 2106 5556; x_wconf 81' lang='lat' dir='ltr'><strong>Astaccnum</strong></span> 
     </span>
    </p>
   </div>
   <div class='ocr_carea' id='block_1_73' title="bbox 524 5551 2109 5625">
    <p class='ocr_par' dir='ltr' id='par_1_73' title="bbox 524 5551 2109 5625">
     <span class='ocr_line' id='line_1_73' title="bbox 524 5551 2109 5625; baseline -0.002 -17"><span class='ocrx_word' id='word_1_513' title='bbox 524 5551 737 5625; x_wconf 57' lang='lat' dir='ltr'><strong>giritas.</strong></span> <span class='ocrx_word' id='word_1_514' title='bbox 800 5551 1057 5625; x_wconf 69' lang='lat' dir='ltr'><strong>Socrates</strong></span> <span class='ocrx_word' id='word_1_515' title='bbox 1096 5556 1195 5615; x_wconf 85' lang='lat' dir='ltr'><strong>lib.</strong></span> <span class='ocrx_word' id='word_1_516' title='bbox 1231 5551 1271 5619; x_wconf 77' lang='grc' dir='ltr'>ἱ,</span> <span class='ocrx_word' id='word_1_517' title='bbox 1332 5569 1451 5625; x_wconf 84' lang='lat' dir='ltr'><strong>cap.</strong></span> <span class='ocrx_word' id='word_1_518' title='bbox 1487 5553 1576 5616; x_wconf 75' lang='grc'><strong>15.</strong></span> <span class='ocrx_word' id='word_1_519' title='bbox 1639 5552 2109 5625; x_wconf 71' lang='lat' dir='ltr'><strong>llelenmnomiue</strong></span> 
     </span>
    </p>
   </div>
   <div class='ocr_carea' id='block_1_74' title="bbox 527 5617 2108 5700">
    <p class='ocr_par' dir='ltr' id='par_1_74' title="bbox 527 5617 2108 5700">
     <span class='ocr_line' id='line_1_74' title="bbox 527 5617 2108 5700; baseline -0.001 -26"><span class='ocrx_word' id='word_1_520' title='bbox 527 5617 777 5700; x_wconf 66' lang='lat' dir='ltr'><strong>Drepane</strong></span> <span class='ocrx_word' id='word_1_521' title='bbox 804 5624 1147 5697; x_wconf 82' lang='lat' dir='ltr'><strong>Helenopolis</strong></span> <span class='ocrx_word' id='word_1_522' title='bbox 1177 5617 1421 5700; x_wconf 60' lang='lat' dir='ltr'><strong>vocatur,</strong></span> <span class='ocrx_word' id='word_1_523' title='bbox 1450 5624 1593 5700; x_wconf 64' lang='lat' dir='ltr'><strong>olim</strong></span> <span class='ocrx_word' id='word_1_524' title='bbox 1621 5623 1823 5700; x_wconf 76' lang='lat' dir='ltr'><strong>_vicus,</strong></span> <span class='ocrx_word' id='word_1_525' title='bbox 1857 5622 1987 5700; x_wconf 67' lang='lat' dir='ltr'><strong>jam</strong></span> <span class='ocrx_word' id='word_1_526' title='bbox 2032 5622 2108 5675; x_wconf 84' lang='lat' dir='ltr'><strong>ci-</strong></span> 
     </span>
    </p>
   </div>
   <div class='ocr_carea' id='block_1_75' title="bbox 528 5692 2108 5767">
    <p class='ocr_par' dir='ltr' id='par_1_75' title="bbox 528 5692 2108 5767">
     <span class='ocr_line' id='line_1_75' title="bbox 528 5692 2108 5767; baseline 0.001 -22"><span class='ocrx_word' id='word_1_527' title='bbox 528 5692 668 5748; x_wconf 69' lang='lat' dir='ltr'><strong>Vilas</strong></span> <span class='ocrx_word' id='word_1_528' title='bbox 714 5694 783 5750; x_wconf 88' lang='lat' dir='ltr'><strong>ab</strong></span> <span class='ocrx_word' id='word_1_529' title='bbox 841 5692 1168 5766; x_wconf 75' lang='lat' dir='ltr'><strong>Imperatore</strong></span> <span class='ocrx_word' id='word_1_530' title='bbox 1228 5695 1397 5767; x_wconf 82' lang='lat' dir='ltr'><strong>facta.</strong></span> <span class='ocrx_word' id='word_1_531' title='bbox 1450 5693 1789 5764; x_wconf 82' lang='lat' dir='ltr'><strong>Nicephorus</strong></span> <span class='ocrx_word' id='word_1_532' title='bbox 1851 5692 2108 5750; x_wconf 86' lang='lat' dir='ltr'><strong>Callistus</strong></span> 
     </span>
    </p>
   </div>
   <div class='ocr_carea' id='block_1_76' title="bbox 2188 1958 3848 2035">
    <p class='ocr_par' dir='ltr' id='par_1_76' title="bbox 2188 1958 3848 2035">
     <span class='ocr_line' id='line_1_76' title="bbox 2188 1958 3848 2035; baseline -0.001 -19"><span class='ocrx_word' id='word_1_533' title='bbox 2188 1962 2339 2035; x_wconf 79' lang='grc' dir='ltr'>δι’ἥν</span> <span class='ocrx_word' id='word_1_534' title='bbox 2368 1961 2602 2015; x_wconf 74' lang='grc' dir='ltr'>ἕκαστον</span> <span class='ocrx_word' id='word_1_535' title='bbox 2629 1960 2729 2033; x_wconf 74' lang='grc' dir='ltr'>τὴν</span> <span class='ocrx_word' id='word_1_536' title='bbox 2776 1960 2956 2015; x_wconf 76' lang='grc' dir='ltr'>αἰτίαν</span> <span class='ocrx_word' id='word_1_537' title='bbox 2995 1959 3309 2033; x_wconf 84' lang='grc' dir='ltr'>συμϐαίνει,</span> <span class='ocrx_word' id='word_1_538' title='bbox 3349 1958 3484 2015; x_wconf 87' lang='grc' dir='ltr'><strong>ῐστω</strong></span> <span class='ocrx_word' id='word_1_539' title='bbox 3517 1959 3779 2033; x_wconf 64' lang='grc' dir='ltr'>καθαρῶς</span> <span class='ocrx_word' id='word_1_540' title='bbox 3837 2012 3848 2024; x_wconf 81' lang='grc'><strong>,</strong></span> 
     </span>
    </p>
   </div>
   <div class='ocr_carea' id='block_1_77' title="bbox 2188 2051 3778 2123">
    <p class='ocr_par' dir='ltr' id='par_1_77' title="bbox 2188 2051 3778 2123">
     <span class='ocr_line' id='line_1_77' title="bbox 2188 2051 3778 2123; baseline -0.001 -14"><span class='ocrx_word' id='word_1_541' title='bbox 2188 2054 2352 2119; x_wconf 79' lang='grc' dir='ltr'>αὐτὸς</span> <span class='ocrx_word' id='word_1_542' title='bbox 2379 2055 2406 2109; x_wconf 80' lang='grc' dir='ltr'>ὁ</span> <span class='ocrx_word' id='word_1_543' title='bbox 2438 2053 2564 2107; x_wconf 84' lang='grc' dir='ltr'>τάδε</span> <span class='ocrx_word' id='word_1_544' title='bbox 2616 2052 2841 2111; x_wconf 88' lang='grc' dir='ltr'>διέπων.</span> <span class='ocrx_word' id='word_1_545' title='bbox 2879 2051 3026 2123; x_wconf 84' lang='grc' dir='ltr'><strong>Πλὴν</strong></span> <span class='ocrx_word' id='word_1_546' title='bbox 3078 2051 3165 2122; x_wconf 69' lang='grc' dir='ltr'><strong>ἐφ’</strong></span> <span class='ocrx_word' id='word_1_547' title='bbox 3199 2051 3449 2116; x_wconf 74' lang='grc' dir='ltr'><strong>ἑκάστοις</strong></span> <span class='ocrx_word' id='word_1_548' title='bbox 3482 2052 3591 2106; x_wconf 87' lang='grc' dir='ltr'><strong>τῶν</strong></span> <span class='ocrx_word' id='word_1_549' title='bbox 3644 2052 3778 2123; x_wconf 83' lang='grc' dir='ltr'>παρ’</span> 
     </span>
    </p>
   </div>
   <div class='ocr_carea' id='block_1_78' title="bbox 2189 2145 3781 2219">
    <p class='ocr_par' dir='ltr' id='par_1_78' title="bbox 2189 2145 3781 2219">
     <span class='ocr_line' id='line_1_78' title="bbox 2189 2145 3781 2219; baseline -0.003 -17"><span class='ocrx_word' id='word_1_550' title='bbox 2189 2145 2357 2202; x_wconf 80' lang='grc' dir='ltr'>αὐτοῦ</span> <span class='ocrx_word' id='word_1_551' title='bbox 2392 2145 3005 2219; x_wconf 83' lang='grc' dir='ltr'>θαυματουργουμένων</span> <span class='ocrx_word' id='word_1_552' title='bbox 3048 2145 3082 2217; x_wconf 83' lang='grc' dir='ltr'>ἢ</span> <span class='ocrx_word' id='word_1_553' title='bbox 3129 2145 3547 2217; x_wconf 74' lang='grc' dir='ltr'><strong>πραττομένων,</strong></span> <span class='ocrx_word' id='word_1_554' title='bbox 3600 2146 3781 2215; x_wconf 77' lang='grc' dir='ltr'>ἐκμά-</span> 
     </span>
    </p>
   </div>
   <div class='ocr_carea' id='block_1_79' title="bbox 2191 2231 3778 2309">
    <p class='ocr_par' dir='ltr' id='par_1_79' title="bbox 2191 2231 3778 2309">
     <span class='ocr_line' id='line_1_79' title="bbox 2191 2231 3778 2309; baseline -0.001 -18"><span class='ocrx_word' id='word_1_555' title='bbox 2191 2238 2274 2292; x_wconf 85' lang='grc' dir='ltr'><strong>θοι</strong></span> <span class='ocrx_word' id='word_1_556' title='bbox 2324 2254 2408 2300; x_wconf 89' lang='grc' dir='ltr'><strong>τις</strong></span> <span class='ocrx_word' id='word_1_557' title='bbox 2441 2236 2508 2291; x_wconf 80' lang='grc' dir='ltr'>ἂν</span> <span class='ocrx_word' id='word_1_558' title='bbox 2546 2235 2643 2290; x_wconf 73' lang='grc' dir='ltr'>καὶ</span> <span class='ocrx_word' id='word_1_559' title='bbox 2686 2236 2876 2309; x_wconf 74' lang='grc' dir='ltr'>ἕτερον</span> <span class='ocrx_word' id='word_1_560' title='bbox 2904 2231 3043 2291; x_wconf 79' lang='grc' dir='ltr'>εῖναι</span> <span class='ocrx_word' id='word_1_561' title='bbox 3091 2235 3251 2305; x_wconf 87' lang='grc' dir='ltr'>λόγον</span> <span class='ocrx_word' id='word_1_562' title='bbox 3303 2236 3640 2308; x_wconf 78' lang='grc' dir='ltr'>ἀπόρρητον,</span> <span class='ocrx_word' id='word_1_563' title='bbox 3682 2233 3778 2290; x_wconf 79' lang='grc' dir='ltr'>καὶ</span> 
     </span>
    </p>
   </div>
   <div class='ocr_carea' id='block_1_80' title="bbox 2189 2324 3778 2407">
    <p class='ocr_par' dir='ltr' id='par_1_80' title="bbox 2189 2324 3778 2407">
     <span class='ocr_line' id='line_1_80' title="bbox 2189 2324 3778 2407; baseline -0.001 -24"><span class='ocrx_word' id='word_1_564' title='bbox 2189 2327 2334 2400; x_wconf 78' lang='grc' dir='ltr'>ὑπὲρ</span> <span class='ocrx_word' id='word_1_565' title='bbox 2370 2328 2539 2407; x_wconf 77' lang='grc' dir='ltr'>ὴμᾷς,</span> <span class='ocrx_word' id='word_1_566' title='bbox 2572 2327 2665 2382; x_wconf 56' lang='grc' dir='ltr'><strong>καὶ¹</strong></span> <span class='ocrx_word' id='word_1_567' title='bbox 2694 2326 2928 2400; x_wconf 81' lang='grc' dir='ltr'>ἀρίστην</span> <span class='ocrx_word' id='word_1_568' title='bbox 2968 2327 3305 2398; x_wconf 80' lang='grc' dir='ltr'>οἰκονομίαν,</span> <span class='ocrx_word' id='word_1_569' title='bbox 3355 2326 3450 2380; x_wconf 70' lang='grc' dir='ltr'>καὶ</span> <span class='ocrx_word' id='word_1_570' title='bbox 3497 2324 3778 2397; x_wconf 79' lang='grc' dir='ltr'>ἀκατάλη·</span> 
     </span>
    </p>
   </div>
   <div class='ocr_carea' id='block_1_81' title="bbox 2191 2417 3778 2492">
    <p class='ocr_par' dir='ltr' id='par_1_81' title="bbox 2191 2417 3778 2492">
     <span class='ocr_line' id='line_1_81' title="bbox 2191 2417 3778 2492; baseline -0.002 -16"><span class='ocrx_word' id='word_1_571' title='bbox 2191 2439 2349 2487; x_wconf 88' lang='grc' dir='ltr'>πτον,</span> <span class='ocrx_word' id='word_1_572' title='bbox 2386 2420 2484 2476; x_wconf 81' lang='grc' dir='ltr'>καὶ</span> <span class='ocrx_word' id='word_1_573' title='bbox 2521 2419 2691 2492; x_wconf 84' lang='grc' dir='ltr'>μηδὲν</span> <span class='ocrx_word' id='word_1_574' title='bbox 2718 2421 2843 2489; x_wconf 86' lang='grc' dir='ltr'><strong>είκῆ</strong></span> <span class='ocrx_word' id='word_1_575' title='bbox 2871 2420 3041 2492; x_wconf 83' lang='grc' dir='ltr'>μηδὲν</span> <span class='ocrx_word' id='word_1_576' title='bbox 3064 2419 3124 2473; x_wconf 83' lang='grc' dir='ltr'>ὃν</span> <span class='ocrx_word' id='word_1_577' title='bbox 3165 2418 3321 2491; x_wconf 85' lang='grc' dir='ltr'>έτυχε</span> <span class='ocrx_word' id='word_1_578' title='bbox 3354 2417 3611 2489; x_wconf 86' lang='grc' dir='ltr'>γενέσθαι</span> <span class='ocrx_word' id='word_1_579' title='bbox 3649 2418 3778 2490; x_wconf 84' lang='grc' dir='ltr'>τρό-</span> 
     </span>
    </p>
   </div>
   <div class='ocr_carea' id='block_1_82' title="bbox 2191 2532 2331 2570">
    <p class='ocr_par' dir='ltr' id='par_1_82' title="bbox 2191 2532 2331 2570">
     <span class='ocr_line' id='line_1_82' title="bbox 2191 2532 2331 2570; baseline -0.021 -1"><span class='ocrx_word' id='word_1_580' title='bbox 2191 2532 2331 2570; x_wconf 69' lang='grc' dir='ltr'>πονι</span> 
     </span>
    </p>
   </div>
   <div class='ocr_carea' id='block_1_83' title="bbox 2263 2598 3781 2671">
    <p class='ocr_par' dir='ltr' id='par_1_83' title="bbox 2263 2598 3781 2671">
     <span class='ocr_line' id='line_1_83' title="bbox 2263 2598 3781 2671; baseline -0.005 -10"><span class='ocrx_word' id='word_1_581' title='bbox 2263 2613 2333 2661; x_wconf 82' lang='grc' dir='ltr'><strong>κ’.</strong></span> <span class='ocrx_word' id='word_1_582' title='bbox 2361 2605 2495 2660; x_wconf 77' lang='grc' dir='ltr'>Τότε</span> <span class='ocrx_word' id='word_1_583' title='bbox 2521 2603 2567 2658; x_wconf 89' lang='grc' dir='ltr'>δ’</span> <span class='ocrx_word' id='word_1_584' title='bbox 2589 2602 2683 2658; x_wconf 78' lang='grc' dir='ltr'>οὖν</span> <span class='ocrx_word' id='word_1_585' title='bbox 2714 2601 2789 2666; x_wconf 84' lang='grc' dir='ltr'>ὡς</span> <span class='ocrx_word' id='word_1_586' title='bbox 2824 2602 2929 2655; x_wconf 70' lang='grc' dir='ltr'><strong>ὑπὸ</strong></span> <span class='ocrx_word' id='word_1_587' title='bbox 2958 2599 3055 2656; x_wconf 82' lang='grc' dir='ltr'>τοῦ</span> <span class='ocrx_word' id='word_1_588' title='bbox 3094 2601 3339 2671; x_wconf 81' lang='grc' dir='ltr'>δελφῖνος</span> <span class='ocrx_word' id='word_1_589' title='bbox 3364 2598 3714 2671; x_wconf 74' lang='grc' dir='ltr'><strong>ἐκκομισθεὶς</strong></span> <span class='ocrx_word' id='word_1_590' title='bbox 3744 2600 3781 2653; x_wconf 77' lang='grc' dir='ltr'><strong>ὁ</strong></span> 
     </span>
    </p>
   </div>
   <div class='ocr_carea' id='block_1_84' title="bbox 2192 2692 3779 2772">
    <p class='ocr_par' dir='ltr' id='par_1_84' title="bbox 2192 2692 3779 2772">
     <span class='ocr_line' id='line_1_84' title="bbox 2192 2692 3779 2772; baseline -0.005 -17"><span class='ocrx_word' id='word_1_591' title='bbox 2192 2699 2386 2772; x_wconf 74' lang='grc' dir='ltr'>νεκρὸς</span> <span class='ocrx_word' id='word_1_592' title='bbox 2427 2699 2522 2752; x_wconf 70' lang='grc' dir='ltr'><strong>ἐπὶ</strong></span> <span class='ocrx_word' id='word_1_593' title='bbox 2566 2698 2665 2768; x_wconf 84' lang='grc' dir='ltr'>τὴν</span> <span class='ocrx_word' id='word_1_594' title='bbox 2716 2695 2945 2768; x_wconf 81' lang='grc' dir='ltr'><strong>ψάμμον</strong></span> <span class='ocrx_word' id='word_1_595' title='bbox 2982 2693 3186 2764; x_wconf 76' lang='grc' dir='ltr'>ἠνέχθη</span> <span class='ocrx_word' id='word_1_596' title='bbox 3209 2733 3225 2761; x_wconf 94' lang='grc'><strong>,</strong></span> <span class='ocrx_word' id='word_1_597' title='bbox 3280 2692 3680 2763; x_wconf 80' lang='grc' dir='ltr'><strong>συνδραμόντες</strong></span> <span class='ocrx_word' id='word_1_598' title='bbox 3724 2693 3779 2747; x_wconf 70' lang='grc' dir='ltr'>οἱ</span> 
     </span>
    </p>
   </div>
   <div class='ocr_carea' id='block_1_85' title="bbox 2194 2783 3781 2864">
    <p class='ocr_par' dir='ltr' id='par_1_85' title="bbox 2194 2783 3781 2864">
     <span class='ocr_line' id='line_1_85' title="bbox 2194 2783 3781 2864; baseline -0.004 -17"><span class='ocrx_word' id='word_1_599' title='bbox 2194 2791 2439 2864; x_wconf 76' lang='grc' dir='ltr'>μαθηταὶ</span> <span class='ocrx_word' id='word_1_600' title='bbox 2474 2792 2669 2861; x_wconf 83' lang='grc' dir='ltr'>πρῶτα</span> <span class='ocrx_word' id='word_1_601' title='bbox 2709 2788 2810 2859; x_wconf 75' lang='grc' dir='ltr'>μὲν</span> <span class='ocrx_word' id='word_1_602' title='bbox 2861 2784 3172 2857; x_wconf 73' lang='grc' dir='ltr'>ἠσπάζοντο</span> <span class='ocrx_word' id='word_1_603' title='bbox 3231 2785 3374 2841; x_wconf 83' lang='grc' dir='ltr'>κατὰ</span> <span class='ocrx_word' id='word_1_604' title='bbox 3433 2784 3498 2842; x_wconf 83' lang='grc' dir='ltr'><strong>τδ</strong></span> <span class='ocrx_word' id='word_1_605' title='bbox 3541 2783 3781 2856; x_wconf 80' lang='grc' dir='ltr'><strong>πρέπον,</strong></span> 
     </span>
    </p>
   </div>
   <div class='ocr_carea' id='block_1_86' title="bbox 2192 2871 3783 2957">
    <p class='ocr_par' dir='ltr' id='par_1_86' title="bbox 2192 2871 3783 2957">
     <span class='ocr_line' id='line_1_86' title="bbox 2192 2871 3783 2957; baseline -0.008 -16"><span class='ocrx_word' id='word_1_606' title='bbox 2192 2884 2490 2957; x_wconf 80' lang='grc' dir='ltr'><strong>ἀλλαχόθεν</strong></span> <span class='ocrx_word' id='word_1_607' title='bbox 2518 2883 2679 2946; x_wconf 79' lang='grc' dir='ltr'>ἄλλος</span> <span class='ocrx_word' id='word_1_608' title='bbox 2705 2879 3105 2951; x_wconf 81' lang='grc' dir='ltr'>ὲπιγινόμενοι,</span> <span class='ocrx_word' id='word_1_609' title='bbox 3139 2877 3234 2931; x_wconf 73' lang='grc' dir='ltr'>καὶ</span> <span class='ocrx_word' id='word_1_610' title='bbox 3261 2876 3480 2947; x_wconf 74' lang='grc' dir='ltr'>ἐφίλουν</span> <span class='ocrx_word' id='word_1_611' title='bbox 3510 2893 3571 2930; x_wconf 87' lang='grc' dir='ltr'><strong>τε</strong></span> <span class='ocrx_word' id='word_1_612' title='bbox 3598 2875 3675 2941; x_wconf 84' lang='grc' dir='ltr'><strong>ὡς</strong></span> <span class='ocrx_word' id='word_1_613' title='bbox 3710 2871 3783 2947; x_wconf 77' lang='grc' dir='ltr'>ἦν</span> 
     </span>
    </p>
   </div>
   <div class='ocr_carea' id='block_1_87' title="bbox 2191 2966 3778 3043">
    <p class='ocr_par' dir='ltr' id='par_1_87' title="bbox 2191 2966 3778 3043">
     <span class='ocr_line' id='line_1_87' title="bbox 2191 2966 3778 3043; baseline -0.006 -11"><span class='ocrx_word' id='word_1_614' title='bbox 2191 2976 2417 3032; x_wconf 85' lang='grc' dir='ltr'>δυνατὸν</span> <span class='ocrx_word' id='word_1_615' title='bbox 2447 2976 2679 3038; x_wconf 73' lang='grc' dir='ltr'>ἕκαστος</span> <span class='ocrx_word' id='word_1_616' title='bbox 2710 2972 2818 3026; x_wconf 79' lang='grc' dir='ltr'><strong>ὑπὸ</strong></span> <span class='ocrx_word' id='word_1_617' title='bbox 2868 2969 3201 3043; x_wconf 83' lang='grc' dir='ltr'><strong>προθυμίας,</strong></span> <span class='ocrx_word' id='word_1_618' title='bbox 3239 2967 3336 3023; x_wconf 75' lang='grc' dir='ltr'>καὶ</span> <span class='ocrx_word' id='word_1_619' title='bbox 3379 2966 3737 3039; x_wconf 85' lang='grc' dir='ltr'>περιέϐαλλον</span> <span class='ocrx_word' id='word_1_620' title='bbox 3762 3007 3778 3023; x_wconf 94' lang='grc'><strong>.</strong></span> 
     </span>
    </p>
   </div>
   <div class='ocr_carea' id='block_1_88' title="bbox 2197 3058 3781 3139">
    <p class='ocr_par' dir='ltr' id='par_1_88' title="bbox 2197 3058 3781 3139">
     <span class='ocr_line' id='line_1_88' title="bbox 2197 3058 3781 3139; baseline -0.009 -14"><span class='ocrx_word' id='word_1_621' title='bbox 2197 3071 2434 3126; x_wconf 84' lang='grc' dir='ltr'>Ἔπειτα</span> <span class='ocrx_word' id='word_1_622' title='bbox 2460 3067 2645 3139; x_wconf 90' lang='grc' dir='ltr'>μέντοι</span> <span class='ocrx_word' id='word_1_623' title='bbox 2677 3063 3046 3129; x_wconf 86' lang='grc' dir='ltr'>διαλαϐόντες,</span> <span class='ocrx_word' id='word_1_624' title='bbox 3082 3062 3178 3117; x_wconf 72' lang='grc' dir='ltr'>καὶ</span> <span class='ocrx_word' id='word_1_625' title='bbox 3204 3062 3394 3134; x_wconf 72' lang='grc' dir='ltr'>χερσὶν</span> <span class='ocrx_word' id='word_1_626' title='bbox 3423 3058 3655 3124; x_wconf 83' lang='grc' dir='ltr'>οίκείαις</span> <span class='ocrx_word' id='word_1_627' title='bbox 3684 3060 3781 3121; x_wconf 69' lang='grc' dir='ltr'><strong>ὲκ-</strong></span> 
     </span>
    </p>
   </div>
   <div class='ocr_carea' id='block_1_89' title="bbox 2198 3151 3784 3235">
    <p class='ocr_par' dir='ltr' id='par_1_89' title="bbox 2198 3151 3784 3235">
     <span class='ocr_line' id='line_1_89' title="bbox 2198 3151 3784 3235; baseline -0.009 -16"><span class='ocrx_word' id='word_1_628' title='bbox 2198 3163 2583 3235; x_wconf 87' lang='grc' dir='ltr'>κομισάμενοι,</span> <span class='ocrx_word' id='word_1_629' title='bbox 2616 3158 2795 3214; x_wconf 82' lang='grc' dir='ltr'>πάντα</span> <span class='ocrx_word' id='word_1_630' title='bbox 2823 3173 2884 3211; x_wconf 88' lang='grc' dir='ltr'><strong>τε</strong></span> <span class='ocrx_word' id='word_1_631' title='bbox 2930 3156 3001 3209; x_wconf 80' lang='grc' dir='ltr'>τὰ</span> <span class='ocrx_word' id='word_1_632' title='bbox 3048 3154 3137 3208; x_wconf 72' lang='grc' dir='ltr'><strong>ἐπ’</strong></span> <span class='ocrx_word' id='word_1_633' title='bbox 3183 3154 3369 3217; x_wconf 77' lang='grc' dir='ltr'>αὐτοῖς</span> <span class='ocrx_word' id='word_1_634' title='bbox 3414 3151 3784 3223; x_wconf 67' lang='grc' dir='ltr'>νενομισμένα</span> 
     </span>
    </p>
   </div>
   <div class='ocr_carea' id='block_1_90' title="bbox 2202 3244 3785 3322">
    <p class='ocr_par' dir='ltr' id='par_1_90' title="bbox 2202 3244 3785 3322">
     <span class='ocr_line' id='line_1_90' title="bbox 2202 3244 3785 3322; baseline -0.01 -10"><span class='ocrx_word' id='word_1_635' title='bbox 2202 3258 2551 3319; x_wconf 79' lang='grc' dir='ltr'>τελέσαντες,</span> <span class='ocrx_word' id='word_1_636' title='bbox 2586 3255 2646 3307; x_wconf 79' lang='grc' dir='ltr'>ἐν</span> <span class='ocrx_word' id='word_1_637' title='bbox 2672 3251 2825 3322; x_wconf 80' lang='grc' dir='ltr'>τόπῳ</span> <span class='ocrx_word' id='word_1_638' title='bbox 2855 3250 3112 3319; x_wconf 77' lang='grc' dir='ltr'>ἐπισήμῳ</span> <span class='ocrx_word' id='word_1_639' title='bbox 3143 3246 3449 3303; x_wconf 82' lang='grc' dir='ltr'>κατέθεσαν</span> <span class='ocrx_word' id='word_1_640' title='bbox 3472 3260 3488 3277; x_wconf 83' lang='grc'><em>’</em></span> <span class='ocrx_word' id='word_1_641' title='bbox 3537 3244 3634 3299; x_wconf 73' lang='grc' dir='ltr'>καὶ</span> <span class='ocrx_word' id='word_1_642' title='bbox 3683 3261 3785 3313; x_wconf 86' lang='grc' dir='ltr'>τη-</span> 
     </span>
    </p>
   </div>
   <div class='ocr_carea' id='block_1_91' title="bbox 2204 3334 3785 3418">
    <p class='ocr_par' dir='ltr' id='par_1_91' title="bbox 2204 3334 3785 3418">
     <span class='ocr_line' id='line_1_91' title="bbox 2204 3334 3785 3418; baseline -0.01 -14"><span class='ocrx_word' id='word_1_643' title='bbox 2204 3348 2440 3404; x_wconf 83' lang='grc' dir='ltr'>νικαῦτα</span> <span class='ocrx_word' id='word_1_644' title='bbox 2477 3346 2579 3418; x_wconf 78' lang='grc' dir='ltr'>μὲν</span> <span class='ocrx_word' id='word_1_645' title='bbox 2604 3345 2789 3399; x_wconf 78' lang='grc' dir='ltr'>ὁποῖον</span> <span class='ocrx_word' id='word_1_646' title='bbox 2820 3341 3168 3413; x_wconf 70' lang='grc' dir='ltr'>ἠδυνήθησαν</span> <span class='ocrx_word' id='word_1_647' title='bbox 3209 3337 3361 3409; x_wconf 81' lang='grc' dir='ltr'><strong>αὑτῷ</strong></span> <span class='ocrx_word' id='word_1_648' title='bbox 3391 3337 3483 3392; x_wconf 70' lang='grc' dir='ltr'>τὸν</span> <span class='ocrx_word' id='word_1_649' title='bbox 3512 3336 3682 3406; x_wconf 82' lang='grc' dir='ltr'>τάφον</span> <span class='ocrx_word' id='word_1_650' title='bbox 3707 3334 3785 3397; x_wconf 84' lang='grc' dir='ltr'><strong>ὡς</strong></span> 
     </span>
    </p>
   </div>
   <div class='ocr_carea' id='block_1_92' title="bbox 2201 3422 3784 3512">
    <p class='ocr_par' dir='ltr' id='par_1_92' title="bbox 2201 3422 3784 3512">
     <span class='ocr_line' id='line_1_92' title="bbox 2201 3422 3784 3512; baseline -0.011 -16"><span class='ocrx_word' id='word_1_651' title='bbox 2201 3442 2230 3494; x_wconf 84' lang='grc' dir='ltr'><strong>δ</strong></span> <span class='ocrx_word' id='word_1_652' title='bbox 2256 3440 2448 3512; x_wconf 85' lang='grc' dir='ltr'>καιρὸς</span> <span class='ocrx_word' id='word_1_653' title='bbox 2481 3439 2678 3510; x_wconf 73' lang='grc' dir='ltr'>ἧπειγε</span> <span class='ocrx_word' id='word_1_654' title='bbox 2734 3434 3102 3503; x_wconf 83' lang='grc' dir='ltr'>περιέστησαν</span> <span class='ocrx_word' id='word_1_655' title='bbox 3132 3449 3148 3463; x_wconf 75' lang='grc' dir='ltr'><strong>ο</strong></span> <span class='ocrx_word' id='word_1_656' title='bbox 3187 3430 3421 3501; x_wconf 74' lang='grc' dir='ltr'>ὕστερον</span> <span class='ocrx_word' id='word_1_657' title='bbox 3468 3426 3549 3495; x_wconf 80' lang='grc' dir='ltr'>δὲ,</span> <span class='ocrx_word' id='word_1_658' title='bbox 3602 3427 3638 3497; x_wconf 70' lang='grc' dir='ltr'><strong>ἡ</strong></span> <span class='ocrx_word' id='word_1_659' title='bbox 3689 3422 3784 3479; x_wconf 76' lang='grc' dir='ltr'>τὸν</span> 
     </span>
    </p>
   </div>
   <div class='ocr_carea' id='block_1_93' title="bbox 2202 3517 3789 3604">
    <p class='ocr_par' dir='ltr' id='par_1_93' title="bbox 2202 3517 3789 3604">
     <span class='ocr_line' id='line_1_93' title="bbox 2202 3517 3789 3604; baseline -0.011 -16"><span class='ocrx_word' id='word_1_660' title='bbox 2202 3535 2473 3604; x_wconf 83' lang='grc' dir='ltr'>σωτήριον</span> <span class='ocrx_word' id='word_1_661' title='bbox 2494 3520 2635 3602; x_wconf 56' lang='grc' dir='ltr'>’ἡμῖν</span> <span class='ocrx_word' id='word_1_662' title='bbox 2665 3526 2987 3599; x_wconf 83' lang='grc' dir='ltr'>γνωρίσασα</span> <span class='ocrx_word' id='word_1_663' title='bbox 3024 3523 3117 3579; x_wconf 79' lang='grc' dir='ltr'>τοῦ</span> <span class='ocrx_word' id='word_1_664' title='bbox 3166 3521 3372 3592; x_wconf 84' lang='grc' dir='ltr'>Κυρίου</span> <span class='ocrx_word' id='word_1_665' title='bbox 3401 3517 3656 3590; x_wconf 80' lang='grc' dir='ltr'>σταυρὸν,</span> <span class='ocrx_word' id='word_1_666' title='bbox 3691 3517 3789 3571; x_wconf 69' lang='grc' dir='ltr'><strong>καὶ</strong></span> 
     </span>
    </p>
   </div>
   <div class='ocr_carea' id='block_1_94' title="bbox 2201 3610 3787 3695">
    <p class='ocr_par' dir='ltr' id='par_1_94' title="bbox 2201 3610 3787 3695">
     <span class='ocr_line' id='line_1_94' title="bbox 2201 3610 3787 3695; baseline -0.013 -14"><span class='ocrx_word' id='word_1_667' title='bbox 2201 3626 2298 3681; x_wconf 72' lang='grc' dir='ltr'><strong>τὸν</strong></span> <span class='ocrx_word' id='word_1_668' title='bbox 2331 3625 2509 3695; x_wconf 80' lang='grc' dir='ltr'>μέγαν</span> <span class='ocrx_word' id='word_1_669' title='bbox 2539 3624 2597 3677; x_wconf 82' lang='grc' dir='ltr'>ἐν</span> <span class='ocrx_word' id='word_1_670' title='bbox 2627 3619 2896 3689; x_wconf 83' lang='grc' dir='ltr'>ἁοιδῐμοις</span> <span class='ocrx_word' id='word_1_671' title='bbox 2924 3616 3020 3671; x_wconf 73' lang='grc' dir='ltr'>καὶ</span> <span class='ocrx_word' id='word_1_672' title='bbox 3056 3612 3343 3684; x_wconf 81' lang='grc' dir='ltr'>βασιλεῦσι</span> <span class='ocrx_word' id='word_1_673' title='bbox 3373 3610 3603 3682; x_wconf 78' lang='grc' dir='ltr'>βασιλέα</span> <span class='ocrx_word' id='word_1_674' title='bbox 3630 3611 3787 3664; x_wconf 75' lang='grc' dir='ltr'><strong>Κωνο</strong></span> 
     </span>
    </p>
   </div>
   <div class='ocr_carea' id='block_1_95' title="bbox 2203 3701 3786 3784">
    <p class='ocr_par' dir='ltr' id='par_1_95' title="bbox 2203 3701 3786 3784">
     <span class='ocr_line' id='line_1_95' title="bbox 2203 3701 3786 3784; baseline -0.014 -10"><span class='ocrx_word' id='word_1_675' title='bbox 2203 3718 2485 3774; x_wconf 69' lang='grc' dir='ltr'>παντῖνον</span> <span class='ocrx_word' id='word_1_676' title='bbox 2535 3714 2846 3784; x_wconf 83' lang='grc' dir='ltr'>γεννήσασα</span> <span class='ocrx_word' id='word_1_677' title='bbox 2907 3707 3181 3778; x_wconf 88' lang='grc' dir='ltr'>σεϐασμία</span> <span class='ocrx_word' id='word_1_678' title='bbox 3249 3706 3462 3775; x_wconf 80' lang='grc' dir='ltr'>Ἑλένη,</span> <span class='ocrx_word' id='word_1_679' title='bbox 3517 3702 3683 3776; x_wconf 80' lang='grc' dir='ltr'>ἡνίκα</span> <span class='ocrx_word' id='word_1_680' title='bbox 3726 3701 3786 3768; x_wconf 72' lang='grc' dir='ltr'><strong>ἐξ</strong></span> 
     </span>
    </p>
   </div>
   <div class='ocr_carea' id='block_1_96' title="bbox 2215 3795 3790 3884">
    <p class='ocr_par' dir='ltr' id='par_1_96' title="bbox 2215 3795 3790 3884">
     <span class='ocr_line' id='line_1_96' title="bbox 2215 3795 3790 3884; baseline -0.011 -18"><span class='ocrx_word' id='word_1_681' title='bbox 2215 3808 2609 3884; x_wconf 83' lang='grc' dir='ltr'>Ἱεροσολύμων</span> <span class='ocrx_word' id='word_1_682' title='bbox 2649 3805 2980 3876; x_wconf 80' lang='grc' dir='ltr'>ὑπέστρεφε,</span> <span class='ocrx_word' id='word_1_683' title='bbox 3012 3800 3231 3872; x_wconf 82' lang='grc' dir='ltr'>τιμῶσα</span> <span class='ocrx_word' id='word_1_684' title='bbox 3282 3798 3372 3853; x_wconf 79' lang='grc' dir='ltr'>τὸν</span> <span class='ocrx_word' id='word_1_685' title='bbox 3403 3798 3590 3865; x_wconf 86' lang='grc' dir='ltr'>τόπον,</span> <span class='ocrx_word' id='word_1_686' title='bbox 3633 3795 3790 3850; x_wconf 81' lang='grc' dir='ltr'>πόλιν</span> 
     </span>
    </p>
   </div>
   <div class='ocr_carea' id='block_1_97' title="bbox 2198 3890 3791 3974">
    <p class='ocr_par' dir='ltr' id='par_1_97' title="bbox 2198 3890 3791 3974">
     <span class='ocr_line' id='line_1_97' title="bbox 2198 3890 3791 3974; baseline -0.019 -14"><span class='ocrx_word' id='word_1_687' title='bbox 2198 3922 2260 3960; x_wconf 87' lang='grc' dir='ltr'><strong>τε</strong></span> <span class='ocrx_word' id='word_1_688' title='bbox 2292 3903 2593 3974; x_wconf 78' lang='grc' dir='ltr'>συνῴκισεν</span> <span class='ocrx_word' id='word_1_689' title='bbox 2621 3902 2678 3954; x_wconf 81' lang='grc' dir='ltr'>ὲν</span> <span class='ocrx_word' id='word_1_690' title='bbox 2705 3897 2876 3967; x_wconf 85' lang='grc' dir='ltr'>αὐτῷ,</span> <span class='ocrx_word' id='word_1_691' title='bbox 2898 3895 3028 3958; x_wconf 82' lang='grc' dir='ltr'>τοὺς</span> <span class='ocrx_word' id='word_1_692' title='bbox 3052 3893 3165 3948; x_wconf 85' lang='grc' dir='ltr'><strong>τῶν</strong></span> <span class='ocrx_word' id='word_1_693' title='bbox 3210 3891 3373 3964; x_wconf 77' lang='grc' dir='ltr'>πέριξ</span> <span class='ocrx_word' id='word_1_694' title='bbox 3400 3892 3596 3964; x_wconf 85' lang='grc' dir='ltr'>χωρῶν</span> <span class='ocrx_word' id='word_1_695' title='bbox 3634 3890 3791 3960; x_wconf 83' lang='grc' dir='ltr'>οίκή-</span> 
     </span>
    </p>
   </div>
   <div class='ocr_carea' id='block_1_98' title="bbox 2203 3980 3787 4069">
    <p class='ocr_par' dir='ltr' id='par_1_98' title="bbox 2203 3980 3787 4069">
     <span class='ocr_line' id='line_1_98' title="bbox 2203 3980 3787 4069; baseline -0.013 -16"><span class='ocrx_word' id='word_1_696' title='bbox 2203 4015 2374 4069; x_wconf 89' lang='grc' dir='ltr'>τορας</span> <span class='ocrx_word' id='word_1_697' title='bbox 2434 3990 2917 4063; x_wconf 81' lang='grc' dir='ltr'>συγκαλεσαμένη,</span> <span class='ocrx_word' id='word_1_698' title='bbox 2972 3987 3068 4041; x_wconf 74' lang='grc' dir='ltr'>καὶ</span> <span class='ocrx_word' id='word_1_699' title='bbox 3127 3985 3421 4046; x_wconf 82' lang='grc' dir='ltr'>κοινωνοὺς</span> <span class='ocrx_word' id='word_1_700' title='bbox 3482 3981 3575 4035; x_wconf 76' lang='grc' dir='ltr'>τοῦ</span> <span class='ocrx_word' id='word_1_701' title='bbox 3622 3980 3787 4051; x_wconf 71' lang='grc' dir='ltr'>έργιυ</span> 
     </span>
    </p>
   </div>
   <div class='ocr_carea' id='block_1_99' title="bbox 2202 4072 3791 4161">
    <p class='ocr_par' dir='ltr' id='par_1_99' title="bbox 2202 4072 3791 4161">
     <span class='ocr_line' id='line_1_99' title="bbox 2202 4072 3791 4161; baseline -0.013 -16"><span class='ocrx_word' id='word_1_702' title='bbox 2202 4086 2572 4161; x_wconf 81' lang='grc' dir='ltr'>ποιησαμένη,</span> <span class='ocrx_word' id='word_1_703' title='bbox 2602 4085 2693 4138; x_wconf 73' lang='grc' dir='ltr'>καὶ</span> <span class='ocrx_word' id='word_1_704' title='bbox 2729 4084 2908 4153; x_wconf 86' lang='grc' dir='ltr'>τεῖχος</span> <span class='ocrx_word' id='word_1_705' title='bbox 2946 4079 3241 4152; x_wconf 80' lang='grc' dir='ltr'>περιέϐαλε</span> <span class='ocrx_word' id='word_1_706' title='bbox 3272 4075 3561 4147; x_wconf 69' lang='grc' dir='ltr'>καρτερὸν,</span> <span class='ocrx_word' id='word_1_707' title='bbox 3598 4074 3690 4127; x_wconf 77' lang='grc' dir='ltr'>καὶ</span> <span class='ocrx_word' id='word_1_708' title='bbox 3712 4072 3791 4142; x_wconf 79' lang='grc' dir='ltr'>τῷ</span> 
     </span>
    </p>
   </div>
   <div class='ocr_carea' id='block_1_100' title="bbox 2205 4163 3790 4255">
    <p class='ocr_par' dir='ltr' id='par_1_100' title="bbox 2205 4163 3790 4255">
     <span class='ocr_line' id='line_1_100' title="bbox 2205 4163 3790 4255; baseline -0.012 -18"><span class='ocrx_word' id='word_1_709' title='bbox 2205 4183 2450 4255; x_wconf 83' lang='grc' dir='ltr'>μάρτυρι</span> <span class='ocrx_word' id='word_1_710' title='bbox 2479 4180 2571 4235; x_wconf 80' lang='grc' dir='ltr'>τὸν</span> <span class='ocrx_word' id='word_1_711' title='bbox 2609 4175 2746 4231; x_wconf 85' lang='grc' dir='ltr'>νεὼν</span> <span class='ocrx_word' id='word_1_712' title='bbox 2771 4173 3162 4246; x_wconf 81' lang='grc' dir='ltr'>ᾠκοδομήσατο</span> <span class='ocrx_word' id='word_1_713' title='bbox 3190 4172 3470 4243; x_wconf 80' lang='grc' dir='ltr'>μέγιστον,</span> <span class='ocrx_word' id='word_1_714' title='bbox 3501 4166 3559 4230; x_wconf 78' lang='grc' dir='ltr'>ὃς</span> <span class='ocrx_word' id='word_1_715' title='bbox 3590 4164 3685 4219; x_wconf 78' lang='grc' dir='ltr'><strong>νῦν</strong></span> <span class='ocrx_word' id='word_1_716' title='bbox 3710 4163 3790 4219; x_wconf 84' lang='grc' dir='ltr'><strong>έτι</strong></span> 
     </span>
    </p>
   </div>
   <div class='ocr_carea' id='block_1_101' title="bbox 2201 4259 3793 4348">
    <p class='ocr_par' dir='ltr' id='par_1_101' title="bbox 2201 4259 3793 4348">
     <span class='ocr_line' id='line_1_101' title="bbox 2201 4259 3793 4348; baseline -0.011 -16"><span class='ocrx_word' id='word_1_717' title='bbox 2201 4274 2510 4348; x_wconf 77' lang='grc' dir='ltr'>περιφανὴς</span> <span class='ocrx_word' id='word_1_718' title='bbox 2560 4269 2658 4326; x_wconf 73' lang='grc' dir='ltr'>καὶ</span> <span class='ocrx_word' id='word_1_719' title='bbox 2704 4270 2786 4330; x_wconf 83' lang='grc' dir='ltr'><strong>είς</strong></span> <span class='ocrx_word' id='word_1_720' title='bbox 2834 4266 3030 4328; x_wconf 82' lang='grc' dir='ltr'>κάλλος</span> <span class='ocrx_word' id='word_1_721' title='bbox 3069 4261 3518 4335; x_wconf 76' lang='grc' dir='ltr'>ἐξειργασμένος,</span> <span class='ocrx_word' id='word_1_722' title='bbox 3568 4262 3682 4323; x_wconf 75' lang='grc' dir='ltr'>τοῖς</span> <span class='ocrx_word' id='word_1_723' title='bbox 3725 4259 3793 4314; x_wconf 81' lang='grc' dir='ltr'>ὲκ</span> 
     </span>
    </p>
   </div>
   <div class='ocr_carea' id='block_1_102' title="bbox 2203 4350 3792 4443">
    <p class='ocr_par' dir='ltr' id='par_1_102' title="bbox 2203 4350 3792 4443">
     <span class='ocr_line' id='line_1_102' title="bbox 2203 4350 3792 4443; baseline -0.014 -18"><span class='ocrx_word' id='word_1_724' title='bbox 2203 4372 2307 4443; x_wconf 80' lang='grc' dir='ltr'>γῆς</span> <span class='ocrx_word' id='word_1_725' title='bbox 2336 4368 2432 4424; x_wconf 71' lang='grc' dir='ltr'>καὶ</span> <span class='ocrx_word' id='word_1_726' title='bbox 2457 4365 2731 4435; x_wconf 83' lang='grc' dir='ltr'>θαλάττης</span> <span class='ocrx_word' id='word_1_727' title='bbox 2761 4358 3103 4431; x_wconf 80' lang='grc' dir='ltr'>ὁδοιποροῦσι</span> <span class='ocrx_word' id='word_1_728' title='bbox 3146 4374 3208 4410; x_wconf 90' lang='grc' dir='ltr'><strong>τε</strong></span> <span class='ocrx_word' id='word_1_729' title='bbox 3252 4356 3349 4412; x_wconf 73' lang='grc' dir='ltr'><strong>καὶ</strong></span> <span class='ocrx_word' id='word_1_730' title='bbox 3380 4350 3792 4443; x_wconf 81' lang='grc' dir='ltr'>ναυτιλομένοις</span> 
     </span>
    </p>
   </div>
   <div class='ocr_carea' id='block_1_103' title="bbox 2202 4442 3793 4534">
    <p class='ocr_par' dir='ltr' id='par_1_103' title="bbox 2202 4442 3793 4534">
     <span class='ocr_line' id='line_1_103' title="bbox 2202 4442 3793 4534; baseline -0.014 -18"><span class='ocrx_word' id='word_1_731' title='bbox 2202 4460 2505 4534; x_wconf 82' lang='grc' dir='ltr'>ὁρώμενος,</span> <span class='ocrx_word' id='word_1_732' title='bbox 2542 4457 2624 4519; x_wconf 89' lang='grc' dir='ltr'><strong>είς</strong></span> <span class='ocrx_word' id='word_1_733' title='bbox 2654 4454 2814 4521; x_wconf 79' lang='grc' dir='ltr'>δόξαν</span> <span class='ocrx_word' id='word_1_734' title='bbox 2838 4450 2935 4505; x_wconf 83' lang='grc' dir='ltr'>τοῦ</span> <span class='ocrx_word' id='word_1_735' title='bbox 2968 4449 3177 4521; x_wconf 81' lang='grc' dir='ltr'>Κυρίου</span> <span class='ocrx_word' id='word_1_736' title='bbox 3225 4445 3387 4518; x_wconf 78' lang='grc' dir='ltr'>ἡμῶν</span> <span class='ocrx_word' id='word_1_737' title='bbox 3424 4442 3606 4515; x_wconf 80' lang='grc' dir='ltr'>Ἰησοῦ</span> <span class='ocrx_word' id='word_1_738' title='bbox 3653 4443 3793 4534; x_wconf 85' lang='grc' dir='ltr'>Χρι-</span> 
     </span>
    </p>
   </div>
   <div class='ocr_carea' id='block_1_104' title="bbox 2210 4533 3795 4619">
    <p class='ocr_par' dir='ltr' id='par_1_104' title="bbox 2210 4533 3795 4619">
     <span class='ocr_line' id='line_1_104' title="bbox 2210 4533 3795 4619; baseline -0.014 -11"><span class='ocrx_word' id='word_1_739' title='bbox 2210 4533 2360 4619; x_wconf 84' lang='grc' dir='ltr'>στοῦ,</span> <span class='ocrx_word' id='word_1_740' title='bbox 2396 4552 2493 4606; x_wconf 81' lang='grc' dir='ltr'>καὶ</span> <span class='ocrx_word' id='word_1_741' title='bbox 2530 4548 2639 4602; x_wconf 84' lang='grc' dir='ltr'><strong>τῶν</strong></span> <span class='ocrx_word' id='word_1_742' title='bbox 2663 4547 2731 4602; x_wconf 83' lang='grc' dir='ltr'>δι’</span> <span class='ocrx_word' id='word_1_743' title='bbox 2753 4544 2919 4601; x_wconf 81' lang='grc' dir='ltr'>αὑτὸν</span> <span class='ocrx_word' id='word_1_744' title='bbox 2941 4542 3314 4614; x_wconf 79' lang='grc' dir='ltr'>ὰθλησάντων,</span> <span class='ocrx_word' id='word_1_745' title='bbox 3346 4541 3433 4592; x_wconf 83' lang='grc' dir='ltr'>ὅτι</span> <span class='ocrx_word' id='word_1_746' title='bbox 3474 4534 3625 4606; x_wconf 75' lang='grc' dir='ltr'>αὐτῷ</span> <span class='ocrx_word' id='word_1_747' title='bbox 3660 4533 3795 4605; x_wconf 82' lang='grc' dir='ltr'>πρέ-</span> 
     </span>
    </p>
   </div>
   <div class='ocr_carea' id='block_1_105' title="bbox 2210 4626 3795 4717">
    <p class='ocr_par' dir='ltr' id='par_1_105' title="bbox 2210 4626 3795 4717">
     <span class='ocr_line' id='line_1_105' title="bbox 2210 4626 3795 4717; baseline -0.015 -15"><span class='ocrx_word' id='word_1_748' title='bbox 2210 4664 2307 4701; x_wconf 77' lang='grc' dir='ltr'><strong>πει</strong></span> <span class='ocrx_word' id='word_1_749' title='bbox 2331 4644 2534 4717; x_wconf 79' lang='grc' dir='ltr'>κράτος</span> <span class='ocrx_word' id='word_1_750' title='bbox 2562 4643 2658 4696; x_wconf 75' lang='grc' dir='ltr'>καὶ</span> <span class='ocrx_word' id='word_1_751' title='bbox 2700 4638 2911 4702; x_wconf 84' lang='grc' dir='ltr'>αίνεσις</span> <span class='ocrx_word' id='word_1_752' title='bbox 2940 4636 3037 4691; x_wconf 62' lang='grc' dir='ltr'><strong>καὶ¹</strong></span> <span class='ocrx_word' id='word_1_753' title='bbox 3072 4632 3543 4707; x_wconf 83' lang='grc' dir='ltr'>μεγαλοπρέπεια,</span> <span class='ocrx_word' id='word_1_754' title='bbox 3573 4628 3669 4683; x_wconf 79' lang='grc' dir='ltr'>νῦν</span> <span class='ocrx_word' id='word_1_755' title='bbox 3697 4626 3795 4680; x_wconf 74' lang='grc' dir='ltr'>καὶ</span> 
     </span>
    </p>
   </div>
   <div class='ocr_carea' id='block_1_106' title="bbox 2209 4725 3629 4808">
    <p class='ocr_par' dir='ltr' id='par_1_106' title="bbox 2209 4725 3629 4808">
     <span class='ocr_line' id='line_1_106' title="bbox 2209 4725 3629 4808; baseline -0.015 -10"><span class='ocrx_word' id='word_1_756' title='bbox 2209 4743 2320 4808; x_wconf 73' lang='grc' dir='ltr'>ἀεὶ,</span> <span class='ocrx_word' id='word_1_757' title='bbox 2364 4739 2460 4795; x_wconf 74' lang='grc' dir='ltr'><strong>καὶ</strong></span> <span class='ocrx_word' id='word_1_758' title='bbox 2489 4739 2571 4801; x_wconf 86' lang='grc' dir='ltr'><strong>είς</strong></span> <span class='ocrx_word' id='word_1_759' title='bbox 2604 4736 2732 4800; x_wconf 75' lang='grc' dir='ltr'>τοὺς</span> <span class='ocrx_word' id='word_1_760' title='bbox 2766 4734 2972 4796; x_wconf 76' lang='grc' dir='ltr'>αἰῶνας</span> <span class='ocrx_word' id='word_1_761' title='bbox 3002 4729 3113 4784; x_wconf 82' lang='grc' dir='ltr'><strong>τῶν</strong></span> <span class='ocrx_word' id='word_1_762' title='bbox 3140 4727 3377 4784; x_wconf 74' lang='grc' dir='ltr'>αἰώνων.</span> <span class='ocrx_word' id='word_1_763' title='bbox 3413 4725 3629 4796; x_wconf 61' lang='grc' dir='ltr'><strong>Ἀμήν..</strong></span> 
     </span>
    </p>
   </div>
   <div class='ocr_carea' id='block_1_107' title="bbox 2206 4899 3807 4984">
    <p class='ocr_par' dir='ltr' id='par_1_107' title="bbox 2206 4899 3807 4984">
     <span class='ocr_line' id='line_1_107' title="bbox 2206 4899 3807 4984; baseline -0.011 -11"><span class='ocrx_word' id='word_1_764' title='bbox 2206 4917 2306 4974; x_wconf 87' lang='lat' dir='ltr'><strong>lib.</strong></span> <span class='ocrx_word' id='word_1_765' title='bbox 2348 4932 2468 4978; x_wconf 74' lang='lat' dir='ltr'><strong>rm.</strong></span> <span class='ocrx_word' id='word_1_766' title='bbox 2529 4930 2652 4984; x_wconf 88' lang='lat' dir='ltr'><strong>cap.</strong></span> <span class='ocrx_word' id='word_1_767' title='bbox 2682 4914 2776 4976; x_wconf 80' lang='lat' dir='ltr'><strong>5i,</strong></span> <span class='ocrx_word' id='word_1_768' title='bbox 2807 4911 2888 4984; x_wconf 79' lang='lat' dir='ltr'><strong>de</strong></span> <span class='ocrx_word' id='word_1_769' title='bbox 2915 4909 2975 4964; x_wconf 89' lang='lat' dir='ltr'><strong>S.</strong></span> <span class='ocrx_word' id='word_1_770' title='bbox 3024 4905 3469 4984; x_wconf 67' lang='lat' dir='ltr'><strong>Helenaagens:</strong></span> <span class='ocrx_word' id='word_1_771' title='bbox 3510 4921 3529 4955; x_wconf 83' lang='grc' dir='ltr'><strong>ι</strong></span> <span class='ocrx_word' id='word_1_772' title='bbox 3563 4899 3807 4984; x_wconf 67' lang='lat' dir='ltr'><strong>Perinde»</strong></span> 
     </span>
    </p>
   </div>
   <div class='ocr_carea' id='block_1_108' title="bbox 2208 4972 3794 5054">
    <p class='ocr_par' dir='ltr' id='par_1_108' title="bbox 2208 4972 3794 5054">
     <span class='ocr_line' id='line_1_108' title="bbox 2208 4972 3794 5054; baseline -0.011 -11"><span class='ocrx_word' id='word_1_773' title='bbox 2208 4972 2377 5048; x_wconf 74' lang='lat' dir='ltr'><strong>cium,</strong></span> <span class='ocrx_word' id='word_1_774' title='bbox 2406 4972 2611 5052; x_wconf 58' lang='lat' dir='ltr'><strong>inquit;</strong></span> <span class='ocrx_word' id='word_1_775' title='bbox 2631 4972 2799 5054; x_wconf 84' lang='lat' dir='ltr'><strong>atque</strong></span> <span class='ocrx_word' id='word_1_776' title='bbox 2839 4982 3033 5054; x_wconf 84' lang='lat' dir='ltr'><strong>pignus</strong></span> <span class='ocrx_word' id='word_1_777' title='bbox 3062 4972 3332 5054; x_wconf 79' lang='lat' dir='ltr'><strong>quoddam</strong></span> <span class='ocrx_word' id='word_1_778' title='bbox 3374 4975 3553 5054; x_wconf 75' lang='lat' dir='ltr'><strong>lutitra</strong></span> <span class='ocrx_word' id='word_1_779' title='bbox 3594 4972 3794 5054; x_wconf 52' lang='lat' dir='ltr'><strong>siceum</strong></span> 
     </span>
    </p>
   </div>
   <div class='ocr_carea' id='block_1_109' title="bbox 2207 5041 3797 5123">
    <p class='ocr_par' dir='ltr' id='par_1_109' title="bbox 2207 5041 3797 5123">
     <span class='ocr_line' id='line_1_109' title="bbox 2207 5041 3797 5123; baseline -0.013 -10"><span class='ocrx_word' id='word_1_780' title='bbox 2207 5041 2429 5121; x_wconf 71' lang='lat' dir='ltr'><strong>habent,</strong></span> <span class='ocrx_word' id='word_1_781' title='bbox 2464 5041 2531 5110; x_wconf 68' lang='lat' dir='ltr'><strong>ad</strong></span> <span class='ocrx_word' id='word_1_782' title='bbox 2568 5041 3036 5123; x_wconf 52' lang='grc' dir='ltr'>ιίιειιὼτὶοἱιῖεῇιιε</span> <span class='ocrx_word' id='word_1_783' title='bbox 3061 5041 3477 5123; x_wconf 61' lang='lat' dir='ltr'><strong>sempiternam,</strong></span> <span class='ocrx_word' id='word_1_784' title='bbox 3516 5045 3568 5097; x_wconf 91' lang='lat' dir='ltr'><strong>in</strong></span> <span class='ocrx_word' id='word_1_785' title='bbox 3604 5041 3797 5123; x_wconf 79' lang='lat' dir='ltr'><strong>Bithy-</strong></span> 
     </span>
    </p>
   </div>
   <div class='ocr_carea' id='block_1_110' title="bbox 2208 5113 3792 5192">
    <p class='ocr_par' dir='ltr' id='par_1_110' title="bbox 2208 5113 3792 5192">
     <span class='ocr_line' id='line_1_110' title="bbox 2208 5113 3792 5192; baseline -0.013 -9"><span class='ocrx_word' id='word_1_786' title='bbox 2208 5113 2298 5184; x_wconf 87' lang='lat' dir='ltr'><strong>nia</strong></span> <span class='ocrx_word' id='word_1_787' title='bbox 2335 5113 2523 5192; x_wconf 79' lang='lat' dir='ltr'><strong>unam;</strong></span> <span class='ocrx_word' id='word_1_788' title='bbox 2553 5135 2607 5179; x_wconf 92' lang='lat' dir='ltr'><strong>et</strong></span> <span class='ocrx_word' id='word_1_789' title='bbox 2634 5126 2688 5178; x_wconf 91' lang='lat' dir='ltr'><strong>in</strong></span> <span class='ocrx_word' id='word_1_790' title='bbox 2718 5113 3005 5178; x_wconf 64' lang='lat' dir='ltr'><strong>Palaestina</strong></span> <span class='ocrx_word' id='word_1_791' title='bbox 3068 5113 3292 5192; x_wconf 79' lang='lat' dir='ltr'><strong>alteram</strong></span> <span class='ocrx_word' id='word_1_792' title='bbox 3327 5114 3551 5192; x_wconf 72' lang='lat' dir='ltr'><strong>urbem;</strong></span> <span class='ocrx_word' id='word_1_793' title='bbox 3593 5113 3792 5192; x_wconf 75' lang='lat' dir='ltr'><strong>quibus</strong></span> 
     </span>
    </p>
   </div>
   <div class='ocr_carea' id='block_1_111' title="bbox 2210 5181 3797 5268">
    <p class='ocr_par' dir='ltr' id='par_1_111' title="bbox 2210 5181 3797 5268">
     <span class='ocr_line' id='line_1_111' title="bbox 2210 5181 3797 5268; baseline -0.013 -14"><span class='ocrx_word' id='word_1_794' title='bbox 2210 5181 2521 5268; x_wconf 41' lang='lat' dir='ltr'><strong>imperator,</strong></span> <span class='ocrx_word' id='word_1_795' title='bbox 2545 5196 2687 5268; x_wconf 78' lang='lat' dir='ltr'><strong>[ilius</strong></span> <span class='ocrx_word' id='word_1_796' title='bbox 2721 5192 2955 5268; x_wconf 81' lang='lat' dir='ltr'><strong>conditis</strong></span> <span class='ocrx_word' id='word_1_797' title='bbox 2984 5188 3306 5268; x_wconf 60' lang='lat' dir='ltr'><strong>memoriam</strong></span> <span class='ocrx_word' id='word_1_798' title='bbox 3345 5186 3419 5240; x_wconf 94' lang='lat' dir='ltr'><strong>illi</strong></span> <span class='ocrx_word' id='word_1_799' title='bbox 3457 5186 3647 5265; x_wconf 80' lang='lat' dir='ltr'><strong>tribuit</strong></span> <span class='ocrx_word' id='word_1_800' title='bbox 3690 5181 3797 5268; x_wconf 55' lang='lat' dir='ltr'><strong>ian:</strong></span> 
     </span>
    </p>
   </div>
   <div class='ocr_carea' id='block_1_112' title="bbox 2215 5255 3801 5325">
    <p class='ocr_par' dir='ltr' id='par_1_112' title="bbox 2215 5255 3801 5325">
     <span class='ocr_line' id='line_1_112' title="bbox 2215 5255 3801 5325; baseline -0.011 -2"><span class='ocrx_word' id='word_1_801' title='bbox 2215 5255 2522 5323; x_wconf 72' lang='lat' dir='ltr'><strong>mortalem.</strong></span> <span class='ocrx_word' id='word_1_802' title='bbox 2569 5265 2874 5321; x_wconf 79' lang='lat' dir='ltr'><strong>Admodum</strong></span> <span class='ocrx_word' id='word_1_803' title='bbox 2925 5275 3056 5315; x_wconf 83' lang='lat' dir='ltr'><strong>vero</strong></span> <span class='ocrx_word' id='word_1_804' title='bbox 3093 5258 3154 5312; x_wconf 86' lang='grc' dir='ltr'><strong>Β.</strong></span> <span class='ocrx_word' id='word_1_805' title='bbox 3197 5255 3456 5323; x_wconf 86' lang='lat' dir='ltr'><strong>Helenam</strong></span> <span class='ocrx_word' id='word_1_806' title='bbox 3490 5255 3712 5325; x_wconf 84' lang='lat' dir='ltr'><strong>regione</strong></span> <span class='ocrx_word' id='word_1_807' title='bbox 3740 5259 3801 5305; x_wconf 90' lang='lat' dir='ltr'><strong>et</strong></span> 
     </span>
    </p>
   </div>
   <div class='ocr_carea' id='block_1_113' title="bbox 2213 5324 3798 5405">
    <p class='ocr_par' dir='ltr' id='par_1_113' title="bbox 2213 5324 3798 5405">
     <span class='ocr_line' id='line_1_113' title="bbox 2213 5324 3798 5405; baseline -0.012 -13"><span class='ocrx_word' id='word_1_808' title='bbox 2213 5341 2318 5393; x_wconf 88' lang='lat' dir='ltr'><strong>situ</strong></span> <span class='ocrx_word' id='word_1_809' title='bbox 2348 5338 2572 5391; x_wconf 89' lang='lat' dir='ltr'><strong>alterius</strong></span> <span class='ocrx_word' id='word_1_810' title='bbox 2607 5335 2936 5405; x_wconf 77' lang='lat' dir='ltr'><strong>delectatam</strong></span> <span class='ocrx_word' id='word_1_811' title='bbox 2980 5345 3101 5385; x_wconf 90' lang='lat' dir='ltr'><strong>esse</strong></span> <span class='ocrx_word' id='word_1_812' title='bbox 3154 5327 3359 5393; x_wconf 77' lang='lat' dir='ltr'><strong>ferunt,</strong></span> <span class='ocrx_word' id='word_1_813' title='bbox 3401 5340 3522 5405; x_wconf 66' lang='lat' dir='ltr'><strong>quae</strong></span> <span class='ocrx_word' id='word_1_814' title='bbox 3557 5324 3798 5405; x_wconf 64' lang='lat' dir='ltr'><strong>antehac</strong></span> 
     </span>
    </p>
   </div>
   <div class='ocr_carea' id='block_1_114' title="bbox 2213 5395 3795 5477">
    <p class='ocr_par' dir='ltr' id='par_1_114' title="bbox 2213 5395 3795 5477">
     <span class='ocr_line' id='line_1_114' title="bbox 2213 5395 3795 5477; baseline -0.013 -14"><span class='ocrx_word' id='word_1_815' title='bbox 2213 5410 2523 5477; x_wconf 87' lang='lat' dir='ltr'><strong>Drepanum</strong></span> <span class='ocrx_word' id='word_1_816' title='bbox 2584 5400 3125 5477; x_wconf 59' lang='lat' dir='ltr'><strong>nominatafucrat;</strong></span> <span class='ocrx_word' id='word_1_817' title='bbox 3175 5412 3299 5452; x_wconf 90' lang='lat' dir='ltr'><strong>cum</strong></span> <span class='ocrx_word' id='word_1_818' title='bbox 3355 5395 3498 5467; x_wconf 85' lang='lat' dir='ltr'><strong>quod</strong></span> <span class='ocrx_word' id='word_1_819' title='bbox 3556 5395 3629 5449; x_wconf 90' lang='lat' dir='ltr'><strong>ibi</strong></span> <span class='ocrx_word' id='word_1_820' title='bbox 3674 5399 3795 5477; x_wconf 62' lang='lat' dir='ltr'><strong>orta</strong></span> 
     </span>
    </p>
   </div>
   <div class='ocr_carea' id='block_1_115' title="bbox 2215 5471 3797 5545">
    <p class='ocr_par' dir='ltr' id='par_1_115' title="bbox 2215 5471 3797 5545">
     <span class='ocr_line' id='line_1_115' title="bbox 2215 5471 3797 5545; baseline -0.013 -10"><span class='ocrx_word' id='word_1_821' title='bbox 2215 5471 2382 5543; x_wconf 77' lang='lat' dir='ltr'><strong>esset,</strong></span> <span class='ocrx_word' id='word_1_822' title='bbox 2414 5489 2527 5530; x_wconf 83' lang='lat' dir='ltr'><strong>tum</strong></span> <span class='ocrx_word' id='word_1_823' title='bbox 2575 5476 2717 5545; x_wconf 88' lang='lat' dir='ltr'><strong>quod</strong></span> <span class='ocrx_word' id='word_1_824' title='bbox 2770 5473 3073 5545; x_wconf 84' lang='lat' dir='ltr'><strong>Luciauum</strong></span> <span class='ocrx_word' id='word_1_825' title='bbox 3104 5479 3409 5545; x_wconf 73' lang='lat' dir='ltr'><strong>martyrem</strong></span> <span class='ocrx_word' id='word_1_826' title='bbox 3436 5477 3565 5545; x_wconf 75' lang='lat' dir='ltr'><strong>post</strong></span> <span class='ocrx_word' id='word_1_827' title='bbox 3588 5471 3797 5545; x_wconf 53' lang='lat' dir='ltr'><strong>many-</strong></span> 
     </span>
    </p>
   </div>
   <div class='ocr_carea' id='block_1_116' title="bbox 2219 5536 3789 5612">
    <p class='ocr_par' dir='ltr' id='par_1_116' title="bbox 2219 5536 3789 5612">
     <span class='ocr_line' id='line_1_116' title="bbox 2219 5536 3789 5612; baseline -0.013 -7"><span class='ocrx_word' id='word_1_828' title='bbox 2219 5536 2609 5604; x_wconf 53' lang='lat' dir='ltr'><strong>rium&#39;obitum&#39;</strong></span> <span class='ocrx_word' id='word_1_829' title='bbox 2625 5561 2691 5601; x_wconf 89' lang='lat' dir='ltr'><strong>eo</strong></span> <span class='ocrx_word' id='word_1_830' title='bbox 2728 5559 2758 5598; x_wconf 90' lang='lat' dir='ltr'><strong>a</strong></span> <span class='ocrx_word' id='word_1_831' title='bbox 2793 5536 3363 5612; x_wconf 15' lang='lat' dir='ltr'><strong>delphineideportari</strong></span> <span class='ocrx_word' id='word_1_832' title='bbox 3412 5536 3723 5612; x_wconf 76' lang='lat' dir='ltr'><strong>contigerit.</strong></span> <span class='ocrx_word' id='word_1_833' title='bbox 3768 5547 3789 5582; x_wconf 71' lang='grc' dir='ltr'><strong>ι</strong></span> 
     </span>
    </p>
   </div>
   <div class='ocr_carea' id='block_1_117' title="bbox 2217 5605 3798 5681">
    <p class='ocr_par' dir='ltr' id='par_1_117' title="bbox 2217 5605 3798 5681">
     <span class='ocr_line' id='line_1_117' title="bbox 2217 5605 3798 5681; baseline -0.009 -8"><span class='ocrx_word' id='word_1_834' title='bbox 2217 5620 2484 5673; x_wconf 86' lang='lat' dir='ltr'><strong>Baronius</strong></span> <span class='ocrx_word' id='word_1_835' title='bbox 2511 5629 2640 5673; x_wconf 91' lang='lat' dir='ltr'><strong>tom.</strong></span> <span class='ocrx_word' id='word_1_836' title='bbox 2680 5615 2768 5679; x_wconf 94' lang='lat' dir='ltr'><strong>lll,</strong></span> <span class='ocrx_word' id='word_1_837' title='bbox 2803 5605 2992 5681; x_wconf 63' lang='lat' dir='ltr'><strong>ad&#39;au.</strong></span> <span class='ocrx_word' id='word_1_838' title='bbox 3042 5605 3255 5681; x_wconf 42' lang='lat'><strong>506,}.</strong></span> <span class='ocrx_word' id='word_1_839' title='bbox 3298 5606 3388 5673; x_wconf 81' lang='grc'><strong>16,</strong></span> <span class='ocrx_word' id='word_1_840' title='bbox 3419 5608 3477 5663; x_wconf 83' lang='lat' dir='ltr'><strong>S.</strong></span> <span class='ocrx_word' id='word_1_841' title='bbox 3533 5605 3798 5663; x_wconf 78' lang='lat' dir='ltr'><strong>Helenam</strong></span> 
     </span>
    </p>
   </div>
   <div class='ocr_carea' id='block_1_118' title="bbox 2217 5678 3466 5749">
    <p class='ocr_par' dir='ltr' id='par_1_118' title="bbox 2217 5678 3466 5749">
     <span class='ocr_line' id='line_1_118' title="bbox 2217 5678 3466 5749; baseline -0.008 -6"><span class='ocrx_word' id='word_1_842' title='bbox 2217 5686 2533 5746; x_wconf 76' lang='lat' dir='ltr'><strong>Britannam</strong></span> <span class='ocrx_word' id='word_1_843' title='bbox 2576 5678 2985 5747; x_wconf 82' lang='lat' dir='ltr'><strong>l&#39;uisscasserit,</strong></span> <span class='ocrx_word' id='word_1_844' title='bbox 3016 5696 3121 5738; x_wconf 90' lang='lat' dir='ltr'><strong>non</strong></span> <span class='ocrx_word' id='word_1_845' title='bbox 3155 5678 3466 5749; x_wconf 84' lang='lat' dir='ltr'><strong>Bithynam.</strong></span> 
     </span>
    </p>
   </div>
  </div>
