4152 6402
445 393 2516 432 W

2273 402 3640 444 *ἐπ-Μ

1584 579 2561 732 ΜΑΡΤΥΡΙΟΝ

970 826 1201 914 ΤΟΥ
1272 820 1615 917 ΑΓΙΟΥ
1645 897 1656 902 -
1688 829 2270 920 ΜΑΡΤΥΡΟΣ
2317 831 3107 923 ΠΟΛΥΕΥΚΤΟΥ

1597 1183 2388 1310 CERTAMEN

1050 1435 1467 1528 SANCTI
1544 1435 2158 1526 MARTYRIS
2229 1422 3066 1529 POLYEUCTI“).

1850 1610 2067 1691 (Anno
2098 1609 2268 1690 250.)

669 1735 867 1801 [Graec
887 1750 1022 1788 nunc
1037 1740 1249 1801 primum
1284 1737 1451 1788 editur
1469 1751 1534 1789 ex
1561 1740 1669 1789 cod.
1691 1751 1783 1786 ms.
1808 1734 2079 1786 Parisiensi
2099 1750 2149 1785 n.
2177 1736 2318 1798 1467,
2346 1737 2517 1788 saeculi
2541 1751 2641 1787 xw.
2673 1737 2848 1787 Latine
2875 1738 3016 1788 dedit
3035 1736 3210 1788 Surius
3232 1740 3291 1788 ad
3315 1740 3448 1790 diem

1695 1821 1724 1870 9
1745 1816 1986 1872 Januarii.
2021 1818 2160 1869 Ευιτ.
2197 1819 2378 1885 Par-3.]

475 2079 560 2136 A'.
594 2078 775 2150 Εἴπερ
812 2097 897 2143 τις
924 2080 1081 2150 ἄλλη,
1112 2081 1206 2134 καὶ
1233 2082 1494 2152 καλλίστη
1521 2083 1628 2134 τῶν
1664 2083 1974 2153 διηγήσεων

2169 2079 2214 2135 I.
2257 2078 2314 2134 Si
2341 2088 2428 2134 est
2458 2079 2565 2134 ulla
2597 2079 2702 2134 alia
2733 2080 3102 2152 pulcherrima
3130 2079 3404 2144 narratio,
3437 2082 3696 2151 pulcher-

406 2169 506 2222 xui.
540 2168 706 2240 ήτοῦ
756 2169 1078 2240 θαυμαστοῦ
1132 2173 1410 2243 μάρτυρος
1466 2171 1828 2225 Πολυεύκτου·
1888 2172 2000 2242 ἔχει

405 2257 518 2330 γὰρ
553 2259 697 2329 μετά
733 2261 832 2330 τῆς
871 2259 1140 2328 ὠφελείας
1177 2260 1374 2332 κομιδῇ
1429 2262 1520 2313 καὶ
1558 2261 1619 2313 τὸ
1665 2262 1874 2332 χάριεν,
1908 2261 2002 2313 καὶ

404 2348 604 2402 τούτου
647 2349 748 2421 τὴν
801 2353 996 2422 ⁸πεῖραν
1046 2350 1217 2422 αὐτὴν
1251 2351 1459 2421 ἀψευδῆ
1493 2352 1747 2424 μάρτυρα
1776 2352 1999 2405 δύναται

412 2444 702 2514 παρέχειν.
738 2444 961 2512 Λεγέτω
1007 2444 1139 2513 γοῦν
1183 2446 1276 2497 καὶ
1309 2447 1388 2508 είς
1449 2445 1616 2514 μέσον
1645 2445 1774 2516 ὑμῖν
1810 2462 2000 2514 προτιε-

413 2533 556 2588 θέτω
588 2537 702 2599 τοῖς
751 2536 1018 2605 φιλοθέοις
1069 2537 1389 2606 ἀκροαταῖς,
1424 2538 1516 2590 καὶ
1551 2537 1707 2608 ὑμῶν
1755 2537 1855 2607 ὅση
1908 2537 1996 2590 δύ-

409 2643 576 2695 ναμις
597 2626 668 2679 τά
691 2628 819 2698 παρ’
849 2628 1060 2681 ἑαυτῶν
1086 2631 1469 2700 εἰσφερόντων,
1497 2631 1720 2694 ἀνέτους
1745 2647 1802 2682 τε
1823 2629 1994 2682 διδόν-

403 2734 516 2770 των
569 2717 647 2787 τῷ
700 2719 845 2790 λόγῳ
897 2722 996 2780 τὰς
1042 2723 1234 2786 ἀκοὰς,
1264 2723 1362 2775 καὶ
1391 2722 1672 2792 πρόθυμον
1717 2721 1856 2784 ὅλως
1900 2723 1995 2776 καὶ

402 2811 861 2883 ἀνεγηγερμένην
915 2812 1157 2867 διάνοιαν
1211 2818 1561 2886 παρεχόντων
1616 2814 1754 2885 πρὸς
1785 2814 1882 2885 τὴν
1913 2814 1992 2866 δι-

401 2901 627 2972 ήγησιν.

476 2992 554 3047 B'.
591 2993 742 3048 Κατὰ
794 2995 920 3056 τοὺς
971 2997 1165 3050 Δεκίου
1217 2999 1311 3050 καὶ
1361 2998 1728 3069 Οὖαλεριανοῦ
1763 3002 1990 3072 χρόνους

396 3083 510 3137 τῶν
545 3085 833 3154 βασιλέων,
886 3083 954 3158 ἦν
1010 3106 1091 3150 τις
1159 3090 1413 3160 Νέαρχος
1473 3091 1569 3143 καὶ
1627 3092 1986 3157 Πολύευκτος,

399 3178 735 3248 στρατιῶται
763 3179 861 3248 μὲν
889 3181 950 3233 τὸ
975 3181 1340 3252 ἐπιτήδευμα,
1371 3183 1514 3236 οῦτω
1548 3183 1604 3236 δὲ
1651 3184 1806 3252 φιλίᾳ
1851 3186 1988 3257 πρὸς

395 3271 664 3341 ἀλλήλους
711 3272 1113 3344 συνδεδεμένοι,
1145 3275 1218 3338 ὼς
1248 3275 1429 3345 πολλῷ
1471 3276 1631 3331 πλέον
1664 3278 1893 3346 αἵματός
1927 3296 1987 3330 τε

396 3367 492 3420 καὶ
518 3369 860 3436 συγγενείας,
899 3372 962 3422 ὲκ
989 3371 1086 3440 τῆς
1138 3371 1279 3423 κατὰ
1330 3371 1496 3424 πόθον
1549 3371 1820 3442 ἀκριϐοῦς
1854 3375 1985 3443 ὀμο-

2107 2173 2242 2226 τίηά
2269 2187 2486 2242 quoque
2515 2181 2600 2227 est
2629 2173 2872 2227 narratio
2899 2173 3236 2228 admirabilis
3277 2175 3533 2244 martyris
3582 2176 3686 2232 Ροο

2105 2264 2328 2336 lyeucti.
2357 2264 2494 2318 Nam
2525 2280 2650 2318 cum
2683 2264 2943 2330 utilitate,
2976 2280 3168 2335 magna
3203 2281 3422 2334 quoque
3452 2275 3690 2322 estcon-

2098 2354 2288 2422 juncta
2329 2353 2664 2422 jucunditas.
2703 2353 2878 2423 Hujus
2908 2363 3090 2408 autem
3120 2354 3199 2408 rei
3234 2363 3417 2423 potest
3458 2371 3520 2410 ea
3577 2373 3688 2412 non

2100 2445 2292 2499 falsam
2323 2455 2517 2499 testem
2560 2445 2836 2499 adducere
2883 2445 3302 2514 experientiam.
3338 2445 3559 2500 Dicatur
3594 2462 3687 2501 cr-

2100 2552 2190 2607 go,
2222 2545 2281 2591 et
2308 2552 2338 2590 a
2385 2536 2545 2590 nobis
2577 2535 2629 2590 in
2674 2536 2912 2590 medium
2965 2536 3278 2605 proferatur
3319 2537 3427 2606 piis
3481 2539 3688 2608 Drique

2098 2628 2409 2682 amantibus
2451 2627 2816 2693 auditoribus,
2862 2628 3016 2683 vobis
3054 2645 3273 2699 quoque
3319 2645 3417 2698 pro
3457 2631 3686 2697 viribus,

2097 2735 2218 2790 qua:
2235 2729 2414 2775 vestra
2445 2730 2574 2775 sunt
2595 2719 2970 2785 aﬂ'erentibus,
3001 2736 3163 2775 aures
3186 2721 3422 2776 orationi
3446 2730 3688 2778 attentas

2093 2813 2520 2876 exhibentibus,
2566 2821 2991 2881 promptumque
3041 2821 3098 2866 et
3151 2812 3389 2866 alacrem
3441 2813 3684 2868 animant

2096 2906 2468 2976 prtebentibus
2501 2905 2824 2960 narrationi.
3328 2916 3331 2917 '

2169 2997 2235 3052 ll.
2263 2997 2532 3067 Tempore
2563 2997 2952 3066 imperatorum
2983 2995 3134 3051 Decii
3156 3005 3210 3051 et
3239 2995 3536 3063 Valeriani,
3565 3009 3684 3054 erat

2093 3092 2314 3160 quidam
2365 3089 2648 3144 Nearchus
2703 3098 2761 3144 et
2803 3089 3164 3161 Polyeuctus,
3224 3092 3412 3145 studio
3459 3092 3678 3162 quidem

2091 3183 2313 3249 milites,
2342 3168 2579 3238 amicitia
2600 3189 2784 3236 autem
2810 3183 2886 3237 ita
2913 3183 3058 3238 inter
3085 3199 3145 3238 se
3175 3183 3439 3248 devincti,
3487 3194 3544 3239 ut
3568 3184 3682 3238 lon-

2091 3285 2155 3340 ge
2188 3270 2383 3341 magis,
2414 3287 2575 3340 quam
2600 3270 2646 3324 si
2671 3269 2814 3324 inter
2841 3285 2936 3326 eos
2966 3269 3372 3326 intercessisset
3399 3272 3680 3344 sanguinis

2090 3376 2144 3422 et
2178 3366 2520 3437 ceguationis
2552 3367 2926 3435 necessitudo,
2950 3383 3168 3422 summo
3199 3368 3285 3422 sui
3319 3368 3551 3423 invicem
3581 3368 3679 3422 de-

391 3461 543 3524 νοίας
568 3462 942 3532 συνηρμόσθαι
970 3462 1148 3516 αὐτῶν
1171 3463 1265 3526 τὰς
1295 3463 1496 3533 ψυχὰς,
1537 3464 1804 3534 ἑκάτερόν
1830 3482 1889 3517 τε
1921 3467 1978 3517 ἐν

2091 3459 2292 3515 sidcrio
2325 3468 2381 3515 et
2432 3459 2632 3530 insigni
2680 3459 2970 3514 concordia
3021 3475 3086 3514 ac
3137 3461 3504 3515 consensione
3543 3475 3679 3516 con-

391 3553 662 3625 ἑκατέρου
699 3555 914 3624 σώματι
947 3553 1046 3627 ζῇν
1081 3555 1274 3628 ὄλωςῆ
1315 3556 1411 3610 καὶ
1455 3558 1716 3610 ἀναπνεῖν
1746 3557 1974 3614 οἴεσθαι.

387 3638 500 3698 Ἦν
533 3645 589 3698 δὲ
619 3649 648 3699 ὁ
673 3647 775 3716 μὲν
807 3647 1055 3717 Νέαρχος
1085 3648 1433 3718 Χριστιανὸς,
1487 3650 1582 3702 καὶ
1644 3649 1854 3714 πιστὸς,
1886 3653 1979 3704 καὶ

392 3739 523 3808 περὶ
542 3739 643 3808 τὴν
677 3739 963 3793 εὐσέϐειαν
1003 3740 1239 3811 ἀκριϐής
1258 3757 1271 3770 ·
1301 3740 1640 3804 Πολύευκτος
1669 3741 1724 3794 δὲ
1754 3743 1782 3794 ὁ
1815 3743 1977 3806 καλὸς

397 3829 496 3899 τὴν
548 3832 648 3900 μὲν
693 3831 996 3903 θρησκείαν
1031 3833 1214 3904 ἐλλην.
1247 3835 1339 3888 καὶ
1363 3834 1518 3888 οῦπω
1546 3835 1626 3905 τῷ
1655 3835 1848 3903 φέγγει
1877 3837 1977 3908 τῆς

399 3922 650 3993 ἀληθείας
682 3925 1112 3996 περιλαμφθεὶς,
1161 3926 1288 3980 νοῦν
1340 3927 1399 3980 δὲ
1449 3928 1541 3980 τὸν
1596 3927 1799 3996 ἀκριϐῆ
1842 3928 1978 3998 Χρι-

396 4015 606 4069 στιανὸν
667 4018 996 4086 ἀποσώζων,
1059 4018 1154 4072 καὶ
1209 4020 1376 4092 ἀρετῇ
1440 4021 1590 4092 πάσῃ
1640 4019 1846 4089 κομῶν,
1883 4020 1976 4072 καλ¹

385 4110 545 4164 ἐλαία
575 4111 672 4182 μὲν
701 4113 1062 4184 κατάκαρπος
1083 4112 1179 4177 ὢν,
1222 4114 1282 4167 τὸ
1313 4113 1370 4167 δὲ
1403 4115 1461 4166 ἐν
1493 4114 1630 4183 οῐκῳ
1661 4112 1796 4166 Θεοῦ
1831 4107 1973 4166 εἶναι

381 4202 545 4258 τοῦτο
570 4205 732 4276 μόνον
760 4205 840 4259 ἔτι
869 4205 1209 4276 λειπόμενος.
1254 4206 1410 4260 Ἐπεὶ
1446 4205 1505 4260 δὲ
1551 4207 1739 4270 Δέκιος
1767 4209 1974 4269 ἐκεῖνος

380 4300 483 4351 καὶ
515 4299 886 4370 Οὐαλεριανὸς
918 4302 978 4354 οὐ
1012 4302 1194 4365 καλῶς
1220 4304 1287 4374 τῇ
1319 4301 1569 4374 βασιλείᾳ
1609 4303 1970 4373 χρησάμενοι,

379 4391 508 4446 οὑδέ
538 4391 634 4446 τὸν
669 4393 944 4448 δεδωκότα
969 4393 1176 4466 ταύτην
1213 4396 1516 4464 ἐπιγνῶναι
1550 4398 1637 4450 καὶ
1673 4394 1971 4467 λατρεῦσαι

379 4483 766 4553 ἐθελήσαντες,
791 4487 928 4541 ἀλλά
965 4488 1088 4542 κατ’
1111 4487 1276 4542 αὑτοῦ
1330 4488 1534 4559 μᾶλλον
1564 4491 1726 4560 χεῖρα
1765 4488 1969 4560 θεομά-

379 4593 477 4647 χον
519 4577 850 4649 ἐπάραντες,
886 4583 983 4635 καὶ
1028 4583 1130 4634 οὐκ
1189 4582 1344 4635 αὐτοὶ
1392 4582 1553 4652 μόνον
1615 4582 1965 4652 ἀρνούμενοι,

379 4669 520 4722 ἀλλά
550 4671 647 4724 καὶ
689 4672 800 4725 πᾶν
845 4671 907 4725 τὸ
947 4672 1188 4744 ὑπήκοον
1242 4674 1544 4744 ἐγγράφοις
1593 4676 1968 4746 ἐπιτάγμασιν

2080 3553 2263 3625 juncti
2312 3561 2499 3608 essent
2541 3568 2730 3608 eorum
2758 3553 2950 3616 animi,
2997 3563 3052 3608 et
3098 3562 3329 3623 uterque
3363 3553 3414 3606 in
3449 3553 3676 3607 alterius

2087 3659 2318 3715 corpore
2347 3660 2408 3700 se
2450 3652 2671 3716 putaret
2713 3645 2899 3698 vivere
2941 3652 2997 3696 et
3029 3643 3262 3712 spirare.
3309 3641 3434 3696 Erat
3488 3653 3673 3696 autem

2084 3735 2364 3793 Nearchus
2395 3738 2616 3808 quidem
2648 3736 2996 3792 Christianus
3025 3745 3080 3790 et
3114 3735 3323 3802 ﬁdelis,
3364 3737 3673 3805 pietateque

2083 3846 2146 3885 ac
2203 3846 2329 3885 vera
2373 3830 2636 3901 religione
2680 3829 2979 3900 perfectus.
3033 3826 3299 3898 Egregius
3353 3837 3537 3882 autem
3573 3828 3672 3882 Po-

2084 3924 2355 3995 lyeuctus,
2378 3921 2598 3992 gentilis
2628 3921 2850 3991 quidem
2875 3921 3159 3991 religione,
3194 3929 3249 3974 et
3274 3920 3522 3975 veritatis
3549 3921 3672 3976 luce

2083 4018 2327 4073 nondum
2359 4015 2719 4076 illuminatus.
2763 4014 2966 4084 alioqui
3001 4031 3061 4070 se
3089 4014 3473 4069 Christianum
3504 4031 3673 4069 accu-

2081 4122 2198 4167 rate
2231 4124 2583 4172 conservans,
2614 4119 2668 4163 et
2696 4109 2845 4162 omni
2874 4108 3076 4162 virtute
3108 4122 3380 4162 exornans
3413 4124 3427 4160 :
3463 4115 3520 4161 et
3556 4117 3674 4162 erat

2081 4205 2302 4275 quidem
2343 4203 2461 4258 olea
2495 4201 2776 4271 frugifera,
2817 4201 2920 4255 hoc
2961 4209 3142 4254 autem
3179 4200 3358 4253 solum
3403 4199 3452 4253 ei
3485 4199 3675 4254 deerat

2080 4297 2229 4368 quod
2268 4297 2514 4351 nondum
2546 4303 2666 4350 erat
2703 4295 2756 4348 ir:
2795 4295 2958 4349 domo
3006 4293 3124 4349 Dei.
3169 4293 3442 4358 Quoniam
3485 4303 3672 4347 autem

2080 4387 2282 4443 Decius
2317 4387 2408 4442 ille
2436 4396 2492 4443 et
2535 4387 2856 4442 Valerianus
2892 4401 3005 4440 non
3045 4394 3193 4440 recte
3238 4385 3534 4439 utebantur
3564 4386 3670 4436 im-

2080 4478 2260 4550 perio,
2292 4495 2396 4534 nec
2421 4495 2567 4540 eum.
2598 4479 2691 4550 qui
2721 4478 2854 4532 illud
2889 4478 2969 4532 eis
2999 4478 3246 4541 dederat,
3281 4490 3580 4546 agnoscere
3611 4484 3671 4529 et

2079 4567 2257 4622 colere
2286 4567 2563 4633 volebant,
2596 4567 2706 4621 imo
2748 4581 2879 4621 vero
2929 4580 3153 4620 manum
3181 4563 3426 4634 impiam,
3450 4573 3506 4618 et
3536 4579 3662 4618 cum

2078 4660 2192 4715 Deo
2227 4671 2584 4732 pugnantem,
2624 4661 2678 4714 in
2714 4660 2894 4730 ipsum
2938 4666 3230 4713 erexerant
3261 4675 3273 4710 :
3310 4665 3366 4712 et
3417 4673 3526 4712 non
3577 4673 3666 4712 so-

382 4760 464 4822 είς
520 4761 681 4815 τοῦτο
723 4763 1205 4834 προσκαλοῦντες.
1259 4768 1355 4820 καὶ
1406 4768 1540 4820 πᾶσι
1591 4768 1814 4840 τρόποις
1868 4769 1966 4837 τῆς

2085 4752 2192 4808 lum
2242 4766 2369 4806 eum
2419 4752 2715 4823 negabant,
2749 4749 2842 4804 sed
2883 4763 3079 4804 omnes
3125 4763 3345 4816 quoque
3383 4748 3664 4817 subjectos

2085 4845 2262 4863 _-_:;.'
2345 4845 2488 4863 ,1',.!
2558 4843 2852 4863 !__2.,.L__.
2915 4851 2960 4863 Α.
3003 4841 3248 4863 -..ρ-ξι.--
3294 4841 3469 4863 ..-Δεκ
3505 4857 3626 4863 -_.-

377 4848 742 4920 θεογνωσίας,
790 4854 1150 4927 ἀπείργοντες
1202 4852 1364 4928 ἦσαν,
1423 4857 1592 4921 Θεούς
1639 4875 1719 4921 τε,
1749 4857 1804 4910 οἴ
1855 4874 1968 4929 μοι,

372 4941 616 5011 ψευδοῦς
663 4944 758 4998 καὶ
816 4945 1084 5017 ματαίους
1145 4947 1227 5010 εἰς
1267 4946 1365 5017 τὴν
1405 4946 1500 4998 τοῦ
1536 4944 1797 5016 ἀληθινοῦ
1831 4944 1966 4998 Θεοῦ

372 5035 565 5107 χώραν
598 5037 1057 5106 ἐγκαθιστῶντες,
1088 5040 1185 5094 καὶ
1237 5041 1418 5094 σέὅειν
1464 5040 1711 5102 ἐκείνους
1765 5039 1966 5109 μᾶλλον

372 5127 470 5178 καὶ
523 5130 856 5198 προσκυνεῖν
906 5123 1338 5200 ἀναγκάζοντες,
1369 5133 1418 5185 εί
1452 5133 1550 5185 καὶ
1599 5131 1764 5184 λίθων
1794 5131 1965 5195 ὄντως

371 5218 466 5272 καὶ
493 5218 699 5282 ξοάνων
723 5221 1236 5293 ἀναισθητοτέρους.

446 5311 524 5366 Γ¹.
573 5312 728 5365 Ἐπεὶ
762 5313 820 5366 δέ
858 5314 1033 5368 ταῦτα
1067 5313 1242 5380 οὕτως
1277 5313 1412 5388 εἶχε,
1452 5319 1547 5371 καὶ
1597 5319 1739 5372 κατὰ
1791 5320 1960 5386 πόδας

372 5399 437 5453 αῐ
461 5417 538 5454 τε.
561 5403 830 5474 τιμωρίαι
865 5407 958 5460 καὶ
997 5407 1250 5477 ἀμοιϐαὶ,
1285 5411 1397 5472 τοῖς
1447 5409 1546 5480 μὲν
1607 5411 1956 5482 πειθομένοις

435 5585 921 5660 (ἱλεῇυὶΐεείυῐῃ
957 5589 1234 5660 martyrol.
1270 5590 1451 5653 Rom.,
1475 5591 1641 5654 Beda,
1680 5590 1959 5646 Usnardus

365 5665 421 5728 et
447 5655 546 5711 alii
578 5659 645 5712 £5
676 5655 840 5713 Febr.
894 5655 1156 5713 habent:
1202 5659 1349 5728 quod
1393 5660 1534 5717 forte
1581 5663 1957 5718 translationis

364 5727 484 5798 ejus
512 5728 715 5784 festum
760 5732 844 5785 est
876 5745 890 5782 :
919 5727 1293 5786 constatenim
1329 5747 1394 5787 ex
1417 5733 1576 5799 actis,
1609 5749 1732 5788 eum
1766 5732 1834 5787 10
1867 5733 1957 5788 die

2075 4845 2297 4914 scriptis
2327 4845 2521 4900 edictis
2557 4843 2878 4902 incitabant,
2909 4851 2966 4896 et
2997 4841 3252 4896 omnibus
3294 4841 3472 4895 modis
3503 4857 3657 4895 arce-

2086 4935 2265 4991 banta
2289 4937 2384 4992 Dei
2419 4935 2763 5007 cognitione:
2785 4943 2840 4988 et
2862 4934 3178 5003 deos,.prob
3212 4933 3397 4987 dolori
3422 4932 3588 4987 falsos
3606 4943 3662 4988 et

2073 5041 2266 5092 vanos,
2297 5027 2353 5080 in
2384 5027 2496 5082 veri
2529 5027 2620 5080 Dei
2653 5027 2834 5080 locum
2865 5022 3295 5086 constituebant,
3331 5032 3388 5078 et
3414 5023 3536 5079 illos
3565 5039 3660 5076 co-

2069 5115 2185 5171 lere
2217 5128 2274 5172 et
2302 5118 2531 5172 adorare
2565 5117 2850 5189 cogebant,
2875 5117 2969 5186 qui
2991 5116 3172 5170 minus
3208 5115 3412 5170 habent
3437 5130 3654 5181 sensus,

2071 5223 2233 5276 quam
2271 5207 2478 5277 lapides
2519 5216 2576 5262 et
2614 5215 2829 5262 statuze.

2141 5320 2230 5375 Ill.
2251 5318 2523 5386 Quoniam
2555 5335 2685 5390 ergo
2716 5319 2834 5374 haec
2865 5319 2938 5374 ita
2968 5319 3262 5380 habebant.
3295 5326 3351 5372 et
3379 5314 3654 5386 proposita

2064 5422 2222 5469 erant
2251 5411 2522 5482 supplicia
2545 5419 2601 5465 et
2621 5411 2846 5481 prtemia
2872 5433 2884 5468 :
2915 5411 2983 5466 iis
3000 5412 3222 5483 quidem
3249 5409 3340 5480 qui
3363 5409 3650 5478 parebant,

2061 5590 2183 5646 Jan.
2235 5591 2549 5660 martyrium
2596 5602 3030 5648 consummasse.
3063 5590 3236 5649 Graeci
3258 5589 3378 5660 ejus
3410 5587 3648 5644 natalem

2065 5663 2168 5718 hac
2191 5663 2281 5719 die
2309 5662 2611 5718 celebrant.
