4152 6412
441 346 553 413 ιὶθ

1661 340 1949 402 MENSIS
1995 335 2460 407 JANUARIUS.

3623 342 3728 408 (ΞΟ

442 460 704 522 honores,
732 452 873 510 dona
892 460 945 509 et
971 451 1248 523 pecunia);
1283 450 1350 505 iis
1372 457 1580 515 autem,
1601 450 1694 519 qui
1740 464 1852 503 non
1879 465 2041 520 pare-

2149 454 2326 522 τιμαὶ,
2376 453 2601 524 δωρεαὶ,
2639 455 2935 526 χρήματα·
2968 454 3081 516 τοῖς
3129 450 3188 505 δὲ
3247 450 3534 506 ἀπειθοῦσι
3572 452 3732 506 ἀπει-

441 549 598 608 bant,
630 551 813 611 minae,
840 561 1017 617 poena:
1056 553 1110 599 et
1134 544 1388 597 ultimum
1409 542 1609 596 malum
1641 557 1790 596 mors
1818 542 2029 597 :amico

444 638 625 692 timuit
650 636 954 702 Nearchus,
981 646 1035 690 et
1069 634 1279 704 putavit
1316 634 1419 687 hoc
1461 648 1583 687 esse
1614 644 1853 702 tempus,
1884 634 2029 702 quod

443 728 762 782 eil'ecturum
797 736 968 789 esset,
1002 737 1062 780 ut
1093 725 1362 779 dissensio
1409 724 1464 778 in
1520 725 1804 795 religione,
1837 739 2029 779 eorum

443 834 662 889 quoque
692 818 1016 873 dissolveret
1063 817 1379 873 amicitiam.
1436 815 1563 871 Πειεο
1594 833 1718 871 cum
1751 816 1805 868 in
1848 817 2030 872 animo

448 912 696 973 haberet,
735 921 789 965 et
823 914 969 980 apud
998 920 1055 963 se
1083 918 1348 972 versaret,
1393 919 1581 977 aperte
1612 908 1939 964 ostendebat
1970 925 2029 964 se

446 1003 677 1057 cruciari
709 1004 917 1067 animo,
953 1002 1273 1073 magnisque
1322 1002 1512 1072 agitari
1542 1002 1815 1067 lluctibus,
1848 1013 1902 1057 et
1924 1018 2031 1056 oc-

444 1097 593 1149 culte
618 1094 818 1150 deilere
845 1096 1106 1150 amicum.
1163 1094 1648 1148 Praastantissimus
1708 1103 1891 1148 autem
1922 1094 2029 1148 Po»

444 1187 699 1258 lyeuctus
725 1203 850 1241 cum
886 1189 1099 1247 videret
1141 1186 1222 1241 sic
1261 1203 1321 1240 sc
1355 1187 1558 1241 habere
1587 1186 1843 1252 amicum,
1885 1204 2028 1257 pun-

447 1279 609 1349 gique
654 1279 858 1333 aculeis
891 1277 1117 1343 doloris,
1153 1287 1208 1331 et
1254 1277 1346 1346 qui
1399 1277 1582 1331 verbis
1618 1276 1875 1346 explicari
1926 1295 2028 1333 nc-

448 1377 678 1440 queunt,
734 1369 1024 1439 gemitibus
1085 1368 1268 1421 conari
1324 1368 1504 1420 levare
1556 1383 1805 1437 magnam
1862 1370 2028 1425 animi

449 1459 859 1526 :ugritudinem.
890 1466 945 1511 et
976 1457 1201 1527 vestigia
1236 1459 1593 1527 lacrymarum
1630 1458 1869 1513 indicare
1897 1476 2031 1515 ocu‘

451 1549 538 1615 lis,
592 1550 767 1602 amice
790 1549 857 1601 ad
892 1564 1014 1602 eum
1046 1549 1335 1614 accedens,
1368 1548 1685 1618 interrogat,
1714 1559 1769 1604 et
1810 1566 2029 1607 causam

451 1640 649 1710 quatrit
677 1640 909 1700 discere,
937 1655 1033 1691 cur
1058 1639 1131 1693 ita
1163 1654 1222 1694 se.
1255 1640 1471 1695 habent.
1502 1641 1635 1696 Nam
1670 1644 1785 1714 ipse
1813 1661 2031 1717 quoque

447 1732 803 1785 nihilominus
823 1730 1066 1797 dolebat,
1094 1747 1220 1786 cum
1251 1748 1377 1787 eum
1411 1734 1625 1790 videret
1643 1738 1723 1793 sic
1745 1740 2024 1806 allectum,

2143 541 2266 606 λαὶ,
2320 543 2594 612 κολάσεις,
2651 547 2745 598 καὶ
2795 545 3104 599 τελευταῖον
3168 544 3340 597 κακὸν
3387 545 3416 596 6
3475 544 3728 611 Θάνατος,

2139 632 2383 703 ἐφοϐήθη
2419 637 2547 705 περὶ
2579 635 2672 688 τοῦ
2709 638 2862 705 φίλου
2890 639 3159 708 Νέαρχος,
3188 638 3283 691 καὶ
3323 638 3515 708 καιρὸν
3538 639 3725 709 ἐνάμι-

2141 738 2231 774 σεν
2268 718 2408 776 εἶναι
2465 724 2677 792 τοῦτον,
2710 727 2769 789 ὂς
2821 729 2921 794 τὴν
2971 728 3101 799 περὶ
3157 728 3219 781 τὸ
3260 728 3426 792 σέὸας
3459 729 3730 799 διαφορὰν

2137 812 2380 867 διάλυσιν
2444 816 2629 880 αὐτοῖς
2698 820 2950 886 γενέσθαι
3012 822 3427 890 παρασκευάσει
3485 822 3581 874 καὶ
3632 821 3735 891 τῆς

2142 905 2346 973 φιλίας.
2382 906 2569 962 Ταῦτα
2632 912 2725 964 ἐπὶ
2779 914 2906 967 νοῦν
2960 913 3101 984 ἔχων
3137 917 3231 969 καὶ
3263 915 3540 985 στρέφων,
3569 915 3732 985 δῆλος

2136 990 2204 1064 ἦν
2242 998 2478 1069 ἰσχυρῶς
2518 1000 2840 1072 ἀνιώμενος,
2891 1007 2985 1057 καὶ
3036 1006 3204 1059 πολὺν
3236 1006 3326 1058 τὸν
3364 1006 3522 1059 σάλον
3553 1006 3737 1077 φέρων

2139 1088 2197 1139 ἐν
2230 1092 2295 1158 τῇ
2327 1090 2497 1161 ψυχῇ,
2532 1093 2627 1145 καὶ
2670 1093 2760 1145 τὸν
2793 1095 2945 1162 φίλον
2988 1096 3237 1165 κρυφίως
3268 1096 3592 1165 ἀνιώμενος.
3631 1100 3738 1151 Πο-

2140 1176 2402 1243 λύευκτος
2453 1182 2509 1234 δὲ
2570 1187 2598 1237 6
2663 1188 3011 1251 παντακαλδς
3089 1188 3232 1240 οὕτω
3292 1189 3541 1259 Νέαρχον
3594 1189 3738 1259 ὀρῶν

2139 1269 2352 1340 ἔχοντα,
2384 1272 2562 1339 λύπης
2585 1293 2641 1328 τε
2665 1278 2915 1347 κέντροις
2969 1277 3321 1348 βαλλόμενον,
3382 1282 3479 1333 καὶ
3544 1298 3736 1335 στενα-

2145 1363 2301 1429 γμοίς
2328 1361 2619 1434 ἀλαλήτοις
2650 1365 2709 1417 τὸ
2739 1367 2874 1418 πολὺ
2906 1366 3005 1436 τῆς
3035 1368 3273 1437 ἀθυμίας
3304 1370 3585 1436 κουφίζειν
3621 1388 3734 1424 πειι

2145 1451 2411 1521 ρώμενον,
2451 1456 2571 1526 ῐχνη
2611 1474 2669 1509 τε
2700 1456 2956 1526 δακρύων
3004 1462 3117 1522 τοῖς
3169 1461 3468 1530 ὀφθαλμοῖς
3504 1462 3733 1530 ὑποφαίο

2140 1557 2320 1604 νοντα,
2355 1542 2545 1613 ἠρώτα
2599 1546 2847 1619 προσιὼν
2883 1548 3095 1614 φιλίως,
3148 1551 3240 1600 καὶ
3273 1549 3371 1620 τὴν
3422 1552 3603 1604 αίτίαν
3642 1552 3737 1606 τοῦ

2139 1631 2310 1695 ὅντως
2349 1633 2494 1703 ἔχειν
2545 1634 2725 1706 ἐζήτει
2795 1638 3010 1707 μαθεῖν.
3048 1641 3239 1709 Ἦλγει
3291 1641 3399 1713 γὰρ
3433 1645 3526 1695 καὶ
3572 1645 3738 1709 αὐτὸς

2141 1724 2293 1777 οὐδὲν
2318 1720 2503 1796 ἦττον,
2534 1730 2625 1783 τὸν
2671 1732 2946 1802 ὀμόψυχον
2989 1734 3131 1804 ὀρῶν
3170 1733 3315 1787 οὕτω
3369 1738 3666 1807 πάσχοντα,
3706 1739 3738 1791 6

446 1821 539 1891 qui
569 1832 687 1875 erat
716 1822 962 1891 ejusdem
996 1837 1122 1876 cum
1153 1837 1219 1876 eo
1249 1823 1438 1878 animi.
1481 1826 1574 1880 Ille
1600 1837 1781 1882 autem
1818 1831 2037 1886 volebat

2149 1813 2196 1867 δὲ
2229 1816 2493 1885 ἠϐούλετο
2545 1822 2644 1890 μὲν
2710 1825 2906 1886 είπεῖν,
2935 1828 3030 1875 καὶ
3064 1824 3257 1896 ἐδήλου
3292 1827 3458 1897 μηδὲν
3488 1828 3738 1901 ἀπόρρη-

447 1915 667 1985 quidem
698 1915 907 1979 dicere,
941 1915 1371 1988 et‘signilicabat
1406 1932 1466 1971 se
1495 1919 1636 1974 nihil
1663 1937 1827 1991 posse
1857 1928 2037 1980 celare

451 2006 689 2060 amicum
714 2021 730 2062 :
753 2020 875 2060 esse
900 2015 1080 2060 autem
1101 2006 1339 2076 aliquam
1358 2023 1601 2074 causam,
1625 2024 1851 2083 propter
1870 2032 2035 2085 quam

450 2097 615 2153 etiam
669 2098 715 2153 si
755 2100 889 2154 velit
929 2099 1138 2165 dicere,
1207 2115 1434 2157 necesse
1489 2104 1686 2160 habeat
1734 2116 1932 2173 tacere,
1984 2122 2042 2165 et

454 2191 615 2247 amici
644 2191 1077 2246 consolationem
1127 2190 1229 2246 bac
1280 2192 1335 2248 in
1386 2210 1445 2249 re
1490 2197 1717 2253 minime
1751 2204 2035 2273 consequi.

453 2281 595 2337 Cum
629 2293 812 2337 autem
844 2284 1000 2340 valde
1053 2285 1272 2342 divinus
1327 2297 1545 2357 urgeret
1578 2289 1927 2361 Polyeuctus,
1984 2302 2041 2348 ct

456 2376 759 2446 postularet
787 2382 844 2429 ut
871 2375 920 2430 ei
946 2386 1221 2432 secretum
1251 2379 1489 2449 aperiret
1513 2391 1569 2435 et
1604 2382 1653 2436 ei
1682 2384 2041 2453 exprobraret

456 2475 835 2533 contemptum
892 2468 1183 2532 amicitiae,
1230 2480 1285 2524 et
1336 2480 1601 2527 mutatam
1664 2476 2037 2543 aﬂectionem,

458 2558 740 2628 Nunquid,
765 2560 972 2624 dicens,
992 2562 1199 2631 aliquid
1224 2563 1596 2619 oll'endimus?
1618 2567 1862 2632 Quanam
1893 2570 1945 2623 in
1978 2586 2038 2625 re

457 2650 556 2705 tibi
595 2652 811 2706 molesti
843 2651 1083 2708 fuimus?
1131 2655 1395 2720 Qumnam
1432 2674 1519 2712 res
1546 2667 1657 2713 tam
1689 2661 1806 2720 dira
1845 2671 1899 2717 et
1930 2672 2037 2717 tam

456 2752 613 2799 atrox
646 2745 787 2800 facta
811 2754 915 2807 est,
953 2755 1009 2800 ut
1033 2746 1388 2819 ‘Polyeuctum
1419 2761 1573 2805 tuum
1592 2768 1618 2805 a
1642 2754 1798 2807 venia
1819 2757 2042 2810 arceas?

528 2836 622 2891 IV.
667 2838 795 2893 Haec
827 2854 951 2893 cum
994 2840 1219 2906 diceret,
1261 2852 1314 2896 et
1351 2844 1535 2897 animo
1579 2857 1889 2915 angeretur,
1930 2864 2041 2901 non

458 2927 642 2984 ferens
681 2929 984 2997 Nearchus,
1013 2933 1203 2986 oculos
1238 2932 1478 2989 suﬂ‘usus
1514 2935 1789 3006 lacrymis,
1827 2946 1880 2991 et
1917 2951 2043 3006 pro-

458 3019 631 3077 fundo
653 3024 890 3093 suspirio
913 3024 1185 3080 internam
1206 3027 1384 3081 cordis
1402 3026 1677 3082 flammam
1698 3030 2039 3099 signiﬁcans:

458 3110 619 3178 Cum,
649 3113 850 3182 inquis,
889 3129 922 3168 ο
957 3115 1308 3179 amicissime,
1343 3126 1548 3172 nostrae
1578 3119 1957 3176 consensionis
1990 3129 2045 3175 ct

460 3201 768 3258 dilectionis
816 3203 960 3274 apud
999 3219 1087 3257 me
1135 3207 1314 3276 cogito
1360 3208 1782 3275 separationem,
1818 3225 2045 3264 necesse

462 3310 681 3365 quoque
717 3296 894 3350 habeo
942 3296 1186 3351 animum
1220 3299 1571 3369 abrumpere.
1606 3299 1729 3354 ΙΙωο
1760 3311 2046 3370 postquam

464 3389 557 3442 ille
598 3389 792 3451 audiit,
828 3390 994 3444 corde
1023 3391 1347 3459 gravissime
1394 3393 1683 3462 perculsus
1716 3411 1728 3445 :
1760 3392 2049 3457 Quomodo

463 3480 603 3539 haec.
642 3480 838 3550 inquit,
864 3478 1131 3544 Nearche,
1175 3483 1474 3552 quomodo,
1514 3493 1571 3539 et
1598 3499 1697 3539 cur
1734 3483 1852 3540 hrec
1882 3488 2048 3546 verba

463 3572 604 3628 dicis
626 3581 824 3643 praeter
844 3575 1038 3643 spem?
1057 3585 1114 3629 et
1136 3577 1412 3631 undenam
1442 3578 1559 3633 haec
1583 3578 1687 3632 erit
1710 3579 1868 3633 nubis
1893 3596 2049 3650 sepa-

464 3668 627 3734 ratio,
670 3683 833 3737 quam
898 3669 1191 3724 Statuimus
1244 3685 1315 3724 ne
1362 3680 1595 3726 mortem
1624 3672 1842 3741 quidem
1889 3690 2050 3744 posse

461 3758 624 3813 nobis
653 3757 868 3814 facere?
913 3760 1030 3815 lioc
1060 3768 1165 3827 est,
1195 3762 1399 3831 inquit,
1434 3779 1467 3817 ο
1516 3765 1869 3830 amicissime,
1902 3769 2048 3837 quod

462 3862 552 3903 me
574 3850 971 3918 propemodum
1006 3851 1261 3917 sulfoeat,
1303 3860 1360 3907 et
1393 3852 1573 3922 ipsum
1599 3855 1913 3925 comprimit
1940 3858 2051 3928 spi-

463 3939 629 3995 ritum
665 3948 721 3995 et
747 3942 1004 4005 animam,
1041 3945 1301 4013 quoniam
1341 3945 1477 4011 haec,
1511 3961 1674 4015 quam
1716 3947 1852 4012 dixi,
1890 3965 2050 4020 sepa-

464 4033 605 4087 ratio
638 4041 720 4087 est
764 4035 923 4089 nobis
953 4035 1191 4091 humana
1241 4044 1419 4091 morte
1462 4039 1694 4093 validior
1725 4050 1781 4094 et
1808 4042 2046 4111 gravior.

467 4123 602 4177 Cum
630 4131 812 4176 autem
848 4125 1112 4190 nondum,
1162 4126 1294 4196 quid
1323 4127 1425 4181 sibi
1460 4130 1625 4183 vellet
1656 4120 1852 4195 oratio,
1890 4133 2051 4187 intel-

466 4214 661 4283 ligeret
683 4214 1039 4285 Polyeuctus,
1089 4218 1270 4271 statim
1294 4235 1547 4289 surgens,
1574 4231 1629 4275 et
1649 4223 1881 4278 amicum
1907 4239 2052 4279 com-

466 4306 679 4378 plexus,
718 4316 773 4362 et
803 4300 962 4363 ei'ita
1000 4318 1059 4364 ut
1081 4327 1204 4365 eum
1234 4314 1470 4377 tenebat,
1514 4315 1897 4373 ardentissime
1944 4312 2051 4372 cir-

466 4399 753 4454 cumfusus
783 4418 796 4454 :
829 4399 936 4455 Sed
969 4403 1079 4465 die,
1114 4404 1309 4473 inquit,
1357 4405 1516 4471 mihi,
1573 4423 1607 4461 ο
1654 4409 1922 4475 Nearche,
1961 4411 2050 4466 dic

465 4501 673 4561 aperte,
712 4502 769 4548 et
817 4495 1026 4564 explica
1078 4498 1537 4565 qnemadmodmn
1595 4501 1708 4557 haec
1753 4502 1823 4556 sit
1866 4502 2043 4557 futura

2156 4492 2356 4558 πτυξον
2420 4496 2569 4558 ὅπως
2625 4490 2782 4559 οὗτος
2821 4498 2849 4549 6
2911 4498 3190 4568 χωρισμὸς
3250 4499 3453 4552 ἔσται’

468 4586 761 4653 separatio.
799 4585 917 4640 Non
951 4588 1097 4641 enim
1125 4589 1241 4643 fero
1272 4590 1505 4659 amplius
1531 4594 1634 4647 hoc
1661 4593 1887 4651 minime
1915 4599 2045 4649 ami-

468 4688 593 4727 cum
623 4675 921 4730 silentium.
956 4678 1052 4732 Sin
1111 4681 1315 4745 minus,
1371 4674 1582 4737 videbis
1610 4684 1721 4751 jam
1758 4693 1911 4739 tuum
1947 4685 2051 4740 Po-

472 4764 748 4836 lyeuctum
787 4769 844 4823 in
875 4779 1017 4824 terra
1045 4771 1319 4841 iacentem
1350 4783 1628 4829 mortuum
1646 4779 2050 4832 etexaminem.

475 4858 646 4928 Atque
688 4862 977 4917 videbatur
1048 4866 1272 4933 quidem
1334 4864 1616 4924 Nearchus
1673 4869 1810 4924 velle
1845 4871 2050 4938 dicere,

472 4951 566 5006 sed
600 4953 778 5008 vietus
802 4956 871 5009 ab
897 4956 1065 5009 animi
1093 4957 1508 5025 perturbatione
1553 4960 1792 5017 vinctam
1818 4963 2055 5019 habebat

470 5042 707 5114 linguam
731 5061 750 5099 :
780 5054 833 5100 et
860 5047 1037 5101 solum
1068 5057 1301 5105 maestus
1322 5065 1386 5105 ac
1412 5053 1791 5120 conturbatus,
1819 5055 2053 5110 amicum

472 5133 598 5192 lixis
626 5138 930 5207 aspiciebat
978 5141 1176 5204 oculis,
1203 5150 1260 5196 et
1286 5142 1709 5199 immoderatum
1775 5147 2054 5217 signiﬁca-

471 5235 566 5283 bat
610 5230 872 5286 dolorem.
924 5232 1218 5302 Postquam
1274 5246 1457 5290 autem
1508 5238 1660 5292 videt
1702 5236 2083 5311 Polyeucturn-

473 5336 708 5399 mmrore
755 5322 1088 5387 coniectum,
1145 5326 1414 5397 abiecisse
1471 5330 1739 5394 animum,
1794 5339 1851 5386 et
1905 5332 2056 5386 humi

473 5415 779 5483 procidere,
813 5423 872 5471 et
925 5434 1048 5473 esse
1099 5418 1213 5488 jam
1276 5436 1307 5476 a
1363 5422 1552 5478 dolore
1610 5424 1837 5480 omnino
1896 5441 2057 5494 supe-

474 5514 678 5573 ratum,
729 5508 944 5576 cogitur
1007 5508 1063 5563 in
1129 5510 1271 5565 hanc
1325 5527 1514 5568 vocem
1577 5528 1866 5586 erumpere
1932 5534 1945 5570 :
2014 5515 2059 5570 Ο

476 5596 891 5666 amantissime,
962 5601 1174 5672 inquit,
1239 5602 1570 5675 Polyeucte,
1643 5609 1750 5664 hoc
1814 5609 2056 5666 edictum

478 5681 828 5757 imperatoris
859 5693 1023 5748 nobis
1061 5695 1465 5765 separationem
1493 5696 1690 5753 aﬁeret
1760 5708 1815 5755 et
1846 5699 2060 5770 disjun-

478 5779 736 5836 ctionem.
766 5781 1060 5855 Postquam
1116 5798 1301 5846 autem
1361 5791 1505 5849 hanc
1538 5807 1729 5851 vocem
1765 5793 2059 5867 sapientis-

2142 1924 2234 1961 τον
2268 1908 2415 1979 ἔχειν
2468 1913 2605 1984 πρὸς
2636 1913 2729 1967 τὸν
2761 1916 2925 1984 φίλον
2948 1917 3250 1988 δυνάμενος
3271 1936 3285 1949 ⁸
3318 1917 3460 1973 εἶναι
3512 1920 3570 1973 δὲ
3615 1921 3737 1977 τινὰ

2143 2000 2311 2074 ἄλλην
2346 2005 2527 2058 αἰτίαν
2563 2006 2631 2059 δι’
2660 2009 2725 2078 ἢν
2762 2010 2856 2061 καὶ
2882 2008 3064 2078 λέγειν
3101 2011 3304 2064 ἐθέλων
3340 2013 3590 2083 ἀνάγκην
3624 2014 3737 2085 ἔχει

2143 2091 2237 2145 τοῦ
2272 2096 2509 2167 σιωπᾷν,
2559 2099 2649 2150 καὶ
2698 2101 2796 2169 τῆς
2831 2102 2895 2152 ἐκ
2923 2101 3018 2153 τοῦ
3062 2102 3218 2171 φίλου
3250 2104 3325 2173 μή
3354 2104 3651 2158 ἀπολαδεϊν
3680 2109 3741 2160 ὲν

2146 2187 2324 2255 τούτῳ
2381 2189 2758 2260 παραμυθίας.
2809 2192 2960 2245 Ἐπεὶ
3017 2193 3075 2247 δὲ
3125 2195 3153 2248 6
3218 2194 3361 2258 θεῖος
3399 2194 3740 2262 Πολύευκτος

2143 2280 2308 2344 πολὺς
2336 2276 2403 2352 ἦν
2454 2275 2803 2353 ἐγκείμενος,
2837 2286 2936 2340 καὶ
2965 2287 3056 2340 τοῦ
3083 2288 3403 2360 ἀπορρήτου
3435 2290 3534 2360 τὴν
3560 2290 3739 2361 δήλω-

2145 2388 2228 2426 σιν
2252 2373 2522 2440 ἀπαιτῶν,
2552 2376 2814 2447 ἀμέλειάν
2845 2396 2903 2431 τε
2933 2379 3210 2442 ὀνειδίζων
3239 2381 3389 2451 αὐτῷ
3419 2382 3511 2436 τοῦ
3540 2383 3735 2451 πόθου,

2144 2467 2240 2519 καὶ
2271 2466 2560 2520 ἀλλοίωσιν
2591 2469 2710 2523 οἷαν
2743 2470 2845 2540 τῆς
2878 2471 3013 2539 πρὸς
3046 2472 3208 2525 αὐτὸν
3235 2472 3529 2536 διαθέσεως
3550 2489 3564 2503 ·
3597 2476 3647 2527 εί
3677 2474 3736 2527 δὲ

2144 2558 2237 2609 καὶ
2271 2559 2802 2631 προσκεκρούκαμέν
2833 2580 2907 2626 τι,
2943 2563 3152 2631 λέγων;
3186 2567 3234 2617 εί
3265 2564 3320 2618 δὲ
3356 2567 3449 2617 καὶ
3493 2564 3735 2635 λελυπή-

2142 2664 2355 2717 καμεν;
2398 2648 2451 2700 τί
2489 2649 2555 2703 ἂν
2604 2649 2780 2713 οὕτως
2835 2653 3055 2722 ἰσχυρὸν
3109 2655 3194 2723 εἴη
3257 2655 3317 2709 τδ
3362 2656 3632 2725 πραχθὲν,
3659 2654 3736 2718 ὡς

2146 2739 2483 2810 συγγνώμης
2512 2742 2693 2812 πάσης
2716 2742 3054 2798 Πολύευκτον
3085 2745 3175 2798 τὸν
3210 2746 3302 2800 σὸν
3336 2747 3627 2814 ἐκϐαλεῖνς

2212 2830 2287 2885 Δ’.
2323 2832 2511 2887 Ταῦτα
2551 2834 2805 2903 λέγοντος
2854 2837 2949 2888 καὶ
3009 2837 3289 2903 ἀλύοντος,
3354 2840 3455 2892 οὐκ
3488 2836 3735 2909 ἐνεγκὼν

2142 2922 2387 2996 Νέαρχος
2442 2928 2693 2998 δακρύων
2747 2930 3069 3001 ὐποπλήσας
3124 2932 3252 2995 τοὺς
3278 2932 3618 3001 ὀφθαλμοὺς,
3644 2932 3743 2986 καὶ

2147 3018 2441 3089 στεναγμῷ
2471 3019 2638 3091 βνθίῳ
2669 3022 2768 3091 τὴν
2802 3023 2950 3077 ἔνδον
2994 3025 3171 3093 φλόγα
3213 3025 3310 3097 τῆς
3343 3027 3573 3097 καρδίας
3602 3028 3737 3079 ὑπο·-

2151 3110 2439 3180 σημήναςδ
2485 3113 2591 3166 Τὸν
2642 3114 2903 3183 μέλλοντα
2957 3117 3257 3188 χωρισμὸν,
3304 3117 3433 3189 ἔφη,
3488 3117 3738 3186 φίλτατε,

2154 3202 2249 3270 τῆς
2289 3203 2447 3273 ἡμῶν
2492 3208 2802 3273 συμπνοίας
2840 3210 2934 3262 καὶ
2970 3211 3205 3280 στοργῆς
3231 3212 3453 3275 ἐννοῶν,
3489 3213 3763 3279 ἀναγκάσῃ

2155 3292 2322 3363 ζομαι
2356 3297 2672 3371 ἀπορρῆξαι
2703 3301 2802 3373 ’ήδη
2834 3304 2927 3356 καὶ
2953 3304 3051 3374 τὴν
3074 3304 3272 3376 ψυχήν.
3307 3303 3477 3358 Τοῦτο
3504 3305 3738 3376 ήκουσεν

2152 3390 2360 3453 ἐκεῖνος
2399 3391 2677 3463 βαρύτατα
2708 3393 2936 3465 πληγεὶς
2958 3396 3054 3466 τὴν
3099 3398 3352 3467 καρδίαν.
3390 3398 3513 3461 Πῶς
3542 3397 3736 3466 ταῦτα,

2154 3478 2283 3550 ἔφη,
2315 3481 2556 3554 Νέαρχε,
2613 3485 2731 3547 πῶς
2761 3487 2855 3538 καὶ
2883 3487 2935 3539 τί
2968 3486 3033 3538 τὰ
3066 3487 3196 3556 παρ’
3229 3488 3420 3542 ἐλπίδα
3445 3488 3618 3543 ταῦτα
3644 3488 3743 3560 μή.

2156 3588 2302 3638 ματα
2321 3588 2334 3636 ;
2357 3575 2450 3625 καὶ
2468 3574 2631 3627 πόθεν
2656 3578 2787 3645 ἡμῖν
2809 3575 2981 3639 οὕτως
3005 3578 3031 3628 ὁ
3050 3578 3329 3647 χωρισμὸς
3353 3578 3597 3643 ἕσται,ὃν
3618 3576 3741 3631 οὐδὲ

2153 3662 2380 3719 θάνατον
2398 3665 2561 3717 αὐτὸν
2582 3665 2843 3721 δύνασθαι
2862 3670 3034 3721 ποιεῖν
3055 3671 3132 3731 εἰς
3150 3669 3297 3738 ἡμᾶς
3316 3668 3558 3738 ἔγνωμεν
3583 3686 3598 3732 ;
3634 3669 3745 3723 Καὶ

2150 3755 2179 3808 ὁ
2208 3756 2455 3827 Νέαρχος
2486 3772 2502 3789 ·
2537 3757 2710 3811 Τοῦτο
2758 3760 2866 3832 γάρ
2895 3762 3063 3819 ἐστιν.
3102 3759 3227 3831 ἔφη,
3276 3760 3522 3829 φίλτατε,
3580 3760 3608 3814 ὃ
3653 3776 3745 3831 μι-

2154 3847 2287 3918 κροῦ
2322 3865 2389 3918 με
2416 3849 2507 3901 καὶ
2541 3849 2857 3919 ἀποπνίγει,
2885 3852 2979 3905 καὶ
3008 3852 3140 3907 αὐτὸ
3173 3852 3389 3923 συνέχει
3421 3854 3479 3905 τὺ
3517 3853 3744 3922 Πνεῦμα

2152 3944 2245 3992 καὶ
2275 3940 2373 4010 τὴν
2406 3942 2588 4013 ψυχήν
2616 3958 2629 3972 ο
2665 3943 2748 3995 ὅτι
2786 3944 2813 3995 6
2850 3943 3128 4014 χωρισμὸς
3154 3937 3332 4010 οὗτος,
3366 3945 3425 3998 δν
3453 3946 3609 4017 ἐφην,
3644 3945 3744 3999 καὶ

2152 4033 2500 4101 ἀνθρωπείου
2539 4035 2773 4088 θανάτου
2809 4036 3159 4108 ἰσχυρότερος
3193 4039 3325 4108 ἡμῖν
3361 4040 3479 4092 ἐστι
3515 4040 3608 4093 καὶ
3649 4039 3747 4111 βα-

2154 4126 2399 4198 ρύτερος.
2435 4126 2602 4181 Οὔπω
2640 4129 2696 4181 δὲ
2740 4130 2830 4183 τὸν
2889 4130 3047 4199 λόγον
3087 4132 3114 4184 ὅ
3161 4147 3213 4184 τι
3261 4133 3327 4185 ἂν
3381 4132 3467 4203 εἴη
3502 4131 3744 4187 συνιέναι
3781 4159 3788 4165 -

2155 4220 2293 4291 ἔχων
2326 4220 2677 4286 πολύευκτος,
2715 4221 2956 4280 ἀναστὰς
2983 4223 3144 4287 εὐθὺς
3180 4226 3276 4278 καὶ
3312 4223 3627 4295 περιϐαλὼν
3648 4218 3744 4280 τοῦ

2153 4312 2329 4379 φίλου,
2391 4315 2486 4365 καὶ
2538 4313 2611 4376 ὼς
2669 4309 2781 4383 εἶχε
2831 4313 3144 4384 θερμότατα
3199 4317 3517 4387 περιχυθεὶς
3548 4316 3698 4389 αὑτῷ
3728 4331 3745 4350 '

2154 4403 2268 4455 ἀλλ’
2307 4405 2427 4457 εἰπέ
2463 4422 2574 4474 μοι,
2610 4404 2735 4474 ἔφη,
2768 4407 3006 4477 Νέαρχε,
3046 4407 3169 4461 είπέ
3224 4410 3411 4477 σαφῶς
3459 4412 3554 4464 καὶ
3609 4408 3746 4465 ἀνά-

3514 4501 3577 4554 οὒ
3634 4503 3745 4577 γὰρ

2156 4588 2309 4657 φέρω
2349 4587 2554 4658 ταύτην
2608 4590 2700 4642 ἐπὶ
2736 4589 2898 4642 πλέον
2928 4592 3026 4661 τὴν
3069 4590 3260 4660 ἄφιλον
3297 4594 3532 4663 σιωπήν.
3578 4591 3641 4646 Ei
3685 4593 3746 4647 δδ

2152 4681 2273 4745 οὐκ,
2308 4680 2424 4734 ἀλλ’
2447 4682 2599 4751 ὄψεις
2630 4700 2697 4753 με
2725 4684 3064 4738 Πολύευκτον
3086 4686 3187 4758 ήδη
3219 4686 3311 4739 τὸν
3342 4687 3417 4740 σὸκ
3467 4685 3745 4759 νεκρῶντι

2154 4775 2249 4826 καὶ
2281 4774 2488 4828 ἄπνουν
2528 4775 2665 4846 πρὸς
2693 4780 2760 4848 τῇ
2804 4780 2874 4848 γῇ
2935 4780 3210 4848 κείμενον.
3272 4778 3384 4833 Καὶ
3424 4780 3453 4832 6
3496 4779 3748 4851 Νέαρχος

2154 4861 2315 4934 ἐῴκει
2377 4865 2477 4935 μὲν
2531 4868 2706 4920 εἰπεῖν
2776 4867 3092 4938 βούλεσθαι,
3152 4869 3468 4940 ἡττώμενος
3519 4869 3576 4923 δὲ
3645 4868 3744 4922 τοῦ

2155 4954 2386 5031 πάθους,
2452 4959 2698 5011 ἐπεδείτο
2737 4959 2837 5030 τὴν
2884 4956 3171 5029 γλῶτταν,
3213 4961 3309 5014 καὶ
3365 4960 3526 5015 τοῦτο
3584 4962 3745 5031 μόνον

2156 5047 2453 5102 κατάδυνον
2484 5068 2535 5102 τι
2567 5053 2659 5104 καὶ
2705 5052 2999 5117 πεπονθὸς,
3043 5051 3287 5122 ήτένιζεν
3321 5057 3401 5119 είς
3441 5054 3533 5108 τὸν
3568 5053 3743 5122 φίλον,

2156 5144 2250 5195 καὶ
2279 5143 2380 5213 τῆς
2420 5144 2661 5214 ἀθυμίας
2690 5146 2895 5216 ἐμήνυε
2927 5146 3027 5218 τὴν
3058 5145 3387 5217 ὑπερϐολήν.
3433 5144 3520 5210 Ὠς
3550 5146 3606 5199 δέ
3636 5141 3745 5199 εἶδε

2157 5235 2499 5290 Πολύευκτον
2532 5239 2775 5292 παθόντα
2802 5257 2853 5293 τι
2884 5241 2977 5294 καὶ
3013 5239 3502 5311 μικροψυχότερον,
3532 5239 3626 5293 καὶ
3665 5241 3764 5314 είς.

2158 5329 2264 5397 γῆν
2308 5329 2502 5381 ἐαυτὸν
2547 5330 2981 5398 καταδάλλοντα,
3015 5333 3111 5385 καὶ
3144 5330 3266 5384 ὅλον
3298 5331 3400 5401 ήδη
3440 5331 3518 5400 τῷ
3552 5330 3749 5383 παθεῖιο

2157 5421 2484 5491 νικώμενον,
2554 5422 2929 5491 ἀναγκάζεται
2996 5424 3161 5495 ῥῆξαι
3204 5423 3438 5497 φωνήν·
3499 5424 3634 5486 καῖ,
3671 5414 3747 5474 Ὠ

2161 5514 2401 5585 φίλτατε,
2444 5515 2572 5586 ἔφη,
2609 5516 2935 5581 Πολύευκτε,
2997 5516 3151 5569 τουτὶ
3191 5517 3251 5568 τὸ
3302 5515 3582 5586 βασιλικὸν
3627 5512 3750 5566 ἐπί·

2159 5626 2350 5677 ταγμα
2387 5609 2481 5663 τὸν
2513 5610 2796 5682 χωρισμὸν
2830 5613 2964 5682 ἡμῖν
3005 5612 3300 5681 ἐμποιήσει
3349 5612 3445 5664 καὶ
3484 5608 3584 5681 τὴν
3631 5607 3751 5660 διά-

2163 5700 2366 5768 ζευξιν.
2414 5703 2570 5755 Ἐπεὶ
2602 5703 2661 5755 δὲ
2718 5701 2893 5756 ταῦτα
2937 5702 3169 5772 ήκουσεν
3217 5701 3247 5755 6
3279 5699 3439 5769 σοφὸς
3473 5699 3543 5752 τὰ
3576 5699 3752 5751 πάντα
3809 5706 3818 5715 °

2164 5794 2527 5863 Πολύευκτος,
2561 5793 2856 5867 συμϐαλὼν
2906 5793 3111 5861 εὐθέως
3161 5794 3301 5867 ὅπερ
3351 5791 3587 5864 Νεάρχῳ
3634 5787 3751 5861 βυύ-
