4152 6398
454 283 559 350 421

453 393 605 448 λεται
634 393 697 447 τὸ
750 391 963 465 λεχθὲν,
1012 395 1216 450 ενενόει
1245 397 1354 469 γὰρ
1383 398 1460 463 ώς
1510 400 1543 469 ὴ
1588 402 1718 473 περὶ⁹

454 483 792 556 ἀμφοτέρων
822 484 1084 556 διαφορὰ,
1118 486 1260 559 πρὸς
1308 487 1557 554 ἐξέτασιν
1594 491 1750 546 ίοῦσα
1802 498 1899 550 καὶ
1947 498 2048 568 ἀρ·

448 578 659 649 χόντων
688 575 933 650 βαρύτης
979 578 1284 647 ἀναγκάσει
1326 578 1499 635 θεῖναι
1533 584 1739 653 μεταξὺ
1787 585 1885 658 τὴν
1929 588 2046 645 διά-

449 686 662 724 στασιν.
713 670 851 724 Ἀλλ’
899 670 1064 726 αὐτὸν
1111 671 1344 745 ἀνέφερε
1405 674 1615 730 διάνοιά
1656 694 1740 742 τις
1789 678 2043 752 θειοτέρα

447 761 544 814 καὶ
590 760 660 831 ἢν
715 757 857 816 εἶδεν
906 762 1030 832 ὕψιν
1089 763 1505 836 ἀνανοούμενος,
1560 767 1656 821 καὶ
1711 771 2042 841 συνᾴδουσαν

446 852 621 922 αὐτὴν
660 852 740 923 τῷ
775 853 955 925 καιρῷ
986 855 1212 926 κρίνων,
1256 860 1433 928 χαρᾶς
1466 875 1525 911 τε
1558 860 1763 931 ἤρξατο
1800 863 2041 934 πληρού-

445 942 573 997 σθαι
605 946 702 997 καὶ
726 944 944 1015 ἡδονῆς,
980 947 1077 1000 καὶ
1101 948 1249 1013 ὅπως
1277 945 1423 1020 εἶχεν
1448 953 1481 1021 ἡ
1509 951 1632 1021 ὄψις
1653 954 1928 1009 ἐκοινοῦτο
1962 957 2040 1029 τῷ

445 1034 590 1106 φίλῳ
619 1051 635 1067 ο
682 1035 840 1089 Ἐστι
878 1054 953 1103 τι,
994 1037 1235 1110 Νέαρχε,
1270 1039 1465 1109 λέγων,
1497 1043 1669 1115 ὃτάχα
1692 1047 1881 1102 τοῦτον
1905 1052 2039 1120 ἡμῖν

440 1122 683 1179 κωλύσει
708 1126 965 1193 γενέσθαι
985 1128 1076 1182 τὸν
1102 1131 1400 1202 χωρισμόν.

417 1305 433 1351 l

420 1370 435 1410 ⁸
514 1389 595 1443 Ε’.
624 1385 783 1444 Εἶδον
812 1391 924 1461 γάρ
966 1391 1080 1462 ἐγὼ
1137 1394 1229 1449 τὸν
1263 1397 1537 1468 Χριστὸν,
1579 1400 1639 1455 ὃν
1684 1401 1750 1456 σὺ
1791 1421 2036 1477 προσκυ-

444 1484 579 1547 νεῖς,
633 1483 1007 1552 προσελθόντα
1058 1504 1172 1557 μοι,
1220 1489 1315 1542 κα)⁸
1370 1492 1520 1545 τουτὶ
1570 1494 1670 1563 μὲν
1701 1495 1762 1549 τὸ
1808 1499 2036 1570 πιναρὸν

456 1572 658 1642 ἱμάτιον
686 1574 716 1628 6
744 1577 1152 1650 περιϐέϐλημαι
1205 1581 1557 1640 ἀποδύσαντά
1609 1603 1677 1654 με
1711 1604 1725 1618 ·
1755 1588 1948 1658 ἑτέραν
1978 1591 2035 1645 δέ

452 1681 571 1719 τινα
598 1666 788 1739 στολὴν
823 1669 970 1739 μάλα
1014 1672 1205 1742 τιμίαν
1256 1676 1365 1744 (τίς
1410 1676 1478 1731 ἂν
1534 1679 1752 1753 ἐκείνης
1795 1682 1940 1737 εἴποι
1970 1684 2033 1737 τὸ

436 1851 504 1920 τῇ
538 1854 743 1923 περόνῃ
774 1853 905 1925 περὶ
948 1854 1041 1908 τὸν
1097 1849 1248 1927 ὦμον
1299 1861 1671 1933 συνεχομένην
1695 1877 1712 1895 ο
1748 1863 1941 1917 ἔπειτα
1974 1865 2032 1919 δέ

437 1943 652 2012 μοικαὶ
688 1944 862 1998 ἵππον
891 1948 1301 2019 ἐγχειρήσαντα
1355 1955 1656 2021 πτερωτόν.
1709 1955 1871 2010 ῑΑλλὰ
1921 1974 2032 2011 τοι-

433 2033 577 2106 αύτη
616 2034 717 2106 μὲν
754 2037 875 2108 δψις
912 2040 978 2108 ἣν
1020 2040 1049 2091 6
1099 2040 1244 2105 θεῖος
1284 2043 1626 2110 Πολύευκτος
1672 2044 1781 2102 εἶδε
1808 2065 1823 2081 ο
1875 2049 2028 2120 ἔλεγε

433 2123 491 2177 δὲ
519 2128 602 2190 είς
629 2127 784 2182 κενὸν
819 2130 1097 2201 οὐδαμῶς,
1126 2133 1262 2190 ἀλλά
1294 2135 1356 2189 τὸ
1389 2137 1582 2207 μέλλον
1611 2139 1857 2213 ἀκριϐῶς
1888 2145 2031 2198 είκό·

436 2213 604 2279 νιξεν.
656 2216 723 2270 Ἠ
757 2218 866 2288 γὰρ
890 2221 1195 2289 ἀμφιθεῖσα
1222 2223 1485 2297 καλλίστη
1516 2228 1704 2301 ἐκείνη
1737 2232 1898 2303 στολὴ
1928 2237 2027 2305 τὴν

429 2305 543 2358 ἀπὸ
598 2307 694 2361 τοῦ
746 2312 995 2381 χείρονος
1056 2314 1147 2367 ἐπὶ
1185 2315 1257 2369 τὰ
1297 2318 1534 2392 κρείττω
1581 2324 1887 2398 μεταϐολὴν
1918 2329 2028 2383 ἀπὸ

429 2397 532 2468 τῆς
574 2399 668 2452 ἐπὶ
696 2400 802 2471 γῆς
831 2407 1096 2474 στρατιᾶς
1127 2407 1210 2470 είς
1252 2409 1351 2480 τὴν
1380 2411 1709 2484 ἐπουράνιον
1739 2397 1851 2471 καί
1874 2420 2025 2475 θείαν

432 2489 851 2559 στρατολογίαν,
918 2493 1040 2547 καθ’
1100 2496 1166 2566 ἢν
1218 2498 1248 2550 6
1295 2500 1527 2571 Μάρτυς
1570 2503 1651 2575 τῷ
1699 2511 2024 2582 μαρτυρικῷ

429 2581 582 2652 χορῷ
639 2584 1013 2640 συνάπτεσθαι
1045 2587 1228 2658 μέλλοι
1266 2605 1280 2619 ·
1310 2593 1339 2644 6
1369 2593 1426 2646 δέ
1458 2610 1523 2662 γε
1577 2599 1780 2669 πτηνὸς
1834 2581 2020 2670 ἵππος,

429 2675 485 2730 τί
537 2676 606 2731 ἂν
660 2678 848 2749 ἕτερον
894 2677 1009 2752 εἶχε
1043 2682 1239 2754 δηλοῦν
1270 2686 1303 2757 ἢ
1340 2689 1440 2757 τὴν
1494 2695 1718 2762 ταχεῖαν
1765 2695 1874 2749 ἀπὸ
1926 2699 2023 2769 τῆς

431 2768 642 2823 ἐκείνου
662 2771 800 2841 πρὸς
832 2773 1098 2843 οὐρανοὺς
1137 2776 1405 2832 ἀνάϐασιν
1437 2797 1451 2845 ;

503 2859 581 2928 ς’.
611 2862 802 2918 Ταῦτα
837 2865 1146 2920 ἀκούσαντα
1178 2868 1430 2941 Νέαρχον
1458 2871 1698 2943 ἡσθῆναί
1722 2894 1781 2930 τε
1816 2880 1911 2932 καὶ
1930 2883 2023 2935 εὐ-

430 2956 709 3029 φροσύνης
747 2959 1042 3029 γενόμενον
1078 2977 1094 2991 ·
1137 2961 1241 3015 Τὸν
1288 2963 1546 3035 Χριστὸν,
1577 2967 1772 3035 εἰπεῖν,
1803 2972 2018 3040 ἕγνως;

428 3048 523 3103 τὸν
556 3048 814 3119 Χριστὸν,
847 3048 1178 3117 Πολύευκτε,
1199 3050 1292 3106 τὸν
1322 3052 1498 3125 ἀληθῆ
1528 3055 1693 3121 ὅντως
1723 3059 1853 3121 Θεόν
1881 3065 2020 3128 ;Τὺν

426 3138 487 3191 δὲ
518 3141 659 3210 πρὸς
684 3139 898 3192 ταῦτα’
946 3140 1085 3193 Πότε
1134 3140 1214 3210 δὲ,
1265 3143 1452 3212 φάναι,
1489 3145 1679 3201 τοῦτον
1731 3152 2014 3225 ἠγνόησας

430 3229 504 3284 Ἦ
551 3231 707 3297 πότε,
772 3230 865 3286 σοῦ
914 3233 1047 3305 ’περὶ⁵
1105 3235 1271 3288 αὑτοῦ
1323 3235 1601 3308 λέγοντος,
1657 3242 1860 3315 τρόμος
1914 3249 2018 3302 οὐκ

426 3321 606 3375 εἰσέδυ
647 3340 753 3393 μου
782 3323 881 3394 τὴν
925 3324 1145 3396 ψυχήν;
1196 3325 1265 3380 Ἦ
1297 3327 1785 3401 ἀναγινώσκοντος,
1818 3338 1918 3393 οὐκ
1957 3342 2016 3395 ὲν

426 3414 671 3485 θαύματι
738 3415 1064 3487 ποιούμενος
1116 3414 1184 3490 ἦν
1229 3422 1342 3482 τοῖς
1395 3419 1621 3490 λόγοις;
1684 3427 1848 3496 μόνου
1904 3432 2015 3504 γὰρ

425 3507 660 3578 ἐδεόμην
686 3506 971 3579 ὀνόματος,
997 3507 1190 3563 ἔπειτα
1217 3509 1356 3566 ἄλλα
1383 3530 1446 3581 γε
1474 3517 1541 3585 τῇ
1587 3516 1845 3601 διαθέσειΔ
1871 3524 2013 3594 Χρι-

428 3599 647 3664 στιανὸς
691 3595 782 3672 ἦν,
832 3602 927 3653 καὶ
955 3603 1037 3664 εἰς
1069 3602 1314 3656 δουλείαν
1354 3603 1613 3662 ἔσπευδον
1653 3598 1890 3682 ἐμαυτὸν
1924 3618 2013 3672 ὲν-

425 3689 588 3755 τάξαι
642 3690 721 3761 τῷ
767 3691 1016 3763 Δεσπότῃ
1068 3693 1312 3764 Χριστῷ,
1350 3695 1522 3751 πολλὰ
1576 3703 1789 3773 χαίρειν
1842 3708 2012 3763 εἰπὼν

431 3783 547 3843 ταῖς
593 3782 854 3852 ματαίαις
882 3782 992 3837 τῶν
1024 3783 1259 3839 εἰδώλων
1284 3786 1582 3859 λατρείαις.
1614 3793 1679 3846 Τί
1711 3794 1805 3851 οὖν
1838 3800 2012 3868 πράτ-

436 3887 615 3941 τομεν,
643 3867 688 3928 ὧ
729 3875 950 3945 Νέαρχε
983 3892 999 3941 ;
1047 3877 1099 3931 τί
1134 3877 1191 3931 δὲ
1240 3879 1317 3951 μὴ
1351 3883 1602 3953 φανερῶς
1632 3867 2012 3961 ἐπιδείκνυμεν

435 3963 533 4034 τὴν
551 3967 625 4028 είς
649 3967 885 4036 Χριστὸν
911 3968 1199 4040 ὁμολογίαν
1232 3988 1247 4038 ;
1283 3973 1391 4026 Kal.
1419 3975 1447 4027 6
1482 3975 1730 4048 Νέαρχος
1761 3981 2012 4050 ἀσμένως

374 4123 381 4129 ὁ
428 4056 597 4111 ταῦτα
631 4058 968 4129 δεξάμενοςς
1021 4063 1132 4115 Καὶ
1185 4063 1374 4138 ῶσπερ
1436 4068 1773 4140 ἀπογυμνῶν
1818 4075 2010 4128 ἑαυτὸν

422 4151 520 4202 καὶ
546 4150 951 4205 ἀνακαλύπτων
976 4189 995 4207 .
1043 4152 1188 4208 Ἀλλ’
1228 4157 1371 4225 ἐμοὶ,
1424 4157 1552 4231 ἔφη,
1582 4161 1910 4234 Πολύευκτε,
1946 4170 2008 4221 οὐ

421 4242 678 4310 πλοῦτος,
709 4245 770 4297 ού
829 4245 980 4312 δόξα,
1037 4247 1100 4300 ού
1151 4253 1550 4321 στρατιωτικὸν
1586 4254 1723 4318 ὅλως
1757 4257 2000 4329 ἀξίωμα,

418 4333 578 4387 οὐδὲν
636 4335 766 4389 ἀλλο
812 4335 923 4390 τῶν
974 4337 1067 4391 τοῦ
1104 4340 1309 4411 κόσμου
1345 4344 1445 4415 τῆς
1479 4346 1535 4398 ὲν
1588 4347 1809 4421 Χριστῷ
1862 4351 2006 4423 ζωῆς

420 4426 851 4500 προτιμότερον·
882 4428 1088 4503 ταύτης
1116 4433 1224 4501 γὰρ
1253 4434 1475 4506 ἐφίεμαι
1501 4437 1692 4509 μόνης,
1716 4441 1784 4495 τὰ
1804 4441 1849 4496 δ’
1875 4443 2012 4498 ἄλλα
2044 4453 2086 4506 D

422 4518 605 4588 μικρά
664 4537 756 4590 μοι
814 4522 1038 4576 καὶτοῦ
1069 4525 1300 4595 μηδενός
1332 4529 1473 4582 εἰσιν
1515 4528 1664 4595 ἀξια.
1723 4529 1861 4587 Εἶτα
1914 4537 2009 4590 καὶ

419 4608 587 4663 πάλιν
624 4610 653 4663 6
699 4610 842 4677 θεῖος
899 4613 1260 4684 Πολύευκτος,
1319 4616 1507 4690 ὥσπερ
1561 4625 2011 4697 ἀποπειρώμενος

421 4701 589 4755 αὐτοῦ
620 4702 721 4774 τῆς
751 4704 979 4777 γνώμης
1009 4721 1024 4736 ⁸
1059 4707 1127 4759 Τί
1174 4708 1254 4774 δὲ,
1306 4711 1405 4763 οὐκ
1458 4712 1678 4782 ὀρέγει,
1735 4717 1861 4787 ἔφη,
1912 4718 2008 4772 τοῦ

421 4793 691 4865 παρόντος
720 4795 874 4850 τοῦδε
923 4814 1005 4877 σοι
1040 4798 1395 4870 ἀξιώματος;
1446 4804 1557 4858 Καὶ
1589 4806 1619 4858 6
1667 4807 1915 4880 Νέαρχος
1947 4813 2010 4865 ἐκ

424 4886 659 4957 καρδίας
715 4887 889 4944 ταῦτα
945 4891 1042 4945 καὶ
1089 4893 1191 4948 οὐκ
1241 4896 1322 4960 είς
1370 4897 1680 4971 ἀπόπειραν
1726 4903 2010 4974 προελθεῖν

420 4977 627 5048 νοήσας
653 4994 668 5009 ·
702 4977 944 5047 ’Δγνοεῖν
975 5001 1068 5055 μοι
1110 4985 1318 5053 ἔοικας,
1363 4988 1468 5064 ἔφη
1491 5033 1508 5060 ,
1570 4994 1897 5063 Πολύευκτε,
1949 4999 2010 5053 τὸ

416 5066 622 5139 ἀληθὲς
656 5069 714 5125 ὲν
770 5071 995 5144 Χριστῷ
1044 5074 1284 5147 ἀξίωμα,
1342 5080 1438 5134 καὶ⁵
1494 5081 1594 5153 τὴν
1633 5087 1765 5156 παρ’
1809 5088 2010 5161 ,ἐκείνῳ

413 5158 602 5227 δόξαν,
625 5160 723 5216 καὶ
740 5162 838 5235 τὴν
861 5164 943 5230 είς
970 5166 1230 5222 οὐδέποτε
1255 5173 1575 5245 παυομένην
1600 5158 2006 5252 μακαριότητα.

417 5248 584 5305 Οὕτω
642 5253 824 5323 μέντοι
884 5251 1027 5327 ἦσαν
1075 5259 1567 5334 κοινολογούμενοι,
1624 5267 1718 5321 καὶ
1764 5248 2009 5341 ἀφανεράν

416 5342 674 5414 ἀλλήλοις
699 5343 799 5417 τὴν
823 5348 1035 5402 ἑαυτῶν
1066 5349 1295 5425 γνώμην
1324 5356 1628 5423 ποιοῦντες.

490 5434 565 5490 Z'.
605 5436 943 5523 Πολύευκτος
976 5440 1033 5495 δὲ
1068 5445 1097 5497 ὁ
1128 5444 1296 5510 καλὸς
1336 5448 1434 5502 καὶ
1460 5449 1635 5521 ἡδέως
1662 5451 1720 5507 δὲ
1747 5453 1886 5523 πρὸς
1916 5456 2010 5511 τὸν

415 5523 574 5595 φίλον
623 5516 719 5584 καῖ
767 5533 1071 5603 χαριέντως
1107 5535 1310 5593 ἐθέλων
1339 5516 1514 5597 ιίπιῖν
1543 5557 1561 5576 ⁸
1603 5545 1676 5599 Σὺ
1711 5516 1833 5618 μὲν,
1865 5516 2008 5621 ⁷ἔφη,

416 5618 638 5691 ἀγνοεῖν
667 5639 737 5694 με
777 5623 1154 5694 ύπώπτευσας
1201 5631 1302 5704 τὴν
1357 5634 1416 5689 ὲν
1444 5635 1668 5710 Χριστῷ
1698 5639 1879 5710 δόξαν,
1914 5618 2009 5700 καὶ

413 5709 516 5785 τὴν
546 5713 684 5785 παρ’
718 5715 915 5789 ικείνῳ
945 5721 1328 5796 μακαριότητα
1346 5740 1361 5757 ο
1396 5725 1508 5796 ἐγὼ
1536 5727 1594 5783 δὲ
1624 5709 1720 5787 καὶ
1753 5733 1861 5806 πρὸ
1888 5734 2006 5804 σοῦ,

1747 300 1928 362 νΙΤΑ
1968 304 2030 365 S.
2064 304 2303 371 POLYE
2313 311 2514 377 UCTI.

1773 405 1835 459 τὸ
1883 407 2050 473 σέϐας
2078 420 2125 477 Α
2157 413 2330 471 simus
2361 419 2902 493 audiitPolyeuctus,
2935 429 3119 486 statim
3147 434 3447 507 conjiciens
3465 444 3599 512 quid
3629 449 3734 507 sibi

3619 332 3731 397 422

2148 507 2334 574 vellet,
2394 513 2543 580 quod
2598 514 2815 571 dixerat
2870 519 3152 581 Nearchus
3207 545 3222 582 :
3274 507 3531 600 cegitav'it
3577 540 3730 596 enim

2146 601 2291 666 quod
2338 603 2625 657 amborum
2656 604 2714 659 in
2762 608 3022 680 religione
3066 614 3337 672 dissensio
3369 620 3480 689 jam
3523 628 3735 683 exami-

2144 689 2345 753 nanda,
2379 698 2433 745 et
2458 693 2812 751 acerbitatem
2859 701 3105 757 subitura
3129 705 3378 773 judicum
3421 723 3600 783 coget,
3634 732 3730 772 eos

2144 794 2174 832 a
2207 795 2267 835 se
2293 780 2531 839 invicem
2556 786 2795 859 disjungi
2826 808 2839 844 :
2866 796 3136 850 convertit
3163 813 3288 852 eum
3312 802 3380 855 ad
3402 803 3729 865 diviniorem

2142 881 2400 940 quantam
2450 876 2872 945 cogitationem,
2919 891 2974 937 et
2998 887 3286 944 revolvens
3332 895 3518 950 animo
3560 915 3725 969 quam

2142 962 2354 1019 viderat
2387 967 2675 1035 visionem,
2719 981 2775 1026 et
2804 990 2922 1028 eam
2951 977 3207 1045 judicans
3250 989 3479 1056 tempori
3523 1006 3729 1049 conve-

2140 1053 2801 1131 nientem,cmpitrepleri
2825 1067 3024 1134 gaudio
3051 1079 3106 1125 et
3128 1053 3439 1144 voluptate:
3468 1090 3728 1152 etquem-

2141 1144 2436 1202 admodum
2471 1151 2588 1205 haec
2623 1151 2792 1208 fuerit
2851 1157 3007 1224 visio,
3058 1169 3491 1224 communicavit
3523 1174 3725 1242 amico,

2048 1294 2059 1307 _
2138 1237 2233 1292 Est
2255 1240 2481 1309 aliquid,
2519 1243 2728 1310 dicens,
2754 1262 2787 1301 o
2816 1248 3080 1316 Nearcho,
3108 1258 3254 1325 quod
3281 1261 3589 1329 prohibebit
3622 1237 3728 1323 no;

2139 1329 2222 1384 bis
2255 1331 2398 1388 hanc
2444 1335 2561 1389 ﬁeri
2597 1342 3022 1408 separationem.

2210 1422 2275 1477 V.
2321 1425 2438 1481 Vidi
2468 1430 2617 1484 enim
2647 1447 2748 1503 ego
2785 1434 3089 1505 Christum,
3123 1456 3284 1511 quem
3319 1454 3373 1501 tu
3409 1448 3622 1519 adoras,
3654 1452 3724 1509 ad

2135 1529 2226 1570 me
2257 1520 2670 1590 accendentem,
2708 1525 2811 1580 hac
2853 1530 3094 1597 sordida,
3141 1549 3248 1603 qua
3298 1554 3417 1592 sum
3471 1541 3718 1613 indutus,

2137 1614 2290 1661 veste
2317 1623 2405 1663 me
2432 1608 2673 1680 exuis‘se,
2709 1617 2817 1672 alia
2850 1635 2980 1675 vero
3010 1623 3169 1679 valde
3210 1628 3450 1693 pretiosa
3490 1633 3546 1697 (ο
3595 1635 3720 1704 quis

2137 1699 2282 1756 illius
2308 1703 2774 1772 pulchritudinem
2806 1712 3005 1769 dixerit
3057 1726 3114 1772 et
3164 1720 3576 1793 splendorem!)
3614 1699 3718 1782 in-

2309 1767 2325 1772 _
2917 1767 2925 1769 ν
2991 1767 3004 1769 -
3063 1767 3112 1772 η
3165 1767 3575 1793 -r--.--_-.......,
3628 1767 3716 1782 ...ρ

2064 1767 2106 1822 Β
2132 1791 2341 1861 duisse,
2375 1798 2534 1866 cujus
2567 1799 2859 1859 humerum
2898 1806 3062 1862 ﬁbula
3087 1812 3502 1883 constringebat
3527 1832 3716 1875 aurea.

2134 1883 2344 1942 Deinde
2372 1904 2502 1944 vero
2533 1892 2667 1947 mihi
2698 1911 2914 1966 quoque
2940 1914 3142 1969 equum
3173 1905 3463 1960 tradidisse
3488 1909 3716 1970 alatum.

2130 1979 2309 2049 Atque
2354 1982 2480 2038 talis
2529 1986 2750 2055 quidem
2788 1989 2891 2044 fuit
2935 1992 3099 2058 visio,
3132 2010 3295 2065 quam
3326 1997 3462 2054 vidit
3500 2001 3720 2059 divinus

2130 2068 2457 2142 Polyeuctus
2493 2093 2505 2129 :
2545 2077 2663 2147 ejus
2685 2088 2867 2135 autem
2895 2098 3241 2156 nequaquam
3274 2088 3379 2146 fuit
3402 2108 3575 2150 vanus
3602 2098 3718 2153 exi-

2132 2168 2242 2226 tus,
2274 2165 2370 2219 sed
2404 2169 2665 2236 praeclare
2693 2175 2965 2242 expressit
3003 2175 3053 2229 id
3083 2180 3230 2248 quod
3283 2193 3404 2237 erat
3444 2183 3715 2251 futurum,

2126 2261 2337 2309 mutata
2360 2258 2580 2326 quidem
2619 2261 2713 2316 illa
2742 2265 2912 2320 vestis
2936 2269 3328 2341 pulcherrima,
3355 2280 3715 2335 mutationem

2127 2343 2182 2397 in
2216 2347 2413 2403 melius
2442 2365 2506 2404 ex
2539 2366 2606 2406 eo
2640 2355 2787 2423 quod
2827 2367 2912 2413 est
2956 2360 3199 2419 deterius
3231 2383 3245 2420 :
3285 2383 3505 2439 nempe,
3541 2381 3598 2427 ut
3648 2388 3717 2429 cx

2114 2445 2350 2493 terrena
2400 2441 2595 2498 militia
2645 2446 2702 2499 in
2759 2449 3035 2507 caelestem
3083 2464 3140 2509 et
3190 2456 3435 2514 divinum
3482 2463 3715 2521 militum

2130 2528 2432 2586 referretur
2478 2549 2833 2616 numerum,
2864 2558 2965 2612 per
3007 2560 3169 2615 quem
3222 2560 3339 2605 erat
3383 2552 3437 2606 in
3488 2554 3713 2611 chorum

2127 2630 2424 2694 martyrum
2456 2631 2813 2698 coaptandus.
2840 2634 3031 2691 Alatus
3060 2650 3241 2695 autem
3269 2644 3359 2698 ille
3385 2660 3559 2715 equus
3582 2649 3714 2718 quid

2124 2711 2270 2768 aliud
2301 2718 2476 2787 possit
2500 2719 2828 2790 signiﬁcare,
2855 2741 3018 2794 quam
3050 2729 3197 2785 illius
3229 2735 3462 2790 celerem
3497 2753 3526 2791 a
3566 2747 3708 2795 terra

2124 2803 2178 2858 in
2208 2809 2376 2862 caelos
2398 2815 2724 2869 ascensum?

2192 2896 2283 2951 Vl.
2328 2899 2453 2955 llaec
2482 2918 2604 2957 cum
2660 2907 2921 2965 audiisset
2951 2910 3270 2983 Nearchus,
3317 2917 3531 2976 laetatus
3584 2932 3708 2990 est,

2123 2987 2423 3062 hilarisque
2458 2995 2708 3062 etTectus,
2747 3001 2794 3054 ei
2835 3002 2974 3059 dixit
3012 3022 3024 3058 :
3055 3005 3333 3063 Christum
3364 2987 3712 3083 cognovisti?

2046 3111 2091 3169 ο
2122 3080 2423 3149 Christum,
2454 3100 2487 3140 ο
2518 3085 2831 3160 Polyeucte,
2857 3096 2950 3163 qui
2985 3111 3114 3152 vere
3138 3110 3222 3153 est
3255 3099 3397 3158 Deus
3414 3080 3552 3158 ?vltle
3576 3120 3708 3161 vero

2127 3169 2179 3224 ei
2213 3173 2345 3228 dicit
2377 3192 2391 3228 :
2427 3174 2656 3242 Quando
2682 3190 2866 3238 autem
2907 3201 3032 3241 eum
3070 3188 3353 3259 ignoravi?
3386 3194 3547 3262 Num,
3580 3213 3706 3252 cum

2129 3275 2187 3321 tu
2226 3268 2293 3322 de
2327 3284 2392 3323 eo
2437 3272 2670 3342 diceres,
2708 3285 2914 3334 tremor
2967 3298 3149 3337 meum
3182 3285 3400 3342 subibat
3428 3289 3707 3345 animum?

2124 3365 2219 3411 aut
2239 3374 2364 3415 cum
2387 3362 2615 3434 legeres,
2644 3383 2753 3423 non
2779 3372 2898 3441 ejus
2925 3374 3236 3431 admirabar
3266 3381 3589 3436 sermones?
3612 3398 3704 3438 so-

2127 3450 2239 3506 lum
2271 3457 2419 3510 enim
2457 3459 2594 3514 mihi
2622 3477 2826 3519 nomen
2861 3466 3049 3523 deerat
3088 3488 3100 3523 :
3134 3470 3336 3541 alioqui
3377 3474 3526 3529 enim
3554 3491 3704 3530 eram

2125 3543 2419 3604 affectione
2441 3549 2807 3622 Christianus,
2831 3569 2885 3613 et
2904 3561 3189 3617 studebam
3210 3580 3296 3619 me
3316 3564 3529 3621 Domini
3549 3567 3708 3623 Chri-

2125 3637 2192 3691 sti
2224 3639 2539 3709 mancipare
2568 3646 2813 3709 servitio,
2848 3650 3079 3705 multum
3125 3653 3308 3709 valere
3344 3657 3545 3722 jubens
3585 3661 3704 3715 cul-

2127 3737 2213 3783 tus
2257 3729 2448 3787 inanes
2479 3734 2936 3797 simulacrorum.
2991 3742 3133 3809 Quid
3182 3762 3311 3817 ergo
3351 3749 3614 3819 facimus,
3668 3769 3702 3809 ο

2123 3825 2375 3881 Nearchc
2411 3844 2423 3880 :
2461 3845 2560 3883 cur
2583 3846 2694 3886 non
2749 3842 2935 3904 aperte
2984 3842 3328 3898 ostendimus
3357 3853 3601 3900 nostram
3644 3846 3700 3902 in

2121 3916 2398 3973 Christum
2430 3921 2869 3981 confessionem?
2898 3927 3036 3984 Cum
3087 3932 3203 3989 haec
3233 3945 3416 3990 autem
3450 3937 3702 3994 lubenter

2121 4008 2424 4078 accepisset
2452 4011 2754 4077 Nearchus,
2780 4019 2937 4086 dixit,
2964 4038 3021 4077 se
3052 4025 3217 4079 veluti
3245 4027 3460 4083 nudans
3491 4039 3547 4084 et
3571 4045 3699 4100 ape-

2119 4098 2268 4154 riens
2301 4118 2313 4154 :
2345 4100 2496 4168 Mihi,
2532 4119 2566 4159 ο
2596 4103 2907 4177 Polyeucte,
2952 4128 3061 4167 non
3096 4114 3321 4178 divitiae,
3356 4134 3466 4173 non
3502 4120 3694 4190 gloria,

2117 4208 2222 4247 nec
2251 4194 2477 4250 omnino
2502 4196 2738 4267 dignitas
2763 4201 3034 4270 militaris,
3073 4223 3176 4262 nec
3214 4210 3418 4280 aliquid
3445 4212 3590 4267 aliud
3629 4230 3697 4269 ex

2117 4286 2206 4350 iis,
2241 4303 2363 4356 quae
2396 4298 2527 4343 sunt
2562 4291 2725 4360 hujus
2785 4297 2998 4361 mundi.
3052 4301 3344 4369 praefertur
3380 4306 3522 4365 vitae.
3570 4322 3696 4377 qua:

2116 4386 2199 4430 est
2239 4376 2293 4430 in
2330 4379 2562 4443 Christo.
2584 4397 2717 4448 eam
2743 4386 2892 4441 enim
2926 4390 3096 4444 solam
3133 4393 3384 4450 desidero
3418 4414 3431 4450 :
3460 4397 3563 4453 alia
3592 4414 3696 4453 au-

2118 4474 2226 4538 tem
2254 4469 2392 4538 apud
2423 4485 2510 4525 me
2540 4484 2668 4528 sunt
2702 4491 2890 4545 parva,
2936 4490 2992 4535 et
3031 4483 3232 4539 nullius
3276 4486 3456 4554 pretii.
3493 4488 3695 4544 Deinde

2117 4574 2304 4613 rursus
2327 4561 2545 4618 divinus
2582 4563 2910 4637 Polyeuctus
2948 4571 3068 4641 ejus
3092 4575 3261 4628 animi
3294 4577 3458 4631 veluti
3488 4576 3696 4634 faciens

2114 4648 2419 4718 periculum
2454 4695 2466 4707 .
2501 4653 2641 4720 Quid
2672 4660 2844 4713 vero?
2885 4659 3092 4729 inquit;
3122 4679 3306 4720 annon
3351 4671 3698 4740 concupiscis

2114 4735 2278 4804 hanc,
2310 4755 2432 4810 quae
2459 4744 2613 4799 adest
2640 4745 2762 4809 tibi,
2794 4748 3156 4818 dignitatem?
3193 4753 3477 4812 Nearchus
3512 4735 3695 4815 autem

2113 4830 2437 4888 existimans
2473 4835 2591 4890 haec
2634 4837 2704 4891 ab
2751 4853 2819 4893 eo
2858 4838 2963 4895 dici
2994 4858 3062 4897 ex
3107 4844 3314 4914 animo,
3350 4857 3405 4903 et
3438 4865 3549 4903 non
3576 4851 3697 4921 ejus

2116 4924 2361 4985 tentandi
2398 4926 2609 4996 gratia:
2640 4927 2873 4995 Videris,
2905 4932 3098 5002 inquit,
3134 4936 3291 5002 mihi,
3316 4953 3349 4993 ο
3379 4936 3695 5010 Polyeucte,

2113 5011 2364 5082 ignorare
2394 5032 2577 5073 veram
2611 5019 2667 5075 in
2701 5022 2923 5078 Christo
2952 5026 3300 5097 dignitatem,
3336 5037 3393 5084 et
3426 5046 3547 5088 eam
3573 5050 3696 5104 qua:

2112 5114 2200 5160 est
2242 5107 2390 5177 apud
2432 5108 2588 5164 illum
2634 5112 2883 5184 gloriam.
2912 5125 2967 5171 et
3015 5132 3136 5187 quae
3165 5135 3446 5190 nunquam
3494 5134 3694 5191 cessat,

2113 5195 2532 5256 beatitudinem.
2593 5199 2686 5258 Sic
2742 5205 2961 5275 quidem
3019 5208 3164 5264 inter
3229 5224 3290 5265 se
3336 5210 3697 5270 conferebant

2113 5300 2416 5354 sermones,
2447 5297 2503 5344 et
2543 5290 2650 5346 sibi
2682 5292 2919 5373 invicem
2944 5311 3098 5352 suam
3127 5299 3449 5371 aperiebant
3467 5311 3692 5359 senten-

2114 5377 2265 5434 tiam.

2182 5465 2298 5524 VII.
2337 5469 2598 5544 Egregius
2621 5485 2805 5534 autem
2830 5477 3155 5553 Polyeuctus
3172 5485 3416 5557 jucunde
3436 5497 3492 5546 et
3516 5488 3696 5561 lepido

2114 5561 2306 5618 volens
2335 5563 2541 5634 aliquid
2567 5570 2749 5626 amico
2792 5572 2978 5631 ditere
3013 5593 3027 5631 :
3063 5575 3145 5634 Tu
3183 5582 3404 5652 quidem
3447 5584 3696 5654 suspica-

2111 5650 2280 5719 beris,
2314 5654 2510 5726 inquit,
2544 5673 2632 5714 me
2668 5660 2924 5732 ignorare
2948 5684 3091 5734 eam,
3109 5650 3232 5741 quae
3252 5682 3339 5729 est
3368 5674 3423 5730 in
3450 5650 3692 5743 Christo,

2112 5743 2363 5818 gloriam,
2394 5756 2450 5804 et
2475 5764 2597 5821 quae
2626 5762 2711 5810 est
2747 5757 2891 5826 apud
2926 5758 3101 5832 illum,
3129 5762 3547 5827 beatitudinem.
3582 5768 3694 5843 Ego
