4152 6412
417 393 523 459 423

1619 396 1778 457 ΜΕΝ
1787 397 1907 457 SIS
1944 396 2406 458 IANUARIUS.

3580 392 3686 459 421

414 516 623 570 autem,
669 520 703 561 ο
735 505 1004 571 Nearcho,
1041 503 1228 560 videor
1257 512 1308 556 te
1329 503 1696 572 prmccssisse,
1736 511 1792 556 et
1825 502 1999 572 impc-

2115 502 2350 575 Νέαρχε,
2383 500 2645 570 φαίνομαι
2667 499 2968 570 προκόψας,
3002 500 3093 554 καὶ
3146 494 3453 572 βασιλικὴν,
3499 496 3689 577 ῶσπερ

416 598 700 663 ratoriam,
731 605 789 652 ut
822 597 950 661 scis,
972 605 1029 650 et
1051 596 1331 651 cmlcstem
1353 594 1696 664 chlamydem
1719 584 1999 663 accepisse

416 705 516 760 per
539 688 946 743 revelationem.
990 685 1095 741 Sed
1146 696 1330 740 tamen
1381 685 1505 740 volo
1536 700 1600 738 ex
1650 695 1704 740 te
1735 684 2000 739 sciscitari

417 780 636 851 aliquod
670 787 835 848 caput
863 776 1129 848 spiritale.
1161 775 1369 831 Vereor
1399 776 1546 830 enim
1597 792 1690 842 ne,
1716 778 1759 830 si
1792 776 2001 845 absque

421 870 784 925 sacramentis
811 867 1163 939 etmysteriis
1183 868 1505 923 accesserim
1537 867 1606 921 ad
1632 867 1999 932 Scrvatorem,

422 961 471 1016 ei
508 961 691 1015 videar
718 960 942 1015 minime
969 968 1251 1029 acceptus,
1283 966 1340 1012 et
1388 958 1645 1028 indignus
1674 958 1768 1027 qui
1796 958 2004 1012 referar

422 1054 478 1109 in
512 1069 805 1108 numerum
852 1053 973 1123 ejus
1003 1054 1259 1107 militum.
1295 1050 1591 1120 Postquam
1631 1051 1751 1105 lucc
1794 1049 2004 1105 audivit

424 1132 725 1207 Nearchus,
758 1144 939 1198 statim
979 1143 1172 1214 surgit,
1201 1150 1257 1195 et
1304 1141 1486 1195 evadit
1526 1141 1710 1194 animo
1739 1140 1918 1195 acrior
1947 1150 2003 1195 et

425 1235 809 1290 vehementior
854 1253 867 1288 :
905 1244 959 1289 et
1006 1234 1242 1289 amicum
1287 1232 1478 1301 incipit
1521 1246 1788 1294 recreare,
1826 1246 2006 1299 prom-

425 1327 703 1398 ptiorique
723 1336 779 1382 et
800 1326 1048 1381 alacriori
1081 1306 1264 1380 animo
1295 1339 1418 1377 eum
1448 1322 1679 1378 reddere
1708 1323 1777 1377 ad
1799 1321 2005 1377 Christi

425 1420 610 1485 ﬁdem,
640 1419 831 1473 dicens
873 1435 885 1470 :
914 1418 1094 1483 Nulla,
1125 1432 1158 1472 ο
1194 1406 1545 1480 amicissime,
1576 1414 1647 1469 sit
1673 1413 1765 1468 tibi
1808 1414 1875 1469 de
1904 1414 2007 1468 hac

427 1525 489 1565 re
513 1511 804 1565 dubitatio.
833 1500 1110 1579 Scriptum
1142 1517 1225 1562 est
1255 1507 1401 1561 enim
1441 1521 1604 1576 posse
1633 1506 1805 1560 Deum
1830 1506 1915 1561 vel
1940 1522 2007 1560 ex

425 1602 513 1657 his
540 1601 813 1671 lapidibus
839 1599 1109 1653 suscitare
1146 1598 1287 1654 ﬁlios
1311 1598 1562 1653 Abrahre.
1602 1595 1758 1664 Quod
1786 1597 2006 1667 quidem

422 1692 553 1763 quid
586 1698 669 1746 est
707 1690 875 1754 aliud,
916 1705 1077 1759 quam
1115 1690 1237 1756 hoc,
1275 1704 1437 1759 posse
1469 1687 1634 1743 etiam
1679 1687 1910 1758 gentiles
1938 1702 2008 1741 ex

425 1784 705 1851 insperato
739 1781 974 1834 salutem
1032 1779 1269 1849 assequi,
1305 1787 1506 1833 etesse
1541 1763 1741 1833 milites
1765 1776 2006 1832 Christi?

420 1874 557 1930 Nam
601 1873 880 1937 omnibus,
915 1881 974 1926 ut
1019 1872 1190 1927 semel
1242 1871 1438 1936 dicam,
1477 1880 1665 1940 aperta
1712 1880 1798 1925 est
1853 1880 2008 1941 porta

425 1967 549 2022 caeli
579 1984 592 2019 :
634 1964 769 2018 nulli
797 1958 1024 2018 omnino
1050 1981 1118 2019 ex
1148 1963 1405 2017 omnibus
1431 1963 1686 2016 occlusus
1716 1970 1799 2017 est
1820 1961 2010 2016 salutis

424 2060 626 2113 aditus.
664 2054 1035 2122 Quamobrem
1076 2055 1122 2108 is
1153 2071 1373 2124 quoque
1411 2055 1502 2124 qui
1534 2054 1729 2121 credit,
1758 2070 2009 2125 magnam

426 2147 654 2216 recipiet
674 2145 978 2200 mercedem
1006 2159 1186 2213 parvae
1208 2144 1354 2198 illius
1372 2144 1518 2198 ﬁdei.
1544 2143 1837 2213 Propterea
1860 2145 2010 2199 enim

427 2236 494 2292 iis
519 2250 759 2306 quoque,
791 2235 883 2304 qui
918 2236 1093 2304 prima
1125 2244 1181 2288 et
1212 2235 1373 2289 tertia
1404 2244 1461 2289 et
1488 2249 1633 2289 nona
1667 2235 1804 2289 hora
1825 2250 2013 2291 acces-

426 2334 619 2381 serunt
675 2324 745 2379 ad
803 2326 1043 2387 vineam,
1088 2323 1311 2392 aequalis
1360 2338 1571 2378 merces
1626 2323 1939 2378 decernitur
1968 2324 2010 2381 ί.

428 2418 824 2484 Quamobrem,
856 2416 1069 2471 etiamsi
1104 2416 1220 2486 ipse
1258 2415 1444 2470 tardus
1467 2416 1786 2483 accesseris,
1818 2418 2013 2471 eadem

430 2526 553 2580 quae
589 2509 750 2579 primi
786 2506 1009 2578 prauuia
1043 2507 1415 2576 consequeris.
1449 2506 1530 2561 Ad
1569 2508 1685 2561 haec
1724 2508 1885 2561 divus
1911 2507 2014 2562 Po-

429 2601 678 2672 lyeuctus
703 2610 961 2669 tanquam
995 2598 1115 2667 ejus
1138 2599 1400 2652 subiisset
1420 2599 1663 2653 animum
1688 2600 2011 2655 recordatio.

433 2692 534 2747 l‘er
562 2692 871 2754 veritatem,
902 2688 1100 2759 inquit,
1154 2689 1403 2744 Nearcho
1444 2691 1800 2755 amicissime,
1827 2692 2013 2746 audivi

436 2784 729 2854 aliquando
762 2784 996 2837 latenter
1030 2791 1081 2836 te
1119 2782 1322 2852 aliquid
1354 2782 1627 2851 ejusmodi
1654 2783 1922 2852 legentem
1950 2800 2014 2838 cx

431 2879 616 2933 divina
642 2877 930 2947 scriptura,
955 2876 1101 2947 quod
1132 2892 1248 2943 eos,
1277 2877 1371 2947 qui
1403 2893 1565 2930 unam
1602 2877 1790 2931 horam
1830 2886 2016 2932 essent

431 2971 667 3042 operati,
716 2969 909 3039 aequali
964 2969 1219 3023 Christus
1272 2969 1601 3023 honor-asset
1641 2968 1893 3037 portione
1925 2968 2013 3034 iis,

432 3064 527 3132 qui
555 3061 948 3116 sustinuissent
979 3070 1152 3115 totum
1195 3069 1391 3115 aestum
1433 3059 1567 3117 diei.
1598 3058 1879 3116 Nearchus
1917 3076 2016 3115 au-

2102 594 2282 661 οἷσθα,
2313 593 2564 664 χλαμύδα
2613 598 2711 646 καὶ
2747 591 3008 661 οὐρανίαν
3053 592 3124 645 δι’
3165 591 3561 662 ἀποκαλύψεως
3592 612 3688 648 κο-

2106 686 2426 757 μισάμενος.
2484 685 2632 754 Πλὴν
2684 685 2820 738 ἀλλὰ
2861 685 3125 754 βούλομαί
3160 703 3218 737 σε
3255 686 3351 740 καὶ
3387 703 3689 755 πνευματι-

2104 777 2200 831 κόν
2255 793 2309 830 τι
2358 776 2577 846 ἐρέσθαι
2629 775 2964 844 κεφάλαιονο
3001 775 3213 829 δέδοικα
3265 776 3375 846 γὰρ
3426 776 3507 848 μὴ
3560 776 3688 831 ἄνευ

2103 869 2339 924 τελετῶν
2369 887 2429 944 τε
2468 870 2562 923 καί
2624 870 2941 939 μυστηρίων
2998 869 3315 941 προσελθὼν
3359 869 3439 941 τῷ
3477 870 3689 941 Σωτῆρι

2104 962 2477 1033 ἀπρόσδεκτος
2505 960 2727 1032 ὀφθείην
2763 960 2934 1032 αὐτῷ,
2960 962 3058 1016 καλ⁸
3086 961 3189 1014 οὐκ
3209 960 3357 1027 ἄξιος
3380 963 3493 1025 τοῖς
3532 961 3691 1014 ὲκεί-

2105 1070 2198 1107 νου
2236 1053 2746 1122 συγκαταλέγεσθαι
2781 1053 3166 1124 στρατιώταις.
3198 1053 3385 1107 Ταῦτα
3412 1055 3489 1116 ώς
3526 1054 3691 1123 ἤκου-

2108 1162 2199 1198 σεν
2220 1145 2248 1197 6
2274 1145 2543 1217 Νέαρχος,
2578 1144 2743 1209 εὐθύς
2770 1162 2831 1198 τε
2854 1146 3216 1210 διανίσταται,
3244 1144 3338 1197 καὶ
3360 1143 3691 1214 θερμότερος

2062 1235 2205 1309 ,τὴν
2232 1234 2410 1306 ψυχὴν
2469 1235 2709 1303 γίνεται,
2767 1239 2861 1289 καὶ
2916 1235 3008 1289 τὸν
3064 1235 3217 1304 φίλον
3277 1234 3689 1304 ἀναλαμϐάνειν

2105 1325 2353 1395 ἄρχεται,
2412 1327 2506 1379 καί
2547 1326 2956 1397 προθυμότερον
3004 1328 3134 1397 περὶ
3191 1327 3291 1398 τὴν
3323 1326 3419 1380 τοῦ
3450 1324 3688 1398 Χριστοῦ

2106 1415 2292 1469 πίστιν
2336 1416 2632 1470 διατιθέναι
2668 1433 2682 1447 ’
2724 1419 2933 1488 μηδείς,
2962 1415 3007 1470 ὦ
3043 1418 3267 1485 φίλτατε
3289 1458 3304 1483 ,
3339 1417 3533 1486 λέγων,
3589 1433 3693 1487 μη-

2106 1505 2217 1570 δεὶς
2246 1506 2386 1560 ἔστω
2417 1523 2500 1560 σοι
2553 1509 2682 1579 περὶ
2734 1507 2926 1561 τούτου
2975 1507 3272 1579 δισταγμός
3305 1524 3319 1538 ·
3373 1507 3690 1577 γέγραπται

2106 1596 2218 1667 γὰρ
2240 1597 2465 1650 δυνατὸν
2498 1594 2639 1651 εἶναι
2675 1599 2752 1670 τῷ
2789 1598 2909 1669 Θεῷ
2943 1599 3038 1653 καὶ
3069 1602 3132 1653 ἐκ
3170 1600 3277 1652 τῶν
3301 1598 3462 1652 λίθων
3485 1597 3692 1651 τούτων

2107 1690 2329 1759 ἐγεῖραι
2363 1689 2530 1742 τέκνα
2559 1689 2635 1759 τῷ
2693 1690 2963 1760 Ἀϐραάμ.
2999 1690 3182 1760 Ὅπερ
3210 1690 3262 1742 τί
3296 1690 3424 1744 ἄλλο
3457 1688 3489 1760 ἢ
3532 1688 3693 1742 τοῦτο

2108 1779 2250 1846 ἐστὶ,
2285 1779 2346 1831 τὸ
2380 1777 2440 1843 ἐξ
2471 1781 2795 1833 ἀνελπίστου
2838 1784 2931 1833 καὶ
2961 1781 3089 1845 τοὺς
3118 1781 3176 1847 ἐξ
3222 1779 3395 1834 ἐθνῶν
3431 1779 3693 1834 δύνασθαι

2039 1858 2080 1913 Β
2112 1869 2373 1940 σωθῆναι,
2406 1872 2499 1924 καὶ
2531 1871 2864 1942 στρατιῶται
2890 1872 3227 1941 καταστῆναι
3250 1870 3488 1940 Χριστοῦ
3520 1887 3535 1936 ;
3571 1871 3694 1923 ἐπεὶ

2111 1962 2207 2016 καὶ
2236 1964 2402 2016 πᾶσιν
2436 1962 2623 2025 ἁπλῶς
2658 1964 2690 2033 ἡ
2724 1962 2974 2035 οὐράνιος
3003 1963 3248 2031 ἣνοικται
3299 1961 3463 2032 πύλη,
3516 1961 3696 2016 οὐδενὶ

2109 2053 2220 2108 τῶν
2250 2055 2466 2108 πάντων
2492 2054 2525 2125 ἡ
2551 2053 2653 2123 τῆς
2693 2053 2969 2124 σωτηρίας
3001 2053 3429 2107 ἁποκέκλεισται
3467 2053 3696 2116 εἴσοδος.

2113 2146 2279 2200 Ὅθεν
2311 2145 2406 2199 καὶ
2429 2146 2459 2198 6
2486 2144 2762 2198 πιστεύων
2792 2144 2963 2198 πολὺν
2998 2144 3091 2198 τὸν
3130 2143 3321 2215 μισθὸν
3349 2145 3448 2214 τῆς
3479 2145 3696 2215 μακρᾶς

2112 2237 2345 2303 ἐκείνοις
2394 2237 2634 2300 πίστεως
2687 2236 2994 2308 κομίσεται.
3051 2237 3150 2291 Διά
3198 2235 3373 2290 ταῦτα
3419 2236 3537 2306 γάρ·
3581 2238 3697 2299 τοῖς

2115 2331 2340 2402 πρώτην
2394 2330 2491 2382 καὶ
2546 2330 2763 2400 τρίτην,
2796 2330 2961 2399 ἕκτην
3011 2346 3072 2383 τε
3120 2329 3214 2383 καὶ
3272 2327 3499 2398 ἐννάτην
3548 2327 3697 2398 ὥραν

2115 2422 2443 2494 προελθοῦσι
2474 2420 2554 2492 τῷ
2616 2420 2902 2492 ἀμπελῶνι
2947 2421 3071 2475 κατ’
3130 2421 3245 2474 ἴσον
3301 2416 3619 2491 ἀφορίζεται
3668 2416 3697 2468 6

2119 2516 2331 2587 μισθὸς,
2368 2514 2511 2568 ὥστε
2554 2514 2657 2569 κᾶν
2698 2515 2939 2585 βραδέως
2988 2513 3152 2578 αὐτὸς
3205 2511 3533 2584 προσέλθῃς,
3585 2508 3695 2561 τῶν

2118 2600 2298 2663 αὐτῶν
2327 2612 2439 2671 τοῖς
2471 2608 2711 2680 πρώτοις
2765 2606 3047 2679 ἀξιωθήσῃ
3102 2604 3304 2676 γερῶν.
3352 2602 3495 2675 Πρὸς
3525 2598 3695 2653 ταῦτα

2116 2701 2143 2753 6
2177 2699 2318 2761 θεῖος
2380 2698 2716 2762 Πολύευκτος
2777 2696 2969 2766 ὥσπερ
3019 2698 3331 2768 ἀναμνῆσαι
3381 2693 3698 2766 βουλόμενος

2118 2792 2279 2845 αὐτόν
2308 2809 2323 2823 ·
2356 2793 2441 2862 Νὴ
2471 2791 2569 2862 τὴν
2602 2790 2885 2861 ἀλήθειαν,
2928 2782 2974 2842 ὦ
3004 2790 3250 2859 φίλτατε,
3298 2787 3426 2858 ἔφη,
3458 2786 3697 2857 Νέαρχε,

2118 2884 2327 2955 ἤκουσά
2375 2883 2470 2937 σού
2522 2899 2656 2936 ποτε
2702 2882 3003 2953 λεληθότως
3055 2880 3295 2934 τοιοῦτόν
3336 2897 3386 2933 τι
3423 2879 3522 2948 τῆς
3552 2877 3700 2941 θείας

2119 2976 2337 3046 γραφῆς
2375 2974 2949 3043 ὑπαναγινώσκοντος,
2981 2974 3065 3027 ὅτι
3098 2976 3213 3036 τοῖς
3265 2972 3356 3028 τὸν
3401 2970 3521 3025 ὅλον
3569 2968 3704 3024 καύ-

2121 3085 2269 3123 σωνα
2295 3069 2395 3139 τῆς
2444 3067 2659 3139 ἡμέρας
2709 3067 3154 3147 ὑπομεμνηκόσι,
3199 3066 3327 3128 τοὺς
3378 3064 3509 3135 μίαν
3554 3063 3704 3135 ὥραν

435 3167 545 3213 tem
573 3176 587 3212 :
624 3156 789 3212 Multa
810 3172 1049 3226 quoque,
1077 3156 1277 3225 inquit,
1313 3172 1346 3212 o
1389 3156 1469 3210 vir
1500 3158 1740 3229 egregie,
1770 3155 2016 3212 invenies

2122 3159 2532 3231 ἐργασαμένους
2566 3160 2697 3232 περὶ
2733 3161 2833 3230 τὴν
2880 3158 2974 3212 τοῦ
3012 3157 3206 3229 μισθοῦ
3239 3156 3387 3212 δόσιν
3427 3156 3704 3228 ἰσομοιρίᾳ

435 3249 707 3318 ejusmodi
752 3248 1025 3318 exempla.
1083 3246 1222 3301 Ecce
1268 3247 1436 3313 enim,
1478 3248 1678 3317 inquit,
1723 3249 1883 3314 latro,
1924 3247 2016 3316 qui

432 3340 540 3395 fuit
581 3354 706 3394 cum
741 3338 963 3393 Christo
1007 3338 1322 3405 cruciﬁxus,
1356 3355 1479 3393 cum
1532 3339 2017 3394 innumerabilium

434 3446 565 3487 reus
599 3436 747 3485 esset
785 3429 1101 3496 criminum,
1136 3445 1234 3500 pro
1264 3430 1504 3497 modico,
1551 3438 1608 3484 et
1657 3431 1807 3485 brevi
1852 3430 2019 3485 verba

434 3538 659 3596 magnas
713 3523 922 3579 invenit
969 3524 1444 3579 remunerationes
1484 3541 1499 3577 :
1540 3532 1596 3578 et
1653 3539 1776 3593 quae
1829 3523 2019 3578 multis

435 3618 639 3673 emitur
664 3616 958 3672 sudoribus
981 3617 1036 3670 in
1061 3616 1315 3688 paradiso
1342 3615 1708 3683 conversatio,
1727 3616 2018 3671 admodum

433 3708 595 3764 facile
622 3709 692 3764 ab
717 3724 785 3765 eo
805 3718 1049 3781 paratur.
1072 3708 1207 3764 Nam
1232 3708 1317 3765 vel
1339 3724 1506 3781 parva
1533 3708 1669 3765 ﬁdes
1698 3718 1877 3780 potest
1905 3724 2019 3764 ma-

433 3814 569 3872 gnos
600 3810 818 3857 montes
853 3800 1175 3856 transferre.

509 3974 648 4031 Vill.
690 3973 818 4033 Haec
871 3991 995 4032 cum
1047 3977 1266 4033 divinus
1322 3978 1590 4034 audiisset
1646 3979 2016 4052 Polyeuctus,

438 4066 621 4122 animo
664 4068 846 4122 statim
879 4067 935 4121 in
984 4068 1155 4123 altum
1208 4068 1507 4139 extollitur,
1554 4078 1611 4125 et
1670 4082 1732 4126 ut
1790 4085 2021 4141 corpore

439 4159 635 4212 horum
674 4164 729 4212 et
757 4168 1105 4213 terrenorum
1135 4161 1381 4215 omnium
1421 4161 1582 4231 plane
1611 4162 1831 4228 oblitus,
1866 4162 2019 4218 Paci-

439 4263 678 4315 scarrur,
712 4249 846 4305 dicit
871 4250 1144 4318 Nearcho,
1175 4268 1277 4309 nos
1306 4253 1515 4310 ﬁrmius
1539 4265 1596 4311 et
1623 4257 1874 4312 stabilius
1899 4272 2020 4312 ser-

440 4347 664 4395 vaturos
693 4354 757 4394 ea
784 4354 906 4410 quae
933 4342 1049 4396 visa
1068 4340 1293 4397 fuerint.
1316 4342 1430 4416 Ego
1453 4344 1600 4398 enim
1626 4345 1793 4401 rebus
1821 4346 2020 4401 huma-

441 4428 531 4484 nis
561 4428 631 4484 de
664 4442 865 4485 caetero
892 4432 1223 4488 renuntiavi.
1250 4434 1533 4500 Quodnam
1562 4444 1743 4490 autem
1769 4435 1836 4491 de
1858 4434 2018 4492 Chri-

440 4529 526 4575 sto
560 4535 661 4576 nos
690 4531 942 4592 oporteat
982 4522 1127 4579 ferre
1169 4524 1568 4591 testimonium,
1608 4527 1833 4597 planum
1869 4527 2019 4595 fecit,
2050 4495 2102 4555 ι)

442 4628 565 4683 quea
610 4612 664 4668 id
713 4615 1004 4684 praescivit,
1063 4616 1245 4671 divina
1276 4617 1488 4673 Domini
1537 4617 1845 4672 clementia.
1881 4618 2025 4674 Ecce

444 4703 613 4770 enim,
649 4721 683 4760 ο
731 4705 995 4775 Nearcho,
1032 4724 1174 4776 eam,
1208 4725 1331 4780 quae
1371 4718 1456 4765 est
1490 4711 1546 4764 in
1577 4708 1750 4775 cmlis,
1778 4709 2026 4780 pulchri-

445 4792 691 4848 tudinem
722 4789 856 4849 mih'i
891 4797 1102 4853 visione
1134 4791 1496 4869 apprehendit
1526 4799 1782 4870 cogitatio
1815 4817 1829 4853 :
1861 4816 2025 4870 quam

446 4884 667 4952 quidem
704 4888 983 4952 assistere,
1026 4900 1082 4943 et
1123 4889 1399 4945 Christum
1439 4890 1601 4945 video
1652 4900 1777 4947 ante
1814 4893 2023 4959 oculos,

443 4982 499 5026 et
530 4973 822 5042 splendore
867 4977 987 5047 ejus
1024 4976 1251 5032 visionis
1283 4977 1418 5032 mihi
1448 4979 1632 5034 vultus
1666 4979 2022 5037 illuminatur.

444 5063 556 5117 Sed
586 5065 699 5133 jam
735 5074 951 5135 tempus
986 5075 1069 5121 est
1106 5070 1283 5139 legere
1312 5069 1537 5140 impium
1578 5072 1817 5128 edictum
1849 5073 2025 5144 impe-

440 5163 700 5220 ratorum,
738 5160 794 5208 et
840 5169 986 5212 recte
1029 5159 1168 5214 scire
1202 5160 1465 5229 quidnam
1497 5162 1626 5217 velit
1662 5180 1764 5218 nos
1819 5165 2025 5220 facere.

442 5242 533 5302 Sic
561 5245 702 5302 dixit
749 5264 763 5301 :
806 5260 1043 5319 cumque
1096 5250 1150 5305 id
1200 5255 1524 5324 accepisset,
1576 5257 1829 5328 perlegit,
1885 5258 2029 5313 inter

440 5336 737 5409 legendum
769 5344 1067 5412 conspuit:
1102 5350 1156 5399 et
1190 5361 1315 5400 cum
1361 5347 1417 5402 id
1469 5348 1525 5402 in
1574 5348 1748 5404 frusta
1819 5351 2030 5406 minuta

441 5428 822 5501 confregisset,
858 5435 1041 5488 ventis
1070 5437 1368 5492 mandavit.
1398 5439 1601 5493 Deinde
1629 5440 1707 5495 sic
1731 5456 2030 5498 conversus

447 5519 592 5606 videt
622 5516 765 5577 idola
795 5538 915 5592 quae
945 5529 1322 5597 portabantur,
1361 5538 1417 5585 et
1463 5546 1494 5585 a
1542 5532 1725 5587 stultis
1754 5533 2033 5606 adoranda

444 5605 855 5668 deducebantur
903 5618 971 5673 ad
1018 5628 1159 5676 aras.
1198 5621 1331 5689 Quae
1372 5638 1499 5679 cum
1526 5605 1928 5697 jucundissime
1974 5633 2033 5682 et

512 5803 545 5893 ζ
572 5804 769 5865 Matth.
804 5820 895 5877 xx,
931 5814 954 5867 t
984 5830 1139 5886 seqq.

2118 3253 2412 3323 τετίμηκεν
2437 3251 2465 3305 6
2500 3251 2755 3322 Χριστός.
2791 3250 2852 3304 '0
2881 3250 2936 3303 δὲ
2966 3249 3214 3321 Νέαρχος
3233 3264 3247 3279 ·
3278 3249 3388 3303 Καὶ
3416 3248 3639 3321 ἐτέρων,
3666 3246 3703 3316 ἢ

2123 3346 2307 3417 βούλῃ,
2343 3345 2470 3415 ἔφη,
2519 3346 2825 3417 θαυμάσια,
2882 3342 3095 3398 πολλῶν
3149 3344 3409 3398 τοιούτων
3452 3344 3706 3415 εὑρήσεις

2121 3438 2541 3508 ὑποδειγμάτων
2573 3453 2587 3468 ·
2623 3436 2822 3490 αὐτίκα
2851 3434 2960 3508 γὰρ
2993 3436 3022 3488 6
3054 3432 3459 3506 συσταυρωθεὶς
3484 3431 3562 3503 τῷ
3589 3432 3706 3484 Σω-

2120 3531 2249 3601 τῆρι
2279 3529 2486 3602 λῃστὴς
2524 3528 2742 3599 μυρίοις
2782 3527 3123 3597 ἐγκλήμασιν
3167 3526 3351 3597 ἔνοχος
3391 3523 3488 3587 ὢν,
3523 3524 3709 3593 ὀλίγον

2121 3622 2217 3675 καὶ
2244 3620 2493 3693 βραχέως
2541 3622 2785 3692 ῥήματος
2837 3620 3083 3690 μεγάλας
3130 3620 3450 3692 εὑρίσκεται
3504 3616 3705 3672 ἀντιδό-

2123 3730 2237 3776 σεις
2268 3729 2285 3746 ο
2320 3714 2417 3767 καὶ
2445 3712 2479 3784 ή
2513 3711 2731 3776 πολλοῖς
2769 3711 2989 3783 ἱδρῶσιν
3039 3711 3199 3776 ὦνιος
3242 3710 3339 3765 τοῦ
3375 3710 3714 3780 παραδείσου

2120 3805 2367 3877 διαγωγὴ
2395 3803 2540 3875 μάλα
2573 3804 2774 3876 ῥᾳδίως
2802 3803 2954 3875 αὐτῷ
2982 3803 3287 3874 πορίζεται,
3320 3803 3443 3856 ἐπεὶ
3479 3802 3572 3857 καὶ
3619 3817 3709 3872 μι-

2123 3896 2230 3968 κρὰ
2259 3897 2440 3960 πίστις
2468 3895 2681 3967 μεγαλα
2706 3895 2806 3967 δρη
2842 3895 3099 3968 μεθιστᾷν
3128 3888 3371 3959 δύναται.

2192 3984 2275 4042 Η’.
2306 3985 2527 4051 Τούτων
2553 3986 2610 4041 δὲ
2649 3987 2891 4051 ἀκούσας
2925 3989 2955 4041 ὁ
2987 3988 3132 4051 θεῖος
3159 3988 3518 4053 Πολύευκτος,
3549 3986 3713 4050 εὐθὺς

2123 4079 2427 4149 πτεροῦται
2449 4079 2549 4151 τὴν
2590 4079 2793 4151 ψυχὴν,
2826 4081 2923 4135 καὶ
2953 4074 3043 4134 οἶα
3086 4081 3195 4135 τῶν
3220 4080 3548 4153 σωματικῶν
3576 4080 3712 4135 ὅλων

2122 4171 2218 4225 καὶ
2249 4171 2610 4243 χαμαιζήλων
2660 4170 2834 4243 λήθην
2879 4171 2983 4244 ἤδη
3026 4174 3332 4242 καταγνοὺς
3378 4173 3710 4245 βαθυτάτην,

2126 4262 2471 4334 συνθώμεθα,
2518 4263 2678 4332 λέγει
2732 4265 2812 4336 τῷ
2855 4265 3110 4337 Νεάρχῳ,
3152 4266 3501 4338 βεϐαιότερον
3524 4267 3594 4322 τὰ
3622 4264 3739 4335 δερ.

2123 4355 2361 4425 δογμένα
2410 4355 2657 4426 φυλάξαι.
2698 4354 2841 4427 Ἐγὼ
2872 4359 2982 4431 γὰρ
3021 4362 3137 4423 τοῖς
3164 4359 3526 4431 ἀνθρωπίνοις
3573 4358 3716 4431 πρά-

2124 4462 2300 4516 γμασι
2338 4447 2400 4500 τὸ
2454 4447 2642 4502 λοιπὸν
2685 4449 2921 4504 ἀπεῖπον
2947 4466 2962 4482 ο
3002 4451 3065 4503 τὸ
3104 4449 3162 4503 δὲ
3197 4452 3322 4505 τίνα
3376 4450 3533 4522 ήμῶν
3584 4450 3716 4521 περὶ

2130 4536 2371 4607 Χριστοῦ
2404 4539 2751 4610 μαρτυρῆσαι
2775 4539 2875 4606 δεῖ,
2900 4539 3061 4611 δῆλον
3086 4531 3188 4612 ἤδη
3224 4541 3528 4612 πεποίηκεν
3557 4541 3591 4611 ἡ
3619 4539 3716 4593 καὶ

2133 4625 2470 4697 προγνοῦσα,
2520 4630 2665 4700 φημὶ
2698 4632 2829 4700 περὶ
2875 4631 3093 4698 τούτου,
3145 4631 3266 4685 θεία
3308 4630 3405 4685 τοῦ
3438 4630 3713 4685 Δεσπὰτου

2134 4718 2538 4790 φιλανθρωπία.
2585 4719 2717 4775 Ἰδοὺ
2748 4722 2859 4795 γὰρ
2889 4723 3034 4793 ἐμοὶ,
3085 4722 3324 4794 Νέαρχε,
3356 4723 3425 4777 τὰ
3458 4723 3517 4776 ὲν
3550 4722 3715 4793 ούρα-

2132 4811 2244 4872 νοῖς
2274 4808 2445 4881 κάλλη
2492 4811 2821 4879 φαντάζεται
2869 4815 2903 4885 ἡ
2936 4813 3166 4879 διάνοια,
3219 4814 3307 4867 οἵα
3345 4812 3401 4867 δέ
3454 4828 3544 4883 μοι
3576 4826 3717 4884 παρ-

2135 4900 2367 4969 εστῶτα,
2400 4902 2620 4957 καὶτὸν
2650 4904 2885 4975 Χριστὸν
2930 4904 3038 4977 πρὸ
3088 4904 3197 4959 τῶν
3241 4903 3543 4974 ὀφθαλμῶν
3581 4904 3715 4973 ὁρῶ,

2134 4995 2229 5048 καὶ
2273 4997 2339 5064 τῇ
2378 4995 2478 5064 τῆς
2505 4994 2680 5065 ὅψεως
2711 4995 2879 5050 αὑτοῦ
2927 5000 3268 5069 μαρμαρυγῇ
3310 4997 3373 5051 τδ
3424 4996 3717 5069 πρόσωπον

2135 5085 2594 5157 καταλάμπομαι.
2620 5087 2767 5159 Πλὴν
2790 5087 2915 5159 ὥρα
2943 5090 3045 5161 ἤδη
3068 5090 3162 5144 καὶ
3189 5088 3266 5160 τῷ
3292 5086 3517 5152 δυσεσὲς
3548 5088 3717 5160 πρόσ-

2135 5195 2326 5249 ταγμα
2352 5179 2463 5233 τῶν
2489 5179 2760 5249 βασιλέων
2799 5183 3223 5251 ἀναγινώσκειν,
3279 5181 3374 5235 καὶ
3407 5182 3437 5235 ὃ
3469 5181 3718 5253 βούλεται

2080 5302 2107 5311 -
2136 5272 2399 5341 πράττειν
2454 5273 2601 5343 ἡμᾶς
2641 5273 2889 5342 ἀκριϐῶς
2944 5274 3165 5329 εἰδέναι.
3223 5272 3413 5338 οὕτως
3464 5273 3569 5343 ἔφη
3625 5274 3720 5326 καὶ

2133 5360 2315 5414 λαϐὼν
2357 5360 2546 5433 ἀπῄει,
2595 5362 2821 5417 διέπτυὲ
2871 5374 2932 5416 τε
2986 5363 3411 5433 ἀναγινώσκων,
3474 5362 3610 5434 πρὸς
3658 5361 3720 5415 δὲ

2132 5445 2305 5499 ταῦτα
2337 5448 2434 5503 καὶ
2458 5448 2633 5503 λεπτά
2676 5446 2977 5523 διαρρήξας
3010 5448 3208 5523 αύραις
3234 5451 3406 5507 ἐδίδου
3433 5448 3586 5538 λεϊθ⁹
3630 5449 3721 5504 οῦ-

2132 5553 2243 5600 τως
2294 5540 2655 5611 ἐπιστραφεὶς
2702 5541 2899 5596 εἴδωλα
2938 5540 3043 5614 ὁρᾷ
3088 5541 3582 5613 διαδασταζόμενα,
3639 5541 3722 5603 είς

2134 5629 2512 5703 προσκύνησιν
2565 5649 2626 5686 τε
2675 5637 2793 5699 τοῖς
2845 5635 3095 5707 ἀνοήτοις
3139 5636 3290 5707 παρὰ
3338 5635 3468 5703 τοὺς
3498 5631 3720 5712 βωμοὺς
