4152 6404
470 390 578 452 425

1697 392 1874 455 Vl'I‘A
1905 393 1964 451 S.
2010 389 2453 457 POLYEUCTI.

3605 402 3711 467 426

453 498 798 566 ἀπαγόμενα.
847 488 946 550 Ὧν
989 496 1132 567 μάλα
1176 497 1304 568 ἡδὺν
1335 497 1430 551 καὶ
1463 497 1663 570 θερμὸν
1692 497 1781 552 τὸν
1815 498 2008 567 γέλωτι

2133 498 2611 555 vehementissime
2661 501 2888 556 risisset.
2936 502 3087 572 prius
3130 505 3350 574 quidem
3392 509 3612 566 simulat
3646 529 3705 567 se

427 586 784 657 ’καταχύσας,
828 587 1092 658 πρότερον
1127 589 1225 660 μὲν
1253 589 1435 653 αὑτοῖς
1468 589 1818 660 ὑποκρίνεται
1858 605 2024 660 προσ·-

445 678 623 731 ελθεῖν
657 677 976 750 προθύμως,
1035 675 1155 733 εἶτα
1195 679 1320 733 καθ’
1379 680 1437 733 ἒν
1475 681 1661 734 ἐκεῖνα
1707 680 2021 751 λαμϐάνων,

443 773 541 826 καὶ
571 773 652 835 είς
693 771 799 841 γῆν
847 766 1006 834 αὖθις
1041 772 1442 844 προσαράσσων
1490 772 1670 829 πάντα
1715 772 1852 844 ὁμοῦ
1901 789 2026 827 συν-

441 862 653 936 έτριψε,
685 863 779 916 καὶ
801 863 881 926 είς
908 861 1114 933 λεπτὴν
1137 862 1289 916 ἔθετο
1322 861 1493 916 κόνιν.

510 956 592 1009 Θ’.
640 954 830 1025 Τούτῳ
857 949 952 1008 οὖν
973 955 1281 1026 γενομένων
1312 955 1341 1008 ὁ
1366 955 1636 1027 κηδεστὴς
1663 955 1828 1010 αὑτοῦ
1856 972 2024 1026 προσ-

437 1046 613 1100 ελθὼν
639 1046 810 1116 Φῆλιξ
844 1042 932 1118 (ἦν
954 1045 1063 1118 γὰρ
1094 1045 1201 1101 ὑπὸ
1230 1045 1340 1100 τῶν
1364 1046 1633 1116 βασιλέων
1659 1047 1761 1118 ἤδη
1789 1046 2020 1117 διώκτης

436 1139 821 1212 κατασταθεὶς)
845 1141 938 1194 καὶ
957 1139 1084 1193 ίδὼν
1109 1138 1146 1194 ἀ
1170 1139 1506 1204 Πολύευκτος
1532 1139 1842 1211 εἴργασται,
1882 1140 2021 1194 πάνυ

436 1234 850 1299 ἁποδυσπετῶν,
873 1233 1006 1287 Φεῦί
1032 1232 1278 1300 ἄτεκνος,
1295 1233 1472 1302 ἔλεγε,
1493 1232 2020 1304 καθίπαταιΦῆλιξ,
2059 1303 2066 1308 ¹

436 1327 532 1378 καὶ
555 1326 586 1378 ό
611 1326 876 1396 πρότερον
907 1320 963 1378 ἐν
997 1325 1158 1379 παισὶ
1194 1325 1555 1398 περίϐλεπτος
1587 1325 1847 1395 ἐξαίφνης
1895 1327 2021 1378 ἀτεο

439 1419 590 1471 κνίαν
617 1416 732 1486 ἐγὼ
756 1416 1023 1488 δυστυχῶ·
1049 1417 1223 1482 οὐδεὶς
1243 1418 1581 1473 Πολύευκτον
1591 1417 1716 1472 οὔτε
1739 1419 1877 1474 θεῶν
1898 1419 2022 1474 οὔτε

440 1508 738 1581 ἀνθρώπων
787 1508 1009 1579 ἐλεῆσαι
1037 1509 1286 1574 δύναται,
1340 1509 1569 1565 τοιαῦτα
1623 1511 2019 1583 τετολμηκότα,

444 1602 538 1653 καὶ
605 1602 731 1665 τοὺς
792 1601 1098 1674 ἡμετέρους
1176 1603 1332 1667 θεοὺς
1403 1604 1792 1676 συντρίψαντα.
1877 1605 2022 1676 Πρὸς

442 1693 606 1746 ταῦτα
632 1693 688 1746 δὲ
734 1695 764 1748 ό
805 1693 948 1757 θεῖος
982 1693 1318 1759 Πολύευκτος
1346 1737 1361 1762 ,
1421 1695 1610 1765 ὥσπερ
1635 1697 1714 1768 τῷ
1746 1697 2022 1768 γενομένῳ

435 1783 636 1849 μᾶλλον
694 1782 1147 1855 ὲπικαυχώμενος
1196 1786 1471 1856 (τοσοῦτον
1520 1787 1629 1859 γὰρ
1668 1789 1863 1858 ἀπεῖχε
1925 1789 2020 1843 τοῦ

2132 599 2386 659 prompto
2416 599 2470 644 et
2504 591 2667 645 alacri
2718 593 2902 647 animo
2950 595 3016 648 ad
3061 611 3122 648 ea
3176 599 3455 658 accedere.
3505 603 3708 660 Deinde

2130 677 2344 732 illorum
2369 681 2578 751 singula
2601 683 2899 753 accipiens,
2929 696 2981 739 et
3001 693 3252 755 protinus
3277 690 3426 746 humi
3451 692 3705 760 allidens,

2129 770 2290 825 simul
2333 773 2591 828 contrivit
2622 775 2827 842 omnia,
2873 787 2927 832 et
2958 780 3165 852 redegit
3200 781 3256 836 in
3295 783 3551 858 subtilem
3581 789 3706 858 pul-

2130 878 2334 918 verem.

2201 953 2293 1007 IX.
2340 955 2436 1011 llis
2460 972 2590 1028 ergo
2623 959 2801 1027 factis,
2838 976 2960 1018 cum
2999 965 3119 1034 ejus
3145 981 3301 1023 socer
3334 973 3574 1030 venisset
3606 973 3706 1032 Fe-

2127 1043 2223 1108 lix,
2253 1045 2431 1102 fuerat
2461 1050 2604 1104 enim
2635 1051 2747 1122 jam
2780 1055 3107 1112 constitutus
3135 1071 3452 1128 persecutor
3482 1066 3552 1120 ab
3592 1067 3698 1122 im-

2125 1137 2466 1204 peratoribus
2517 1161 2528 1195 :
2581 1150 2636 1196 et
2666 1143 2891 1199 vidisset
2939 1163 3061 1216 qua:
3115 1147 3320 1207 fecerat
3347 1152 3699 1226 Polyeuctus.

2126 1225 2418 1284 admodum
2448 1247 2590 1302 aagre
2624 1233 2840 1292 ferens:
2881 1236 3020 1294 Heu!
3047 1240 3199 1308 dixit,
3234 1243 3382 1300 Felix
3418 1225 3502 1303 est
3522 1251 3706 1320 priva-

2126 1324 2214 1371 tus
2235 1317 2419 1374 liberis
2447 1339 2460 1374 :
2487 1329 2542 1376 et
2561 1323 2652 1392 qui
2675 1325 2828 1394 prius
2848 1341 2998 1384 eram
3017 1330 3268 1403 insignis,
3287 1347 3342 1390 et
3366 1317 3705 1409 suSpieiebar

2130 1419 2353 1480 propter
2393 1413 2556 1480 ﬁlios,
2599 1427 2826 1487 repente
2859 1436 2946 1476 me
2971 1421 3157 1494 amigit
3197 1425 3428 1484 filiorum
3456 1433 3700 1489 orbitas!

2123 1498 2317 1557 Nullus
2341 1503 2569 1560 deorum
2601 1523 2702 1564 nec
2733 1508 3017 1567 hominum
3048 1524 3226 1585 potest
3265 1519 3512 1576 misereri
3543 1523 3702 1594 Poly-

2123 1593 2290 1659 eul-ti,
2332 1597 2428 1665 qui
2451 1598 2576 1652 talia
2609 1610 2694 1656 est
2725 1616 2908 1668 ausus,
2935 1614 2989 1660 et
3014 1617 3237 1664 nostros
3261 1611 3391 1665 deos
3419 1593 3699 1672 contrivit.

2121 1683 2201 1737 Ad
2227 1686 2344 1742 haec
2370 1687 2530 1744 divus
2544 1689 2888 1762 Polyeuctus,
2905 1711 2970 1752 eo
2992 1700 3137 1769 quod
3157 1701 3359 1758 factum
3381 1704 3578 1774 fuerat,
3605 1727 3701 1765 ve-

2123 1775 2220 1830 luti
2251 1781 2423 1850 magis
2452 1782 2715 1852 glorians,
2744 1794 2956 1844 tantum
2983 1792 3193 1858 aberat,
3228 1806 3288 1851 ut
3317 1799 3700 1858 reformidaret

428 1877 524 1928 καὶ
555 1877 883 1931 ὑποπτεύειν
932 1894 985 1930 τι
1035 1877 1362 1950 φοϐεῖσθαι),
1400 1879 1515 1934 Νῦν
1558 1880 1659 1950 μὲν
1709 1879 1842 1949 ἐγὼ,
1892 1879 2008 1952 ἔφη,

2124 1865 2344 1934 aliquid,
2400 1878 2454 1924 et
2497 1872 2880 1932 extimesceret
2925 1897 2938 1934 :
2976 1880 3133 1938 Nunc
3181 1887 3438 1954 quidem,
3499 1891 3694 1962 inquit.

423 1971 633 2023 τούτων
666 1971 1109 2042 καταφρονήσας,
1161 1971 1256 2026 ἐπὶ
1309 1972 1423 2026 τῶν
1468 1972 1650 2044 ἔργων
1696 1974 1846 2038 ὅπως
1878 1975 2021 2028 είσὶν

422 2063 676 2126 ἀσθενεῖς
704 2063 929 2133 ῆλεγξα.
973 2063 1037 2117 Et
1065 2063 1124 2119 δὲ
1158 2065 1254 2119 καὶ
1307 2063 1487 2134 ἕτεροί
1525 2067 1685 2134 εἰσιν,
1736 2066 1875 2123 ἀλλά
1924 2067 2021 2120 καὶ

421 2152 579 2205 αὐτοὶ
625 2153 1096 2224 προσαχθήτωσαν
1147 2155 1228 2217 είς
1257 2154 1317 2207 τὸ
1354 2153 1538 2223 μέσονσ
1591 2154 1714 2227 εῐσῃ
1773 2155 1885 2227 γὰρ
1933 2157 2020 2210 ὲν-

420 2244 614 2298 τεῦθεν
679 2247 828 2310 ὅπως
878 2246 1012 2318 παρ’
1065 2245 1226 2318 ήμῶν
1278 2247 1388 2301 τῶν
1432 2248 1527 2303 τοῦ
1595 2249 1834 2320 Χριστοῦ
1892 2251 2017 2306 δού-

421 2338 531 2391 λων
593 2339 1155 2395 διαπτύεσθαιταῦτα
1203 2339 1303 2394 δεῖ.
1356 2341 1468 2396 Καὶ
1514 2343 1542 2397 ὁ
1576 2343 1741 2416 Φῆλιξ
1802 2344 2014 2417 ἀνθρώ-

423 2449 556 2484 πινα
579 2433 678 2486 καὶ
703 2433 993 2505 περιπαθῆ
1041 2433 1180 2505 πρὸς
1231 2434 1324 2488 τὸν
1360 2434 1517 2504 ἅγιον
1547 2436 1928 2507 διανοούμενός
1951 2455 2014 2492 τε

420 2523 517 2577 καὶ
554 2524 926 2595 φθεγγόμενος
949 2541 963 2555 ο
1017 2524 1181 2579 Ἀλλά
1225 2525 1472 2598 θέλησον,
1506 2527 1632 2601 ἔφη,
1682 2529 1787 2584 κᾶν
1819 2529 2013 2600 μικρόν

420 2633 476 2668 τι
507 2614 791 2684 ὲπιέἧσαι,
822 2616 1152 2682 Πολύευκτε,
1184 2617 1291 2682 ἕως
1313 2619 1410 2690 τὴν
1435 2619 1535 2692 σὴν
1557 2624 1787 2690 γυναῖκα
1817 2621 2010 2693 θεάσῃ.

423 2707 560 2761 Ποία
591 2707 672 2771 δὲ,
723 2704 880 2762 εἶπεν
915 2710 944 2762 ό
987 2709 1166 2779 ἅγιος,
1224 2712 1483 2779 γυναικὸς
1528 2713 1607 2767 ἔτι
1654 2714 1750 2767 καὶ
1800 2717 2010 2769 τέκνων

421 2801 614 2872 ἔμοιγε
667 2804 911 2873 φροντὶς,
941 2802 1000 2866 ὃς
1039 2803 1254 2867 οὐδενὸς
1281 2805 1390 2858 τῶν
1427 2805 1785 2877 ἀνθρωπίνων
1823 2809 2007 2864 οὐκέτι

419 2892 519 2948 νῦν
568 2894 995 2966 ἐπιστρέφομαι,
1029 2895 1160 2968 περὶ
1183 2895 1255 2949 τὰ
1284 2896 1512 2966 οὑράνιά
1541 2916 1601 2952 τε
1633 2889 1727 2953 καὶ
1754 2900 2008 2973 ἄφθαρτα

424 2986 565 3055 μόνα
591 2985 694 3056 τὴν
719 2986 962 3040 διάνοιαν
989 2986 1168 3058 ἐχων;
1210 2987 1276 3041 'H
1305 2987 1363 3042 δὲ
1395 2987 1462 3060 σὴ
1509 2989 1779 3060 θυγάτηρ,
1825 2993 1875 3046 εί
1908 2993 2006 3062 μὲν

416 3076 546 3145 ἐμοὶ
575 3075 788 3144 ἕψεται,
851 3077 1101 3147 μακαρία
1150 3081 1252 3147 τῆς
1298 3075 1526 3148 γνώμης
1575 3078 1729 3135 ἔσται
1775 3081 1869 3134 καὶ
1906 3080 2002 3134 τοῦ

417 3167 631 3223 σκοποῦ
665 3186 679 3200 ·
716 3171 766 3222 εί
795 3168 853 3222 δὲ
917 3170 1012 3240 μὴ,
1065 3168 1202 3225 ἀλλὰ
1234 3172 1330 3225 καὶ⁵
1381 3171 1521 3242 αὑτὴ
1576 3172 1673 3226 σὺν
1702 3175 1814 3235 τοῖς
1847 3175 2002 3246 ὑμῶν

417 3259 566 3324 θεοῖς
593 3259 783 3323 κακῶς
805 3259 1114 3316 ἀπολεῖται.

483 3374 545 3431 I'.
573 3379 802 3448 Δὰκρυα
823 3374 918 3432 επὶ
946 3377 1158 3443 τούτοις
1177 3379 1268 3433 τὸν
1288 3380 1497 3452 Φήλικα
1530 3379 1723 3453 ἔχοντα
1749 3383 2001 3454 ἀπογνῶ-

411 3483 501 3521 ναι
525 3467 788 3533 καθάπαξ
816 3483 832 3499 °
860 3465 984 3522 ὅθεν
1005 3470 1102 3522 καὶ
1137 3468 1298 3542 διπλῇ
1331 3469 1685 3541 τυφλώττων,
1715 3473 1778 3528 ἔκ
1807 3491 1869 3528 τε
1899 3476 1998 3546 τῆς

411 3558 786 3630 περιεχούσης
838 3559 1003 3614 αὑτὸν
1050 3560 1310 3631 ἀθυμίας,
1369 3562 1435 3617 ἐκ
1484 3581 1543 3617 τε
1599 3573 1696 3637 τῆς
1744 3569 1874 3639 περ)⁴
1929 3569 1998 3621 τὰ

413 3654 612 3706 εἴδωλα
644 3654 867 3722 μανίας,
895 3651 1022 3720 ἀξια
1045 3653 1301 3708 τοσούτου
1322 3655 1550 3719 σκότους
1578 3657 1673 3711 καὶ
1695 3660 1997 3729 παρανοίας

415 3744 716 3814 ἐφθέγγετο
772 3743 996 3816 ῥήματα
1019 3760 1034 3774 ’
1062 3745 1220 3815 Οῖμοι
1255 3746 1267 3798 ε
1313 3746 1511 3814 λέγων,
1540 3748 1622 3801 ὅτι
1653 3748 1750 3802 κα)⁸
1777 3749 1856 3813 σὲ,
1892 3751 1996 3804 [Ιο-

419 3835 662 3902 λύευκτε,
696 3837 754 3890 al
786 3834 882 3889 τοῦ
916 3835 1154 3908 Χριστοῦ
1196 3840 1421 3908 μαγεῖαι
1448 3839 1884 3910 ἐξηπατήκασιν.
1937 3842 1996 3896 Ὀ

401 3907 639 3998 ’μάρτυρ
693 3929 773 3994 δὲ,
835 3928 980 4000 μάλα
1025 3907 1263 3995 συνετώς
1315 3931 1410 3987 καὶ
1454 3907 1715 4000 γενναίως
1741 3949 1755 3965 ο
1792 3936 1866 3988 Οὑ
1920 3935 1997 4006 μὰ

427 4019 549 4082 τοὺς
579 4021 755 4091 ἱεροὺς
783 4020 893 4075 τῶν
930 4021 1226 4097 μαρτύρων
1267 4023 1504 4094 ἀγῶνας,
1553 4027 1614 4081 οὐ
1649 4027 1994 4100 διαρνοῦμαι,

417 4112 545 4184 ἔφη,
575 4114 637 4167 τὸ
666 4113 742 4185 μὴ
775 4113 868 4167 ὑπ’
905 4115 1118 4168 ἐκείνου
1157 4115 1296 4186 πρὸς
1324 4117 1422 4187 τὴν
1457 4118 1754 4187 ἐπίγνωσιν
1788 4120 1994 4191 κληθῆ-

416 4223 502 4260 ναι
539 4205 642 4274 τῆς
676 4206 973 4278 ἀληθείας⁸
1003 4207 1168 4271 αὑτὸς
1227 4208 1334 4280 γάρ
1384 4209 1532 4264 ἐστιν
1579 4210 1638 4276 ὃς
1677 4213 1796 4276 ταῖς
1839 4214 1994 4285 χερσί⁸

407 4300 532 4361 ταῖς
565 4298 799 4361 οἰκείαις
833 4296 934 4370 τὴν
979 4299 1121 4370 ὲμὴν
1149 4297 1340 4365 θέλξας
1360 4299 1561 4372 ψυχὴν,
1599 4302 1709 4357 ἀπὸ
1733 4303 1828 4358 τοῦ
1863 4305 1994 4359 σκό-

405 4406 540 4452 τους
558 4391 642 4454 είς
660 4389 723 4443 τὸ
750 4389 889 4460 φῶς,
927 4390 1024 4445 καὶ⁵
1049 4390 1160 4446 ἀπὸ
1189 4392 1290 4462 τῆς
1327 4393 1539 4465 πλάνης
1569 4396 1706 4468 πρὸς
1733 4397 1834 4468 τὴν
1858 4397 1992 4470 ἀλή-

407 4483 571 4534 θειαν
601 4481 936 4552 ἐπηγάγετο,
970 4481 1312 4554 στρατιώτην
1339 4501 1399 4538 τε
1425 4485 1589 4540 αὑτοῦ
1633 4489 1726 4542 καὶ
1755 4485 1892 4542 εἶναί
1924 4507 1991 4560 με

406 4574 507 4626 καὶ
533 4571 900 4640 ὀνομάζεσθαι
921 4573 1286 4646 κατηξίωσεν.

406 4757 504 4809 τὸν
540 4757 816 4828 μάρτυρα,
849 4757 912 4812 τὸ
947 4759 1092 4830 ἱερὸν
1117 4760 1285 4815 αὑτοῦ
1309 4764 1482 4835 στόμα
1509 4763 1698 4818 ἔπαιον
1720 4783 1735 4798 ·
1769 4765 1990 4836 μισοῦν-

407 4864 502 4912 τες
530 4847 752 4918 ἀληθῶς
774 4851 833 4903 ἐν
866 4850 1066 4916 πύλαις
1094 4852 1406 4925 ἐλέγχοντα,
1439 4855 1673 4926 φαύλαις
1719 4875 1779 4911 τε
1803 4859 1994 4922 ἀκοαῖς

411 4941 571 5010 ίσχὺν
599 4940 857 5009 ἀληθείας
879 4943 1205 5012 ὑπενεγκεῖν
1233 4948 1294 5001 ού
1321 4947 1630 5020 δυνάμενοι.
1670 4951 1996 5024 Πολυεύκτῳ

405 5033 464 5085 δὲ
495 5033 576 5104 τῷ
599 5034 832 5106 γενναίῳ
859 5036 968 5089 τῶν
1005 5039 1105 5108 μὲν
1131 5038 1358 5112 πληγῶν
1402 5040 1611 5096 τούτων
1643 5042 1870 5114 ἔμελλεν
1904 5046 1995 5100 οὑ-

405 5123 598 5194 δαμῶς
624 5140 640 5155 ·
673 5125 822 5198 ἑώρα
848 5127 958 5201 γὰρ
979 5128 1089 5183 τῶν
1113 5129 1258 5203 ὑπὲρ
1291 5132 1458 5187 αὑτοῦ
1485 5134 1731 5191 παθόντα
1758 5137 1993 5208 Χριστὸν

409 5213 642 5283 πλησίον
668 5216 838 5271 αὑτοῦ
871 5220 1303 5293 παριστάμενον,
1331 5223 1390 5278 ὃν
1418 5227 1626 5291 ἐκεῖνος
1667 5233 1993 5304 καταφυγὴν

409 5304 663 5376 θέμενος,
691 5307 818 5363 οὔτε
835 5313 982 5366 κακὰ
996 5308 1111 5384 εἶχε
1133 5314 1270 5384 πρὸς
1294 5316 1460 5372 αὑτὸν
1481 5319 1844 5392 ἐπερχόμενα,
1865 5321 1992 5378 οὗτε

410 5398 688 5467 μάστιγας
708 5400 845 5465 ὅλως
866 5403 944 5474 τῷ
964 5405 1288 5476 σκηνώματι
1315 5408 1481 5463 αὑτοῦ
1498 5413 1989 5483 προσεγγιζούσας.

478 5491 587 5547 ΙΔ’.
622 5495 689 5546 Δί
719 5495 851 5561 γοῦν
882 5497 1094 5567 πληγαὶ
1122 5491 1304 5567 αὗται,
1349 5502 1602 5576 καθάπερ
1641 5506 1878 5578 εἴρηται,
1913 5509 1994 5580 τῷ

409 5578 739 5654 Πολυεύκτῳ
773 5583 1001 5658 βραχεῖα
1051 5591 1292 5660 φροντὶς,
1329 5595 1465 5664 πρδς
1500 5594 1666 5669 ἀλλην
1698 5599 1754 5652 δὲ
1805 5578 1994 5658 διεπάξ

405 5670 528 5725 λαιε
559 5673 657 5728 τοῦ
705 5679 948 5750 πονηροῦ
981 5679 1199 5752 τέχνην.
1242 5685 1612 5760 Παραστήσας
1641 5690 1753 5762 γὰρ
1784 5694 1989 5760 ἐκεῖνος

404 5761 558 5834 αὑτῷ
582 5765 724 5836 μετὰ
741 5768 834 5821 τοῦ
859 5769 1125 5839 κηδεστόῦ
1152 5776 1244 5827 καὶ
1268 5776 1368 5846 τὴν
1399 5782 1634 5845 γυναῖκα
1651 5780 1990 5856 δακρύοντας

405 5856 501 5909 καὶ
526 5857 984 5932 παθαινομένους,
1012 5863 1276 5934 ἐπειρᾶτο
1292 5869 1464 5944 ταύτῃ
1491 5875 1738 5950 καταγόῃ
1765 5895 1822 5932 τε
1849 5879 1991 5937 ἀπα-

823 5958 1098 6021 ΡΑἰίιοῐμ
1146 5963 1267 6025 Gn.
1307 5964 1528 6030 CXIV.

2125 1969 2224 2025 ego
2262 1971 2356 2013 eos
2401 1971 2781 2032 contemnens,
2843 1983 2902 2023 re
2949 1970 3063 2040 ipsa
3113 1977 3352 2042 ostendi,
3388 1995 3551 2048 quam
3589 1984 3700 2038 sint

2121 2044 2400 2104 imbecilli.
2450 2051 2606 2119 Quod
2651 2057 2697 2112 si
2733 2069 2860 2115 sunt
2893 2061 2989 2118 tibi
3023 2064 3132 2130 alii,
3176 2067 3213 2122 ii
3246 2044 3462 2141 quoque
3492 2073 3546 2127 in
3579 2091 3698 2131 me-

2120 2135 2271 2192 dium
2299 2141 2659 2200 adducantur.
2702 2145 2841 2206 Hinc
2865 2153 3011 2208 enim
3046 2155 3207 2223 scies,
3239 2135 3696 2228 quemadmodum

2120 2242 2223 2285 nos
2275 2230 2482 2288 Christi
2537 2250 2725 2294 servos
2775 2256 2838 2296 ea
2885 2259 3189 2316 conspuere
3229 2263 3496 2320 oporteat.
3550 2256 3701 2312 Felix

2119 2327 2302 2375 autem
2329 2336 2454 2377 cum
2483 2324 2723 2384 humana
2746 2339 2801 2385 et
2831 2333 3125 2391 miserabili
3149 2341 3383 2408 quadam
3412 2343 3701 2400 all'ectiono

2114 2408 2182 2464 de
2234 2422 2426 2470 sancto
2475 2418 2726 2488 cogitans
2771 2431 2828 2477 et
2882 2425 3139 2495 loquens,
3173 2431 3229 2485 Si
3251 2433 3406 2498 velis,
3438 2435 3633 2506 inquit,
3665 2455 3700 2492 ο

2115 2497 2425 2572 Polyeucte,
2457 2506 2857 2582 aliquantisper
2886 2515 3097 2582 vivere.
3127 2519 3304 2578 donec
3334 2497 3482 2579 tuam
3510 2497 3698 2585 videas

2113 2607 2362 2649 uxorem.
2411 2597 2675 2664 Quaenam
2725 2613 2906 2662 autem
2953 2608 3165 2676 adhuc,
3231 2615 3410 2685 inquit
3452 2629 3696 2686 sanctus,

2113 2685 2302 2741 uxoris
2331 2688 2440 2744 mei
2471 2707 2602 2746 cura
2635 2701 2738 2760 est,
2768 2706 2825 2753 et
2861 2698 3120 2769 ﬁliorum,
3158 2705 3250 2774 qui
3282 2724 3348 2762 ex
3381 2710 3546 2766 rebus
3592 2714 3695 2769 hu-

2109 2776 2286 2832 manis
2317 2779 2456 2835 nihil
2487 2785 2716 2839 omnino
2757 2802 2912 2856 ειη-ο,
2951 2807 3076 2848 cum
3120 2795 3173 2848 ill
3208 2798 3340 2854 solis
3382 2801 3696 2861 ecelestibus

2113 2883 2270 2924 mens
2287 2880 2557 2944 versetur,
2583 2879 2717 2935 etiis
2735 2879 2790 2934 in
2815 2897 2936 2950 quae
2957 2899 3063 2939 non
3085 2887 3232 2942 cadit
3255 2889 3510 2946 interitus
3533 2893 3557 2947 τ
3577 2895 3691 2950 Tua

2105 2966 2284 3014 autem
2343 2962 2472 3030 tilia,
2537 2965 2582 3020 si
2632 2983 2722 3024 me
2777 2972 2996 3042 quidem
3047 2987 3327 3048 sequatur,
3381 2983 3536 3039 beata
3586 2987 3692 3042 erit

2105 3059 2328 3120 propter
2351 3068 2516 3110 suum
2566 3059 2810 3116 animum
2840 3072 2896 3119 et
2942 3065 3250 3124 institutum
3295 3073 3429 3128 :sin
3478 3076 3684 3144 minus,

2102 3141 2220 3214 ipsa
2251 3162 2468 3218 quoque
2496 3165 2622 3207 cum
2655 3156 2854 3214 vestris
2883 3159 2986 3214 diis
3021 3162 3157 3217 mala
3195 3165 3334 3221 male
3357 3168 3578 3238 peribit.

2181 3318 2248 3374 X.
2317 3321 2444 3379 Post
2468 3323 2585 3384 haec
2612 3328 2763 3386 Felix
2793 3333 3156 3403 profundebat
3187 3340 3469 3412 lacrynlas,
3506 3358 3564 3401 ut
3592 3348 3685 3418 qui

2108 3426 2261 3482 spem
2289 3430 2507 3473 omnem
2545 3420 2854 3493 abjecisset.
2875 3423 2989 3492 Qua
3021 3429 3086 3484 de
3121 3446 3177 3485 rc
3201 3431 3490 3502 dupliciter
3512 3452 3686 3493 czecu-

2109 3504 2271 3571 tiens,
2303 3523 2504 3581 nempe
2537 3520 2593 3567 et
2619 3529 2688 3569 ex
2730 3515 3051 3588 aegritudine
3074 3523 3406 3596 animi,qu2e
3433 3544 3556 3584 eum
3588 3546 3690 3585 an-

2107 3595 2286 3664 gebat,
2320 3608 2375 3654 et
2411 3613 2478 3654 ex
2531 3602 2761 3668 insania,
2807 3623 2912 3677 qua
2954 3610 3234 3669 laborabat
3279 3595 3336 3670 in
3372 3619 3685 3688 simulacra,

2108 3682 2434 3754 loquebatur
2462 3689 2625 3749 verba
2687 3694 2846 3766 digna
2905 3700 3070 3754 tantis
3115 3703 3388 3772 tenebris,
3425 3716 3482 3761 et
3537 3682 3684 3764 tanta

2103 3775 2379 3834 dementia
2410 3798 2425 3834 :
2466 3781 2563 3837 llei
2604 3785 2758 3853 mihi,
2790 3787 2999 3857 dicens,
3040 3801 3091 3847 te
3122 3810 3359 3866 quoque,
3395 3814 3426 3851 ο
3451 3786 3683 3872 Polyeli-

2103 3877 2213 3935 cte,
2247 3867 2449 3926 Christi
2499 3880 2644 3930 artes
2684 3876 2928 3936 fefellere
2973 3884 3238 3954 magicae?
3273 3887 3471 3961 Martyr
3499 3867 3682 3948 autem

2103 3959 2399 4015 admodum
2432 3964 2728 4032 prudenter
2773 3978 2829 4025 et
2873 3971 3108 4030 fortiter.
3164 3975 3305 4047 Non,
3361 3959 3457 4052 per
3506 4002 3682 4050 sacra,

2105 4046 2302 4120 inquit,
2373 4065 2667 4127 martyrum
2721 4064 3045 4132 certamina,
3119 4085 3229 4124 non
3279 4089 3441 4145 nego,
3484 4092 3570 4132 me
3615 4080 3686 4134 ab

2104 4141 2194 4197 illo
2244 4159 2368 4200 esse
2423 4159 2673 4206 vocatum
2714 4153 2778 4208 ad
2821 4159 3189 4228 cognitionem
3246 4167 3509 4224 veritatis.
3566 4171 3683 4242 Ipse

2102 4235 2248 4290 enim
2271 4247 2373 4302 est,
2391 4238 2700 4314 inquit,fqui
2724 4261 2847 4302 cum
2865 4251 2980 4306 suis
2998 4255 3248 4312 manibus
3268 4275 3443 4316 meam
3467 4263 3682 4318 demul-

2102 4329 2265 4385 sisset
2289 4331 2548 4399 animam,
2581 4350 2612 4389 a
2659 4339 2902 4395 tenebris
2940 4343 3008 4397 ad
3059 4346 3257 4414 lucem,
3290 4359 3345 4406 et
3394 4353 3461 4407 ab
3494 4369 3684 4410 errore

2102 4421 2327 4479 deduxit
2350 4424 2418 4480 ad
2446 4427 2751 4494 veritatem,
2775 4440 2829 4486 et
2858 4433 3084 4504 dignum
3117 4442 3350 4507 censuit,
3379 4445 3470 4513 qui
3500 4461 3678 4504 essem

2101 4519 2155 4566 et
2179 4513 2494 4570 nominarer
2535 4517 2656 4588 ejus
2687 4521 2862 4576 miles.
2898 4522 3033 4581 Cum
3063 4539 3245 4585 autem
3280 4531 3397 4588 haec
3425 4535 3678 4594 diceren-

1314 4574 1403 4629 Ἐν
1422 4570 1467 4645 ᾧ
1481 4577 1539 4631 δε
1557 4577 1732 4632 ταῦτα
1751 4578 1990 4649 ἐλέγετο,

2547 4570 2650 4588 κορ-
2687 4570 2862 4576 __----——
2904 4570 3032 4581 ν-η---ι
3063 4570 3245 4585 ..ιι-νει.
3280 4570 3397 4588 "una
3425 4570 3561 4591 υΙυυΙ
3577 4570 3678 4594 Cll-

2110 4613 2211 4669 tur,
2247 4607 2572 4664 accedentes
2601 4621 2914 4670 sanctorum
2955 4632 3355 4690 persecutores,
3387 4641 3508 4681 cum
3535 4645 3682 4686 mar-

406 4665 460 4717 οί
484 4663 596 4717 τῶν
635 4663 812 4732 ἁγίων
837 4663 1064 4718 διῶκται
1086 4665 1500 4737 προσελθόντες,
1525 4672 1620 4723 καὶ
1640 4670 1993 4738 συλλαϐόντες
2025 4663 2064 4672 ν
2100 4706 2118 4752 ι

2121 4715 2270 4768 yrem
2295 4705 2866 4776 comprehendissent,
2889 4725 3104 4767 sacrum
3132 4731 3194 4770 os
3213 4717 3334 4787 ejus
3366 4721 3676 4792 pulsabant,

2099 4805 2224 4845 vere
2251 4793 2374 4847 odio
2407 4792 2671 4850 habentes
2695 4797 3148 4865 confutationem,
3175 4820 3294 4876 quae
3321 4818 3440 4864 erat
3462 4811 3526 4873 in
3545 4811 3678 4865 fori-

2096 4879 2222 4946 bus,
2255 4889 2306 4936 et
2346 4885 2504 4939 malis
2528 4885 2754 4942 auribus
2783 4903 2896 4944 non
2926 4892 3175 4948 volentes
3203 4895 3350 4952 ferre
3391 4899 3502 4954 vim
3529 4903 3676 4957 veri-

2099 4972 2245 5028 tatis.
2284 4973 2553 5031 Prazclaro
2596 4987 2780 5034 autem
2811 4980 3101 5053 Polyeueto
3139 5002 3218 5043 ea:
3255 4988 3474 5058 quidem
3507 4993 3678 5065 plaga:

2096 5063 2246 5119 nullo
2279 5065 2442 5120 modo
2482 5076 2643 5122 erant
2677 5084 2846 5126 eui-ie.
2897 5071 3128 5132 Videbat
3184 5080 3328 5134 enim
3371 5063 3671 5150 ChriStum,

2094 5154 2188 5224 qui
2206 5171 2304 5225 pro
2329 5171 2396 5211 eo
2414 5167 2534 5212 erat
2561 5175 2775 5229 passus,
2800 5179 2972 5236 prope
2996 5167 3172 5238 ipsum
3190 5171 3466 5228 assistere.
3499 5174 3671 5242 Quem

2095 5261 2220 5303 cum
2249 5263 2408 5304 suum
2440 5251 2715 5321 posuisset
2745 5256 3037 5329 refugium.
3072 5278 3175 5317 nec
3205 5281 3302 5334 pro
3322 5267 3478 5323 malis
3510 5269 3674 5325 habe-

2095 5337 2188 5393 bat
2215 5353 2298 5403 ea,
2331 5356 2453 5409 quae
2486 5340 2662 5412 ipsum
2706 5343 3039 5406 invadebant
3070 5369 3213 5410 :nec
3240 5357 3524 5426 scuticam,
3548 5377 3669 5431 quae

2096 5429 2218 5500 ejus
2249 5447 2448 5501 corpus
2473 5435 2711 5492 eludebat

2166 5521 2256 5576 ΧΙ.
2323 5521 2432 5577 Has
2461 5539 2590 5596 ergo
2619 5527 2825 5599 plagas,
2859 5541 2919 5587 ut
2959 5534 3166 5592 dictum
3205 5549 3307 5606 est,
3349 5557 3541 5612 parum
3573 5560 3670 5602 cu—

2095 5613 2250 5668 rabat
2273 5613 2598 5686 Polyeuctus
2625 5638 2638 5674 :
2667 5620 2977 5680 luctabatur
3002 5637 3184 5685 autem
3209 5634 3471 5692 adversus
3505 5638 3670 5694 aliam

2094 5705 2296 5762 diaboli
2327 5709 2546 5780 maligni
2577 5722 2778 5768 artem:
2801 5713 2932 5771 Nam
2962 5733 3086 5772 cum
3114 5720 3202 5776 ilie
3237 5723 3304 5778 ad
3345 5730 3675 5786 elun.addu-

2095 5798 2549 5892 sissetfocerum
2579 5814 2636 5861 et
2685 5823 2909 5864 uxorem
2947 5811 3328 5886 lacrymantes,
3362 5830 3416 5876 et
3443 5822 3672 5876 misera-

2101 5889 2296 5948 biliter
2322 5895 2612 5968 ejulantes,
2666 5905 2742 5956 sic
2785 5905 3083 5963 conabatur
3124 5909 3243 5980 ejus
3285 5914 3518 5968 animum
3560 5917 3674 5972 suis

3287 6005 3354 6067 ιῖι
