4152 6486
467 409 566 482 ἇῒί

1694 397 1979 460 MENSlS
2016 395 2451 460 JANUARIUS

3619 401 3726 463 43$

466 518 716 589 .lccipere
741 516 1050 588 praestigiis,
1094 508 1148 569 et
1198 528 1296 584 pro
1350 513 1560 568 viribus
1588 510 1883 566 dissolvere
1911 508 2020 577 ejus

2134 509 2235 578 τᾷν
2263 509 2426 563 αὐτοῦ
2465 509 2560 582 τὴν
2600 510 2798 582 ψυχὴν,
2838 510 2957 577 καὶ,
2989 511 3086 584 ὅση
3128 510 3392 583 δύναμις,
3430 514 3522 567 τὸν
3574 516 3725 568 τόκον

468 611 628 668 robur
656 619 713 664 et
745 607 1127 663 constantiam.
1160 604 1207 660 Is
1245 612 1427 659 autem
1460 618 1569 657 non
1596 601 1852 672 ignorans
1880 597 2041 653 mali-

462 703 551 774 gni
571 701 815 762 insidias,
831 715 954 755 cum
973 698 1049 753 sei
1060 713 1215 768 psum
1240 697 1393 750 valde
1410 693 1615 749 utiliter
1634 690 2036 752 conturbasset,

461 794 768 861 animatque
815 786 1192 845 fortitudinem
1229 796 1283 841 et
1311 786 1446 842 iram
1476 784 1793 843 excitasset,
1825 788 1882 834 et
1918 793 2039 849 quae

460 904 525 942 ex
559 885 813 958 lacrymis
839 883 1039 946 oritur,
1069 879 1405 937 effeminatos
1438 876 1687 932 mollitiei
1721 889 1844 928 eam
1867 886 2039 942 oppo-

458 979 680 1043 suisset,
712 977 952 1050 graviter
980 972 1272 1031 admodum
1303 979 1360 1026 et
1388 970 1603 1025 fortiter
1636 984 1649 1021 :
1678 965 1722 1022 Ο
1750 965 2035 1028 scelerate,

460 1073 669 1144 inquit,
724 1080 781 1127 et
815 1069 1167 1141 profanorum
1225 1074 1536 1136 mystagoge
1593 1059 2033 1121 simulacrorum,

459 1181 558 1221 cur
596 1179 683 1219 me
724 1162 1006 1219 insidiosis
1069 1160 1176 1215 tuis
1220 1166 1274 1213 et
1324 1156 1511 1211 uxoris
1550 1150 1802 1223 lacrymis
1850 1149 2038 1204 studes

459 1255 731 1310 abducere
769 1252 801 1307 ὲ
850 1250 1195 1307 confessione
1249 1248 1303 1301 in
1350 1243 1670 1301 Christum?
1707 1243 1818 1295 Cur
1849 1248 2033 1294 autem

455 1344 622 1400 deﬂes
664 1343 1038 1415 Polyeuctum,
1071 1354 1195 1395 cum
1234 1337 1469 1407 teipsum
1518 1332 1691 1389 multo
1737 1331 1909 1403 may's
1935 1331 2033 1386 de-

455 1439 584 1493 ﬂere
610 1447 667 1492 et
691 1437 874 1506 lugere
910 1441 1180 1504 oporteat,
1224 1438 1517 1501 propterea
1548 1425 1694 1497 quod
1722 1441 1848 1481 cum
1875 1425 2032 1496 prin-

453 1526 686 1596 cipibus,
731 1523 823 1592 qui
877 1529 1005 1576 sunt
1049 1520 1118 1575 ad
1160 1528 1395 1588 tempus,
1451 1515 1729 1582 servieris,
1787 1514 1898 1585 igni
1958 1512 2033 1568 sis

451 1627 658 1673 aeterno
692 1612 1028 1670 tradendus?
1061 1611 1126 1666 Et
1155 1610 1275 1666 halc
1301 1609 1522 1679 quidem
1552 1607 1690 1665 dixit
1715 1622 1906 1662 socero
1931 1603 2034 1659 Fe-

453 1710 561 1766 lici.
596 1709 887 1778 Postquam
937 1714 1122 1761 autem
1170 1704 1308 1760 vidit
1352 1715 1579 1758 uxorem
1629 1714 1847 1772 quoque
1875 1713 2029 1753 suam

450 1801 728 1859 Paulinam
765 1798 1152 1855 miserabiliter
1182 1798 1597 1868 laerymantem,
1639 1802 1694 1849 et
1725 1792 2027 1848 dicentem:

2142 599 2386 656 ἐκλύειν..
2430 603 2489 656 '0
2512 603 2567 656 δὲ
2601 604 2675 674 μὴ
2701 604 2977 675 ἀγνοήσας
3000 605 3061 658 τὸ
3091 604 3188 658 τοῦ
3220 604 3458 677 πονηροῦ
3487 604 3724 675 ἕνεδρον,

2139 691 2472 763 διαταράξας
2521 695 2713 749 ἑαυτὸν
2758 695 2902 748 πάνυ
2952 694 3263 767 χρησίμως,
3296 697 3358 750 τὸ
3390 697 3635 765 γενναῖόν
3664 715 3725 751 τε

2140 783 2234 837 καὶ
2268 784 2545 853 θυμοειδὲς
2587 786 2687 856 τῆς
2710 786 2888 857 ψυχῆς
2913 786 3223 858 ἀνεγείρας,
3257 789 3351 843 καὶ
3387 788 3577 860 ὥσπερ
3608 792 3724 853 ταῖς

2137 875 2249 929 ἀπὸ
2277 876 2386 930 τῶν
2414 877 2670 948 δακρύων
2710 880 3024 951 γινομέναις
3083 880 3345 952 θηλύτησι
3400 881 3497 935 καὶ
3546 881 3707 952 μαλαι

2139 968 2287 1035 κίαις
2315 970 2646 1043 ἀντιστήσας
2674 973 2827 1044 αὐτῷ
2856 973 2977 1028 λίαν
3007 973 3285 1045 ὲμϐριθῶς
3315 973 3409 1027 καὶ
3438 974 3722 1041 γενναίως,

2141 1060 2279 1131 πρὸς
2306 1062 2405 1132 μὲν
2431 1063 2526 1117 τὸν
2559 1065 2827 1146 κηδεστήν
2853 1081 2869 1098 ⁸
2897 1063 2967 1120 Ὦ
2992 1068 3179 1138 μιαρὲ,
3203 1067 3331 1139 ἔφη,
3357 1068 3457 1122 καὶ
3479 1066 3724 1138 βεϐήλων

2138 1152 2374 1208 εἰδώλων
2417 1159 2766 1226 μυσταγωγὲ,
2797 1158 2851 1212 τί
2897 1174 2968 1227 με
3006 1160 3272 1229 δάκρυσιν
3320 1160 3573 1222 ὑπούλοις
3612 1164 3722 1222 τοῖς

2140 1247 2256 1311 σοῖς
2292 1264 2354 1301 τε
2382 1248 2479 1303 καὶ
2501 1249 2601 1321 τῆς
2623 1252 2884 1319 γυναικὸς
2920 1253 3232 1326 ἀποστῆσαι
3258 1257 3357 1325 τῆς
3379 1254 3459 1318 εἰς
3487 1256 3725 1325 Χριστῐον

2137 1338 2430 1409 ὁμολογίας
2466 1341 2789 1408 σπουδάζεις
2817 1361 2836 1411 ;
2869 1345 2935 1398 Τί
2986 1346 3044 1400 δὲ
3096 1346 3192 1400 καὶ
3238 1346 3498 1414 δακρύεις
3554 1348 3723 1402 Πολύ-

2137 1447 2331 1486 ευκτον
2354 1472 2371 1498 ,
2415 1434 2535 1488 δέον
2567 1434 2753 1507 πολλῷ
2777 1437 2980 1507 μᾶλλον
3010 1440 3240 1494 σεαυτὸν
3281 1440 3571 1512 ὀδύρεσθαι
3624 1442 3721 1494 καὶ

2137 1525 2379 1596 θρηνεῖν,
2406 1527 2526 1581 ἀνθ’
2566 1521 2643 1584 ὧν
2677 1529 2766 1585 διὰ
2795 1531 3153 1602 προσκαίρων
3193 1532 3474 1604 ἀρχόντων
3516 1532 3722 1601 αἰωνίῳ

2135 1617 2272 1688 πυρὶ
2314 1617 2716 1690 παραδίδοσαι;
2767 1622 2879 1677 Καὶ⁴
2927 1622 3105 1678 ταῦτα
3157 1623 3257 1695 μὲν
3321 1623 3460 1694 πρὸς
3505 1625 3595 1678 τὸν
3624 1643 3723 1696 κη-

2134 1707 2333 1780 δεστὴν
2373 1709 2608 1780 Φήλικα.
2653 1711 2808 1766 Ἐπεὶ
2838 1712 3019 1768 δὲ’καὶ
3054 1712 3329 1769 Παυλίναν
3359 1714 3459 1785 τὴν
3485 1718 3721 1784 γυναῖκα

2132 1798 2284 1870 ἑώρα
2317 1802 2636 1873 περιπαθῶς
2666 1804 3030 1877 δακρύουσαν,
3082 1805 3178 1860 καὶ
3222 1805 3486 1875 λέγουσαν
3511 1826 3525 1839 ο
3577 1806 3647 1859 Ὠ
3669 1809 3721 1860 τί

448 1895 590 1964 Quid
640 1894 736 1950 tibi
792 1892 1013 1959 accidit,
1062 1906 1095 1947 θ
1129 1888 1460 1962 Polyeucte?
1500 1886 1787 1954 Quomodo
1842 1892 2020 1941 autem

2132 1892 2431 1959 πέπονθας,
2456 1895 2763 1950 Πολύευκτε
2793 1912 2811 1966 ;
2852 1897 2972 1962 πῶς
2994 1898 3052 1951 δὲ
3081 1898 3175 1953 καὶ
3204 1898 3392 1972 ἀπάτῃ
3432 1899 3718 1970 προήχθης

449 1987 638 2042 fraude
672 2000 732 2041 es
762 1984 1040 2048 inductus,
1072 1988 1135 2037 ut
1160 1978 1453 2036 duodecim
1480 1978 1613 2035 deos
1640 1985 1862 2033 nostros
1893 1990 2028 2031 con-

448 2080 715 2151 fringeres
735 2078 760 2130 ?
793 2076 922 2132 Eam
956 2074 1202 2130 suaviter
1226 2071 1463 2127 irridens
1484 2079 1744 2126 sanctus:
1773 2068 1829 2124 Si
1848 2068 2018 2132 solus,

449 2173 660 2243 inquit,
701 2186 803 2242 ego
840 2167 1129 2226 duodecim
1166 2167 1300 2223 deos
1344 2174 1468 2221 tuos
1518 2163 1623 2221 vici
1657 2171 1715 2220 et
1746 2160 2023 2218 contrivi:

447 2281 599 2321 ecce.
633 2263 860 2319 deorum
914 2275 973 2316 es
1031 2257 1258 2315 omnino
1300 2272 1492 2330 egena.
1542 2254 1820 2312 Adesdum
1872 2268 2023 2326 ergo,

449 2355 644 2426 inquit,
680 2354 932 2416 Paulina,
966 2360 1019 2406 et
1054 2349 1273 2415 faciam,
1301 2357 1361 2404 ut
1387 2363 1574 2404 verum
1606 2346 1780 2402 Deum
1820 2359 2026 2417 cogno-

446 2465 589 2509 scas.
617 2462 782 2518 quem
813 2447 928 2516 ipsa
980 2444 1143 2500 stude
1192 2444 1485 2515 diligenter
1539 2440 1792 2507 adorare,
1825 2447 1882 2495 et
1924 2438 2027 2492 hac

450 2538 600 2595 brevi
632 2540 742 2593 vita
782 2546 1041 2591 mternam
1071 2543 1430 2591 commutare.
1463 2533 1599 2587 Cum
1630 2532 1747 2588 hare
1775 2530 1855 2587 sic
1877 2529 2025 2585 dice-

448 2640 655 2698 rentur,
697 2639 752 2686 et
784 2630 943 2685 multi
997 2627 1247 2683 infideles
1296 2642 1396 2697 per
1437 2626 1613 2696 ipsum
1654 2622 1723 2679 ad
1770 2622 1937 2678 fidem
1968 2623 2023 2675 in

445 2725 724 2781 Christum
752 2729 1232 2788 converterentur,
1249 2727 1511 2776 etomues
1538 2725 1921 2791 persecutores
1947 2714 2024 2769 si-

447 2817 557 2873 mul
593 2822 1080 2886 congregarentur,
1120 2820 1175 2869 et
1222 2812 1419 2883 partim
1459 2810 1682 2881 quidem
1714 2807 2021 2879 promissis,

444 2909 644 2980 partim
676 2923 807 2964 vero
831 2908 997 2963 etiam
1028 2905 1195 2961 minis
1216 2912 1463 2961 sanctum
1487 2901 1774 2957 studerent
1799 2900 1854 2954 in
1884 2913 2023 2954 con-

448 3002 667 3056 trariam
710 2998 1002 3053 traducere
1055 2995 1409 3053 sententiam.
1455 2992 1713 3063 quoniam
1756 2991 1905 3046 nulla
1938 2991 2023 3045 via

442 3103 497 3146 ct
545 3091 758 3146 ratione
806 3087 861 3143 id
905 3086 1042 3143 effici
1090 3095 1326 3158 poterat,
1358 3099 1461 3139 nec
1483 3084 1605 3154 ejus
1634 3083 1709 3138 rei
1762 3082 1869 3137 ulla
1906 3090 2024 3137 erat

2127 1986 2254 2049 τοὺς
2301 1985 2511 2042 διὶδεκα
2544 1989 2703 2060 ἡμῶν
2735 1990 3035 2061 συντρίψας
3062 1991 3221 2055 θεούς
3251 2008 3267 2059 ;
3313 1991 3442 2048 Ἡδὺ
3480 1992 3603 2046 λίαν
3628 1994 3721 2062 ὲγ-

2127 2080 2375 2148 γελάσας
2421 2082 2561 2154 αὐτῇ
2594 2084 2622 2137 ὁ
2664 2082 2822 2154 ἅγιος
2856 2100 2870 2117 ·
2921 2085 2985 2139 Εἰ
3052 2086 3233 2157 μόνος,
3271 2084 3405 2155 ἐγὼ,
3435 2084 3562 2156 ἔφη,
3591 2088 3718 2149 τοὺς

2125 2170 2336 2228 δώδεκά
2376 2190 2472 2227 σου
2522 2173 2709 2240 θεοὺς’
2734 2176 2997 2248 νενίκηκα
3023 2216 3039 2244 ,
3092 2178 3187 2232 καὶ
3245 2177 3562 2250 συνέτριψα,
3606 2177 3716 2231 ἰδοὺ

2129 2264 2268 2320 θεῶν
2301 2266 2523 2332 πάντως
2560 2269 2796 2338 γέγονας
2827 2270 3017 2341 ἐνδεής
3042 2287 3057 2302 ο
3092 2270 3253 2344 δεῦρο
3286 2267 3379 2326 οὖν
3417 2289 3531 2341 μοι,
3568 2273 3717 2327 Παυ-

2125 2356 2268 2426 λίνα,
2304 2360 2400 2414 καὶ
2430 2364 2687 2432 γνωρίσω
2718 2377 2802 2416 σοι
2820 2362 2964 2417 θεὸν
2985 2362 3184 2435 ἀληθῆ,
3212 2363 3271 2417 ὃν
3307 2364 3446 2436 αὐτὴ
3477 2381 3719 2435 προσκυ-

2125 2448 2312 2520 νῆσαι,
2344 2451 2439 2504 καὶ
2466 2451 2568 2522 τῆς
2601 2449 2863 2524 βραχείας
2886 2452 3094 2524 ταύτης
3142 2451 3291 2524 ζωῆς
3339 2452 3439 2524 τὴν
3492 2452 3715 2506 αἰωνίαν

2125 2542 2463 2609 ἀλλάξασθαι
2493 2544 2820 2600 σπούδασον.
2854 2544 3078 2600 Τούτων
3108 2546 3255 2599 οὕτω
3281 2544 3592 2617 λεγομένων
3618 2545 3714 2598 καὶ

2124 2635 2338 2689 πολλῶν
2370 2636 2619 2692 ἀπίστων
2672 2637 2740 2691 δι’
2793 2637 2962 2692 αὑτοῦ
3019 2638 3158 2711 πρὸς
3204 2638 3304 2709 τὴν
3357 2639 3436 2701 εἰς
3477 2636 3711 2708 Χριστὸν

2126 2728 2313 2783 πίστιν
2348 2728 2823 2801 μεταϐαλλόντων,
2850 2730 3074 2786 πάντων
3095 2748 3154 2784 τε
3176 2730 3313 2801 ὁμοῦ
3350 2730 3458 2785 τῶν
3492 2730 3712 2784 διωκόν-

2123 2839 2235 2876 των
2258 2822 2696 2895 ἀθροιζομένων,
2721 2825 2816 2879 καὶ
2843 2821 3002 2879 τοῦτο
3035 2825 3134 2896 μὲν
3164 2824 3517 2894 ὑποσχέσεσι,
3554 2822 3715 2876 τοῦτο

2123 2912 2180 2967 δὲ
2199 2914 2293 2968 καὶ
2323 2916 2578 2980 ἀπειλαῖς
2602 2919 2934 2988 μεταπεῖσαι
2954 2917 3048 2972 τὸν
3077 2916 3233 2987 ἅγιον
3257 2916 3673 2981 σπουδαζόντων
3695 2955 3712 2981 ,

2125 3007 2248 3060 ἐπεὶ
2276 3008 2484 3094 ἄπορον
2513 3003 2604 3081 ἦν,
2658 3011 2754 3063 καὶ
2800 3010 3102 3083 ἀμήχανον,
3149 3010 3244 3065 καὶ
3287 3010 3517 3081 οὐδεμία
3573 3010 3712 3081 πρὸς

2123 3097 2284 3151 τοῦτο
2329 3099 2487 3164 ἐλπὶς
2530 3099 2879 3163 ὑπελείπετο,
2928 3100 3130 3155 δίδοται
3178 3100 3311 3170 γοῦν
3372 3099 3493 3154 κατ’
3546 3099 3713 3155 αὐτοῦ

443 3197 568 3250 spes
602 3181 834 3252 reliqua,
863 3176 1039 3232 fertur
1066 3178 1122 3231 in
1166 3190 1291 3232 eum
1318 3173 1611 3239 sententia,
1650 3179 1709 3227 ut
1739 3186 1872 3227 ense
1896 3181 2020 3226 sta-

2126 3192 2502 3286 ήᾲπόφασις,
2550 3194 2644 3251 τὸν
2696 3195 2786 3251 διὰ
2842 3194 3030 3266 ξίφους
3081 3194 3244 3260 εὐθὺς
3307 3193 3537 3250 θάνατον
3586 3194 3717 3248 ὑπο-

444 3275 538 3328 tim
570 3279 800 3326 mortem
833 3267 1046 3324 subeat.

508 3386 628 3443 ΧΠ.
671 3386 809 3442 Cum
843 3393 1027 3439 autem
1067 3382 1117 3439 ei
1158 3382 1271 3454 jam
1309 3396 1396 3437 res
1431 3378 1630 3436 fuisset
1657 3387 1867 3450 aperta,
1901 3386 2021 3434 erat

442 3482 625 3537 videre
647 3479 998 3550 Polyeuctum
1029 3475 1165 3530 nihil
1202 3481 1485 3539 moestum,
1514 3472 1652 3526 nihil
1678 3472 1852 3535 triste,
1883 3470 2019 3525 nihil

439 3574 689 3636 omnino,
723 3569 870 3640 quod
898 3576 1046 3622 esset
1070 3564 1366 3621 effeminati
1402 3569 1457 3618 et
1489 3562 1670 3633 pusilli
1706 3559 1897 3625 animi,
1923 3571 2017 3614 aut

437 3665 733 3728 dicentem,
770 3668 865 3714 aut
894 3658 1004 3729 pati
1043 3672 1153 3728 pra:
1182 3671 1242 3711 se
1279 3654 1549 3711 ferentem
1578 3671 1593 3709 :
1625 3653 1770 3724 quod
1799 3653 2017 3723 quidem

437 3755 727 3810 accidisset
754 3749 915 3806 alicui
941 3747 1054 3813 alii,
1078 3747 1171 3817 qui
1200 3746 1268 3801 ab
1293 3745 1395 3800 hac
1412 3745 1656 3816 jucunda
1682 3745 1803 3800 luce
1826 3754 1882 3799 et
1908 3743 2016 3800 vita

435 3854 803 3917 separaretur.
834 3840 949 3898 lmo
970 3855 1101 3898 vero
1132 3849 1389 3909 tanquam
1422 3854 1487 3895 ex
1525 3838 1769 3895 tenebris
1798 3845 1854 3893 et
1876 3837 2015 3893 allii-

434 3941 618 3995 ctione
671 3938 740 3993 ad
772 3937 998 4010 gloriam
1061 3934 1320 3990 transiret
1366 3941 1421 3988 et
1464 3932 1708 3999 delicias,
1759 3946 2012 4003 magnam

434 4030 760 4087 ostendebat
782 4027 1025 4084 latinam
1048 4036 1105 4082 et
1131 4026 1297 4081 animi
1320 4025 1684 4089 alacritatem,
1712 4033 1771 4079 ut
1785 4024 1875 4095 qui
1894 4023 2008 4095 jam

376 4166 379 4169 .
436 4121 545 4177 frui
579 4119 846 4191 inciperet
882 4132 969 4183 ea,
1017 4131 1140 4187 qua
1172 4122 1258 4172 est
1300 4115 1436 4181 illic,
1481 4115 1845 4171 beatitudine.
1875 4115 2012 4174 Nam

435 4215 503 4270 iis
542 4225 783 4282 quoque,
838 4210 931 4280 qui
972 4208 1219 4276 aderant,
1273 4206 1575 4263 afﬁrmabat
1620 4223 1681 4264 se
1719 4207 2009 4279 quemdam

434 4304 790 4361 accedentem
812 4302 997 4358 videre
1018 4300 1442 4365 adolescentem,
1461 4308 1518 4355 et
1537 4316 1722 4357 secum
1744 4301 2010 4371 eloquen-

437 4405 569 4461 tem,
614 4402 672 4450 et
718 4393 973 4455 omnibus
1020 4392 1198 4448 modis
1235 4391 1584 4459 efﬁcientem,
1620 4402 1681 4448 ut
1721 4392 2009 4450 oblivisce-

433 4500 588 4546 retur
609 4487 855 4549 omnium
888 4495 1255 4540 terrenorum.
1284 4482 1393 4539 Sed
1423 4483 1572 4555 quis,
1590 4499 1624 4540 ο
1645 4484 1828 4541 divine
1852 4484 2010 4557 Poly-

2130 3301 2344 3355 στηναι.

2202 3377 2306 3433 lB'.
2335 3378 2511 3451 Δήλου
2537 3379 2594 3434 δὲ
2618 3379 2769 3452 αὐτῷ
2792 3380 2894 3452 ἤδη
2925 3380 3019 3435 τοῦ
3044 3380 3370 3453 πράγματος
3393 3380 3708 3450 γενομένου,

2126 3470 2260 3542 όρᾷν
2294 3467 2360 3542 ἦν
2410 3471 2751 3527 Πολύευκτον
2770 3473 2921 3528 οὐδὲν
2947 3473 3199 3543 στυγνὸν,
3254 3472 3408 3528 οὐδὲν
3448 3470 3709 3543 κατηφὲς,

2126 3562 2282 3617 οὐδὲν
2320 3563 2459 3627 ὅλως
2499 3563 2634 3634 θῆλυ
2663 3565 2757 3618 καὶ
2788 3565 3071 3637 ἀγεννὲςῆ
3117 3563 3428 3634 λέγοντα,ἢ
3482 3564 3711 3633 πάσχειν

2128 3654 2579 3725 ὑποφαινόμενον,
2630 3656 2767 3727 ὅπερ
2815 3655 2882 3710 ἄν
2942 3672 3027 3719 τις
3091 3654 3300 3726 ὑπέστη
3349 3654 3565 3725 ἕτερος,
3613 3651 3707 3705 τοῦ

2126 3746 2280 3816 ἡδέος
2349 3746 2545 3801 τούτου
2595 3748 2775 3817 φωτὸς
2822 3747 2920 3803 καὶ
2970 3748 3068 3817 τῆς
3121 3746 3269 3816 ζωῆς
3319 3745 3705 3817 χωριζόμενος.

2137 3837 2280 3892 Ἀλλ’
2325 3839 2513 3912 ὥσπερ
2554 3841 2619 3895 ἐκ
2654 3841 2881 3904 σκότους
2921 3840 3121 3911 μᾶλλον
3152 3840 3246 3893 καὶ
3289 3839 3523 3909 θλίψεως
3571 3838 3709 3907 πρὸς

2121 3929 2279 3996 δόξαν
2330 3933 2425 3987 καλ⁵
2473 3933 2687 4004 τρυφὴν
2743 3932 3110 4005 μεταϐαίνων,
3173 3932 3309 3986 πολὺ
3364 3931 3428 3986 τὸ
3481 3929 3708 4002 φαιδρὸν

2120 4026 2333 4080 ἐδείκνυ
2368 4027 2462 4081 καὶ
2494 4025 2753 4096 εὔθυμον,
2790 4020 2881 4081 οἵα
2910 4026 3010 4098 τῆς
3054 4024 3266 4080 ἐκεῖθεν
3303 4023 3707 4095 μακαριότητος

2121 4118 2535 4191 παραπολαύειν
2591 4122 2693 4194 ἤδη
2746 4121 3071 4193 ἀρχόμενος.
3156 4116 3538 4173 Διεϐεϐαιοῦτο
3594 4116 3704 4188 γὰρ

2116 4214 2233 4275 τοῖς
2272 4210 2534 4284 παροῦσι,
2563 4213 2848 4271 νεανίσκον
2872 4213 2994 4268 τινὰ
3027 4211 3199 4280 λέγων
3224 4213 3361 4284 όρᾷν
3409 4210 3702 4283 προσιόντα

2122 4324 2219 4377 μοι
2269 4308 2364 4360 καὶ
2414 4304 2730 4375 ὁμιλοῦντα,
2769 4307 2866 4360 καὶ
2887 4307 3029 4360 πᾶσι
3072 4305 3295 4375 τρόποις
3348 4303 3703 4375 παρασκευά-

2118 4399 2282 4465 ζοντά
2308 4416 2376 4471 με
2419 4402 2640 4457 πάντων
2672 4399 3028 4455 ἐπιλαθέσθαι
3059 4401 3171 4455 τῶν
3212 4397 3496 4467 ἐπιγείων.
3543 4396 3704 4450 Ἀλλὰ

2114 4495 2201 4561 τίς
2254 4497 2322 4552 ἄν
2377 4513 2505 4563 σου,
2542 4496 2653 4550 θείε
2702 4494 3031 4562 Πολύευκτε,
3075 4494 3233 4548 τοῦτο
3272 4494 3337 4566 δὴ
3391 4494 3484 4548 καὶ
3542 4492 3702 4564 μόνον

431 4590 612 4648 eucte,
657 4584 761 4636 hoc
791 4579 878 4635 vel
917 4579 992 4634 tui
1028 4578 1203 4634 solum
1243 4576 1574 4634 laudandum
1605 4592 1915 4644 assumens,
1958 4587 2011 4633 te

2126 4589 2403 4644 ἐπαινέσαι
2460 4587 2830 4659 παραλαϐὼν,
2891 4587 3042 4655 ἄξιον
3098 4584 3263 4640 αὐτοῦ
3326 4585 3418 4639 τὸν
3483 4584 3701 4638 ἔπαινον

432 4676 651 4748 dignam
703 4672 876 4745 possit
931 4671 1145 4726 laudem
1180 4668 1512 4725 contexere?
1556 4667 1691 4724 Nam
1723 4684 1848 4723 cum
1894 4669 2007 4739 jam

433 4782 586 4824 esses
620 4763 1107 4829 consummandus,
1139 4771 1195 4817 et
1234 4776 1574 4833 per'sacrum
1610 4770 1764 4816 tuum
1800 4762 2013 4832 sangui-

433 4873 557 4916 nem
584 4857 832 4915 divinum
860 4854 1217 4926 baptismum,
1251 4861 1309 4908 et
1344 4853 1400 4907 in
1421 4851 1639 4908 Christo
1670 4853 2008 4924 signaculum

431 4964 757 5024 accepturus
774 4965 834 5005 :0
854 4963 1173 5022 generosam
1197 4946 1460 5001 animam!
1477 4961 1509 5001 ο
1535 4954 1773 5000 mentem
1797 4944 2008 4999 ﬁrmam

430 5057 487 5102 et
520 5044 772 5102 stabilem
798 5054 854 5098 et
879 5057 911 5097 a
950 5038 1239 5096 mendacio
1287 5037 1524 5093 alienam
1557 5041 1575 5093 ἰ
1624 5054 1728 5093 nec
1758 5036 1837 5092 sic
1867 5039 2008 5091 ami-

430 5137 573 5192 citiae
615 5132 848 5189 Nearchi
877 5146 938 5187 es
970 5130 1194 5196 oblitus,
1225 5128 1320 5184 sed
1361 5144 1485 5184 eum
1516 5129 1810 5199 aspiciens,
1856 5126 2007 5194 Vale,

433 5231 630 5302 inquit,
665 5225 935 5292 Nearche,
984 5234 1041 5280 et
1070 5232 1356 5295 pactorum
1398 5229 1794 5277 conventorum
1827 5236 2010 5276 recor-

429 5326 580 5380 dare.
615 5321 767 5377 ﬂanc
787 5327 1009 5383 cumtu,
1044 5318 1126 5372 vir
1157 5316 1335 5385 fortis,
1366 5330 1579 5385 vocem,
1609 5324 1864 5386 tanquam
1886 5316 2012 5370 ultiq

432 5433 580 5474 mum
612 5414 833 5485 aliquod
865 5415 1093 5479 donum,
1130 5411 1307 5467 amico
1336 5410 1672 5482 reliquisses,
1718 5411 1784 5466 ad
1816 5426 2006 5467 ensem

431 5506 767 5579 processisti,
810 5516 867 5561 et
914 5520 1010 5576 per
1051 5520 1179 5560 eum
1221 5503 1427 5558 illatam
1473 5510 1703 5559 mortem
1754 5512 2008 5573 prompto

435 5608 485 5654 at
513 5599 680 5653 alacri
715 5597 899 5651 animo
931 5594 1168 5649 subiisti.

495 5686 637 5741 Xlll.
678 5687 814 5742 Cum
852 5688 933 5740 sic
981 5693 1164 5739 autem
1215 5683 1413 5742 fuisset
1457 5693 1869 5740 consummatus
1899 5682 2006 5740 Po-

428 5777 707 5847 lyeuetus,
748 5775 1050 5846 pretiosum
1086 5775 1309 5846 quidem
1363 5776 1485 5848 ejus
1523 5791 1745 5847 corpus,
1794 5777 1886 5848 qui
1937 5794 2002 5833 ex

429 5869 689 5924 fratribus
732 5877 892 5923 erant
920 5867 1316 5938 'studiosiores,
1352 5862 1727 5940 deposuerunt
1764 5868 1820 5925 hi
1851 5870 2004 5925 Meli-

2119 4673 2352 4745 ἠδύνατο
2383 4675 2605 4728 πλέκειν
2630 4693 2649 4743 ;
2687 4674 2912 4730 Μέλλων
2939 4674 3048 4746 γὰρ
3078 4676 3179 4746 ήδη
3212 4674 3573 4741 τελειοῦσθαι,
3608 4672 3702 4726 καὶ

2118 4769 2205 4822 διὰ
2247 4768 2341 4821 τοῦ
2388 4767 2620 4839 αἵματός
2651 4785 2746 4821 σου
2779 4767 2874 4822 τοῦ
2922 4767 3070 4839 ίεροῦ
3117 4768 3180 4821 τὸ
3225 4766 3368 4821 θεῖον
3416 4766 3699 4836 βάπτισμα

2117 4855 2215 4908 καὶ
2242 4852 2342 4925 τὴν
2373 4856 2431 4909 ὲν
2470 4856 2691 4926 Χριστῷ
2740 4857 3015 4929 σφραγῖδα
3054 4855 3357 4926 λαμϐάνειν
3404 4854 3472 4927 (ὦ
3522 4853 3701 4925 ψυχῆς

2117 4948 2413 5020 γενναίαςί
2448 4947 2494 5003 ὣ
2541 4949 2768 5021 γνώμης
2796 4950 3020 5021 βεϐαίας
3057 4952 3152 5004 καὶ
3186 4948 3452 5021 ἀψευδοῦς
3481 4950 3547 5022 !),
3577 4948 3700 5001 οὐδὲ

2116 5042 2261 5096 οὕτω
2297 5046 2399 5115 τῆς
2443 5045 2698 5116 Νεάρχου
2744 5043 2927 5114 φιλίας
2978 5044 3037 5098 ἐν
3083 5042 3224 5115 λήθῃ
3255 5041 3510 5111 γέγονας,
3562 5037 3698 5093 ἀλλὰ

2117 5135 2466 5206 προσϐλέψας
2490 5134 2642 5204 αὐτῷ
2674 5150 2688 5165 ·
2726 5129 2798 5187 Ὠ
2821 5134 3058 5207 Νέαρχε,
3118 5131 3350 5201 ὑγίαινε,
3379 5130 3578 5198 λέγεις,
3606 5127 3701 5178 καὶ

2120 5228 2371 5303 μέμνησό
2401 5245 2501 5299 μου
2535 5227 2645 5281 τῶν
2680 5226 2987 5298 συνθηκῶν.
3042 5224 3261 5296 Ταύτην
3315 5221 3582 5293 γενναίως
3633 5221 3698 5273 σὺ

2115 5319 2215 5391 τὴν
2240 5318 2446 5390 φωνὴν,
2478 5312 2590 5371 οἷόν
2631 5334 2686 5371 τι
2727 5314 3039 5370 τελευταῖον
3066 5312 3300 5385 δώρημα
3326 5309 3404 5381 τῷ
3434 5307 3574 5379 φίλῳ
3600 5324 3700 5360 κα-

2115 5408 2389 5477 ταλιπὼν,
2417 5408 2553 5481 πρὸς
2576 5408 2637 5461 τὸ
2663 5406 2816 5477 ξίφος
2841 5406 3093 5478 ἐχώρεις,
3142 5404 3239 5459 κα)⁸
3279 5402 3371 5457 τὸν
3415 5398 3483 5454 δι’
3532 5398 3698 5453 αὐτοῦ

2117 5504 2347 5560 θάνατον
2377 5502 2677 5574 προθύμως
2700 5502 2937 5574 ὑπὲρχη.

2186 5593 2287 5649 ll".
2319 5593 2476 5649 Οὕτω
2501 5590 2791 5664 τοιγαροῦν
2815 5589 2912 5644 τοῦ
2942 5587 3086 5642 θείου
3110 5585 3451 5641 Πολυεύκτου
3482 5581 3699 5635 τελειω-

2117 5688 2321 5751 θέντος,
2348 5685 2411 5739 τὸ
2442 5686 2541 5756 μὲν
2565 5685 2746 5755 τίμιον
2774 5681 2940 5736 αὐτοῦ
2982 5680 3146 5752 σῶμα
3190 5681 3244 5734 οἱ
3286 5675 3699 5742 σπουδαιότεροι

2114 5782 2225 5835 τῶν
2253 5778 2501 5849 ἀδελφῶν
2546 5778 2604 5832 ὲν
2656 5777 2936 5848 Μελητινῇ
2966 5773 3377 5837 κατατίθενται,
3411 5767 3564 5822 πόλει
3600 5763 3700 5834 τῆς

2118 5873 2439 5946 ⁸Δρμενίοις,
2474 5870 2700 5926 αἰωνίαν
2726 5870 2870 5926 οὕτω
2898 5867 3267 5941 κληρονομίαν
3292 5865 3503 5925 ἑαυτοῖς
3546 5876 3703 5930 περ--
