4152 6470
363 458 474 524 ἇῖῦ
1389 460 1564 520 νιΤΑ
1602 459 1662 518 S.
1707 457 2082 519 MARCiANl
2115 459 2404 520 PRESBY
2422 459 2612 518 FERI.
3547 451 3592 510 4·
3618 455 3650 511 (i

372 569 765 640 ποιησάμενοι.
822 566 1036 638 Τετρὰς
1075 566 1129 620 δὲ
1162 566 1270 619 τῶν
1296 568 1519 641 ἡμερῶν
1551 565 1641 640 ἦν,
1696 570 1816 639 ἥτις
1863 569 1970 641 ἄρα
1997 604 2012 634 λ

2009 573 2049 634 Α
2077 578 2202 625 tene
2235 569 2457 625 civitate
2511 568 2803 632 Armeniae,
2845 577 3104 623 teternam
3154 549 3527 621 haereditatem
3575 569 3649 620 ςξιι

367 664 464 718 καὶ
488 662 549 715 τὸ
571 660 726 724 τέλος
753 655 864 714 εἶδε
900 659 1261 726 Πολυεύκτου,
1293 663 1387 714 καὶ
1420 659 1515 713 τοῦ
1567 664 1819 730 σώματος
1859 663 1960 731 τὴν

2071 658 2177 714 sibi
2208 660 2577 730 acquirentes.
2630 657 2753 713 Fuit
2789 667 2972 713 autem
3016 658 3134 714 dies
3167 665 3416 727 quartus,
3450 657 3542 726 qui
3574 658 3652 711 vi-

368 755 688 809 κατάθεσιν.
745 752 1128 824 ’Υπηρέτησεν
1170 751 1407 807 ἐνταῦθα
1433 753 1529 807 καὶ
1556 753 1827 825 Νέαρχος,
1863 753 1955 808 τοῦ

2064 750 2144 806 dit
2183 750 2346 806 tinem
2372 751 2646 821 Polyeucti
2670 759 2724 806 et
2749 750 2994 821 corporis
3020 748 3443 820 depositionem.
3471 748 3649 803 Inser—

367 848 528 915 φίλου
566 848 664 901 καὶ
697 846 976 917 μάρτυρος
999 841 1139 917 αἷμα
1171 844 1378 910 λαϐὼν,
1408 845 1506 899 καὶ
1536 846 1768 918 λαμπρᾷ
1796 847 1960 920 ὀθόνῃ

2068 843 2148 897 vit
2211 851 2394 898 autem
2432 843 2524 898 hic
2551 858 2772 914 quoque
2803 841 3108 908 Nearchus,
3141 841 3233 912 qui
3262 851 3489 912 accepto
3526 856 3651 895 san-

363 937 563 1003 τιθεὶς,
586 936 681 993 καὶ
715 936 794 999 είς
827 933 928 1003 τὴν
954 932 1330 988 Χανανεωτῶν
1379 933 1534 988 πόλιν
1561 933 1960 1004 μετακομίσας,

2069 935 2232 1006 guine
2255 936 2532 1007 martyris,
2563 951 2688 990 cum
2721 951 2847 991 eum
2883 935 2936 988 in
2970 935 3143 989 nitido
3171 934 3524 1005 imposuisset
3549 934 3648 987 lin-

364 1029 537 1085 ὅπλον
566 1028 866 1100 σωτηρίας,
913 1028 1008 1080 καὶ
1039 1025 1244 1095 κλῆρον
1275 1024 1447 1088 ὅντως
1483 1025 1754 1097 μακάριον
1776 1025 1962 1088 αὐτοῖς

2069 1037 2180 1089 teo,
2211 1029 2450 1098 portavit
2484 1029 2536 1083 in
2569 1030 2847 1086 civitatem
2889 1029 3403 1094 Chananmotarum,
3434 1027 3647 1082 donans

363 1122 780 1193 δωρησάμενος.

2071 1121 2121 1175 ei
2153 1137 2304 1176 arma
2331 1122 2544 1189 salutis,
2568 1130 2626 1177 et
2663 1139 2791 1179 vere
2824 1124 3036 1179 beatam
3074 1122 3470 1178 haereditatcm.

443 1215 582 1271 XIV.
624 1214 702 1286 (α)
733 1215 859 1270 Haec
895 1222 1046 1285 gesta
1081 1219 1211 1268 sunt
1236 1221 1484 1281 tempore
1525 1210 1674 1266 Decii
1709 1220 1766 1266 et
1795 1210 2070 1266 Valeri-ani
2096 1215 2148 1268 in
2196 1217 2370 1286 prima
2394 1216 2634 1273 Orientis
2665 1218 3069 1290 persecutione.
3104 1207 3242 1271 Nam
3287 1216 3392 1271 fuit
3433 1215 3654 1285 quidem

369 1302 1601 1378 primomartyrﬂierosolymissacratissimus
1620 1303 1953 1374 Stephanus,
2016 1308 2259 1361 secundo
2307 1318 2490 1364 autem
2544 1309 2895 1364 Philoromus
2944 1309 3000 1362 in
3052 1307 3378 1363 Alexandria
3425 1307 3655 1362 civitate

369 1397 612 1468 AEgypti,
638 1406 696 1452 et
743 1397 906 1452 tertio
935 1396 1096 1452 divus
1125 1393 1452 1466 Polyenetus
1501 1395 1555 1449 in
1595 1393 1852 1451 Melitcne
1879 1396 2153 1453 Armeniae
2175 1404 2370 1470 quarto
2396 1401 2523 1457 ldus
2562 1400 2828 1456 Januarii.
2860 1398 2911 1455 ls
2936 1415 3080 1471 saepe
3107 1415 3166 1455 se
3189 1416 3438 1472 magnam
3465 1415 3654 1454 curam

372 1507 533 1564 agere
563 1490 1024 1556 Christianorum,
1057 1490 1217 1544 etiam
1251 1499 1378 1560 post
1408 1499 1663 1555 mortem,
1688 1504 1796 1544 non
1821 1489 2016 1547 leviter
2050 1499 2108 1546 et
2152 1493 2408 1562 obscure,
2443 1495 2535 1550 sed
2567 1503 2754 1566 aperte
2782 1502 2839 1549 et
2881 1493 3162 1549 evidenter
3187 1493 3450 1547 ostendit.
3475 1491 3654 1558 Quid-

378 1586 434 1639 ui
461 1585 604 1640 enim
639 1583 866 1650 faceret,
907 1583 1002 1655 qui
1042 1583 1166 1638 talis
1194 1591 1333 1649 erat,
1364 1590 1420 1638 et
1440 1598 1619 1657 genus
1646 1583 1798 1640 illinc
1848 1585 2103 1653 ducebat,
2132 1596 2192 1643 et
2221 1588 2467 1659 ejusdem
2503 1588 2682 1645 fuerat
2720 1587 3064 1644 sodalitatis?
3091 1587 3382 1654 nobilium,
3413 1586 3654 1656 inquam,

385 1678 740 1733 etiliustrium
781 1693 848 1733 ex
879 1678 986 1735 fide
1036 1678 1092 1734 in
1126 1676 1410 1734 Christum
1444 1695 1459 1733 :
1496 1683 1590 1750 qui
1622 1679 1993 1750 sequebantur
2023 1682 2247 1752 quidem
2281 1682 2524 1740 Marcum
2565 1684 2644 1755 (5)
2683 1684 3091 1754 imperatorem,
3129 1682 3330 1738 bellum
3363 1688 3648 1752 gerentem

390 1773 642 1828 adversus
691 1772 985 1841 Barbaros,
1015 1787 1170 1844 aqua:
1209 1783 1391 1830 autem
1435 1774 1666 1845 penuria
1720 1774 2008 1832 laborabat
2056 1776 2429 1836 Romanorum
2475 1779 2772 1848 exercitus,
2823 1779 3104 1850 tristisque
3149 1787 3270 1834 erat
3327 1777 3652 1847 imperator.

379 1878 502 1917 cum
551 1864 734 1920 hostes
781 1865 1008 1935 quidem
1051 1866 1208 1922 valde
1238 1865 1656 1932 invalescerent,
1694 1866 1816 1922 sitis
1865 1877 2050 1923 autem
2113 1869 2258 1924 inter
2285 1879 2486 1927 cetera
2515 1880 2730 1928 nostros
2751 1881 2993 1928 vexaret.
3037 1870 3078 1925 li
3107 1880 3290 1925 autem
3316 1866 3516 1923 Christi
3546 1867 3657 1921 for-

377 1972 459 2016 les
487 1960 713 2025 milites,
742 1962 837 2031 qui
859 1962 1110 2019 eamdem
1133 1962 1436 2033 implebant
1458 1961 1749 2033 legionem,
1776 1977 1940 2033 quam
1965 1963 2056 2019 hic
2080 1967 2427 2022 venerandus
2449 1976 2675 2040 martyr,
2716 1984 2844 2024 cum
2873 1983 2935 2024 se
2970 1977 3338 2040 separassent,
3385 1977 3441 2021 et
3465 1965 3656 2037 procul

374 2059 446 2147 ab
468 2061 720 2116 exercitu
744 2059 1133 2124 removissent,
1155 2074 1354 2114 manus
1384 2057 1605 2129 quidem
1661 2058 1777 2129 pias
1827 2059 1894 2114 ad
1949 2059 2122 2116 Deum
2161 2061 2376 2127 tollunt,
2440 2064 2610 2134 piam,
2649 2080 2770 2135 qua:
2814 2065 2885 2122 ab
2935 2065 3016 2121 eis
3050 2064 3442 2129 honorabatur,
3493 2061 3655 2116 fidem

373 2160 647 2214 acerrim
713 2155 1079 2229 proferentes.
1129 2155 1343 2227 Rogant
1383 2163 1567 2209 autem
1619 2154 1716 2209 Dei
1773 2155 2178 2224 miserationes,
2234 2167 2296 2214 ut
2340 2174 2439 2215 eos
2484 2160 2737 2231 benignis
2793 2159 2966 2216 oculis
3010 2159 3354 2231 aspicerent,
3409 2166 3464 2212 et
3514 2157 3656 2210 hanc.

369 2251 652 2307 solverent
697 2251 1105 2317 necessitatem,
1164 2264 1286 2320 qua:
1325 2249 1672 2321 opprimebat
1717 2248 2150 2307 multitudinem.
2220 2252 2358 2308 Cum
2411 2253 2488 2308 illi
2539 2253 2620 2309 sic
2665 2263 2938 2314 orassent.
2971 2254 3086 2310 suis
3114 2269 3227 2309 non
3257 2260 3387 2307 sunt
3415 2248 3652 2304 fraudati

367 2347 649 2418 precibus.
667 2345 920 2402 Nondum
947 2344 1097 2400 enim
1127 2345 1541 2415 precationibus
1575 2345 1742 2401 tinem
1775 2345 2173 2418 imposuerant,
2197 2357 2256 2404 et
2290 2349 2460 2406 densa
2489 2350 2664 2406 nubes
2687 2350 2890 2406 cmlum
2921 2350 3166 2415 subiens,
3203 2363 3384 2404 aerem
3432 2345 3650 2417 quidem

372 2441 621 2512 implevit
649 2442 853 2496 tonitru
899 2455 914 2495 :
950 2439 1162 2512 fulgura
1198 2449 1382 2494 autem
1417 2438 1556 2495 elisa
1576 2439 1874 2508 micabant,
1903 2449 1962 2495 et
2004 2443 2174 2498 multa
2200 2443 2382 2514 erupit
2402 2442 2604 2514 pluvia,
2659 2443 2798 2499 adeo
2826 2452 2904 2509 ut,
2932 2442 3061 2499 dum
3089 2443 3168 2499 sic
3224 2441 3498 2497 ferrentur
3551 2439 3654 2493 fui-

369 2537 521 2591 mina
567 2543 623 2590 et
651 2535 875 2601 imbres,
902 2537 1133 2590 recreati
1163 2534 1381 2605 quidem
1402 2534 1515 2590 sint
1547 2533 1868 2601 Christiani,
1896 2535 2116 2606 plurimi
2140 2549 2322 2594 autem
2345 2540 2569 2597 Barbari
2595 2540 2922 2607 interierint,
2946 2548 3001 2595 et
3021 2554 3086 2594 ex
3111 2553 3179 2594 eo
3222 2538 3296 2594 sit
3343 2537 3480 2610 legio
3513 2547 3655 2590 nun‘

369 2638 570 2700 cupata
600 2628 1012 2699 κεραυνοϐὁλος,
1042 2629 1094 2684 id
1125 2639 1229 2693 est,
1255 2627 1568 2684 Fulminum
1598 2629 1890 2700 jaculatrix
1945 2630 2022 2702 (6)
2076 2631 2362 2708 hucusque
2386 2635 2599 2708 cognita
2629 2651 2695 2692 ex
2727 2636 2828 2690 hac
2858 2635 3041 2706 magni
3068 2635 3315 2689 miraculi
3339 2633 3650 2688 ell'ectionc'

374 2722 448 2776 ad
490 2721 717 2793 gloriam
749 2721 948 2787 Patris,
986 2731 1040 2776 et
1070 2720 1211 2787 Filii,
1261 2730 1317 2778 et
1352 2721 1586 2792 Spiritus
1634 2722 1831 2791 sancti,
1890 2724 2052 2780 unius
2097 2735 2154 2781 et
2191 2710 2674 2784 consubstantialis
2700 2728 3021 2784 divinitatis.
3063 2728 3162 2782 Cui
3196 2729 3454 2782 convenit
3473 2727 3652 2779 oninis

366 2814 566 2889 gloria,
601 2813 778 2869 honor
807 2823 862 2868 et
890 2814 1156 2880 adoratio,
1185 2829 1335 2870 nunc
1372 2822 1429 2869 et
1462 2813 1518 2867 in
1559 2814 1756 2870 saecula
1787 2815 2133 2871 saaculorum.
2159 2820 2355 2874 Amen.

439 2951 520 3023 (5)
563 2951 699 3007 Vide
745 2951 1214 3023 Tertul._Apolog.
1256 2959 1311 3008 et
1349 2950 1549 3008 Euseb.
1596 2949 1735 3006 Caes.
1774 2953 1979 3006 Hister.
2021 2951 2165 3008 Ecrl.
2196 2955 2290 3011 lib.
2319 2973 2370 3022 ν,
2399 2974 2448 3012 c.
2476 2957 2529 3012 5.

440 3019 517 3096 (6)
557 3023 668 3078 Alii
711 3030 929 3079 vertunt
951 3019 1253 3078 Fulminea.

427 3146 500 3210 fa)
537 3143 666 3206 Qua
688 3146 966 3206 sequuntur
985 3145 1164 3194 desunt
1194 3142 1246 3193 in
1267 3143 1442 3194 codice
1471 3155 1546 3192 ms
1599 3143 1788 3194 Graeco.
1812 3142 1949 3194 Ευιτ.
1978 3142 2131 3192 Pan.

1177 3261 3643 3300 mm

383 3269 793 3302 με’-ππ

1477 3429 1730 3514 ΒΙοΣ
1792 3425 1990 3512 ΚΑΙ
2036 3424 2581 3514 ΠΟΛΙΤΕΙΑ

484 3621 823 3740 ΤΟΥ
886 3621 1354 3740 ΟΣΙΟΥ
1415 3619 2037 3738 ΠΑΤΡΟΣ
2102 3620 2556 3739 ΗΜΩΝ
2615 3615 3539 3739 ΜΑΡΚΙΑΝΟΥ

1295 4005 1584 4099 VITA
1654 3987 1808 4094 ET
1877 3995 2724 4094 CONVEBSATIO

799 4222 920 4334 S.
1019 4222 1149 4332 P.
1249 4219 1391 4333 N.
1491 4213 2203 4330 MARCIANI
2289 4206 3190 4325 PRESBYTERI

1251 4455 1358 4509 om
1409 4455 1554 4499 FUIT
1581 4452 1930 4500 (romanus
1960 4451 2196 4500 mcst
2229 4447 2532 4497 accessu:
2559 4450 2655 4495 cr.
2683 4433 2766 4514 (7)

1807 4592 2012 4672 (Anno
2046 4588 2214 4669 450.)

350 4750 415 4801 if.
440 4745 644 4797 duobus
671 4759 793 4795 mss.
830 4743 1016 4795 Graecis
1039 4743 1160 4795 bibl.
1188 4744 1306 4806 imp.
1331 4742 1485 4793 Paris.
1514 4755 1563 4791 n.
1593 4741 1732 4801 1356,
1757 4753 1871 4790 saec.
1897 4756 1967 4801 ιι,
1995 4747 2048 4788 et
2073 4754 2119 4790 ο.
2152 4739 2290 4800 1467,
2313 4752 2427 4790 saec.
2455 4753 2534 4788 xiv
2561 4752 2577 4800 ;
2600 4736 2778 4790 Latine
2801 4737 2929 4801 apud
2953 4737 3155 4788 Surium
3191 4735 3340 4787 dlcm'
3364 4738 3422 4786 ad
3448 4735 3508 4789 to
3531 4725 3646 4788 Jan?

1840 4827 1977 4878 Εοιτ.
2003 4827 2175 4888 Pun.)

1956 5002 2023 5014 -

436 5157 521 5209 A'.
566 5153 746 5207 nam
783 5155 884 5224 μὲν
923 5156 1018 5208 καὶ
1059 5153 1191 5208 ἄλλα
1227 5152 1298 5206 τὰ
1335 5152 1432 5223 τὴν
1473 5151 1719 5222 βασιλίδα
1744 5153 1953 5220 ταύτην
1983 5155 2025 5213 C

2004 5155 2025 5212 ζ
2131 5149 2174 5204 l.
2219 5146 2359 5202 Sunt
2386 5145 2606 5216 quidem
2653 5144 2822 5198 multa
2868 5157 3088 5213 quoque
3147 5143 3252 5198 alia
3281 5183 3296 5208 ,
3337 5158 3460 5214 qua:
3503 5141 3644 5198 hanc

363 5247 717 5318 σεμνύναντα
758 5249 947 5300 πόλιν·
981 5246 1162 5318 θρόνοι
1210 5262 1268 5298 τε
1321 5244 1606 5314 βασιλέων,
1654 5245 1750 5297 καὶ
1783 5242 1954 5296 πλοῦ-

2066 5240 2270 5309 regiam
2307 5247 2577 5294 exornant
2616 5237 2926 5301 civitatem,
2960 5235 3351 5305 imperatorum
3389 5235 3549 5290 sedes
3589 5247 3643 5290 et

362 5356 482 5404 τος,
504 5341 603 5393 καὶ
629 5338 804 5410 κάλλη
836 5337 1176 5399 παντοδαπὰ,
1205 5336 1354 5399 Θέσις
1373 5353 1432 5388 τε
1458 5335 1555 5388 καὶ
1579 5332 1830 5405 μέγεθος,
1861 5335 1960 5388 καὶ

2062 5341 2466 5403 opes,etomne
2495 5344 2668 5401 genus
2695 5327 3070 5400 pulchritudo,
3085 5328 3330 5398 situsque
3350 5335 3404 5382 et
3435 5327 3631 5395 magni-

355 5434 544 5504 τείχη,
600 5432 866 5504 πολεμίας
905 5432 1088 5504 χειρὸς
1125 5431 1441 5504 κρείττονα·
1493 5429 1644 5482 οὐδὲν
1686 5426 1859 5489 οὕτως
1881 5428 1958 5491 ὡς

2063 5423 2218 5486 tudo,
2238 5430 2294 5477 et
2333 5421 2556 5485 mmnia,
2583 5437 2706 5490 quae
2735 5428 2863 5475 sunt
2889 5419 3071 5475 hostili
3096 5435 3261 5475 manu
3291 5419 3597 5490 potentiora
3627 5436 3637 5470 :

358 5526 583 5596 ἀνδρῶν
608 5525 916 5598 φιλαρέτων
947 5524 1278 5597 σεμνύνουσι
1304 5523 1431 5594 βίοι.
1455 5515 1616 5578 Οὗτοι
1642 5522 1750 5592 γὰρ
1770 5522 1958 5574 πλεῖον

2058 5517 2195 5571 nihil
2229 5523 2410 5570 autem
2445 5517 2492 5569 ei
2525 5514 2684 5570 affert
2707 5530 2860 5585 mque
2889 5528 3143 5586 magnum
3180 5513 3348 5568 decus
3383 5520 3439 5567 et
3479 5526 3647 5567 orna-

365 5619 474 5686 μὲν
507 5618 800 5686 ἐμποιοῦσι
828 5619 888 5672 τὸ
915 5619 1140 5688 τέρπον,
1168 5617 1352 5670 πλεῖον
1378 5615 1436 5668 δὲ
1465 5615 1525 5668 τὸ
1551 5614 1759 5685 θαῦμα,
1783 5614 1956 5668 πλείω

2058 5619 2304 5664 mentum
2326 5651 2341 5675 ,
2384 5617 2548 5678 atque
2608 5608 2717 5663 vita
2763 5608 3004 5662 virorum
3035 5606 3303 5661 bonorum
3334 5613 3390 5660 et
3419 5605 3642 5658 virtutis

363 5707 421 5760 δὲ
470 5707 642 5779 ταύτῃ
700 5709 1054 5780 περιποιοῦσι
1102 5707 1200 5760 καὶ
1242 5706 1344 5778 τὴν
1397 5705 1690 5774 ὠφέλειαν.
1747 5703 1848 5756 Διά
1889 5702 1953 5773 δὴ

2057 5700 2380 5756 amantium.
2413 5700 2454 5754 li
2487 5701 2634 5755 enim
2663 5700 2926 5772 majorem
2974 5697 3193 5769 quidem
3220 5696 3462 5753 aderunt
3491 5697 3640 5752 del»:-

444 5865 516 5935 (7)
560 5864 820 5920 Sanctum
850 5852 1206 5935 Marcianum
1247 5859 1568 5935 Noratianis
1635 5858 1926 5931 aliquando
1973 5857 2192 5927 favisse,
2236 5866 2360 5930 post
2398 5857 2590 5928 pedem
2619 5855 2869 5912 retulisse
2895 5899 2908 5923 ,
2948 5854 3258 5926 factumque
3295 5868 3640 5912 meonmnrm

369 5933 577 5993 aedes.
616 5936 1090 6006 CnnStantinopol.
1123 5933 1290 5990 refert
1316 5933 1601 5987 Baronius.
