4152 6476
560 424 664 494 431

1817 420 2106 483 MENSIS
2143 422 2602 484 JBtNUA-RIUS.

3736 425 3842 492 43‘2

562 542 880 605 ctationem,
915 549 969 596 et
1001 539 1264 610 majorem
1297 537 1458 595 etiam
1492 537 1906 593 admirationem
1944 557 1955 591 :
1986 539 2131 609 quin-

2255 540 2424 594 ταῦτα
2450 541 2556 594 καὶ
2588 538 2775 610 μεῖζον
2818 541 2883 610 τῇ
2909 539 3076 592 ’πόλει
3105 539 3282 603 κλέος,
3313 538 3540 610 ἀνδράσι
3569 538 3837 609 φιλοθέοις

559 637 722 691 etiam
750 636 1010 706 majorem
1045 633 1262 705 pariunt
1293 632 1605 687 utilitatem.
1633 630 1924 701 Propterea
1973 634 2145 701 major

558 736 644 783 est
681 727 850 798 gloria
877 726 1136 792 civitatis,
1171 723 1354 780 ornari
1406 723 1589 794 potius
1621 723 1751 778 viris
1788 726 1890 794 piis
1925 733 1981 779 ct
2017 723 2144 778 rcli-

556 820 746 892 giosis,
814 833 981 889 quam
1027 831 1309 872 murorum
1359 815 1804 887 propugnaculis.
1855 816 2033 885 Atque
2078 831 2141 870 ea

555 912 778 984 quidem
814 911 1015 967 multos
1040 911 1188 966 viros
1212 909 1339 965 tulit
1363 909 1677 979 praeclaros,
1709 907 1800 978 qui
1824 923 1943 961 eam
1975 907 2140 964 deco-

557 1013 684 1060 rant
705 1005 870 1060 variis
910 1004 1129 1059 virtutis
1170 1000 1541 1058 ornamentis:
1577 1016 1644 1056 ex
1681 1001 1880 1070 quibus
1922 1001 1968 1056 si
2017 1002 2142 1070 quis

555 1101 763 1171 primos
793 1108 1049 1155 accurate
1075 1095 1318 1169 elegerit,
1353 1107 1408 1151 et
1437 1096 1504 1151 iis
1532 1094 1980 1164 vitaijarciani
2007 1110 2142 1150 con-

557 1193 722 1258 ferre,
759 1192 844 1248 vel
866 1192 1030 1247 etiam
1062 1190 1318 1261 praeferre
1359 1188 1612 1252 voluerit,
1657 1188 1702 1242 is
1746 1187 1878 1242 mihi
1911 1203 2022 1244 non
2055 1188 2140 1243 vi-

557 1285 750 1340 deatur
776 1301 807 1340 a
839 1295 988 1340 recto
1013 1282 1263 1338 excidere
1290 1280 1516 1350 judicio.
1545 1279 1701 1345 Quod
1731 1288 1913 1334 autem
1940 1295 2050 1334 non
2068 1279 2141 1336 sit

557 1379 696 1432 mala
733 1379 802 1433 de
849 1393 915 1432 eo
955 1384 1163 1442 nostra,
1202 1373 1298 1429 sed
1337 1383 1486 1428 recta
1534 1373 1826 1438 sententia,
1883 1372 2020 1444 ipse,
2076 1383 2140 1428 ut

555 1472 744 1538 aiunt,’
766 1470 1039 1530 ostendet,
1071 1468 1282 1536 eritque
1304 1466 1606 1536 procedens
1627 1465 1730 1521 [ide
1746 1465 1910 1538 digna
1936 1466 2133 1521 oratio.

621 1569 678 1620 2.
722 1563 822 1620 llic
868 1578 998 1634 ergo
1039 1559 1351 1616 Marcianus
1392 1558 1576 1614 ﬂoruit
1624 1558 1847 1629 quidem
1893 1570 2138 1631 tempore

551 1657 690 1724 ejus,
706 1655 794 1710 cui
818 1653 922 1709 fuit
947 1653 1090 1708 idem
1111 1667 1336 1716 nomen,
1358 1666 1557 1725 nempe
1580 1649 1862 1716 Marciani,
1886 1653 1980 1724 qui
2007 1661 2137 1707 tunc

549 1757 667 1803 erat
699 1747 954 1804 dominus
976 1745 1208 1801 Romani
1239 1743 1476 1814 imperii.
1505 1744 1740 1798 Patriam
1761 1753 1945 1799 autem
1980 1759 2135 1800 suam

548 1850 788 1897 veterem
817 1839 1047 1894 Romam
1084 1838 1153 1894 ab
1177 1837 1290 1893 alto
1318 1846 1574 1908 repetens
1625 1851 1654 1890 a
1686 1837 2008 1906 parentibus
2035 1836 2134 1908 (illi

2257 633 2455 701 μᾶλλον
2478 633 2509 703 ἦ
2534 631 2729 703 τειχῶν
2785 632 3074 704 ὀχυρότητι
3109 631 3571 697 καλλωπίζεσθαι.
3604 635 3842 699 Πολλοὺς

2255 727 2355 794 μὲν
2402 724 2495 778 οὖν
2545 727 2776 795 ἤνεγκεν
2815 725 2954 795 αὕτη
2991 725 3138 796 βίούς
3169 725 3399 796 ἀνδρῶν,
3434 728 3483 780 οἳ
3526 728 3624 781 καὶ
3655 732 3839 783 ποικί-

2252 816 2364 879 λοις
2405 816 2574 886 αὐτὴν
2613 817 2844 888 κόσμοις
2879 817 2979 886 τῆς
3024 817 3229 889 ἀρετῆς
3257 816 3620 888 ὼραῖζουσιν.
3658 816 3760 874 Ἦν
3793 825 3843 874 ei

2248 926 2332 972 τις
2357 910 2485 974 τοὺς
2508 909 2753 981 πρώτους
2767 912 2908 964 κατὰ
2931 910 3158 980 ἀκριϐὲς
3187 911 3577 982 ἐκδεξάμενος,
3616 915 3712 968 καὶ
3747 916 3839 968 τὸν

2249 1002 2568 1073 Μαρκιανοῢ
2591 1003 2705 1073 βίον
2741 1004 3034 1058 συνάπτειν
3069 1006 3272 1068 αὐτοῖς,
3307 1005 3340 1076 ἢ
3382 1006 3477 1060 καὶ
3521 1008 3839 1078 προτιθέναι

2249 1094 2549 1165 θελήσειεν,
2577 1097 2676 1150 οὐκ
2699 1097 2763 1150 ἄν
2791 1115 2882 1167 μοι
2908 1097 3145 1168 κρίσεως
3175 1097 3342 1168 ὀρθῆς
3367 1093 3522 1162 οὗτος
3551 1101 3842 1154 ἐκπίπτειν

2246 1187 2400 1258 δοκῖγ
2444 1189 2541 1240 καὶ
2589 1187 2670 1241 ὅτι
2717 1187 2792 1259 μὴ
2841 1187 3054 1258 φαύλην
3095 1189 3262 1258 ἡμεῖς
3311 1189 3507 1260 ἔχομεν
3551 1190 3665 1243 ἀλλ’
3712 1192 3844 1261 ὑγιᾶ

2246 1281 2345 1348 τὴν
2381 1279 2512 1349 περὶ
2545 1278 2738 1332 τούτου
2772 1279 3020 1348 γνώμην,
3052 1279 3237 1344 αὐτὸς,
3265 1279 3423 1350 φασὶ,
3453 1280 3617 1346 δείξει
3656 1283 3750 1338 καὶ
3811 1286 3841 1338 ό

2246 1370 2402 1440 λόγος
2439 1371 2699 1442 ἐχέγγυος
2728 1371 2934 1442 προῖὼν
2959 1369 3134 1426 ἔσται.

2315 1550 2392 1604 B'.
2449 1549 2768 1620 Μαρκιανὸς
2819 1548 3110 1620 τοιγαροῦν
3165 1541 3322 1614 οὗτος
3374 1549 3576 1622 ἧνθησε
3634 1551 3734 1622 μὲν
3775 1554 3836 1607 ἐν

2243 1641 2356 1704 τοῖς
2384 1640 2598 1711 χρόνοις
2638 1638 2732 1694 τοῦ
2767 1639 2866 1712 τὴν
2901 1641 3072 1712 αὐτὴν
3099 1639 3314 1712 ἔχοντος
3344 1642 3540 1713 κλῆσιν
3573 1645 3835 1716 Μαρκια-

2242 1731 2358 1801 νοῦ,
2390 1733 2447 1796 ὃς
2477 1735 2785 1800 τηνικαῦτα
2808 1734 2906 1805 τῆς
2945 1735 3239 1804 Ῥωμαίων
3287 1736 3464 1806 ἀρχῆς
3508 1735 3698 1806 κύριος
3740 1735 3833 1810 ἦν.

2248 1826 2500 1897 Πατρίδα
2528 1825 2738 1880 ἄνωθεν
2768 1828 2834 1879 ἐκ
2866 1826 3088 1896 πατρῶν
3113 1826 3214 1896 τὴν
3262 1826 3644 1899 πρεσϐυτέραν
3701 1831 3838 1884 Ῥῶ·

550 1931 699 1988 enim
729 1947 796 1986 ex
823 1945 888 1986 ea
920 1927 1174 2000 profecti,
1207 1928 1263 1983 in
1291 1927 1434 1982 hanc
1466 1925 1807 1982 Constantini
1837 1927 2131 1996 civitatem,

2253 1932 2360 1985 μην
2391 1915 2572 1984 αὐχῶν
2623 1914 2710 1984 (ἐκ
2742 1914 2947 1986 ταύτης
2976 1915 3031 1968 δέ
3077 1916 3434 1984 προελθόντες
3478 1919 3681 1972 ἐκεῖνοι
3716 1915 3838 1976 εἶτα

548 2039 671 2094 quae
708 2031 827 2080 erat
865 2022 1160 2086 recentior,
1205 2018 1551 2091 migrarunt),
1583 2026 1989 2089 consequenter
2019 2029 2139 2082 erat

548 2124 605 2170 ct
639 2113 837 2170 illustri
859 2123 1022 2169 natus
1051 2127 1276 2185 genere,
1310 2111 1620 2184 insignique
1651 2112 1846 2182 opibus
1874 2121 1930 2166 et
1959 2113 2139 2185 digni-

551 2216 682 2274 tate,
710 2216 766 2263 et
798 2205 946 2277 quod
985 2205 1332 2261 nobilitatem
1373 2203 1648 2259 reierebat
1687 2204 1752 2259 ad
1787 2205 2136 2275 splendorem

551 2298 985 2369 imperatorium.
1024 2295 1200 2352 Tanta
1229 2304 1414 2351 autem
1452 2295 1620 2368 gloria
1656 2296 1902 2368 insignes
1939 2307 2137 2354 nactus

549 2397 824 2458 parentes,
841 2388 1044 2460 pietate
1067 2397 1248 2443 autem
1266 2395 1322 2442 et
1338 2387 1598 2458 religione
1615 2388 1772 2460 longe
1789 2388 2136 2459 insigniores,

550 2484 669 2553 ipse
712 2496 932 2553 quoque
980 2481 1248 2536 educatur
1295 2479 1615 2548 liberaliter,
1664 2489 1721 2536 et
1767 2481 2134 2538 eruditionem

551 2571 779 2644 pulchre
829 2573 1077 2639 docetur,
1124 2581 1392 2638 nostram,
1445 2571 1690 2643 inquam,
1729 2581 1784 2628 et
1827 2583 2134 2629 externam.

551 2665 756 2721 Deinde
779 2665 922 2721 sicut
961 2664 1136 2720 Moses
1167 2679 1386 2734 quoque
1412 2664 1480 2718 ad
1517 2664 1819 2736 Egyptios,
1863 2665 1936 2720 ita
1967 2668 2134 2723 etiam

551 2757 861 2814 Marcianus
879 2757 1084 2829 optime
1106 2757 1334 2814 ventitat
1353 2759 1419 2812 ad
1445 2757 1851 2829 Byzantinos,et
1877 2760 1944 2814 ad
1965 2760 2136 2831 majo-

550 2866 663 2905 rem
690 2860 744 2906 et
768 2849 1154 2921 perfectiorem
1189 2848 1536 2920 sapientiam,
1570 2864 1712 2915 eam,
1738 2850 1983 2920 inquam,
2013 2866 2136 2920 qua:

547 2951 632 2998 cst
660 2956 725 2996 ex
752 2941 968 3011 spiritu,
987 2941 1343 2996 convertitur.
1367 2940 1482 3004 Qua
1508 2941 1729 3010 quidem
1753 2956 1823 2995 ex
1853 2957 1913 2997 re
1935 2950 1989 2996 et
2011 2942 2135 2998 vitae

548 3030 840 3101 splendor,
891 3039 946 3085 et
995 3029 1266 3085 sermonis
1307 3031 1479 3102 gratia
1511 3030 1586 3085 illi
1605 3030 1893 3096 accedens,
1931 3047 2133 3088 nomen

546 3121 597 3175 ei
637 3120 870 3191 peperit,
904 3127 958 3176 et
1003 3119 1273 3191 insignem
1332 3119 1462 3176 fecit
1509 3119 1652 3176 inter
1700 3136 1892 3178 omnes
1942 3122 2130 3179 laicos.

547 3212 717 3266 Paulo
738 3221 858 3283 post
884 3221 1067 3267 autem
1088 3211 1253 3267 etiam
1270 3219 1493 3282 cooptat
1521 3211 1578 3266 in
1607 3211 1816 3267 clerum
1844 3212 2124 3268 Ecclesiae:

547 3313 602 3358 et
627 3319 752 3358 cum
779 3304 949 3358 sacris
981 3312 1128 3359 esset
1172 3303 1390 3375 dignus,
1421 3304 1643 3360 deducit
1686 3305 1753 3360 ad
1780 3305 2004 3375 gradum
2039 3322 2130 3362 sa-

545 3397 849 3452 cerdotum.
871 3395 974 3463 Qui
997 3403 1182 3451 aulam
1208 3397 1260 3451 ei
1289 3396 1357 3452 ad
1389 3397 1495 3453 hoc
1523 3398 1633 3452 vim
1660 3397 1860 3464 attulit,
1892 3397 1994 3452 fuit
2028 3400 2135 3454 bu-

541 3491 632 3557 jus
688 3489 927 3544 civitatis
966 3487 1299 3559 patriarcha.
1348 3485 1485 3543 Nam
1520 3476 1676 3544 illum
1726 3505 1947 3560 quoque
1987 3488 2137 3562 cepit

547 3579 694 3634 sircn
724 3571 870 3635 illius
895 3579 1137 3645 virtutis,
1172 3588 1227 3635 et
1251 3579 1617 3650 plenae-erant
1643 3595 1803 3636 aures
1834 3581 1918 3646 iis,
1953 3582 2046 3652 qui
2069 3582 2136 3637 de

546 3670 636 3725 illo
665 3671 1081 3742 spargebantur,
1101 3672 1448 3727 sermonibus
1473 3680 1527 3726 et
1541 3671 1820 3728 laudibus.
1845 3671 1981 3728 Cum
2006 3689 2136 3745 ergo

544 3764 763 3834 gradus,
783 3763 872 3834 qui
897 3763 1039 3819 inter
1058 3763 1421 3819 sacerdotium
1447 3761 1812 3830 intercedunt,
1829 3764 1967 3819 nihil
1991 3773 2138 3820 esset

543 3857 692 3926 quod
739 3856 1075 3927 prohiberet,
1120 3856 1217 3912 sed
1263 3857 1438 3912 multo
1484 3857 1678 3929 magis,
1711 3865 1772 3912 ut
1817 3859 1887 3913 ad
1926 3860 2134 3930 majora

549 3947 889 4017 procederet,
940 3947 1201 4003 invitaret
1243 3966 1260 4002 :
1303 3964 1430 4004 cum
1455 3963 1648 4004 omnes
1688 3949 1852 4006 brevi
1883 3958 2134 4023 tempore

544 4042 898 4110 pervasisset,
916 4049 1143 4096 vocante
1176 4049 1444 4111 tempore,
1480 4041 1718 4097 refertur
1749 4042 2001 4098 etiamin
2030 4060 2134 4098 nu-

546 4148 754 4187 merum
812 4133 1178 4188 sacerdotum.
1233 4132 1442 4189 Dcinde
1493 4136 1658 4189 etiam
1711 4134 1770 4189 ﬁt
1813 4150 2132 4192 (economus

545 4225 795 4280 maxima:
831 4225 1076 4281 ecclesia:
1108 4227 1383 4281 communi
1417 4225 1694 4298 suﬁ‘ragio,
1723 4243 1832 4284 non
1864 4227 1974 4284 vim
1997 4229 2131 4286 atre-

543 4333 692 4384 rcns,
717 4320 813 4373 sed
850 4318 1073 4385 invitus,
1109 4327 1165 4374 et
1197 4334 1307 4373 non
1332 4327 1442 4374 tam
1472 4319 1796 4386 honoratus,
1825 4337 1990 4392 quam
2032 4337 2129 4379 eos

544 4410 840 4477 bonorans,
874 4409 968 4480 qui
1015 4424 1144 4466 eum
1180 4410 1550 4482 praetulerant.
1598 4411 1704 4468 Sed
1757 4413 1875 4470 haec
1901 4414 2126 4484 quidem

544 4512 753 4572 postea.

613 4677 702 4733 Ill.
746 4679 904 4735 Modo
926 4689 1106 4735 autem
1143 4696 1267 4738 cum
1302 4681 1352 4736 ei
1385 4681 1677 4738 admodum
1712 4682 1900 4752 juveni
1940 4682 2116 4739 credi-

542 4777 656 4824 tum
695 4779 839 4825 esset
860 4771 1248 4838 sacerdotium,
1281 4780 1345 4827 et
1367 4772 1487 4844 ejus
1522 4783 1777 4844 parentes
1808 4790 1838 4830 e
1871 4775 1980 4830 vita
2007 4775 2121 4846 jam

539 4865 925 4929 excessissent,
955 4872 1011 4919 et
1048 4865 1332 4936 utriusque
1351 4864 1656 4934 facultates,
1699 4883 1820 4938 quae
1853 4876 2010 4924 erant
2035 4869 2122 4923 lu-

539 4957 791 5022 culentae,
827 4956 1149 5027 accepisset,
1173 4973 1299 5013 eum
1317 4958 1660 5029 iuventutem
1688 4960 1906 5030 quidem
1929 4961 2120 5015 mode-

539 5056 675 5110 rate,
693 5047 1053 5104 sacerdotium
1068 5060 1248 5104 autem
1268 5050 1518 5116 honeste,
1532 5065 1665 5121 opes
1683 5066 1812 5106 vero
1832 5052 1920 5121 pie
1933 5066 2120 5124 regere

535 5136 923 5193 administrare
947 5136 1050 5192 fuit
1068 5140 1347 5210 cognitum
1381 5155 1396 5192 :
1429 5149 1490 5194 ut
1517 5141 1611 5210 qui
1637 5155 1837 5211 egenos
1866 5157 1978 5196 suae
2009 5143 2120 5196 lue-

541 5229 794 5286 reditatis
814 5240 1120 5286 assumeret
1159 5232 1494 5300 coheredes,
1527 5243 1585 5289 et
1621 5235 1701 5289 eis
1743 5234 1936 5306 majori
1965 5245 2119 5303 parte

536 5321 757 5378 cederet
786 5337 799 5374 :
831 5322 918 5377 vel
943 5321 1117 5378 uthoc
1145 5322 1325 5393 potius
1344 5323 1541 5389 dicam,
1573 5338 1696 5379 cum
1729 5323 1810 5378 eis
1841 5333 2117 5394 quaestuo-

534 5428 654 5468 sam
685 5422 962 5470 exerceret
991 5415 1436 5484 negotiationem,
1470 5425 1527 5470 et
1548 5415 1605 5470 in
1643 5417 1821 5486 parvis
1857 5417 2117 5487 suppedi-

533 5506 716 5563 tandis
760 5507 993 5563 maxima
1045 5507 1286 5564 vicissim
1347 5507 1677 5578 acquireret.
1750 5507 1930 5578 Atque
1981 5508 2115 5564 alias

531 5598 756 5669 quidem
790 5601 1100 5672 voluptates
1122 5616 1319 5673 magno
1347 5601 1583 5672 quodam
1615 5610 1670 5656 et
1691 5601 1907 5657 excelso
1932 5603 2116 5656 animo

531 5693 786 5761 apparuit
821 5709 946 5748 eum
978 5693 1284 5765 despicere,
1312 5705 1368 5750 et
1391 5697 1472 5752 eis
1495 5696 1723 5751 minime
1745 5697 1824 5751 uti
1856 5713 1868 5749 :
1912 5695 1980 5751 ab
2004 5711 2114 5751 uno

534 5788 718 5835 autem
762 5783 880 5838 solo
927 5784 1103 5841 victus
1146 5785 1248 5842 fuit
1288 5802 1499 5853 amore,
1540 5803 1571 5843 a
1601 5787 1806 5856 verbis,
1850 5787 2109 5859 inquam,

535 5867 740 5926 divinae
792 5872 1089 5942 Scriptum
1116 5897 1128 5932 :
1155 5867 1208 5934 et
1234 5877 1302 5934 ad
1339 5878 1429 5934 illa
1461 5880 1650 5938 oculos
1680 5888 1949 5951 perpetuo
1974 5897 2110 5938 con-

2239 2008 2340 2079 την
2368 2009 2784 2063 Κωνσταντίνου
2803 2011 3010 2079 ταύτην
3041 2010 3138 2064 καὶ
3169 2011 3444 2082 νεωτέραν
3476 2014 3631 2067 πόλιν
3661 2015 3836 2087 μετῴ-

2239 2101 2462 2172 κησαν),
2506 2101 2822 2164 ἀκολούθως
2880 2103 2978 2156 καὶ
3036 2102 3231 2170 γένους
3286 2103 3503 2176 ὑπῆρχε
3551 2106 3834 2177 λαμπροῦ,

2239 2194 2490 2266 χρήμασί
2516 2212 2574 2248 τε
2613 2196 2711 2249 καὶ
2741 2193 3018 2266 ἀξιώμασι
3053 2195 3443 2268 περιϐλέπτου,
3476 2200 3572 2254 καὶ
3608 2199 3708 2271 τὴν
3733 2203 3836 2273 τῆς

2239 2287 2528 2356 εὐγενείας
2565 2287 2753 2359 πηγὴν
2791 2284 2876 2352 είς
2907 2287 3198 2358 βασιλικὴν
3231 2291 3593 2362 περιφάνειαν
3625 2295 3830 2365 ἀναφέ-

2236 2396 2453 2449 ροντος.
2477 2379 2670 2450 Τυχὼν
2699 2379 2757 2433 δὲ
2789 2379 2994 2449 γονέων
3022 2380 3198 2445 οὕτως
3242 2382 3533 2454 ἐπισήμων
3587 2385 3689 2455 μὲν
3731 2386 3832 2459 τὴν

2237 2466 2418 2539 δόξαν,
2442 2471 2862 2544 ἐπισημοτέρων
2891 2473 2947 2526 δέ
2979 2473 3162 2547 πολλῷ
3187 2475 3388 2546 μᾶλλον
3408 2479 3504 2531 καὶ
3536 2479 3634 2550 τὴν
3670 2481 3830 2534 εὐσέο

2239 2560 2419 2632 ϐειαν,
2447 2564 2769 2636 ἐλευθερίως
2801 2567 2898 2620 καὶ
2927 2566 3092 2632 αὐτὸς
3137 2569 3420 2640 τρέφεται,
3459 2573 3556 2625 καὶ
3579 2573 3827 2628 παιδείαν

2240 2655 2422 2720 καλῶς
2464 2657 2863 2727 ἐκδιδάσκεται,
2924 2660 3098 2732 αὐτήν
3133 2679 3194 2715 τε
3239 2662 3339 2734 τὴν
3372 2665 3645 2735 ἡμετέραν
3679 2668 3826 2736 φημὶ

2239 2751 2338 2804 καὶ
2385 2749 2484 2820 τὴν
2524 2750 2784 2822 θύραθεν.
2838 2753 3071 2807 Ἔπειτα
3105 2755 3201 2809 καὶ
3239 2757 3445 2828 Μωσῆς
3490 2758 3681 2829 ὥσπερ
3710 2761 3827 2821 τοῖς

2239 2840 2582 2909 Αίγυπτίοις,
2639 2835 2784 2895 οὕτω
2812 2842 2877 2913 δὴ
2934 2843 3033 2899 καὶ
3088 2841 3412 2917 Μαρκιανὸς
3467 2848 3670 2919 ἄριστα
3716 2853 3829 2915 τοῖς

2230 2928 2556 2998 Βυζαντίοις
2599 2934 2874 3006 ἐπιφοιτᾷ,
2930 2936 3026 2989 καὶ
3053 2936 3189 3008 πρὸς
3219 2938 3319 3004 τὴν
3353 2939 3580 3009 μείζονα
3618 2943 3714 2996 καὶ
3741 2959 3832 2996 τε-

2235 3021 2511 3095 λεωτέραν
2555 3023 2770 3095 σοφίαν,
2802 3025 2902 3095 τὴν
2925 3026 3068 3080 κατὰ
3101 3027 3326 3099 πνεῦμά
3351 3019 3515 3101 φημι,
3539 3033 3827 3102 τρέπεται.

2248 3114 2342 3182 Ἐξ
2366 3111 2428 3171 οὗ
2455 3115 2519 3188 δὴ
2548 3115 2664 3186 βίου
2691 3134 2753 3170 τε
2784 3117 3107 3190 λαμπρότης
3131 3121 3235 3174 καὶ
3259 3120 3417 3189 λόγου
3439 3124 3600 3193 χάρις
3628 3123 3828 3194 ἐκείνῳ

2237 3207 2678 3276 προσγενομένη,
2715 3207 2984 3278 ὀνόματος
3007 3208 3163 3279 ἠξίου
3192 3211 3284 3264 τὸν
3311 3211 3504 3281 ἄνδρα,
3548 3214 3644 3268 καὶ
3669 3215 3829 3286 περί-

2237 3297 2469 3352 ϐλεπτον
2527 3299 2584 3351 ἐν
2619 3299 2753 3352 πᾶσι
2797 3301 3028 3371 καθίστη
3077 3303 3191 3366 τοῖς
3240 3301 3448 3367 λαῖκοίς
3481 3318 3496 3333 ·
3535 3306 3731 3375 μικρὸν
3767 3305 3826 3358 δὲ

2237 3390 2461 3463 ὕστερον
2487 3393 2583 3447 καὶ
2619 3391 2697 3462 τῷ
2731 3393 2831 3464 τῆς
2870 3394 3196 3464 Ἐκκλησίας
3219 3394 3405 3467 κλήρῳ
3442 3396 3825 3465 ἐγκαταλέγει,

2235 3480 2332 3538 καὶ
2364 3485 2444 3547 εἰς
2473 3484 2564 3537 τὸν
2596 3484 2786 3556 ίερέων
2813 3486 2940 3554 ἄγει
2969 3485 3178 3557 βαθμὸν
3201 3486 3294 3540 τὸν
3313 3486 3421 3539 τῶν
3454 3487 3617 3558 ἱερῶν
3647 3486 3821 3554 ἄξιον.

2247 3577 2308 3630 Ὃ
2338 3578 2394 3630 δὲ
2434 3577 2573 3649 πρὸς
2621 3577 2780 3632 τοῦτο
2811 3578 2978 3632 αὐτὸν
3025 3578 3489 3650 ἀποϐιασάμενος,
3531 3583 3559 3634 ὁ
3587 3583 3828 3652 ταυτησὶ⁸

2235 3669 2334 3738 τῆς
2373 3670 2583 3733 πόλεως
2621 3669 2970 3743 πατριάρχης
3008 3666 3096 3741 ἦν.
3152 3666 3281 3724 Εἷλε
3320 3672 3433 3744 γὰρ
3465 3674 3628 3727 αὐτὸν
3654 3675 3686 3745 ἠ
3717 3674 3822 3744 τῆς

2235 3763 2437 3836 ἀρετῆς
2472 3764 2686 3819 ἐκείνου
2718 3767 2928 3837 σειρὴν,
2963 3768 3058 3820 καὶ
3103 3766 3319 3840 πλήρης
3347 3763 3416 3840 ἦν
3454 3768 3521 3823 τὰ
3562 3763 3676 3823 ὦτα
3708 3769 3820 3823 τῶν

2238 3857 2379 3928 ὑπὲρ
2411 3857 2577 3913 αὐτοῦ
2615 3857 2793 3927 λόγων
2825 3861 2920 3912 καὶ
2954 3859 3269 3930 ἐγκωμίων.
3307 3861 3446 3924 Τοὺς
3471 3857 3566 3916 οὖν
3606 3861 3822 3932 μεταξὺ

2233 3951 2342 4004 τῶν
2371 3950 2562 4023 ἱερέων
2592 3950 2834 4022 βαθμοὺς
2869 3952 3013 4023 (ἐπεὶ
3047 3951 3216 4022 μηδὲν
3235 3947 3303 4023 ἢν
3330 3952 3392 4006 τὸ
3424 3951 3654 4019 κωλῦον,
3681 3953 3825 4008 ἀλλὰ

2235 4044 2372 4098 πολὺ
2407 4043 2608 4115 μᾶλλον
2632 4043 2693 4097 τὸ
2741 4045 2879 4115 πρὸς
2921 4045 2990 4099 τά
3039 4046 3211 4115 μείζω
3237 4047 3437 4116 χωρεῖν
3479 4047 3825 4118 ἐκκαλούμε-

2233 4133 2366 4201 νον),
2411 4131 2619 4195 πάντας
2648 4134 2706 4186 ἐν
2747 4133 2938 4204 βραχεῖ
2977 4133 3223 4200 διελθὼν,
3278 4135 3474 4207 καιροῦ
3525 4135 3824 4202 καλοῦντος

2233 4224 2327 4278 καὶ
2368 4221 2448 4294 τῷ
2497 4221 2785 4295 καταλόγῳ
2842 4224 2955 4278 τῶν
3016 4225 3409 4298 πρεσϐυτέρων
3471 4228 3817 4282 ἐντάττεται.

2232 4310 2367 4370 Εἶτα
2389 4316 2482 4368 καὶ
2509 4315 2796 4386 οἰκονόμος
2825 4315 2935 4370 τῶν
2965 4317 3277 4389 ἐκκλησιῶν
3308 4319 3409 4389 τῆς
3454 4320 3720 4390 μεγίστης
3751 4322 3822 4376 ἐκ

2228 4407 2412 4478 ψήφου
2464 4406 2673 4478 κοινῆς,
2715 4407 2816 4461 οὐκ
2862 4408 3204 4477 ἀναγκάσας,
3251 4410 3390 4464 ἀλλὰ
3439 4412 3817 4481 ἀναγκασθεὶς

2229 4501 2478 4571 γίνεται·
2516 4500 2613 4553 καί⁵
2639 4499 2880 4570 τιμήσας
2910 4499 3112 4572 μᾶλλον
3140 4500 3173 4571 ἢ
3211 4501 3466 4573 τιμηθεὶς
3499 4503 3626 4568 τοὺς
3667 4502 3817 4559 οὕτω

2147 4604 2200 4666 ι)
2227 4595 2356 4666 περὶ
2382 4591 2549 4648 αὐτοῦ
2580 4593 2898 4663 κρίναντας.
2938 4594 3101 4650 Ἀλλά
3129 4595 3290 4650 τοῦτο
3319 4597 3419 4665 μὲν
3451 4597 3699 4670 ὕστερον.

2295 4688 2367 4742 Γ’.
2415 4687 2578 4756 Ἀρτι
2610 4685 2668 4739 δὲ
2698 4685 2818 4750 νέος
2845 4686 2922 4739 ὣν
2977 4685 3078 4740 καὶ
3113 4689 3213 4756 τὴν
3259 4689 3533 4761 ἱερατείαν
3571 4694 3815 4762 ἐγχειρι-

2225 4776 2393 4842 σθεὶς,
2419 4778 2530 4832 τῶν
2547 4795 2605 4831 τε
2627 4776 2831 4846 γονέων
2851 4778 3002 4850 αὐτῷ
3020 4779 3112 4832 τον
3136 4780 3252 4850 βίον
3280 4781 3384 4853 ήδη
3406 4782 3812 4852 ἀπολιπόντων,

2221 4871 2292 4926 τά
2323 4870 2422 4942 μὲν
2447 4871 2546 4942 τῆς
2575 4871 2830 4941 νεότητος
2865 4872 3183 4942 σωφρόνως,
3211 4873 3282 4927 τὰ
3309 4873 3369 4928 δὲ
3395 4874 3495 4945 τῆς
3523 4875 3814 4948 ίεροσύνης

2222 4967 2486 5039 κοσμίως,
2502 4967 2572 5022 τὰ
2590 4967 2649 5022 δὲ
2678 4966 2774 5021 τοῦ
2799 4966 3034 5021 πλούτου
3056 4967 3200 5023 πάνυ
3217 4969 3480 5038 φιλοθέως
3504 4971 3813 5038 οἰκονομῶν

2221 5059 2550 5133 ἐγνωρίζετο
2576 5076 2591 5090 °
2625 5060 3110 5132 συγκληρονόμους
3138 5062 3288 5134 αὑτῷ
3315 5061 3411 5116 τοῦ
3445 5063 3649 5134 κλήρου
3679 5066 3816 5128 τοὺς

2219 5150 2512 5220 δεομένους
2542 5149 3012 5220 παραλαμϐάνων,
3045 5153 3140 5204 καὶ
3169 5151 3313 5205 κατά
3341 5153 3478 5206 πολὺ
3505 5152 3602 5208 τοῦ
3621 5153 3812 5208 πλείο-

2220 5259 2310 5305 νος
2374 5241 2562 5305 αὐτοῖς
2618 5238 3006 5311 ἐξιστάμενος,
3060 5241 3094 5312 ἢ
3146 5243 3308 5297 τοῦτο
3355 5243 3558 5314 μᾶλλον
3606 5247 3810 5315 εἰπεῖν,

2221 5333 2605 5402 πραγματείαν
2648 5334 3099 5404 κερδαλεωτάτην
3133 5336 3271 5408 πρὸς
3299 5337 3497 5401 αὐτοὺς
3540 5338 3812 5409 ποιούμε-

2219 5440 2328 5488 νος.
2377 5426 2469 5478 καὶ
2497 5428 2716 5496 παροχῇ
2752 5427 2964 5498 μικρῶν
3009 5426 3078 5480 τὰ
3113 5427 3352 5498 μέγιστα
3375 5430 3807 5502 ἀντικτὼμενος.

2217 5517 2350 5581 Ταῖς
2385 5519 2482 5588 μὲν
2519 5517 2612 5572 οὖν
2640 5518 2830 5584 ἄλλαις
2853 5521 2961 5574 τῶν
2993 5521 3198 5591 ἡδονῶν
3235 5522 3382 5592 μέγα
3427 5527 3523 5578 καὶ
3570 5526 3811 5597 ἀρχικὸν

2215 5606 2379 5680 ἔφανε
2405 5610 2640 5680 φρονῶν,
2686 5611 2780 5664 καὶ⁵
2816 5611 3070 5683 οὐδαμῶς
3101 5614 3296 5679 αὐταῖς
3328 5616 3758 5687 συγκλινόμενος
3791 5637 3806 5651 ·

2215 5698 2354 5770 πρὸς
2379 5699 2478 5755 ἕνα
2507 5701 2565 5755 δὲ
2600 5701 2761 5772 μόνον
2784 5703 2964 5774 ἔρωτα
2983 5705 3237 5776 φανερῶς
3265 5707 3469 5780 ἥττητο
3491 5709 3600 5764 τῶν
3624 5709 3808 5778 λόγων

2213 5791 2315 5862 τῆς
2336 5789 2488 5856 θείας
2519 5791 2764 5864 Γραφῆς,
2789 5795 2882 5848 καὶ
2910 5796 3047 5868 πρὸς
3080 5797 3324 5864 ἐκείνους
3348 5800 3597 5873 στρέφων
3615 5817 3676 5854 τε
3708 5804 3806 5856 καὶ

2215 5883 2436 5955 τρέφων
2471 5885 2599 5951 τοὺς
2643 5885 2961 5960 ὀφθαλμοὺς
3004 5885 3096 5964 ἦν,
3135 5895 3232 5948 καὶ
3264 5892 3352 5947 διὰ
3383 5895 3584 5960 παντὸς
3613 5895 3799 5957 αὐτοῖς
