4152 6404
382 407 495 477 133

1393 423 1571 486 VITA
1610 425 1672 487 S.
1715 426 2097 490 MARCIANI
2136 429 2638 495 PRESBYTERI.

3559 430 3668 498 434

385 529 866 624 προσκαθήμενος.
917 535 1005 600 Ὡς
1039 535 1292 624 ἐντεῦθεν
1326 544 1495 614 μηδὲν
1521 544 1765 617 κρυπτὸν
1806 549 1840 621 ἢ
1879 547 1972 602 δυ-

2073 548 2340 614 vertebat,
2365 560 2418 606 et
2439 550 2520 606 eis
2550 558 2812 622 perpetuo
2836 550 3138 620 assidebat;
3167 567 3277 624 quo
3303 550 3486 618 ﬂebat,
3511 552 3670 606 utni-

388 619 648 693 σεύρετον
705 625 766 677 ἐν
817 625 1011 690 αὑταῖς
1059 623 1220 698 εἶναι,
1257 631 1293 686 ὃ.
1319 634 1396 705 μὴ
1431 637 1666 708 φανερὸν
1702 619 1853 712 αὗτῷ
1887 641 1984 696 καὶ

391 712 676 785 γνώριμον
709 718 777 786 τῇ
801 716 1078 791 φιλοπόνῳ
1118 722 1311 791 γέγονε
1341 727 1694 801 προσεδρείᾳ.
1739 731 1983 803 Γαστρὸς

388 804 452 860 δὲ
484 806 726 876 ἰσχυρῶς
752 809 976 880 ἐκράτει
1035 812 1133 866 καὶ
1165 815 1490 888 ὀφθαλμῶν,
1544 821 1700 886 εἰδὼς
1733 823 1883 888 ὅπως
1921 824 1984 878 τὸ

386 899 646 968 ἀκμάζον
675 901 772 955 καὶ
797 903 1058 974 ἀνδρικὸν
1089 906 1189 980 τῆς
1219 911 1473 982 νεότητος
1494 911 1772 970 εὔπτωτον
1794 916 1982 974 ἐντεῦ-

384 989 486 1043 θεν
517 992 615 1045 καὶ
639 992 934 1066 ὀλισθηρὸν
968 997 1202 1067 γίνεται.
1251 1002 1363 1057 Καὶ
1412 1005 1588 1060 πολλά
1631 1007 1825 1062 τούτου
1883 1011 1980 1064 καὶ

384 1081 607 1152 χαλεπά
641 1085 710 1138 τὰ
739 1086 1030 1157 πτώματα.
1062 1091 1263 1164 Εὐχαῖς
1299 1112 1361 1148 τε
1395 1097 1492 1152 καὶ
1537 1099 1870 1170 ἀγρυπνίαις
1906 1104 1978 1158 τὰ

387 1175 566 1230 πολλά
596 1177 796 1246 ἐδίδου,
837 1184 935 1235 καὶ
970 1185 1170 1255 κομιδῆ
1203 1186 1402 1251 παῖδας
1435 1189 1646 1243 ἐδείκνυ
1688 1193 1823 1264 πρὸς
1847 1193 1980 1264 ἀρε-

384 1266 487 1336 τῆς
527 1267 708 1337 λόγον,
745 1270 808 1324 ού
852 1274 1012 1339 μόνον
1042 1275 1204 1340 ὅσους
1239 1278 1622 1351 ὁτῶνίερέων
1651 1281 1766 1353 ἔχει
1805 1285 1981 1340 κατά-

386 1358 579 1428 λογος,
612 1361 753 1417 ἀλλὰ
785 1367 882 1419 καὶ
919 1367 1107 1434 ἁπλῶς
1157 1371 1284 1425 ὅσον
1335 1373 1395 1425 ἐν
1447 1374 1609 1445 πολιᾷ
1658 1377 1979 1445 φιλευσεϐὲς

388 1445 479 1521 ἦν,
514 1453 610 1505 καὶ
645 1454 968 1526 φιλοσοφίας
993 1461 1444 1532 ἐπιμελούμενον.
1475 1465 1565 1537 Τῷ
1591 1465 1646 1519 δὲ
1679 1468 1779 1537 τῆς
1799 1469 1979 1542 ψυχῆς

401 1544 669 1615 φιλοκάλῳ
701 1548 908 1620 σφόδρα
936 1553 1160 1609 καὶτῶν
1189 1556 1353 1626 ἰερῶν
1377 1558 1542 1612 οῐκων
1572 1559 1682 1613 τῶν
1720 1563 1814 1615 τοῦ
1844 1562 1978 1632 Χρι-

409 1639 533 1690 στοῦ
579 1639 872 1714 μαρτύρων
907 1645 1147 1718 ἐραστὴς
1173 1641 1264 1720 ἦν,
1307 1648 1403 1702 καὶ
1458 1651 1586 1714 τοὺς
1640 1652 1739 1722 μέν
1797 1653 1979 1707 αὐτῶν

407 1733 776 1800 πεπονηκότας
814 1735 960 1800 ἰᾶτο,
1021 1736 1152 1801 τοὺς
1213 1738 1270 1792 δὲ
1304 1740 1400 1796 καὶ
1455 1743 1621 1813 μὴπω
1681 1745 1977 1813 γεγονότας

391 1820 605 1891 ἀνίστη.
640 1817 716 1877 Ob
743 1824 802 1878 δὲ
843 1824 1158 1897 θερμότατα
1192 1829 1323 1899 ἤρα,
1347 1831 1443 1884 καὶ
1471 1831 1501 1886 θ
1526 1832 1678 1896 τέλος
1719 1834 1818 1902 τῆς
1851 1836 1976 1889 ἐπι-

2089 641 2163 696 hil
2196 650 2344 696 esset
2378 641 2433 696 in
2464 643 2545 698 eis
2577 642 2717 699 adeo
2753 643 3026 700 occultum
3061 653 3118 700 et
3162 644 3386 700 inventu
3429 642 3666 709 difﬁcile,

2084 732 2228 802 quod
2264 748 2371 785 non
2406 728 2752 788 manifestum
2779 743 2835 790 et
2863 744 3053 790 notum
3087 735 3352 791 evasisset
3387 734 3671 790 laboriosa:

2083 824 2203 895 ejus
2238 825 2556 897 diligentiae.
2589 824 2780 880 Ventri
2815 835 3000 881 autem
3033 835 3084 882 et
3117 827 3292 883 oculis
3319 825 3533 882 fortiter
3562 827 3667 880 im-

2082 917 2326 988 perabat,
2381 925 2441 972 ut
2473 917 2569 987 qui
2612 917 2779 973 sciret
2820 917 3008 974 ﬂorem
3049 928 3106 975 et
3153 921 3321 975 robur
3361 918 3670 989 juventutis

2081 1021 2182 1076 per
2209 1021 2273 1061 ea
2303 1006 2461 1062 facile
2489 1005 2692 1077 impelli
2726 1008 2792 1062 ad
2823 1008 3055 1078 lapsum.
3087 1010 3230 1063 Sunt
3263 1017 3444 1062 autem
3484 1022 3666 1071 casus,

2081 1098 2173 1168 qui
2210 1114 2274 1153 ex
2316 1099 2383 1153 iis
2419 1098 2690 1165 oriuntur,
2721 1099 2872 1154 multi
2903 1109 2959 1154 et
2985 1098 3248 1155 dilIiciles.
3279 1097 3540 1153 Precibus
3567 1112 3669 1151 au-

2082 1199 2188 1244 tem
2220 1199 2277 1245 et
2299 1189 2497 1262 vigiliis
2527 1204 2584 1245 se
2605 1189 2840 1256 dedebat
2859 1189 3181 1260 plurimum,
3211 1197 3268 1245 et
3286 1189 3442 1244 valde
3469 1202 3670 1259 pueros

2079 1282 2363 1347 edocebat,
2412 1283 2556 1353 quod
2605 1282 2673 1336 ad
2723 1282 2945 1339 virtutis
2991 1283 3260 1338 rationem
3305 1281 3523 1343 attinet,
3555 1294 3668 1334 non

2079 1374 2254 1428 solum
2281 1374 2508 1443 eos,qui
2538 1378 2694 1427 erant
2713 1373 2868 1428 relati
2900 1374 2953 1428 in
2983 1389 3272 1428 numerum
3294 1371 3666 1435 sacerdotum,

2078 1469 2195 1532 sed,
2227 1477 2287 1523 ut
2327 1468 2494 1523 semel
2534 1467 2733 1534 dicam,
2761 1475 3033 1539 quotquot
3064 1468 3121 1522 in
3159 1467 3362 1523 canitie
3396 1474 3556 1522 erant
3593 1463 3668 1534 pii

2078 1569 2133 1615 et
2165 1559 2424 1630 religiosi,
2459 1566 2515 1615 et
2537 1574 2724 1615 curam
2747 1559 3011 1632 gerebant
3031 1558 3414 1631 philosophiae.
3442 1557 3542 1612 lllo
3571 1571 3670 1610 au-

2079 1661 2190 1708 tem
2233 1667 2334 1707 suo
2386 1652 2650 1722 praeclaro
2695 1653 2825 1709 boni
2873 1660 2930 1708 et
2974 1651 3192 1708 honesti
3252 1666 3459 1716 amore,
3508 1649 3669 1704 valde

2078 1755 2296 1810 quoque
2326 1741 2543 1795 amabat
2573 1755 2757 1797 sacras
2783 1740 2930 1796 mdes
2958 1740 3161 1796 Christi
3194 1747 3490 1810 martyrum
3513 1746 3570 1791 et
3599 1751 3668 1792 ex

2079 1831 2160 1887 eis
2192 1832 2326 1887 alias
2355 1833 2597 1903 quidem,
2637 1849 2760 1905 qua:
2793 1833 3143 1899 laborabant,
3161 1841 3218 1888 et
3243 1832 3458 1887 ruinam
3494 1831 3669 1886 mina-

387 1910 594 1979 θυμίας,
632 1913 876 1984 ἐνόμιζε,
917 1916 1077 1972 τοῦτο
1111 1914 1179 1990 ἦν
1209 1920 1352 1975 ὥστε
1383 1923 1448 1993 τῇ
1492 1924 1837 1997 μεγαλοδόξῳ
1880 1928 1972 1982 καί

2081 1924 2300 1990 bantur,
2331 1925 2608 1980 reﬁciebat
2647 1942 2661 1979 :
2695 1925 2829 1980 alias
2857 1934 3062 1991 autem,
3085 1939 3208 1995 qua
3243 1924 3484 1979 nondum
3513 1923 3669 1979 facta:

385 2003 708 2070 περικαλλεῖ
733 2007 844 2060 τῶν
871 2008 1173 2081 μαρτύρων
1203 2010 1537 2086 Ἀναστασίᾳ
1557 2016 1812 2088 λαμπρὸν
1841 2019 1978 2073 ἀνα-

381 2095 588 2164 στῆσαι
640 2097 788 2152 ναόν.
844 2099 1126 2170 Ἐκαμνεν
1158 2100 1253 2156 οὖν
1293 2104 1422 2175 περί
1475 2105 1576 2176 τὴν
1617 2105 1835 2179 εὕρεσιν
1881 2110 1977 2165 τοῦ

377 2188 614 2257 χωρέου,
653 2182 717 2243 οὗ
753 2190 818 2262 δὴ
877 2193 973 2246 καὶ
1027 2193 1266 2265 μάλιστα
1327 2199 1404 2262 ὡς
1465 2200 1867 2274 ἐπικαιρότατα
1915 2205 1978 2261 τὸ

381 2279 540 2350 ἱερὸν
579 2282 718 2353 αὐτῇ
750 2282 978 2354 τέμενος
1010 2285 1331 2358 ἀναστήσει.

452 2520 529 2575 Δ’.
570 2521 732 2578 Οὕτω
765 2524 1266 2598 διαμεριμνῶντος,
1299 2530 1437 2602 γυνή
1487 2547 1572 2596 τις
1607 2531 1671 2588 τὸ
1721 2533 1876 2605 γένος
1908 2537 1976 2592 ὲκ

370 2611 494 2665 τῶν
541 2612 728 2684 Σύρων
786 2614 1124 2687 Ἀντιοχείας
1171 2619 1446 2692 ἐλκουσαξ,
1496 2623 1653 2678 Νικὼ
1711 2627 1972 2699 τοθνομα,

371 2706 510 2775 ἄρτι
561 2706 654 2758 τὸν
694 2705 932 2777 σύζυγον
958 2710 1395 2783 ἀποϐεϐληκυῖα,
1442 2708 1597 2770 οἷκον
1653 2718 1790 2790 αὐτῇ
1831 2722 1974 2776 κατά

365 2796 588 2866 κλῆρον
630 2799 990 2869 περιελθόντα
1039 2802 1151 2856 τῶν
1195 2805 1510 2877 ἐπισήμων,
1571 2807 1632 2872 ὃς
1666 2809 1778 2882 ἀρα
1831 2813 1972 2867 κατά

370 2890 480 2955 τὴν
516 2888 691 2959 μέσην
756 2894 856 2962 τῆς
903 2894 1226 2958 Βυζαντίδος
1279 2897 1487 2968 ἀγορὰν
1537 2899 1740 2971 ἵδρυτο,
1789 2903 1975 2958 διαπι-

372 2982 658 3050 πράσκειν
711 2984 986 3051 ἐϐούλετο,
1042 2988 1130 3058 ἐφ’
1190 2983 1234 3056 ᾧ
1291 2991 1392 3061 τὴν
1429 2990 1590 3057 ἀξίαν
1621 2997 1972 3067 κομισαμένη

368 3073 573 3142 τιμὴν,
615 3074 712 3126 ἐπὶ
738 3075 808 3129 τὰ
830 3078 1009 3131 οἰκεῖα
1039 3079 1204 3134 πάλιν
1234 3081 1581 3138 ἐπανελθεῖν.
1635 3085 1823 3142 Ταῦτα
1871 3106 1972 3160 με-

371 3163 652 3235 μαθηκὼς
677 3169 705 3220 ό
736 3167 940 3238 θερμὸς
964 3162 1119 3236 οὗτος
1147 3173 1247 3244 τῆς
1273 3174 1555 3247 μάρτυρος
1594 3179 1851 3251 ἐραστὴς,
1878 3183 1970 3236 τόν

367 3275 433 3310 τε
466 3257 641 3312 τόπον
673 3259 941 3330 ἑωρακὼς
995 3261 1073 3327 ὡς
1125 3265 1408 3336 ἁρμόδιον,
1453 3269 1547 3322 καί
1575 3269 1674 3341 τὴν
1716 3271 1868 3324 θέσιν
1897 3272 1971 3338 ὡς
2000 3293 2041 3349 C

370 3349 707 3419 ἐπιτηδείως
757 3351 988 3422 ἔχουσαν
1016 3353 1094 3426 τῷ
1122 3356 1333 3429 σκοπῷ,
1381 3359 1612 3431 ἕρμαιον
1639 3362 1701 3417 τὸ
1733 3367 1966 3437 πρᾶγμα

370 3441 679 3509 λογίζεται,
713 3445 811 3498 καὶ
841 3447 909 3517 τῇ
955 3449 1181 3517 γυναικί
1222 3451 1537 3521 προσελθὼν
1579 3456 1710 3526 περὶ
1743 3457 1842 3527 τῆς
1886 3476 1968 3512 1::-

376 3534 487 3603 μῆς
514 3534 855 3602 διαλέγεται,
904 3540 1001 3592 καὶ
1047 3540 1342 3611 δισχιλίους
1375 3544 1611 3613 χρυσοῦς
1641 3547 1968 3604 καταϐαλὼν

376 3626 555 3680 πείθει
605 3629 698 3684 τὸν
739 3625 890 3684 οἷκον
948 3632 1264 3688 ἀποδοῦναι.
1320 3634 1480 3689 Οὕτω
1526 3638 1969 3712 διαπραξάμενος

378 3720 474 3772 καὶ
503 3719 665 3787 ἔργον
700 3721 804 3792 ἤδη
839 3722 1114 3779 ἅπτεσθαι
1137 3725 1299 3797 δῆλος
1326 3722 1420 3800 ἦν·
1466 3728 1583 3783 ἀλλ’
1611 3733 1640 3785 ὁ
1673 3734 1807 3786 πᾶσι
1853 3737 1967 3800 τοῖς

388 3813 605 3879 ἀγαθοῖς
659 3818 1046 3888 ἀντικείμενος
1085 3819 1196 3874 οὐδ’
1255 3822 1492 3878 ἐνταῦθα
1544 3824 1821 3882 δείκνυται
1866 3831 1969 3900 τῆς

394 3903 598 3968 οἰκείας
624 3909 814 3980 τέχνης
841 3910 1239 3982 ἐπιλαθόμενος
1277 3914 1386 3968 οὐδ’
1409 3915 1548 3980 ὅλως
1597 3917 1692 3970 τοῦ
1727 3935 1966 3994 κακουρ-

396 3999 512 4062 γεῖν
543 4001 865 4071 παυόμενος,
900 4004 936 4074 ἢ
977 4005 1343 4077 παυσόμενοςο
1400 4007 1516 4063 ἀλλ’
1568 4009 1817 4067 ὑπελθὼν
1866 4014 1966 4086 τὴν

391 4093 618 4157 γυναῖκα
642 4095 735 4148 καί
765 4096 951 4168 δεινὴν
978 4099 1117 4170 αὐτῇ
1155 4099 1257 4171 τὴν
1288 4102 1652 4173 μεταμέλειαν
1683 4105 1962 4176 ἐμϐαλὼν,

384 4185 587 4257 σφόδρα
635 4189 762 4253 τοὺς
809 4190 1106 4261 λογισμοὺς
1149 4192 1562 4266 ἐξεπολιόρκει,
1614 4197 1868 4270 καθάπερ
1909 4217 1964 4254 τι

380 4280 682 4352 μηχάνημα
712 4283 810 4352 τὴν
842 4284 1110 4357 αἰσχύνην
1142 4287 1368 4355 ἐπάγων
1399 4289 1562 4360 αὐτῇ,
1589 4289 1665 4354 ὡς
1707 4291 1816 4361 ἄρα
1849 4309 1964 4347 κω-

372 4375 608 4444 μῳδοῖτο
637 4376 746 4431 ὑπὸ
776 4377 1010 4445 πολλῶν,
1040 4379 1112 4434 τά
1143 4380 1409 4436 κάλλιστα
1440 4382 1585 4436 οὕτω
1607 4385 1718 4438 τῶν
1748 4385 1966 4457 κτημά-

366 4484 478 4523 των
518 4469 906 4526 διασπαθῶσω
952 4476 1050 4526 καὶ
1082 4473 1192 4546 γάρ
1233 4471 1303 4546 ἦν
1364 4477 1393 4530 ὁ
1419 4472 1566 4541 οἶκος
1592 4476 1700 4532 τῶν
1741 4481 1965 4550 ἀρχαιο-

366 4560 554 4630 ζήλων
584 4562 680 4616 καὶ
707 4565 1400 4637 μεγαλοπρεπῶν,καὶτῶν
1436 4570 1541 4624 ὑπὸ
1567 4571 1660 4625 τοῦ
1693 4573 1957 4642 μεγάλου,

361 4655 537 4723 φημὶ,
574 4655 994 4712 Κωνσταντίνου
1028 4659 1130 4730 τὴν
1152 4659 1464 4731 οἰκοδομίαν
1506 4663 1572 4717 ἐκ
1614 4665 1829 4736 μακροῦ
1864 4664 1962 4718 λα-
1993 4661 2035 4717 D

356 4747 576 4816 χόντων
609 4788 626 4812 ,
670 4749 986 4819 ἀρκούντως
1015 4769 1074 4806 τε
1110 4755 1222 4818 τοῖς
1255 4753 1627 4825 στεγονομίοις
1684 4757 1780 4811 καί
1836 4759 1961 4822 ταῖς

354 4843 429 4894 δι’
469 4842 632 4906 ετους
658 4845 943 4914 προσόδοις
971 4846 1448 4919 ἐνευθηνούμενος.
1479 4847 1706 4914 Τούτοις
1733 4852 1766 4923 ἠ
1802 4850 1959 4924 γυνὴ,

351 4935 457 4989 ἅτε
493 4935 658 5006 γυνὴ,
682 4936 782 5002 τάς
811 4939 1016 5010 φρένας
1042 4939 1447 5010 ὑποσεισθεῖσα,
1488 4941 1638 4996 λύειν
1670 4942 1732 4996 τὸ
1770 4945 1962 4999 συνάλ-

351 5032 558 5100 λαγμα
583 5029 880 5100 ὲπειρᾶτο’
933 5033 1031 5087 καὶ
1061 5035 1090 5087 ὁ
1122 5035 1443 5105 Μαρκιανὸς
1473 5035 1628 5089 οὐδὲν
1660 5035 1961 5108 ἀϐούλητον

348 5123 384 5192 ἢ
411 5120 663 5191 ἐπαχθὲς
695 5123 870 5178 οὐδενὶ
899 5125 1131 5195 ἐπάγειν
1182 5125 1532 5199 βουλόμενος,
1583 5128 1695 5182 τῶν
1741 5129 1960 5185 οἰκείων

346 5212 566 5284 ἐξέστη
606 5214 856 5281 δικαίων,
917 5220 1011 5272 καὶ
1065 5217 1158 5272 τοῦ
1197 5220 1478 5292 κτήματος
1525 5221 1843 5294 παρεχώρει
1888 5225 1956 5296 τῇ

345 5303 608 5371 γυναικὶ,
645 5307 898 5378 πράξεως
929 5311 1083 5381 ἱερᾶς
1113 5310 1266 5383 ἰεράν
1304 5307 1442 5366 εἶναι
1471 5312 1567 5366 καὶ
1594 5316 1693 5384 τὴν
1715 5316 1958 5385 κρηπῖδα

344 5394 568 5469 ζητῶν,
601 5399 699 5452 καὶ
723 5401 879 5455 οὐδὲν
909 5402 1112 5458 ἐθέλων
1146 5405 1213 5476 τῇ
1254 5405 1436 5477 ἀγαθῇ
1477 5407 1714 5479 μάρτυρι
1751 5408 1958 5478 προσά-

345 5506 485 5560 γειν
541 5490 888 5563 ἀπρόθυμον,
941 5492 1050 5547 οὐδ’
1083 5497 1526 5569 ἠναγκασμένον.
1603 5497 1668 5552 ’0
1722 5498 1822 5569 μὲν
1863 5497 1957 5561 οὖν

346 5581 602 5651 πονηρὸς
637 5583 890 5639 ἐντεῦθεν
941 5586 1120 5641 ἐδόκει
1161 5589 1338 5660 νικᾴν,
1371 5589 1432 5642 τὸ
1453 5589 1512 5643 δὲ
1533 5584 1601 5661 ἦν
1633 5589 1832 5664 ἐκείνῳ
1855 5591 1956 5663 τῆς

349 5672 634 5745 μεγίστης
669 5675 840 5748 ἥττης
869 5678 1038 5751 ἀρχή.
1098 5679 1233 5745 Θεὸς
1267 5679 1377 5752 γάρ
1404 5683 1433 5735 ὁ
1469 5683 1734 5753 μετάγειν
1778 5684 1956 5740 πάντα

348 5763 502 5838 πρὸς
526 5765 591 5819 τὸ
621 5768 904 5841 συμφέρον
924 5770 1105 5840 εἰδὼς,
1136 5767 1292 5838 οὗτος
1327 5774 1531 5847 δηλαδὴ
1562 5776 1658 5830 καὶ
1695 5776 1795 5849 τὴν
1826 5779 1956 5851 περὶ

2080 2014 2318 2079 fuerant,
2337 2017 2629 2073 excitabat.
2654 2016 2810 2090 Quod
2829 2027 3010 2073 autem
3029 2016 3413 2072 ardentissime
3429 2015 3667 2080 amabat,

2090 2116 2148 2162 ct
2192 2108 2277 2162 sui
2315 2107 2574 2164 desiderii
2619 2107 2785 2165 linem
2850 2108 3222 2176 existimabat,
3274 2109 3562 2171 hoc-erat,
3613 2119 3671 2162 ut

2081 2199 2354 2268 praeclarae
2388 2209 2444 2255 et
2473 2199 2671 2273 insigni
2714 2201 2859 2257 inter
2897 2211 3162 2273 martyres
3198 2200 3498 2256 Anastasius
3526 2215 3667 2270 prae-

2080 2288 2287 2344 clarum
2321 2289 2582 2365 templum
2624 2297 2955 2346 exstrueret.
2993 2309 3008 2346 :
3058 2290 3347 2347 laborabat
3387 2299 3571 2345 autem
3612 2289 3667 2344 in

2077 2382 2199 2439 loco
2225 2382 2575 2449 inveniendo,
2620 2382 2677 2439 in
2713 2399 2822 2458 quo
2860 2383 3329 2456 opportunissime
3363 2397 3574 2440 sacram
3609 2383 3660 2436 ei

2078 2475 2248 2530 aedem
2288 2482 2614 2530 exstrueret.

2149 2565 2239 2622 IV.
2271 2565 2406 2622 Cum
2430 2567 2498 2623 de
2519 2580 2586 2622 eo
2604 2573 2786 2623 autem
2808 2579 2955 2624 esset
2983 2567 3275 2636 sollicitus,
3303 2567 3500 2622 mulier
3519 2583 3667 2639 qum-

2076 2657 2236 2724 dam,
2286 2673 2407 2729 quae
2451 2674 2626 2730 genus
2667 2661 2904 2716 ducebat
2945 2675 3014 2716 ex
3050 2641 3310 2733 Syrorum
3332 2660 3662 2727 Antiochiae,

2077 2750 2210 2806 Nico
2233 2753 2477 2817 nomine,
2519 2766 2645 2808 cum
2672 2753 2835 2824 paulo
2864 2762 2992 2808 ante
3017 2753 3306 2824 conjugem
3346 2753 3661 2817 amisisset,

2079 2841 2346 2912 insignem
2399 2841 2620 2896 domum
2655 2881 2671 2906 ,
2729 2858 2851 2913 quae
2883 2843 2934 2898 ei
2977 2844 3295 2899 hmrcditate
3364 2845 3666 2900 obvenerat

2078 2933 2276 3004 (posita
2313 2941 2496 2988 autem
2518 2941 2637 2989 erat
2671 2934 2728 2990 in
2756 2935 2939 2992 medio
2971 2934 3476 3006 Constantinopolis
3494 2936 3661 3004 foro).

2078 3021 2295 3076 volebat
2323 3022 2582 3086 vendere,
2615 3031 2675 3078 ut
2715 3038 2842 3078 cum
2893 3024 3014 3095 ejus
3057 3026 3296 3095 pretium
3330 3026 3661 3096 accepisset,

2077 3114 2146 3169 ad
2173 3131 2268 3169 sua
2298 3124 2683 3171 reverteretur.
2706 3116 2833 3174 llaec
2851 3134 2976 3173 cum
3001 3119 3314 3175 rescivisset
3348 3117 3438 3175 hic
3463 3121 3663 3175 ardens

2077 3215 2287 3273 amator
2317 3207 2588 3278 martyris,
2636 3215 2691 3263 et
2734 3209 2913 3264 locum
2946 3210 3174 3266 vidisset
3213 3211 3660 3276 convenientem,

2077 3306 2132 3353 et
2161 3299 2323 3354 situm
2361 3315 2483 3355 esse
2522 3310 2711 3370 aptum
2743 3285 3194 3374 suo-proposito,
3231 3318 3331 3374 pro
3364 3303 3514 3359 lucro
3547 3319 3662 3358 rem

2073 3407 2195 3447 esse
2235 3393 2408 3460 ducit,
2479 3404 2534 3449 et
2572 3395 2641 3450 ad
2688 3396 2973 3450 mulierem
3026 3397 3276 3458 veniens,
3314 3396 3556 3467 loquitur
3594 3395 3663 3451 de

2073 3484 2268 3552 j‘iretio,
2301 3495 2357 3540 et
2389 3489 2695 3542 numeratis
2730 3488 2813 3543 bis
2843 3489 2991 3544 mille
3038 3490 3242 3554 aureis,
3285 3489 3576 3560 persuadet
3611 3491 3662 3545 ei

2072 3576 2296 3632 domum
2321 3579 2582 3634 vendere.
2606 3579 2744 3635 Cum
2775 3580 2857 3636 sic
2884 3580 3126 3646 fecisset,
3153 3581 3375 3651 planum
3397 3589 3514 3636 erat
3533 3595 3660 3638 eum

2065 3665 2177 3739 jam
2207 3669 2346 3724 velle
2371 3684 2511 3740 opus
2541 3670 2778 3742 aggredi.
2815 3669 2922 3725 Sed
2953 3670 3044 3741 qui
3081 3670 3242 3726 bonis
3276 3671 3539 3726 omnibus.
3559 3671 3662 3745 a‘d-

2067 3770 2340 3828 versatur,
2373 3777 2444 3816 ne
2474 3762 2566 3816 hic
2594 3761 2817 3832 quidem
2846 3761 3087 3817 ostendit
3121 3777 3180 3817 se
3210 3777 3323 3816 suae
3351 3762 3485 3816 artis
3517 3761 3660 3816 obli-

2069 3862 2207 3918 tum,
2259 3869 2438 3924 neque
2481 3855 2706 3910 omnino
2758 3870 2974 3910 ceSsare
3018 3863 3114 3909 aut
3159 3863 3501 3915 cessaturum
3535 3869 3659 3913 esse

2068 3947 2392 4006 malefacere
2429 3968 2441 4003 :
2487 3947 2584 4004 sed
2628 3963 2688 4004 se
2715 3947 2932 4004 mulieri
2966 3957 3148 4004 astute
3187 3948 3584 4018 insinuans,.et
3607 3950 3658 4006 ei

2069 4054 2287 4112 gravem
2314 4040 2616 4096 immittens
2647 4040 3182 4111 pmnitentiam,ejus
3209 4047 3452 4107 mentem
3477 4041 3658 4098 valide

2069 4133 2417 4204 oppugnabat
2449 4153 2464 4189 :
2502 4141 2762 4204 tanquam
2806 4133 2942 4190 alias
2974 4133 3258 4199 machinas
3295 4133 3347 4190 ei
3390 4135 3658 4210 pudorem

2067 4225 2387 4292 admovens,
2413 4225 2560 4298 quod
2583 4227 2790 4282 scilicet
2817 4241 2848 4282 a
2872 4226 3034 4298 vulgo
3062 4227 3364 4291 haberetur
3397 4227 3653 4294 ludibrio,

2066 4333 2188 4389 quae
2209 4319 2289 4374 sic
2319 4319 2715 4390 pulcherrimas
2737 4329 3086 4376 consumeret
3112 4320 3490 4394 possessiones
3518 4321 3660 4393 (erat

2067 4408 2214 4486 enim
2245 4409 2440 4466 domus
2468 4411 2694 4481 antiqua
2720 4419 2775 4467 et
2805 4411 3110 4484 magnifica,
3133 4420 3192 4468 et
3219 4413 3309 4469 cui
3336 4413 3498 4484 longo
3528 4421 3658 4469 ante

2069 4511 2332 4572 tempore,
2366 4503 2544 4576 magni
2568 4503 2776 4558 scilicet
2798 4503 3162 4568 Constantini,
3187 4504 3508 4576 contigisset
3530 4505 3658 4560 aedi-

2069 4593 2216 4648 ficari
2253 4611 2266 4646 :
2299 4593 2467 4650 locari
2504 4604 2687 4650 autem
2719 4597 3072 4652 mercedibus
3103 4603 3160 4651 et
3197 4597 3399 4652 annuis
3438 4611 3657 4667 posses-

2065 4684 2339 4754 sionibus,
2378 4687 2512 4741 satis
2541 4702 2797 4758 magnum
2824 4687 3176 4744 commodum
3207 4687 3517 4759 afferebat).
3546 4687 3647 4744 llis

2071 4771 2290 4838 mulier,
2328 4781 2389 4828 ut
2427 4774 2645 4839 mulier,
2677 4774 3020 4843 labefactata,
3062 4785 3404 4832 contractum
3442 4777 3655 4833 solvere

2068 4860 2389 4916 conabatur.
2426 4861 2734 4918 Marcianus
2760 4875 2963 4931 autem,
2996 4865 3089 4936 qui
3116 4865 3252 4919 nulli
3284 4867 3501 4922 volebat
3527 4882 3654 4922 esse

2068 4948 2353 5016 molestus,
2381 4966 2485 5006 nec
2513 4967 2708 5024 cogere
2738 4961 2798 5006 ut
2827 4953 3031 5024 aliquid
3071 4954 3251 5010 facere
3287 4956 3433 5025 quod
3460 4955 3652 5022 nollet,

2066 5054 2168 5095 suo
2217 5042 2342 5112 jure
2379 5044 2565 5110 cessit,
2608 5055 2661 5098 et
2708 5045 3113 5115 possessionem
3164 5047 3374 5103 dimisit
3415 5048 3651 5116 mulieri,

2065 5148 2319 5203 quarens
2345 5136 2576 5192 actionis
2602 5123 2819 5194 sacrum
2855 5154 2977 5204 esse
3010 5139 3448 5206 fundamentum,
3482 5151 3538 5197 et
3567 5141 3651 5196 ηἰ-

2067 5227 2144 5283 hil
2169 5229 2360 5285 volens
2377 5229 2578 5285 oﬂ'erre
2604 5241 2808 5287 sani-ne
2827 5235 3071 5305 martyri,
3090 5235 3235 5305 quod
3262 5250 3371 5290 non
3399 5244 3654 5305 prompto

2065 5328 2121 5384 et
2139 5319 2304 5376 alacri
2330 5321 2554 5378 daretur
2581 5324 2786 5387 animo,
2816 5333 2910 5380 aut
2935 5326 3080 5396 quod
3103 5336 3249 5382 esset
3275 5335 3544 5382 coactum.
3571 5329 3648 5383 Ex

2065 5412 2171 5468 hoc
2211 5427 2342 5492 ergo
2391 5413 2676 5470 videbatur
2714 5417 2984 5488 malignus
3011 5418 3237 5475 victoria
3269 5421 3477 5491 potitus
3506 5437 3521 5474 :
3552 5423 3650 5479 sed

2064 5505 2188 5560 fuit.
2214 5505 2346 5561 illud
2393 5505 2748 5578 principium,
2781 5524 2892 5579 quo
2925 5510 3129 5566 factum
3171 5521 3279 5577 est,
3315 5521 3378 5568 ut
3413 5514 3652 5570 maxime

2065 5596 2402 5652 vinceretur.
2428 5595 2563 5652 Nam
2599 5599 2761 5667 Deus,
2795 5601 2891 5671 qui
2912 5601 3017 5657 scit
3049 5603 3232 5659 omnia
3263 5603 3548 5661 traducere
3582 5607 3649 5662 ad

2064 5687 2120 5744 id
2141 5688 2289 5759 quod
2309 5696 2396 5746 est
2417 5691 2784 5759 conducibile,
2817 5693 2866 5750 is
2892 5695 3162 5766 providet,
3188 5704 3252 5753 ut
3272 5696 3438 5771 hujus
3454 5697 3532 5762 rei
3555 5713 3650 5756 ex-

2065 5780 2176 5836 ilus
2209 5781 2282 5838 sit
2309 5782 2468 5857 longe
2501 5785 2694 5842 melior
2722 5793 2778 5843 et
2808 5787 3140 5859 praeclarior.
3213 5835 3223 5840 -

352 5859 556 5918 τούτου
589 5861 862 5921 ἀπόϐασιν
891 5866 1071 5942 πολλῷ
1105 5869 1390 5944 κρείττονα
1424 5871 1518 5929 καί
1561 5873 1949 5949 λαμπροτέραν
1987 5877 2281 5952 οἰκονομεῖ.
