4152 6416
535 372 637 437 455

1770 373 2052 436 MENSIS
2091 376 2548 439 JANUARlUS.

3693 379 3799 443 ιδ

606 486 669 539 ν.
702 485 798 539 llic
821 484 965 539 en'm
991 483 1300 539 Marcianus
1320 497 1445 537 cum
1469 482 1573 543 hoc
1599 497 1784 538 amore
1815 490 2113 548 teneretur,

2291 484 2366 538 E'.
2406 481 2565 537 Οΰτω
2595 483 2704 551 γὰρ
2738 484 2766 536 ό
2811 483 3129 556 Μαρκιανὸς
3184 485 3410 542 θάλπων
3452 486 3545 542 τὸν
3588 486 3789 556 ἔρωτα,

537 589 589 634 et
621 579 912 648 aliquando
935 585 1244 632 versaretur
1266 576 1320 630 in
1345 575 1590 649 legendis
1610 574 1948 631 orationibus
1967 574 2110 644 ejus,

537 672 628 741 qui
666 680 715 726 et
748 684 1021 735 sermone,
1050 677 1105 722 et
1128 670 1395 735 moribus,
1412 677 1477 729 ,et
1504 668 1774 739 theologia
1804 666 2108 737 praeclaris-

537 767 675 820 sime
724 764 956 830 refulsit,
1005 765 1291 835 sapientis,
1341 764 1587 834 inquam,
1634 746 1901 834 Gregorii,
1946 771 2003 817 et
2043 761 2112 816 de

539 856 702 924 hujus
741 853 995 924 martyris
1034 854 1239 924 templo
1282 851 1665 923 cognovisset.
1712 860 1771 905 ut
1820 851 1911 905 ille
1953 850 2107 916 dicit,

535 952 679 1022 quod
715 950 949 1021 positum
989 948 1209 1020 quidem
1252 956 1399 1003 esset
1430 947 1484 1001 in
1520 945 1606 1012 iis,
1630 944 1722 1015 qui
1754 942 1970 998 Domini
1999 941 2110 998 Bo-

536 1054 647 1098 stra
686 1043 1021 1101 vocabantur
1065 1057 1080 1095 :
1130 1048 1251 1096 erat
1283 1049 1465 1095 autem
1506 1048 1635 1093 tunc
1668 1035 1832 1091 veluti
1866 1035 2111 1105 quaedam

535 1133 694 1190 sedes
731 1132 1053 1189 orthodoxis
1097 1133 1358 1188 adversus
1389 1129 1643 1185 Arianos.
1685 1127 1821 1183 Cum
1859 1142 1986 1198 ergo
2016 1141 2112 1181 co-

535 1228 813 1299 gttmissct
837 1241 957 1297 qua:
985 1224 1072 1279 ille
1109 1223 1178 1279 de
1213 1238 1281 1277 eo
1314 1222 1519 1292 templo
1560 1218 1910 1290 pratdixerat,
1951 1231 2110 1272 suum

535 1336 753 1394 gregem
787 1318 1040 1384 incitans,
1070 1322 1126 1371 et
1154 1315 1203 1370 ei
1231 1314 1438 1370 addens
1466 1312 1711 1367 animum
1739 1327 1757 1363 τ
1781 1308 1934 1365 Hanc
1967 1309 2113 1363 Ana-

535 1410 758 1465 stasiam
780 1447 795 1473 ,
832 1408 991 1471 hanc,
1025 1405 1270 1476 inquam,
1302 1416 1434 1471 quae
1468 1413 1770 1473 cognomen
1803 1399 2016 1470 accepit
2043 1413 2112 1453 ex

514 1499 958 1562 resurrectione,
986 1494 1241 1551 videbitis
1262 1492 1371 1557 (sat
1396 1490 1539 1562 scio).
1565 1489 1883 1557 ampliorem
1908 1497 1963 1543 et
1990 1503 2111 1543 ma-

528 1595 726 1663 jorem.
767 1590 1012 1660 Cumque
1035 1587 1318 1645 didicisset
1346 1601 1454 1643 non
1491 1585 1610 1641 sine
1638 1582 1732 1638 Dei
1756 1583 1982 1638 numine
2010 1596 2113 1636 nec

534 1693 736 1738 temere
758 1679 1079 1752 praedictum
1102 1677 1275 1745 fuisse
1306 1693 1337 1732 a
1360 1691 1559 1747 magno
1584 1676 1677 1731 illo
1698 1675 1816 1729 viro
1858 1673 1980 1745 (etsi
2003 1688 2111 1730 non

533 1774 703 1846 magis
717 1772 1039 1844 praedictum
1053 1771 1245 1828 fuisset
1255 1770 1323 1826 de
1339 1769 1563 1841 templo,
1581 1783 1745 1840 quam
1759 1767 1827 1823 de
1842 1764 2065 1838 populo)
2090 1782 2103 1819 :

2215 574 2311 628 καί
2337 590 2470 628 ποτε
2505 574 2618 637 τοῖς
2648 573 2828 643 λόγοις
2856 573 2952 627 τοῦ
2985 576 3081 629 καὶ
3118 576 3299 645 λόγοις
3332 577 3427 631 καὶ
3455 578 3679 649 τρόποις
3702 583 3799 634 καὶ

2213 667 2463 740 θεολογίᾳ
2487 667 2825 740 φαιδρότατα
2879 668 3280 739 διαλάμψαντος
3335 670 3544 741 ὁμιλῶν
3583 672 3796 742 Γρηγο-

2215 759 2356 830 ρίου,
2408 758 2575 830 φημὶ,
2611 758 2709 813 τοῦ
2744 759 2934 830 σοφοῦ,
2968 760 3064 814 καὶ
3093 759 3255 830 γνούς
3293 778 3347 815 τι
3386 763 3634 833 περὶτοῦ
3665 764 3795 819 ναιῦ

2210 850 2312 921 τῆς
2343 850 2621 922 μάρτυρος
2659 852 2890 924 ταύτης,
2932 852 3140 919 ἐκεῖνός
3168 868 3359 923 φησιν,
3394 851 3451 917 ὃς
3484 856 3661 910 κεῖται
3698 855 3795 926 μὲν

2212 945 2273 997 ὲν
2297 945 2407 1007 τοῖς
2434 942 2578 997 οὕτω
2603 943 2963 1016 καλουμένοις
2991 944 3248 1015 Δομνίνου
3281 943 3588 1015 Ἐμϐόλοις,
3616 946 3797 1001 ὡσπε-

2215 1034 2301 1105 ρεὶ
2341 1033 2401 1088 δὲ
2440 1035 2775 1106 ὁρμητήριον
2804 1037 2924 1089 τότε
2969 1038 3082 1101 τοῖς
3131 1035 3434 1108 ὀρθοδόξοις
3487 1036 3632 1091 κατά
3684 1037 3792 1092 τῶν

2212 1126 2631 1199 ἀρειανιζόντων
2656 1128 2956 1199 ἐτύγχανεν
2977 1128 3079 1186 ὢν.
3115 1128 3255 1201 Περὶ
3276 1128 3468 1184 τούτου
3497 1131 3676 1185 τοίνυν
3700 1129 3796 1183 τοῦ

2215 1218 2364 1292 ἱεροῦ
2380 1221 2541 1288 γνοὺς
2559 1213 2650 1274 οἷα
2683 1220 2891 1285 ἐκεῖνος
2920 1222 3177 1292 προεῖπε,
3209 1220 3313 1292 τὴν
3335 1218 3533 1276 ἑαυτοῦ
3558 1221 3796 1293 ποίμνην

2212 1310 2619 1383 ὲπιθαρῤύνων·
2656 1310 3020 1366 Ἀναστασίαν
3035 1312 3263 1385 ταύτην,
3295 1312 3394 1384 τὴν
3417 1315 3516 1385 τῆς
3556 1312 3794 1367 ἀναστά-

2215 1421 2351 1468 σεως
2397 1405 2541 1473 λέγω
2569 1406 2878 1475 ἐπώνυμον,
2918 1402 3115 1475 ὄψεσθε
3161 1402 3527 1477 πλατυτέραν,
3566 1404 3627 1459 εὖ
3653 1403 3793 1471 οῖδα,

2211 1497 2294 1551 ἔτι
2331 1497 2425 1551 καὶ
2453 1496 2648 1568 μείζω.
2680 1496 2794 1551 Kal.
2821 1495 3009 1567 μαθὼν
3037 1496 3139 1550 οὐκ
3163 1495 3231 1551 ἂν
3263 1495 3417 1551 ἀθεεὶ
3451 1496 3646 1561 ταῦτα,
3676 1496 3797 1550 οὐδὲ

2213 1590 2342 1654 εἰκῆ
2372 1608 2450 1661 τῳ
2476 1592 2702 1663 μεγάλῳ
2732 1591 3050 1665 προείρητο,
3076 1591 3126 1645 εί
3149 1589 3244 1645 καὶ
3285 1591 3360 1663 μὴ
3386 1589 3515 1664 περὶ
3541 1589 3635 1644 τοῦ
3666 1587 3796 1643 ναοῦ

2216 1679 2416 1751 μᾶλλον
2447 1682 2480 1754 ἢ
2505 1682 2597 1737 τοῦ
2616 1680 2749 1737 λαοῦ
2776 1681 3083 1755 πρόρρησις
3094 1678 3185 1755 ἦν,
3206 1683 3302 1739 καὶ
3330 1682 3410 1748 ὡς
3436 1684 3464 1737 ό
3490 1681 3560 1738 δι’
3581 1682 3794 1735 ἐκείνου

2210 1772 2373 1825 ταυτὶ
2403 1770 2686 1842 προειπὼν
2719 1770 2822 1825 οὐκ
2839 1769 3101 1837 ἀδύνατος
3137 1771 3356 1837 πάντως
3396 1773 3493 1829 καὶ
3521 1772 3603 1837 είς
3635 1772 3798 1845 ἔργον

529 1876 586 1920 et
617 1830 805 1935 utpote
837 1863 982 1934 quod
1025 1863 1094 1929 is,
1125 1861 1219 1935 qui
1248 1876 1348 1934 per
1377 1830 1529 1916 illum
1551 1830 1688 1916 haec
1727 1830 2108 1932 praedixisset,

2216 1860 2336 1925 τοὺς
2362 1830 2552 1931 λόγους
2583 1861 2913 1931 ἐξενεγκεῖν,
2947 1830 3166 1917 ούτεντὸ
3206 1830 3410 1936 πλῆθος
3451 1863 3562 1918 τῶν
3581 1830 3798 1920 ἀνάλω·

533 1967 716 2026 posset
743 1971 960 2028 quoque
981 1955 1153 2012 verba
1174 1954 1230 2010 in
1260 1968 1400 2025 opus
1422 1951 1716 2018 deducere,
1739 1966 1921 2023 neque
1942 1965 2110 2021 repu-

2213 1952 2403 2024 μάτων
2432 1954 2527 2009 ἐπὶ
2548 1953 2675 2009 νοῦν
2700 1953 2949 2027 θέμενος,
2980 1953 3097 2010 οὔθ’
3128 1955 3213 2010 ὅτι
3240 1954 3429 2026 μεῖξον
3452 1952 3486 2028 ἢ
3510 1954 3636 2011 καθ’
3663 1956 3797 2009 ἑαυ-

535 2059 654 2104 tans
689 2049 1059 2119 impensarum
1090 2045 1528 2110 multitudinem,
1567 2058 1746 2115 neque
1770 2041 1915 2114 quod
1938 2042 2113 2115 major

2216 2043 2303 2098 τὸν
2343 2042 2406 2097 τὸ
2447 2044 2779 2116 ἐγχείρημα,
2819 2047 2889 2118 τῇ
2939 2045 3118 2100 πάντα
3165 2046 3443 2119 δυναμένῃ
3495 2046 3680 2101 πίστει
3734 2046 3797 2101 τὸ

533 2147 679 2194 esset
704 2147 961 2203 conatus,
980 2154 1142 2209 quam
1167 2137 1261 2209 qui
1292 2137 1411 2210 ejus
1434 2136 1644 2193 viribus
1672 2134 2013 2201 conveniret,
2037 2134 2109 2198 ei,

530 2245 650 2300 quae
679 2231 860 2285 omnia
882 2237 1109 2300 potest,
1136 2228 1261 2285 ﬁdei
1298 2243 1413 2283 rem
1455 2227 1688 2283 credens
1715 2267 1731 2294 ,
1771 2241 1912 2298 opus
1947 2224 2115 2296 coepit

534 2336 726 2391 urgere
753 2338 767 2374 :
793 2330 849 2377 et
893 2321 1024 2376 illud
1062 2320 1285 2391 quidem
1332 2320 1513 2374 minus
1545 2326 1603 2374 et
1645 2325 1803 2374 vetus
1850 2316 2114 2381 templum

535 2412 791 2480 relinquit
842 2411 900 2466 in
934 2411 1103 2482 priori
1154 2410 1346 2482 ﬁgura,
1379 2417 1442 2464 ut
1484 2409 1564 2465 sic
1595 2409 1853 2464 omnibus
1892 2408 1959 2462 ad
1990 2422 2115 2479 spe-

535 2505 791 2560 ctandum
824 2504 1186 2576 propositum,
1226 2504 1470 2575 apertius
1509 2518 1673 2575 quam
1703 2501 1886 2573 lingua
1916 2500 2114 2571 praedi-

534 2607 679 2650 caret
703 2596 963 2667 Theologi
996 2595 1338 2667 prophetiam
1360 2594 1624 2650 :alterum
1639 2601 1821 2649 autem
1847 2591 1898 2647 ei
1916 2591 2118 2646 excitat

535 2688 830 2744 niaximum
848 2698 904 2745 et
927 2687 1382 2759 pulcherrimum,
1412 2688 1469 2743 in
1495 2687 1685 2743 orbem
1713 2684 1933 2757 quidem
1954 2671 2119 2739 rariis

533 2780 833 2850 porticibus
864 2779 1126 2851 atriisque
1157 2787 1215 2836 et
1241 2779 1551 2845 vestibulis,
1577 2792 1701 2848 quae
1725 2776 1810 2833 vel
1831 2785 1961 2831 ante
1989 2784 2124 2831 tem-

533 2872 679 2939 plum
713 2871 1012 2945 elegantem
1042 2887 1154 2944 prae
1178 2887 1239 2928 se
1264 2872 1450 2927 ferunt
1467 2870 1729 2943 speciem,
1750 2868 2119 2940 comprehen-

532 2964 667 3018 dens
696 2982 714 3017 :
745 2965 795 3019 id
842 2974 1026 3021 autem
1056 2965 1230 3021 veluti
1275 2950 1566 3036 quamdam
1611 2978 1864 3035 magnam
1909 2961 2122 3017 stellam

535 3055 621 3108 vel
657 3055 865 3120 lunam,
896 3072 927 3111 a
968 3056 1155 3111 multis
1183 3055 1359 3126 iisque
1395 3054 1642 3126 pulchris
1675 3053 1849 3109 stellis
1881 3052 2122 3109 circum-

2213 2137 2445 2207 πρᾶγμα
2478 2136 2798 2204 πιστεύσας,
2819 2136 2984 2208 ἔργου
3015 2138 3213 2208 εἴχετο.
3258 2138 3370 2192 Kal.
3398 2137 3492 2192 τὸν
3523 2139 3623 2210 μὲν
3648 2139 3800 2211 ἥττω

2214 2223 2309 2279 καὶ
2336 2226 2568 2280 παλαιὸν
2593 2227 2801 2281 ἐκεῖνον
2825 2228 2954 2281 ναὸν
2982 2226 3078 2281 ἐπὶ
3111 2226 3205 2282 τοῦ
3228 2229 3495 2300 προτέρου
3518 2230 3800 2301 σχήματος

2215 2319 2556 2386 καταλείπει,
2592 2320 2663 2374 ἵν’
2691 2319 2836 2375 οὕτω
2870 2319 3075 2391 μᾶλλον
3108 2321 3189 2385 είς
3220 2320 3351 2375 θέαν
3378 2321 3584 2377 ἅπασιν
3609 2321 3802 2390 κείμε-

2214 2425 2326 2476 νος,
2354 2410 2681 2481 τρανότερον
2724 2410 2759 2482 ἢ
2791 2409 3002 2479 γλῶττα
3037 2409 3133 2464 τοῦ
3163 2409 3431 2478 Θεολόγου
3463 2409 3801 2481 προφητείαν

2215 2501 2593 2574 ἀνακηρύττῃ·
2640 2500 2799 2555 ἄλλον
2849 2501 2908 2556 δὲ
2936 2500 3086 2573 αὐτῷ
3122 2501 3399 2574 ἐπεγείρει
3449 2501 3703 2573 μέγιστόν
3736 2517 3797 2554 τε

2217 2593 2314 2650 καὶ
2336 2593 2645 2661 κάλλιστον,
2671 2592 2857 2663 κύκλῳ
2880 2591 2981 2670 μὲν
3010 2594 3195 2656 στοαῖς
3223 2593 3320 2647 καὶ
3350 2592 3618 2656 ποικίλοις
3655 2608 3797 2663 προ-

2218 2687 2424 2751 αυλίοις
2452 2703 2513 2740 τε
2551 2686 2671 2757 ἅμα
2702 2686 2800 2740 καὶ⁵
2827 2683 3116 2756 ὑπαίθροις
3142 2684 3446 2753 διαλαϐὼν,
3477 2683 3676 2756 πολλὴν
3702 2685 3798 2739 καὶ

2218 2780 2327 2854 πρὸ
2357 2778 2452 2834 τοῦ
2497 2779 2628 2834 ναοῦ
2681 2779 2782 2852 τὴν
2822 2777 2973 2851 ὥραν
3018 2779 3504 2851 προϐαλλομένοις,
3551 2780 3715 2852 μέσον
3744 2779 3804 2836 ἐξ

2219 2872 2385 2930 αὐτὸν
2438 2870 2729 2941 ἀνεγείρας
2760 2872 2935 2926 ὀἱονεὶ
2959 2872 3167 2942 ’μέγαν
3222 2872 3431 2944 ἀστέρα
3482 2872 3516 2943 ἢ
3571 2873 3802 2947 σελήνην

2220 2964 2411 3037 αὐτὴν,
2434 2962 2651 3027 πολλοῖς
2675 2964 2772 3018 καὶ
2800 2962 2987 3026 καλοῖς
3015 2963 3239 3036 ἄστροις
3269 2965 3799 3037 περικυκλούμενον.

2222 3050 2326 3112 Οἷα
2360 3057 2467 3129 γὰρ
2489 3056 2654 3111 αὐτὸν
2682 3057 2780 3110 καὶ
2824 3056 3214 3128 περιειλήφασι
3254 3057 3450 3128 κάλλη,
3482 3058 3680 3112 κιόνων
3705 3060 3804 3111 αὐ-

533 3149 741 3213 datam,
772 3149 826 3203 in
858 3148 1037 3204 medio
1076 3148 1311 3219 erigens.
1336 3140 1523 3214 Qualis
1567 3146 1715 3201 enim
1750 3144 1806 3201 id
1835 3145 2116 3215 complexa

2221 3150 2321 3219 γαί⁵
2343 3149 2437 3204 καὶ
2453 3148 2634 3220 χροιαὶ
2658 3147 2755 3203 καὶ
2783 3147 3034 3220 μέγεθος,
3057 3147 3221 3204 λίθων
3245 3166 3307 3205 τε
3336 3149 3682 3220 στιλπνότης,
3709 3151 3805 3204 καὶ

534 3241 605 3294 sit
635 3239 1001 3310 pulchritudo,
1022 3240 1401 3295 columnarum
1434 3236 1777 3308 splendores,
1799 3244 1858 3291 et
1879 3235 2114 3302 colores,

532 3336 591 3384 et
615 3329 946 3401 magnitudo,
965 3329 1313 3400 lapidumque
1335 3328 1527 3399 fulgor,
1541 3334 1597 3380 et
1615 3325 1832 3383 claritas
1853 3324 2112 3390 materiae,

535 3438 727 3476 aurum
758 3430 964 3477 tectum
999 3436 1162 3493 supra
1189 3421 1489 3487 illustrans,
1528 3426 1590 3474 ut
1620 3419 1823 3489 ubique
1857 3416 2113 3488 picturae,

535 3531 657 3585 quae
686 3515 820 3569 artis
848 3515 1067 3584 quidem
1106 3513 1442 3585 perfectione
1486 3520 1701 3567 mentes
1744 3508 2117 3581 obstupefaci-

538 3616 658 3670 unt,
717 3607 904 3663 oculos
947 3615 1130 3662 autem
1179 3604 1800 3663 demulcent‘rarietate
1850 3602 2113 3659 materiae.

534 3698 653 3754 iam
689 3713 817 3755 vero
863 3699 1082 3755 demum
1127 3698 1455 3755 venerandae
1516 3695 1972 3763 illuminationis,
2023 3704 2118 3751 aut

535 3810 655 3849 eam
684 3808 805 3864 quae
829 3801 912 3848 est
937 3791 1233 3848 constituta
1259 3791 1327 3846 ad
1355 3789 1670 3861 reponenda
1707 3803 1860 3845 saera
1899 3803 2030 3843 vasa
2062 3795 2119 3843 et

534 3884 783 3951 donaria,
807 3883 1085 3955 quomodo
1116 3883 1242 3954 quis
1267 3883 1478 3949 dicens,
1525 3898 1638 3937 non
1676 3880 1858 3938 minus
1894 3879 2114 3946 dixerit.

539 3990 703 4044 quam
768 3974 1012 4045 postulet
1054 3988 1284 4045 operum
1328 3973 1599 4045 dignilas?
1636 3972 1886 4044 Ipsorum
1935 3981 2116 4028 autem

538 4081 796 4123 vasorum
851 4065 1280 4131 multitudinem,
1324 4075 1418 4120 aut
1461 4065 1783 4130 materiam,
1817 4072 1910 4119 aut
1940 4073 2115 4120 artem

538 4156 634 4227 qui
678 4156 824 4212 volet
856 4157 1104 4212 oratione
1152 4156 1430 4227 persequi,
1476 4155 1614 4211 sciet
1658 4157 1906 4223 omnino,
1942 4171 2003 4212 se
2051 4172 2115 4212 ea

539 4249 716 4306 solum
772 4247 960 4304 mirari
1013 4263 1198 4321 posse,
1233 4263 1346 4303 non
1399 4248 1582 4320 lingua
1612 4248 1942 4319 exprimere.
1966 4248 2120 4306 Adeo

539 4350 670 4397 sunt
701 4340 885 4396 omnia
907 4355 1061 4411 atque
1089 4339 1440 4408 excellentia,
1463 4349 1526 4396 ut
1550 4339 1765 4397 etiamsi
1795 4354 1959 4396 nemo
1981 4356 2121 4412 prte-

540 4434 765 4500 dixerit,
796 4433 879 4489 vel
914 4449 980 4490 ex
1008 4434 1113 4490 hoc
1139 4434 1314 4505 possit
1334 4448 1458 4490 esse
1496 4432 1849 4489 manifestum
1877 4432 2117 4489 videnti-

539 4529 665 4594 bus,
690 4527 832 4598 quod
863 4542 929 4583 ea
976 4536 1161 4583 mente
1195 4525 1377 4584 divina
1421 4536 1830 4599 processerunt,
1860 4535 1917 4584 et
1946 4541 2115 4583 manu
2148 4511 2197 4571 1)

538 4620 721 4674 divina
753 4634 912 4690 opem
945 4618 1159 4675 ferente
1186 4634 1217 4676 e
1246 4619 1482 4692 superis.

610 4710 699 4767 Vl.
738 4709 1006 4767 Omnibus
1037 4721 1218 4769 autem
1247 4712 1719 4782 convenientibus,
1742 4712 1873 4770 novi
1895 4712 2115 4785 quidem

2219 3240 2352 3313 ὕλης
2381 3239 2732 3312 λαμπρότης,
2771 3240 2973 3312 χρυσὸς
3001 3240 3116 3296 ἄνω
3148 3240 3527 3313 καταλάμπων
3559 3240 3659 3313 τὴν
3687 3242 3805 3313 ὀρο-

2217 3332 2345 3405 φὴν,
2367 3333 2463 3387 καὶ
2480 3333 2695 3404 γραφαὶ
2715 3331 3018 3405 πανταχοῦ,
3049 3334 3246 3405 τέχνης
3268 3333 3366 3405 μὲν
3387 3332 3646 3406 ἀκριϐείᾳ
3667 3336 3804 3404 φρέ-

2216 3440 2314 3490 νας
2344 3425 2780 3497 ἐκπλήττονται,
2826 3424 2960 3496 ὕλης
2988 3425 3045 3479 δὲ
3066 3424 3310 3496 ποικιλίᾳ
3329 3425 3458 3488 τοὺς
3489 3424 3804 3495 ὀφθαλμοὺς

2218 3517 2527 3589 θέλγουσαι.
2568 3518 2673 3573 Τόν
2713 3536 2779 3589 γε
2825 3518 2935 3591 μὴν
2973 3518 3064 3573 τοῦ
3102 3519 3301 3573 σεπτοῦ
3340 3519 3691 3589 φωτίσματος
3717 3512 3801 3571 οἵ·

2218 3627 2336 3678 κον,
2378 3611 2414 3683 ἢ
2441 3611 2605 3666 αὐτὸν
2636 3612 2733 3668 τὸν
2771 3612 2907 3685 πρὸς
2932 3612 3194 3668 ἀπόθεσιν
3238 3612 3347 3666 τῶν
3379 3612 3543 3684 ίερῶν
3585 3611 3799 3666 σκευῶν

2217 3704 2314 3758 καὶ
2340 3703 2733 3774 ἀναθημάτων,
2775 3704 2891 3771 πῶς
2933 3706 3000 3760 ἄν
3017 3722 3103 3769 τις
3149 3707 3320 3758 εἰπὼν
3343 3703 3514 3769 ἀξίως
3536 3704 3681 3758 εἴποι
3707 3706 3799 3758 καὶ

2217 3796 2329 3850 τῶν
2364 3794 2541 3870 ἔργων
2573 3797 2677 3852 οὐκ
2711 3797 2946 3865 ένδεῶς;
2995 3798 3185 3853 Αὐτῶν
3223 3799 3280 3853 δὲ
3333 3799 3442 3853 τῶν
3488 3798 3700 3870 σκευῶν
3738 3797 3802 3851 τὸ

2219 3886 2446 3959 πλῆθος,
2478 3887 2512 3960 ἢ
2550 3887 2651 3960 τὴν
2695 3888 2848 3961 ὓλην,
2893 3888 3054 3961 ἢτὴν
3102 3889 3319 3961 τέχνην,
3366 3889 3399 3943 ὃ
3428 3906 3493 3960 γε
3543 3889 3803 3957 διεξιέναι

2219 3977 2547 4053 βουλόμενος
2575 3981 2784 4036 είσεται
2810 3982 3029 4046 πάντως
3048 3984 3131 4038 ὅτι
3153 3981 3457 4053 θαυμάζειν
3491 3982 3652 4054 μόνον
3693 3984 3805 4036 είσὶ

2223 4071 2419 4141 ταῦτα,
2470 4072 2593 4145 ούχὶ
2643 4074 2742 4129 καὶ
2792 4073 3009 4146 γλώττῃ
3060 4074 3263 4131 δυνατὰ
3318 4074 3595 4144 λέγεσθαι.
3644 4072 3806 4128 Οὕτω

2219 4164 2398 4221 πάντα
2423 4164 2619 4235 ιπίσης
2650 4165 2928 4238 ὑπερφυᾶ,
2981 4166 3123 4221 ὥστε
3173 4168 3271 4223 καὶ⁸
3310 4165 3388 4239 μὴ
3437 4165 3797 4238 προειπόντος

2222 4257 2450 4330 μηδενὸς
2478 4257 2708 4313 αὐτόθεν
2739 4255 2880 4314 εἶναι
2907 4260 3021 4323 τοῖς
3052 4259 3224 4333 ὁρῶσι
3272 4261 3466 4329 σαφὲς,
3495 4260 3578 4315 ὅτι
3606 4258 3802 4332 γνώμῃ

2218 4347 2356 4403 Θεοῦ
2382 4348 2559 4405 ταῦτα
2588 4350 2821 4424 προέϐη,
2856 4351 2954 4406 καὶ
2982 4350 3136 4417 θείας
3166 4351 3375 4408 ἄνωθεν
3397 4350 3581 4426 χειρὸς
3613 4367 3806 4422 συνερ-

2220 4442 2452 4513 γούσης.

2289 4712 2381 4782 ς’.
2409 4713 2635 4766 Πάντων
2662 4708 2756 4766 οὖν
2780 4711 3167 4778 συνελθόντων,
3192 4710 3383 4783 ὥσπερ
3411 4711 3580 4778 εἰκὸς,
3612 4710 3804 4780 ὲγκαί-

540 4804 725 4874 tcmpli
744 4804 844 4875 (8),
872 4813 1052 4876 utpar
1080 4813 1186 4871 est,
1210 4806 1455 4863 encaenia
1475 4806 1912 4873 celebrabantur,
1926 4816 1983 4863 et
2001 4806 2116 4864 dies

2216 4824 2307 4863 νια
2339 4805 2439 4877 μὲν
2471 4803 2567 4859 τοῦ
2593 4805 2782 4860 καινοῦ
2808 4804 3001 4859 τούτου
3037 4804 3167 4859 ναοῦ
3206 4805 3393 4877 ἦγετο.
3448 4803 3562 4859 Καὶ
3611 4804 3804 4875 ἡμέρα

536 4912 758 4969 quoque
795 4913 904 4969 quo
947 4898 1065 4971 ipsa
1116 4908 1324 4972 martyr
1373 4910 1654 4957 certamen
1696 4901 2119 4967 consummavit,

536 4990 679 5060 ipso,
731 4990 975 5061 inquam.
1025 4991 1345 5049 Decembre.
1378 4992 1655 5049 Vocabant
1710 5000 1892 5049 autem
1932 5007 2112 5049 encae-

536 5083 627 5137 nia
653 5082 728 5153 (9)
756 5091 812 5138 et
839 5082 1029 5139 fideles
1049 5083 1407 5154 imperatores
1428 5092 1484 5140 et
1515 5099 1733 5140 sacrum
1757 5093 2033 5152 senatum,
2058 5092 2116 5140 et

541 5175 855 5231 universam
907 5175 991 5248 (ut
1040 5175 1211 5232 semel
1232 5176 1431 5250 dicam)
1476 5176 1776 5233 civitatem.
1819 5175 2118 5247 Oportebat

538 5275 744 5330 autem,
780 5267 872 5339 qui
902 5268 1125 5332 latebat,
1148 5266 1491 5324 Marcianum
1529 5283 1596 5325 eo
1624 5269 1712 5325 die
1737 5268 1911 5325 videri
1940 5266 2118 5339 qualis

539 5368 687 5416 esset
723 5361 987 5428 moribus,
1022 5361 1202 5431 qualis
1242 5361 1445 5417 virtute
1484 5368 1537 5417 et
1566 5369 1827 5432 quantum
1876 5374 1936 5414 se
1975 5359 2115 5414 ultra

540 5450 795 5505 mandata
850 5450 1198 5507 extendebat.
1239 5447 1374 5505 Nam
1415 5465 1541 5505 cum
1591 5459 1704 5506 tota
1756 5457 2116 5504 concurreret

542 5538 732 5595 civitas
762 5549 819 5597 et
846 5553 1069 5613 egentes
1097 5557 1205 5598 una
1234 5556 1358 5598 cum
1391 5555 1457 5597 ea
1492 5539 1727 5612 quodam
1758 5548 1918 5612 pacto
1947 5547 2116 5594 attra-

2221 4900 2343 4954 καθ’
2377 4898 2446 4970 ἢν
2475 4898 2568 4952 καὶ
2618 4897 2653 4967 ἡ
2708 4895 2921 4969 μάρτυς
2969 4897 3205 4952 ὲτελείου
3249 4898 3352 4969 τὴν
3388 4895 3637 4968 ἄθλησιν,
3678 4894 3803 4948 κατ’

2221 4989 2407 5057 αὐτὸν,
2439 4988 2605 5060 φημὶ,
2638 4988 2729 5042 τὸν
2745 4988 3101 5061 Δεκέμϐριον.
3137 4989 3352 5044 Ἐκάλει
3371 4988 3429 5043 δὲ
3456 4989 3525 5043 τά
3553 4988 3809 5058 ὲγκαίνια

2222 5085 2319 5138 καὶ
2351 5083 2478 5149 τοὺς
2509 5082 2738 5148 πιστοὺς
2768 5082 3037 5155 βασιλεῖς,
3089 5084 3187 5137 καὶ
3234 5083 3334 5155 τὴν
3391 5081 3547 5154 ἱερὰν
3582 5079 3807 5153 βουλὴν,

2222 5175 2318 5230 xal.
2336 5176 2436 5244 τὴν
2469 5174 2646 5242 πόλιν,
2680 5175 2757 5241 ὡς
2780 5176 2955 5230 εἰπεῖν
2993 5174 3236 5230 ἃπασαν.
3310 5173 3460 5229 Ἔδει
3489 5172 3548 5229 δὲ
3575 5173 3686 5244 ἄρα
3711 5173 3813 5227 καὶ

2220 5267 2543 5339 Μαρκιανὸν
2596 5267 2975 5339 κρυπτόμενον
3019 5267 3142 5322 κατ’
3198 5267 3371 5337 αὐτὴν
3424 5264 3658 5336 ὀφθῆναι
3703 5263 3813 5336 τὴν

2221 5357 2457 5429 ἡμέραν,
2504 5351 2617 5421 οἷος
2644 5357 2737 5411 τὸν
2776 5356 2979 5429 τρόπον
3021 5351 3112 5427 ἦν,
3154 5349 3266 5419 οἷος
3298 5355 3399 5426 τὴν
3427 5352 3656 5425 ἀρετὴν,
3714 5354 3817 5406 καὶ

2221 5447 2324 5518 τῆς
2347 5447 2567 5518 ἐντολῆς
2605 5447 2767 5502 πλέον
2806 5446 3277 5518 ἐπεκτεινόμενος.
3312 5446 3425 5515 Τῆς
3455 5445 3565 5516 γὰρ
3600 5443 3666 5514 δὴ
3712 5444 3815 5496 πό-

2221 5538 2361 5602 λεως
2398 5539 2801 5611 συντρεχούσης
2820 5538 3024 5612 πάσης,
3061 5538 3159 5593 xal.
3190 5538 3299 5592 τῶν
3323 5537 3596 5609 δεομένων
3616 5533 3770 5591 ὥσπε
3780 5558 3815 5607 ρ

622 5744 695 5815 (ξι)
738 5743 1029 5815 [tertiantur
1061 5746 1319 5815 templum
1342 5756 1544 5802 sanctae
1572 5745 1880 5803 Athanasize
1902 5762 1994 5801 an.
2019 5744 2139 5811 459,
2184 5755 2244 5801 ιιι
2266 5746 2429 5802 habet
2461 5745 2742 5803 Bai-unius.

622 5812 697 5881 (9)
738 5809 818 5879 Ad
842 5813 1112 5881 Eucwuia,
1142 5809 1268 5887 legit
1302 5816 1583 5873 Baronius.
