4152 6422
497 378 601 441 427

1486 376 1663 437 VITA
1702 375 1762 436 S.
1806 375 2188 437 MARCIANI
2228 376 2726 438 PRESBYTERI.

3644 372 3763 437 438

497 503 637 570 αὐτῇ
676 494 1177 566 συνεφελκομένων,
1209 494 1377 565 πένης
1402 513 1488 560 τις
1508 494 1827 566 προσελθὼν
1857 496 1935 567 τῷ
1958 513 2083 566 γεν-

2195 496 2470 563 herentur,
2499 512 2707 568 pauper
2734 494 2957 567 quidam
2982 495 3252 552 accedens
3278 493 3347 550 ad
3388 493 3538 549 hunc
3582 493 3760 548 virum

496 589 657 659 ναίω,
689 589 804 658 (καὶ
829 587 939 655 γὰρ
966 585 1288 658 ἐκζητοῦσιν
1308 580 1458 640 οὗτοι
1488 587 1588 643 καὶ
1622 586 1957 658 μανθάνουσι
1975 586 2077 651 τὰς

495 678 927 750 φιλανθρώπους
972 677 1151 749 ψυχὰς
1204 678 1360 732 οὐδὲν
1407 675 1570 751 ἦττον
1613 679 1647 751 ἢ
1695 680 1822 744 τοὺς
1864 680 2078 752 ἰατροὺς

492 773 545 823 οξ
579 769 928 841 κάμνοντες)·
977 769 1293 840 προσελθὼν
1323 770 1637 841 οὗνέὀλεψέ
1673 789 1736 826 τε
1792 772 1929 843 πρὸς
1978 772 2078 845 τὴν

494 862 665 918 αὐτοῦ
708 860 911 926 δεξιὰν,
952 864 1048 917 καὶ
1076 862 1199 934 ᾔτει
1234 862 1503 931 δέξασθαί·
1531 881 1586 921 τι
1615 862 1711 919 τοῦ
1743 863 1904 934 λιμοῦ
1934 864 2079 935 φάρ-

498 970 748 1022 μακον...
794 953 853 1006 Ὀ
878 952 937 1007 δὲ
979 952 1098 1026 (καὶ
1129 953 1239 1024 γὰρ
1271 949 1341 1026 ἦν
1400 953 1522 1015 τότε
1560 953 1700 1026 πρὸς
1751 954 1850 1026 μὲν
1879 954 2081 1010 κόλπον

493 1043 681 1113 φέρων
714 1042 889 1106 οὐδὲν,
947 1044 1081 1097 εἴσω
1111 1043 1172 1096 δὲ
1219 1044 1318 1114 τῆς
1365 1042 1547 1114 ψυχῆς
1605 1044 1827 1098 κόλπων
1878 1044 2081 1115 πολλὴν

491 1138 666 1197 ὅντως
698 1133 1049 1207 χρηστότητα
1074 1135 1169 1211 καὶ
1195 1135 1609 1205 μυσταγωγίαν)
1640 1138 1706 1190 ὲκ
1740 1135 1910 1206 μέσου
1940 1134 2080 1189 πάν-

492 1245 605 1281 των
657 1227 951 1297 γενόμενος
976 1268 991 1293 ,
1029 1228 1127 1283 καὶ
1173 1228 1250 1293 ὼς
1298 1227 1535 1298 μάλιστα
1593 1227 1928 1284 λανθάνοντα
1974 1244 2078 1280 που

491 1322 664 1376 τόπον
705 1319 1202 1391 περιϐλεψάμενος,
1245 1320 1513 1391 ἐτύγχανε
1543 1320 1601 1375 δὲ
1630 1319 1811 1375 οὐδενὶ¹
1857 1318 2004 1390 ἄλλῳ
2045 1317 2077 1389 ἢ

494 1414 581 1466 ἐνὶ
616 1411 806 1483 χιτῶνι
856 1412 1219 1483 σκεπόμενος,
1263 1412 1401 1483 ὅπερ
1430 1412 1525 1467 καὶ
1560 1411 1790 1481 σύνηθες
1815 1410 1964 1482 αὐτῷ
1992 1410 2082 1464 διὰ

499 1507 615 1575 βίου
638 1504 759 1557 δυσὶ
795 1502 873 1576 μὴ
898 1504 1215 1575 χρήσασθαι
1245 1504 1511 1576 ἱματίοις·
1555 1502 1731 1570 οὕτως
1756 1502 1848 1557 οὖν
1883 1504 2023 1574 ἔχων
2052 1503 2081 1556 6

501 1598 637 1657 θεῖος
683 1592 848 1665 ἀνὴρ,
896 1594 1077 1651 καίτοι
1129 1595 1259 1665 ῥᾷον
1297 1592 1359 1648 δν
1401 1594 1693 1665 ἀπολογία,
1738 1593 1834 1651 τοῦ
1869 1594 2082 1659 ἐνδεοῦς

509 1686 600 1757 τὴν
645 1685 891 1741 ἱκετείαν
936 1685 1378 1756 ἀφοσιώσασθαι,
1439 1687 1564 1740 ἐπεὶ
1621 1687 1714 1742 καὶ
1764 1686 1859 1743 τοῦ
1916 1687 2083 1759 μηδὲν

502 1774 807 1844 ἐπάγεσθαι
860 1776 1146 1848 μάρτυρας
1200 1772 1316 1845 εἶχε
1370 1775 1496 1839 τοὺς
1551 1774 1732 1830 πάντα
1786 1773 2082 1848 βλέποντας

2183 589 2459 660 egregium
2493 589 2552 659 (ii
2590 588 2736 643 enim
2774 587 3070 659 exquirunt
3099 601 3166 642 ac
3191 584 3684 656 diseuntbenignas
3708 595 3763 639 et

2184 680 2481 735 clementes
2503 680 2735 745 animas,
2762 695 2874 733 non
2899 694 3061 734 secus
3084 689 3248 749 atque
3272 678 3331 742 ii,
3360 677 3456 748 qui
3488 677 3758 740 laborant,

2183 768 2467 840 medicos),
2486 770 2757 825 accedens
2772 784 2924 841 ergo,
2958 769 3200 840 respexit
3221 767 3290 823 ad
3318 768 3438 839 ejus
3458 766 3759 830 dexteram,

2184 870 2242 919 et
2267 862 2422 934 petiit
2453 870 2512 918 ut
2543 861 2818 932 acciperet
2844 861 3066 931 aliquod
3094 859 3553 916 medicamentum
3581 857 3758 913 famis.

2185 953 2280 1010 Ille
2310 963 2492 1009 autem
2542 955 2696 1023 (tunc
2727 952 2873 1008 enim
2917 951 3054 1007 nihil
3087 951 3333 1023 gestabat
3381 950 3435 1004 in
3472 949 3620 1017 sinu,
3668 950 3760 1005 sed

2186 1060 2378 1102 revera
2429 1044 2667 1101 habebat
2713 1045 2858 1100 intra
2907 1044 3105 1099 animae
3149 1042 3329 1097 sinum
3368 1042 3765 1111 benignitatem

2187 1134 2413 1189 multam
2446 1142 2502 1189 et
2523 1133 2888 1200 clementiam,
2919 1150 3045 1190 cum
3071 1139 3317 1189 remotus
3341 1131 3536 1189 fuisset
3556 1131 3626 1188 ab
3656 1148 3771 1188 om-

2184 1223 2368 1289 nibus,
2397 1234 2454 1280 et
2492 1225 2673 1281 locum
2718 1225 3029 1297 aspexisset
3067 1223 3226 1280 valde
3270 1223 3570 1290 latentem,
3616 1222 3766 1277 nullo

2184 1326 2365 1377 autem
2396 1316 2524 1382 alio,
2549 1317 2655 1372 nisi
2685 1333 2793 1373 una
2824 1302 3105 1389 tegeretur.
3125 1317 3332 1383 tunica,
3371 1317 3517 1387 quod
3543 1316 3764 1387 quidem

2185 1409 2287 1464 fuit
2317 1409 2364 1463 ei
2401 1418 2512 1465 tota
2559 1409 2668 1466 vita
2717 1407 2985 1465 familiare
3016 1418 3077 1464 ut
3106 1409 3321 1465 duabus
3356 1424 3469 1465 non
3518 1418 3768 1465 uteretur

2187 1501 2390 1557 tunicis
2418 1518 2432 1555 :
2457 1516 2585 1556 cum
2614 1500 2695 1558 sic
2723 1515 2784 1559 se
2812 1500 3041 1558 haberet
3069 1502 3152 1557 vir
3185 1501 3428 1567 divinus,
3467 1502 3571 1557 etsi
3598 1502 3761 1559 facile

2170 1600 2304 1648 .erat
2320 1593 2630 1649 excusando
2650 1594 2968 1664 egestatem,
2993 1593 3259 1664 repellere
3287 1593 3763 1665 supplicationem:

2186 1698 2316 1739 nam
2339 1683 2485 1753 quod
2513 1682 2651 1738 nihil
2679 1683 2950 1753 portabat,
2991 1692 3159 1740 testes
3188 1682 3426 1741 habebat
3452 1698 3646 1739 omnes
3678 1684 3766 1738 in-

2189 1783 2408 1831 tuentes
2433 1776 2645 1833 oculos.
2677 1775 2795 1840 Ille,
2829 1777 3058 1847 perinde
3089 1791 3157 1833 ac
3190 1776 3247 1833 si.
3275 1792 3387 1833 non
3416 1776 3574 1834 daret
3598 1817 3613 1842 ,
3647 1778 3764 1833 ﬁeri

496 1865 811 1937 ὀφθαλμούς
839 1880 854 1896 ⁸
902 1867 1115 1929 ἐκεῖνος
1157 1864 1349 1937 ὥσπερ
1394 1866 1496 1920 οὐκ
1552 1865 1731 1930 ἄλλως
1776 1864 1838 1921 ὃν
1865 1906 1881 1933 ,
1927 1866 1978 1919 εἰ
2009 1864 2089 1936 μὴ

2195 1880 2300 1922 non
2332 1877 2536 1937 posset,
2568 1874 2630 1923 ut
2655 1881 2766 1921 non
2796 1866 2910 1922 Deo
2937 1865 3160 1922 aﬂ'erret
3194 1867 3523 1935 molestiam,
3551 1883 3678 1924 cum
3708 1883 3769 1924 se

494 1958 638 2027 δοίη,
670 1957 915 2026 λυπῆσαι
961 1956 1118 2022 Θεὸν,
1160 1956 1259 2011 καὶ⁴
1313 1954 1486 2029 αὐτὴν
1519 1956 1618 2027 τὴν
1648 1955 1855 2028 ἐσθῆτα
1889 1956 1957 2028 ἣν
1988 1956 2087 2026 μό-

492 2067 597 2120 νην
616 2049 1011 2122 περιεόἐόλητο
1028 2048 1237 2112 ἀποδὺς
1264 2048 1343 2119 τῷ
1360 2047 1598 2119 δεομένῳ
1617 2047 1914 2121 προθύμως
1933 2048 2087 2104 δίδω-

496 2159 575 2203 σι,
600 2143 693 2196 καὶ
710 2140 898 2195 λοιπὸν
926 2141 1209 2213 ἱερατικὴν
1226 2139 1418 2212 στολὴν
1436 2136 1548 2211 εἶχε
1573 2140 1742 2211 μόνην
1761 2141 1855 2193 καὶ
1870 2140 1960 2193 τὸν
1986 2156 2087 2209 φε-

495 2232 678 2307 λὼνην
693 2233 752 2287 τὸ
782 2233 944 2304 σῶμα
974 2231 1315 2304 κρύπτοντα,
1333 2230 1393 2286 ὃν
1421 2233 1514 2288 καὶ
1527 2231 1870 2302 πανταχόθεν
1900 2231 2089 2285 συνέλ-

496 2343 616 2381 κων
660 2323 737 2390 ὥς
773 2321 884 2380 οἷόν
927 2343 986 2379 τε
1020 2324 1205 2379 λαθεῖν
1257 2324 1543 2392 ἔσπευδεν,
1609 2325 1705 2379 καὶ
1754 2325 1815 2379 τὸ
1864 2324 2088 2395 γεγονὸς

496 2416 702 2487 ἄδηλον
744 2417 963 2471 πάντων
989 2417 1161 2470 θεῖναι
1198 2418 1310 2482 τοῖς
1340 2415 1663 2488 ὀφθαλμοῖς.

572 2506 653 2567 Z'.
696 2508 856 2563 Ἐπεὶ
891 2508 949 2562 δὲ
1013 2508 1108 2563 καὶ
1149 2508 1213 2563 τὸ
1255 2508 1404 2582 ἱερὸν
1457 2511 1654 2577 αὐτοὺς
1709 2510 1859 2566 Ενδον
1916 2505 2087 2582 εἶχεν,

497 2599 655 2673 αὐτῷ
682 2600 739 2654 δὲ
765 2601 867 2671 τὴν
912 2600 1065 2655 θείαν
1112 2601 1461 2673 ίερολογῆσαι
1506 2605 1902 2675 μυσταγωγίαν
1923 2607 1952 2660 6
1977 2605 2089 2659 τῶν

503 2693 706 2764 ἱερέων
731 2691 950 2764 πρῶτος
968 2693 1296 2766 ἐπέτρεπεν,
1320 2696 1348 2747 6
1374 2695 1476 2765 μὲν
1503 2697 1706 2766 ὁμοίως
1725 2695 1819 2752 τὸν
1844 2695 2091 2768 φελὼνην

500 2785 715 2856 συνῆγέ
746 2802 807 2839 τε
838 2786 935 2841 καὶ
986 2785 1351 2854 συνέπτυσσε,
1385 2785 1593 2851 λαθεῖν,
1630 2787 1709 2854 ὡς
1753 2788 1988 2860 ἔφημεν,
2029 2788 2092 2842 τὸ

499 2877 745 2945 πρᾶγμα
778 2874 1122 2939 σπουδάζων.
1153 2877 1217 2931 0i
1242 2876 1300 2931 δέ
1337 2893 1401 2946 γε
1454 2876 1835 2951 παρεστῶτες,
1870 2878 1967 2933 καὶ
1995 2877 2093 2933 σὺν

498 2967 690 3030 αὐτοῖς
709 2966 739 3019 6
766 2967 1087 3038 ἀρχιερεὺς,
1126 2968 1252 3034 τοὺς
1282 2968 1599 3040 ὀφθαλμοὺς
1632 2968 1782 3041 αὐτῷ
1799 2968 2093 3042 προσερείο

500 3076 703 3122 σαντες
729 3058 1118 3129 ὁρῶσι-θαῦμά
1147 3076 1200 3113 τι
1251 3059 1438 3115 καινὸν
1489 3060 1586 3115 καὶ
1626 3059 1970 3131 ἀπόρρητον,
1998 3062 2095 3115 καὶ

500 3152 697 3222 σχεδὸν
720 3153 904 3216 αὐτοῖς
941 3151 1123 3227 μόνοις
1154 3154 1349 3207 πιστὸν
1397 3154 1512 3218 τοῖς
1560 3153 1920 3225 θεασαμένοις
1946 3171 1961 3187 ο
1993 3153 2092 3225 βαε-
2117 3164 2178 3227 μ’

501 3248 722 3319 σιλικήν
761 3262 883 3300 τινα
914 3247 1109 3317 στολὴν
1165 3246 1413 3315 ὲξαισίαν
1441 3245 1539 3301 καὶ
1590 3247 1801 3319 χρυσίῳ
1843 3246 2088 3318 λαμπρῷ

500 3341 875 3397 κατάστικτον
917 3339 1049 3393 εῐσω
1094 3337 1598 3411 περιϐεϐλημένην,
1628 3340 1665 3412 ἢ
1705 3339 1771 3410 δὴ
1815 3340 1913 3393 κα)⁸
1966 3339 2089 3393 τότε

501 3431 903 3504 φανερώτερον
932 3431 1041 3485 τῶν
1075 3430 1274 3504 χειρῶν
1302 3429 1630 3501 διεφαίνετο,
1661 3432 1750 3486 ὅτε
1798 3432 1895 3487 τοῦ
1945 3428 2091 3485 θείου

500 3522 762 3595 σώματος
799 3521 1074 3592 μετεδίδου
1121 3523 1233 3585 τοῖς
1254 3518 1564 3592 προσιοῦσι.
1599 3520 1790 3587 Ταῦτα
1822 3518 2086 3592 ὁρῶντες,

502 3618 553 3669 οἱ
585 3614 690 3686 μὲν
720 3614 783 3667 τὺ
814 3614 1003 3684 θαῦμα
1029 3615 1158 3686 παρ’
1182 3616 1396 3676 ἑαυτοῖς
1428 3608 1599 3686 εῐχον,
1619 3615 1670 3667 oi
1703 3615 1760 3668 δὲ
1793 3616 1884 3669 καὶ
1910 3612 2094 3681 ἄλλοις

506 3707 869 3781 ἐξήγγελλον·
907 3708 961 3760 oi
1001 3707 1100 3778 μὲν
1145 3707 1223 3772 ὡς
1268 3707 1667 3777 θαυμάζοντες,
1707 3709 1758 3762 oi
1788 3707 1872 3773 δὲ,
1901 3706 2093 3775 ὥσπερ

513 3801 680 3880 εἰκὸς.
726 3801 824 3855 καὶ
877 3799 1220 3869 φθονοῦντες.
1257 3799 1321 3853 Οῖ
1362 3798 1459 3855 καὶ
1491 3799 1642 3870 αὐτῷ
1669 3801 1843 3871 δήπου
1883 3799 1960 3869 τῷ
1989 3800 2094 3870 ἀρ-

519 3895 689 3963 χιερεῖ
720 3892 990 3962 Ιένναδίῳ
1022 3890 1437 3965 προσελθόντες,
1485 3891 1562 3956 ὡς
1611 3893 1830 3962 ἀγνοεῖν
1854 3892 2094 3960 οἰόμενοι

526 3982 668 4055 ἅπερ
696 3985 893 4039 εἰδέναι
916 3982 1109 4038 τοῦτον
1135 3982 1255 4039 λίαν
1285 3982 1594 4045 ἐϐούλοντο,
1629 3981 2091 4051 ἀπαγγέλλουσιν.

523 4070 653 4127 Εἶτα
678 4074 775 4129 καὶ
800 4073 1083 4145 διασύρειν
1124 4072 1289 4127 αὐτὸν
1324 4070 1668 4144 ἐπεχείρουν,
1713 4072 1809 4124 καὶ
1841 4068 2095 4135 διαϐολὰς

516 4167 657 4223 κατὰ
674 4168 776 4238 τῆς
806 4167 1086 4241 μακαρίας
1139 4167 1356 4227 ἐκίνουν
1393 4167 1573 4239 ψυχῆς
1595 4179 1609 4195 ⁸
1647 4167 1744 4221 καὶ
1763 4163 1822 4230 ὃς
1846 4163 2092 4235 ἑωρακέ-

511 4278 599 4313 ναι
626 4261 729 4331 μὲν
762 4262 861 4316 καὶ
889 4260 1052 4325 αὐτὸς
1078 4259 1255 4329 ἔλεγε,
1278 4259 1371 4315 τὸν
1400 4258 1688 4331 δὲ’τρόπον
1716 4259 1959 4329 ἀγνοεῖν,
1995 4258 2094 4315 καὶ

509 4352 758 4422 ἀτεχνῶς
787 4351 1052 4429 ἐντούτῳ
1087 4350 1494 4423 διαπορεῖσθαι.

580 4442 674 4499 B'.
757 4445 914 4500 Ἐπεὶ
950 4445 1031 4506 ,δὲ
1076 4445 1173 4500 καὶ
1200 4445 1353 4510 τέλος
1383 4438 1497 4514 εἶχε
1521 4442 1828 4514 Μαρκιανῷ
1851 4443 1885 4513 ἡ
1920 4459 2096 4513 μυστ-

2188 1973 2252 2016 ea
2286 1959 2428 2032 ipsa,
2452 1975 2559 2030 qua
2597 1960 2712 2016 sola
2752 1959 2977 2016 indutus
3009 1970 3149 2025 erat,
3181 1970 3332 2017 veste
3373 1960 3631 2025 exuisset,
3670 1962 3766 2018 dat

2186 2050 2368 2123 egenti
2396 2059 2649 2123 prompto
2686 2060 2743 2109 et
2773 2052 2939 2108 alacri
2996 2053 3180 2109 animo
3216 2069 3230 2108 :
3263 2051 3413 2110 etde
3438 2063 3638 2110 caetero
3677 2053 3750 2109 ha.

2186 2142 2352 2201 bebat
2384 2144 2557 2199 solam
2585 2130 2794 2200 vestem
2835 2144 3247 2209 sacerdotalem,
3272 2153 3329 2201 et
3345 2145 3624 2217 penulam,
3647 2161 3768 2215 qua:

2188 2252 2389 2307 corpus
2409 2237 2753 2308 contegebat,
2777 2252 2940 2307 quam
2963 2237 3128 2303 etiam
3163 2237 3515 2308 undiqnaque
3546 2246 3757 2293 contra-

2189 2328 2354 2398 hens,
2386 2328 2643 2399 cupiebat
2678 2339 2942 2400 quantum
2975 2329 3092 2387 fieri
3133 2337 3375 2401 poterat,
3405 2329 3597 2395 latere,
3627 2337 3684 2385 et
3714 2328 3768 2384 id

2189 2419 2338 2491 quod
2372 2418 2575 2475 factum
2605 2419 2787 2476 fuerat
2819 2420 3062 2477 omnium
3087 2421 3268 2477 celare
3292 2419 3504 2476 oculos.

2260 2510 2375 2568 Vll.
2405 2511 2701 2584 Postquam
2723 2521 2905 2575 autem
2934 2512 3158 2568 fuerunt
3182 2512 3323 2569 intra
3342 2513 3515 2569 aedem
3539 2527 3770 2578 sacram,

2190 2604 2241 2662 ei
2255 2614 2440 2661 autem
2462 2605 2709 2664 divinum
2728 2604 3007 2667 celebrare
3023 2605 3350 2667 sacrificium
3371 2606 3536 2676 jussit
3562 2606 3773 2676 primus

2191 2694 2535 2756 sacerdotum
2570 2710 2583 2747 :
2612 2695 2702 2753 ille
2730 2694 2950 2766 quidem
2983 2694 3239 2765 penulam
3277 2694 3530 2750 similiter
3554 2703 3770 2750 contra-

2191 2786 2359 2843 hebat
2380 2796 2433 2843 et
2473 2787 2856 2860 complicabat,
2890 2787 3142 2858 cupiens,
3173 2794 3237 2845 ut
3263 2786 3518 2853 diximus,
3550 2802 3663 2841 rem
3693 2786 3771 2843 la-

2192 2886 2341 2935 tere.
2362 2877 2467 2944 Qui
2496 2885 2679 2933 autem
2707 2877 2961 2943 aderant,
2998 2885 3055 2933 et
3091 2891 3201 2933 una
3229 2890 3357 2931 cum
3389 2876 3471 2932 eis
3506 2875 3754 2946 pontifex

2194 2983 2321 3027 cum
2352 2969 2541 3025 oculos
2567 2969 2625 3024 in
2650 2983 2778 3025 eum
2807 2967 3146 3036 deiixissent,
3170 2967 3357 3029 vident
3377 2967 3650 3038 quoddam
3680 2982 3772 3025 no-

2194 3080 2325 3121 vum
2379 3074 2437 3121 et
2479 3080 2740 3121 arcanum
2773 3063 3133 3130 miraculum,
3170 3072 3226 3119 et
3271 3062 3667 3135 propemodum
3710 3060 3777 3118 iis

2196 3158 2373 3215 solum
2402 3159 2684 3221 credibile,
2710 3159 2803 3230 qui
2843 3166 3209 3230 aspexerunt:
3243 3157 3432 3215 vident
3459 3172 3585 3214 eum
3616 3156 3768 3213 intus

2195 3247 2449 3307 indutum
2468 3239 2665 3305 eximia
2688 3250 2924 3321 quadam
2953 3259 3107 3306 veste
3144 3249 3314 3322 regia,
3344 3258 3403 3305 et
3424 3263 3560 3305 auro
3586 3248 3778 3304 nitent“.

2196 3342 2509 3410 intertexta,
2545 3358 2667 3414 quae
2700 3351 2830 3401 tunc
2863 3344 3029 3400 etiam
3061 3344 3235 3415 magis
3260 3343 3560 3414 apparebat
3581 3342 3637 3396 in
3664 3357 3779 3396 ma-

2195 3434 2382 3502 nibus,
2413 3436 2630 3506 quando
2684 3451 2781 3493 eos
2832 3436 2943 3507 qui;
2966 3436 3319 3503 accedebant,
3342 3435 3530 3492 divino
3558 3449 3782 3504 corpore

2195 3526 2696 3598 impertiebatJlaec
2718 3528 2990 3595 videntes,
3015 3528 3104 3584 alii
3122 3529 3344 3598 quidem
3372 3525 3517 3599 apud
3535 3542 3595 3583 se
3616 3527 3781 3581 mira-

2195 3618 2399 3677 bantur
2426 3633 2441 3672 :
2479 3618 2571 3673 alii
2598 3626 2782 3675 autem
2821 3618 2944 3673 aliis
2970 3633 3189 3689 quoque
3215 3618 3575 3674 enuntiabant
3594 3657 3609 3683 ,
3637 3630 3780 3670 non-

2194 3709 2332 3767 nulli
2367 3708 2589 3785 quidem
2625 3718 2689 3766 ut
2728 3709 3086 3774 admirantes,
3121 3709 3373 3767 nonnulli
3414 3723 3573 3773 vero,
3599 3714 3662 3762 ut
3698 3716 3778 3763 est

2197 3796 2526 3864 verisimile,
2566 3798 2729 3854 etiam
2783 3798 3109 3855 invidentes.
3141 3798 3246 3865 Qui
3283 3799 3449 3855 etiam
3488 3797 3565 3853 'ad
3599 3799 3780 3867 ipsum

2198 3890 2515 3961 pontiﬁcem
2558 3890 2900 3948 Genuadium
2930 3891 3255 3947 accedentes
3297 3898 3557 3960 tanquam
3590 3887 3782 3943 existi-

2197 3991 2411 4039 mantes
2436 3999 2563 4039 eum
2586 3984 2801 4040 nescire
2825 3999 2947 4053 quae
2974 3999 3103 4040 eum
3121 3982 3265 4040 scire
3285 3982 3519 4040 maxime
3543 3980 3781 4045 volebat,

2197 4077 2246 4131 ei
2281 4076 2833 4133 renuntiant.Deinde
2852 4077 2904 4132 ei
2928 4077 3094 4133 etiam
3117 4076 3460 4133 conabantur
3477 4074 3784 4131 detrahere.

2197 4176 2254 4224 et
2277 4167 2571 4225 movebant
2602 4167 2904 4224 calumnias
2937 4167 3201 4224 adversus
3238 4166 3453 4223 beatam
3488 4165 3637 4222 illam
3670 4164 3786 4219 ani~

2198 4276 2365 4317 mam.
2427 4262 2498 4317 Et
2557 4262 2651 4319 ille
2718 4262 2961 4333 seipsum
3019 4277 3239 4334 quoque
3294 4261 3513 4318 dicebat
3555 4261 3782 4325 vidisse,

2198 4354 2421 4411 modum
2450 4363 2634 4412 autem
2653 4355 2924 4428 ignorare,
2952 4364 3099 4424 etse
3125 4371 3316 4413 revera
3338 4355 3407 4411 de
3434 4369 3503 4410 eo
3516 4354 3770 4410 dubitare

2267 4446 2409 4504 VIII.
2451 4446 2744 4517 Postquam
2775 4457 2959 4505 autem
2989 4463 3021 4504 a
3051 4447 3335 4504 Marciano,
3370 4446 3474 4502 fuit
3501 4445 3789 4516 impositus

508 4534 757 4605 αγωγία,
796 4535 1193 4606 ματακσλεῖται
1223 4534 1412 4589 τοῦτον
1443 4536 1474 4588 6
1506 4535 1872 4607 πατριάρχης,
1900 4534 2008 4606 ἰδίᾳ
2031 4552 2093 4590 τε

2201 4539 2325 4600 ﬁnis
2338 4539 2624 4603 sacriﬁcio.
2649 4555 2774 4596 eum
2801 4541 3034 4597 accersit
3058 4539 3388 4613 patriarcha,
3413 4546 3613 4593 etcum
3635 4548 3787 4592 seor-

508 4626 781 4699 ὲντυχὼν,
817 4628 949 4699 περὶ
994 4629 1095 4699 τῆς
1133 4626 1330 4698 στολῆς
1384 4626 1656 4692 ἐνεκάλει,
1711 4628 1804 4682 καὶ
1830 4627 1912 4681 ὅτι
1939 4627 2101 4699 βασι-

509 4720 669 4774 λεῦσι
706 4719 933 4789 μᾶλλον,
959 4719 1078 4774 ἀλλ’
1109 4721 1210 4792 οὐχ
1244 4718 1454 4791 ἱερεῦσι
1497 4718 1675 4774 ταῦτα
1705 4721 1998 4790 προσήκει.
2042 4718 2103 4775 Ὃ

515 4811 570 4866 δὲ
596 4812 681 4875 είς
709 4809 1024 4882 ἀποροῦντα
1055 4811 1257 4884 μᾶλλον
1280 4809 1609 4882 ἀπορηθεὶς,
1647 4809 1842 4863 πίπτει
1878 4827 1941 4864 τε
1965 4809 2105 4882 πρὸς

547 4904 635 4965 οῖς
666 4900 879 4955 ἐκείνου
903 4901 1052 4970 ποσὶ,
1075 4902 1173 4957 καὶ
1203 4900 1375 4958 πολλὰ
1402 4900 1616 4956 τούτων
1662 4901 1877 4973 δάκρυα
1931 4917 2105 4956 κατα-

515 4997 660 5065 χέων
693 4997 997 5066 ἀπηρνεῖτο
1031 4994 1354 5063 παντάπασι
1392 4993 1456 5048 τὸ
1501 4994 1713 5065 λεχθὲν,
1760 4994 1857 5049 καὶ
1887 4993 2107 5064 ἀπάτην

515 5088 821 5160 ὀφθαλμῶν
852 5084 990 5142 εἶναι
1026 5091 1088 5142 τὸ
1120 5089 1360 5159 πρᾶγμα
1379 5088 1770 5161 διισχυρίζετο.
1815 5086 1891 5142 Τὺ
1916 5088 2026 5159 γὰρ
2042 5085 2108 5159 δὴ

518 5183 624 5238 καὶ
648 5182 923 5254 φρονῆσαι
962 5183 1126 5252 μόνον
1172 5182 1443 5250 τοιοῦτον,
1490 5183 1647 5253 φησὶ,
1693 5180 1864 5253 μανία
1903 5182 2107 5252 σαφής.

518 5274 669 5347 Πρὸς
690 5274 868 5331 ταῦτα
889 5277 918 5329 6
941 5275 1289 5347 πατριάρχης
1311 5276 1430 5348 (καὶ
1445 5276 1557 5347 γὰρ
1582 5274 1780 5346 εὔηθες
1804 5270 1945 5351 εἶναι
1971 5274 2111 5349 ᾤετο

518 5370 621 5424 καὶ
649 5369 903 5439 φανερῶς
925 5368 1126 5437 ἄλογον
1159 5367 1376 5440 ὄμμασι
1414 5370 1527 5434 τοῖς
1572 5368 1725 5434 ἰδίοις
1777 5367 2107 5440 διαπιστεῖν)

521 5460 814 5531 ἁψάμενος
853 5460 1016 5525 εὐθὺς
1051 5459 1160 5533 ἰδίᾳ
1182 5460 1352 5532 χειρὶ,
1381 5460 1703 5517 ἀναστέλλει
1735 5462 1830 5515 τὸν
1859 5460 2110 5532 φελώνην

522 5551 697 5616 αὐτὸς
735 5554 804 5624 τῇ
858 5554 1107 5624 ἱερατικῇ
1167 5554 1264 5607 σὺν
1326 5552 1618 5624 ἀναστολῇ,
1683 5552 1777 5606 καὶ
1822 5553 1883 5607 τὸ
1923 5552 2112 5607 λοιπὸν

521 5645 718 5716 θαῦμα
740 5641 810 5717 ἦν
838 5647 935 5700 καὶ
963 5647 1246 5718 ὁρώμενον
1275 5647 1371 5699 καὶ
1398 5646 1717 5717 λεγόμενον.
1748 5646 1808 5700 Ὀ
1839 5644 1949 5716 γὰρ
1980 5660 2110 5717 χρυ-

520 5737 655 5803 σοῦς
695 5736 908 5802 ἐκεῖνος
952 5737 1141 5809 χιτὼν,
1173 5738 1201 5790 6
1236 5736 1421 5809 μικρῷ
1473 5737 1709 5807 πρόσθεν
1754 5737 2107 5809 βλεπόμενος,

523 5830 793 5905 σιῦδαμοῦ,
825 5832 1030 5907 γυμνὸς
1058 5831 1115 5887 δὲ
1146 5827 1213 5906 ἦν
1238 5833 1266 5887 6
1295 5831 1468 5902 ἅγιος,
1521 5831 1709 5905 ὥσπερ
1735 5831 1842 5904 ἄρα
1878 5833 1970 5885 καὶ
2019 5825 2109 5904 ἦν,

2207 4645 2328 4686 sum
2353 4631 2704 4697 conveniens,
2734 4631 2803 4688 de
2832 4640 2986 4688 veste
3017 4628 3402 4701 reprehendit,
3430 4627 3623 4683 dicens
3666 4642 3788 4682 eam

2208 4721 2381 4794 magis
2420 4721 2842 4793 imperatoribus
2870 4719 3168 4789 convenire
3195 4733 3359 4789 quam
3388 4716 3796 4774 sacerdotibus

2208 4813 2306 4869 llle
2332 4822 2515 4869 autem
2539 4813 2712 4885 magis
2735 4811 2902 4867 animi
2936 4811 3159 4876 dubius,
3201 4824 3366 4881 quam
3394 4809 3465 4878 is,
3505 4809 3597 4880 qui
3633 4807 3793 4864 dubi-

2211 4905 2379 4971 tabat,
2404 4905 2641 4977 procidit
2662 4905 2728 4963 ad
2760 4904 2929 4975 pedes
2948 4903 3118 4968 illius,
3148 4912 3204 4958 et
3238 4902 3295 4957 in
3317 4917 3415 4957 eos
3436 4901 3638 4957 multas
3668 4901 3792 4956 fun-

2210 5000 2347 5055 dens
2378 4999 2662 5070 lacrymas,
2691 4997 2926 5069 negabat
2945 4996 3172 5052 omnino
3196 4994 3251 5051 id
3275 4993 3420 5066 quod
3443 4993 3648 5049 dictum
3674 4992 3795 5047 fuc-
3832 5062 3837 5067 η

2211 5097 2316 5155 rat,
2356 5097 2413 5144 et
2459 5088 2678 5144 dicebat
2730 5087 2990 5158 deceptos
3036 5085 3205 5143 fuisse
3249 5084 3371 5155 ejus
3406 5084 3617 5140 oculos.
3665 5082 3796 5137 Tale

2211 5183 2342 5254 quid
2369 5181 2517 5240 enim
2540 5182 2635 5237 .vel
2668 5181 2846 5237 solum
2879 5179 3169 5252 cogitasse,
3209 5186 3397 5250 aperta
3438 5186 3522 5232 est
3561 5174 3793 5229 insania.

2213 5278 2297 5333 Ad
2317 5276 2436 5334 haec
2465 5275 2770 5347 patriarcha
2815 5275 3066 5344 (stultum
3108 5273 3259 5329 enim
3296 5269 3645 5328 existimabat
3684 5275 3740 5322 et
3765 5282 3796 5320 a

2214 5370 2427 5426 ratione
2447 5379 2636 5441 aperte
2663 5367 2924 5433 alienum,
2949 5366 3187 5439 propriis
3205 5381 3316 5422 non
3347 5362 3573 5420 credere
3601 5359 3798 5429 oculis)

2215 5475 2386 5516 manu
2428 5458 2648 5531 propria
2677 5457 3137 5527 statimtangens,
3170 5455 3374 5510 relaxat
3400 5452 3517 5523 ipse
3542 5447 3796 5520 penulam

2215 5553 2379 5611 simul
2414 5568 2538 5608 cum
2569 5560 2722 5608 veste
2753 5548 3099 5611 sacerdotali,
3138 5556 3196 5603 et
3232 5547 3302 5602 de
3332 5553 3532 5600 caztero
3558 5541 3790 5596 miracu-

2215 5647 2327 5702 lum
2363 5646 2653 5702 vidcbatur
2686 5653 2740 5699 et
2780 5642 3084 5699 dicebatur.
3141 5640 3271 5695 Nam
3316 5639 3405 5693 illa
3431 5634 3650 5707 quidem
3695 5648 3792 5688 auo

2215 5754 2330 5805 rea,
2369 5754 2490 5809 qum
2518 5739 2681 5807 paulo
2720 5743 2851 5793 ante
2898 5733 3208 5799 videbatur,
3260 5729 3464 5793 tunica,
3525 5735 3795 5796 nusquam

2217 5839 2333 5887 erat
2372 5847 2384 5884 :
2420 5831 2603 5887 nudus
2652 5840 2834 5885 autem
2872 5834 3094 5883 sanctus
3142 5823 3428 5882 videbatur
3468 5820 3611 5876 sicut
3657 5822 3788 5875 erat.
