4152 6408
433 373 540 438 43f)

1681 376 1966 437 MENSIS
2003 375 2136 438 JAN
2157 375 2464 439 UARIUS.

3595 373 3700 438 440

433 486 672 556 exceptis
710 486 794 540 his
839 487 1176 544 indumentis
1232 485 1669 542 sacerdotalibus
1712 504 1723 538 :
1781 489 1966 542 nudus
2001 530 2003 553 ε

2123 490 2247 561 δίχα
2274 491 2385 544 τῶν
2431 489 2725 560 ἱερατικῶν
2776 490 2980 545 τούτων
3036 489 3462 560 ἐπιϐλημάτωνυ
3495 491 3701 558 γυμνὸς

431 578 676 646 inquam.
708 580 801 648 qui
850 596 975 635 vere
1012 581 1193 635 aureis
1223 579 1440 634 virtutis
1480 578 1700 642 tunicis,
1747 594 1870 649 qua:
1915 579 2019 634 sub

431 682 710 742 aspectum
740 690 850 730 non
897 675 1119 736 cadunt,
1165 676 1470 746 tegebatur.
1532 674 1645 730 Hoc
1701 676 2016 746 pontificem

429 765 648 833 quidem
677 766 899 821 adducit
927 766 982 822 in
1016 767 1432 822 admirationem
1469 783 1482 818 :
1519 767 1573 821 in
1599 767 2016 822 admirationem

431 863 611 909 autem
658 856 879 912 adducit
921 858 1090 912 etiam
1137 859 1497 928 imperatores
1547 857 1681 928 (l0),
1734 873 1858 912 cum
1905 857 2016 926 jam

431 945 574 1000 fama
606 946 674 1001 ad
705 962 799 1001 eos
831 949 1179 1018 pervenisset
1215 965 1229 1001 :
1262 948 1468 1003 clarum
1495 957 1678 1002 autem
1703 947 1865 1017 erigit
1903 957 2016 1002 tro~

430 1052 605 1105 paeum
633 1039 864 1094 simuiet
890 1041 1153 1096 adversus
1175 1039 1463 1111 malignam
1487 1048 1543 1094 et
1564 1039 1878 1094 sceleratam
1903 1040 2016 1094 Arii

430 1127 532 1200 [αι.
563 1128 1208 1204 Eutychetisjinsaniam,
1231 1147 1374 1201 quae,
1399 1132 1531 1200 proh
1547 1131 1720 1186 dolor!
1753 1145 1922 1201 usque
1949 1133 2014 1186 ad

427 1219 480 1275 id
505 1230 718 1293 tempus
746 1223 1138 1281 defendebatur
1173 1225 1242 1281 ab
1275 1223 1840 1294 aliquibus.Fidelium
1870 1226 2014 1279 enim

429 1314 740 1380 multitudo,
767 1333 891 1372 cum
920 1317 1180 1373 miraculo
1213 1317 1265 1372 ei
1295 1325 1442 1372 esset
1476 1317 1638 1371 veluti
1657 1317 1873 1372 additus
1897 1319 2016 1371 ani-

429 1414 631 1469 mus,et
649 1407 705 1461 in
724 1416 868 1462 recta
885 1417 1030 1463 esset
1043 1407 1657 1472 conﬂrmatasententia,
1671 1405 1784 1461 Arii
1798 1408 2014 1477 quidem

426 1496 675 1566 dogmata
713 1500 1000 1569 respuebat
1028 1509 1284 1570 tanquam
1324 1516 1498 1572 nugas
1530 1519 1543 1554 :
1578 1500 1681 1571 ipsi
1710 1509 1895 1555 autem
1928 1518 2018 1572 pe-

427 1582 581 1639 rinde
597 1601 660 1640 ac
679 1588 926 1656 quaedam
954 1589 1200 1644 amnium
1239 1588 1463 1656 ﬂuenta,
1488 1599 1742 1661 prompto
1766 1600 1822 1646 et
1849 1592 2016 1646 alacri

425 1678 608 1732 animo
630 1680 698 1734 ad
730 1681 992 1752 templum
1015 1682 1384 1752 conﬂuebant,
1411 1684 1608 1755 partim
1635 1685 1859 1754 quidem
1884 1701 2015 1741 con-

426 1771 738 1840 templaturi
775 1775 894 1845 ejus
921 1776 1407 1846 pulchritudinem,
1429 1777 1622 1848 partim
1639 1787 1820 1833 autem
1840 1787 2015 1834 rectos

2120 583 2148 634 6
2182 584 2406 653 χρυσοῖς
2457 582 2632 648 ῦντως
2685 581 2784 652 τῆς
2841 582 3046 654 ἀρετῆς
3078 582 3268 654 χιτῶσι
3299 584 3415 644 τοῖς
3448 581 3700 642 ἀθεάτοις

2121 673 2476 743 σκεπόμενος.
2511 672 2682 727 Τοῦτο
2720 673 2962 744 ἐξίστησι
3002 675 3103 744 μὲν
3130 673 3221 726 τὸν
3276 673 3569 743 ἀρχιερέα,
3607 672 3697 736 ἐξ·

2123 762 2306 832 ίστησι
2335 761 2392 815 δέ
2414 761 2542 827 τοὺς
2571 763 2932 834 κρατοῦντας,
2965 763 3068 836 ἤδη
3109 763 3203 817 τοῦ
3241 763 3403 832 λόγου
3443 763 3535 816 καὶ
3561 761 3699 832 πρὸς

2120 853 2318 917 αὐτοὺς
2361 853 2730 918 διαϐαίνοντος
2756 869 2771 886 ·
2812 854 2994 926 ἵστησι
3045 855 3104 909 δέ
3145 855 3409 926 τρόπαιον
3457 855 3699 924 ἐμφανὲς

2119 943 2263 999 κατὰ
2292 944 2386 998 τοῦ
2417 945 2658 1016 πονηροῦ
2677 945 2798 1017 ἅμα
2839 947 2935 1000 καὶ
2964 947 3065 1017 τῆς
3097 947 3304 1017 μιαρᾶς
3344 945 3555 1015 Ἀρείου
3589 961 3698 1015 μα-

2117 1038 2257 1104 νίας,
2305 1038 2410 1092 ὑπό
2445 1055 2646 1103 τινων,
2692 1038 2825 1107 φεῦί
2895 1038 3064 1093 εἰσέτι
3107 1037 3580 1109 πρεσϐευομένης.
3625 1036 3699 1088 Τὸ

2117 1132 2228 1203 γὰρ
2256 1131 2321 1203 δὴ
2348 1131 2460 1185 τῶν
2486 1131 2696 1186 πιστῶν
2727 1131 2933 1202 πλῆθος
2968 1129 3358 1200 ἀναθαρσῆσαν
3385 1127 3578 1199 ὥσπερ
3618 1127 3697 1198 τῷ

2121 1225 2379 1294 θαύματι,
2413 1224 2509 1277 καὶ
2565 1226 2632 1293 τῇ
2677 1223 2812 1295 ὀρθῇ
2845 1222 2971 1294 δόξῃ
3023 1221 3343 1292 βεϐαιωθέν,
3377 1221 3448 1274 τὰ
3481 1219 3694 1291 ’Δρείου

2121 1316 2220 1386 μὲν
2253 1315 2346 1368 ἴσα
2377 1314 2472 1368 καὶ
2509 1313 2713 1384 λήρους
2752 1313 3028 1367 διέπτυον·
3057 1312 3213 1366 αὐτοὶ
3259 1312 3316 1366 δὲ
3348 1310 3541 1381 ὥσπερ
3571 1309 3694 1362 τινὰ

2119 1403 2364 1476 ποταμοῦ
2417 1403 2664 1474 ῥεύματα
2705 1403 2784 1473 τῷ
2843 1402 2958 1474 ναῷ
3010 1400 3312 1472 προθύμως
3376 1400 3692 1472 συνέρρεον,

2117 1497 2277 1553 τοῦτο
2304 1497 2403 1568 μὲν
2429 1496 2490 1550 τὸ
2515 1495 2713 1560 κάλλος
2756 1495 2922 1550 αὐτοῦ
2953 1494 3298 1566 θεασόμενοι,
3317 1493 3478 1547 τοῦτο
3501 1492 3559 1545 δὲ
3599 1493 3694 1544 καὶ

2115 1590 2229 1645 τῶν
2249 1588 2424 1660 ὀρθῶν
2453 1587 2631 1658 λόγων
2661 1588 3120 1659 ἐπακουσόμενοι.
3158 1584 3348 1650 Οὕτως
3378 1584 3436 1638 δέ
3471 1582 3534 1637 τὸ
3563 1584 3695 1654 cop-

2120 1682 2242 1755 ῥέον
2273 1680 2409 1735 πολύ
2433 1698 2488 1734 τι
2515 1682 2610 1734 καὶ
2631 1681 2857 1752 άπειροθ
2887 1675 2976 1752 ἦν,
3007 1679 3148 1733 ὥστε
3184 1678 3280 1734 καὶ
3305 1676 3367 1732 τὸ
3399 1676 3512 1730 τῶν
3532 1693 3696 1747 περι-

2118 1775 2293 1830 ϐόλων
2331 1775 2500 1844 ἐγγὺς
2524 1773 2779 1843 γενέσθαι
2812 1773 2995 1844 μόνον,
3049 1768 3212 1826 ἆθλον
3263 1768 3502 1842 ἱδρώτων
3554 1761 3694 1822 εἶναι

424 1875 639 1930 quoque
661 1864 898 1919 audituri
937 1881 1240 1922 sermones.
1271 1867 1446 1922 Tanta
1477 1878 1660 1922 autem
1690 1877 1747 1922 et
1791 1879 1897 1922 tam
1925 1868 2003 1921 in-

2114 1865 2328 1922 πολλῶν
2374 1867 2470 1921 καὶ
2503 1865 2817 1936 φιλοτιμίας
2845 1863 2995 1929 ἄξιον
3045 1865 3156 1926 τοῖς
3209 1861 3424 1925 πολλοῖς
3476 1858 3696 1932 νομιζόο

426 1953 784 2008 numerabilis
811 1955 1119 2012 conﬂuebat
1143 1957 1458 2025 multitudo,
1493 1968 1551 2014 ut
1576 1959 1662 2014 vel
1691 1959 1866 2014 solum
1910 1975 2004 2014 ac-

2118 1977 2302 2029 μενον.

426 2043 661 2098 cessisse
692 2061 859 2116 prope
907 2049 1165 2114 ambitus,
1200 2059 1346 2106 esset
1381 2050 1664 2122 praemium
1704 2051 2001 2107 multorum
2041 2051 2324 2119 sudorum,
2383 2061 2440 2107 et
2499 2067 2529 2106 a
2565 2051 2752 2107 multis
2783 2049 3184 2106 existimaretur
3208 2049 3454 2121 dignum,
3489 2048 3556 2105 de
3585 2063 3694 2120 quo

425 2136 623 2191 acriter
651 2141 1070 2198 contenderent.

495 2233 585 2287 IX.
629 2235 1041 2294 Conveniebant
1080 2254 1230 2313 ergo,
1261 2241 1404 2297 diem
1450 2258 1620 2298 unum
1651 2243 1852 2299 festum
1897 2244 2005 2299 fre-

424 2329 612 2395 quenti
645 2329 904 2402 deinceps
953 2339 1198 2404 tempore
1245 2336 1605 2418 celebrantes.
1641 2337 1778 2394 Nam
1824 2339 1892 2394 ah
1939 2354 2005 2395 eo

423 2435 640 2489 quoque
671 2420 976 2491 frequentia
1005 2427 1207 2482 fiebant
1250 2428 1532 2485 miracula.
1570 2431 1649 2486 Ex
1678 2431 1898 2502 quibus,
1935 2447 2004 2486 ne

426 2511 480 2564 in
533 2513 722 2568 multis
769 2514 1018 2572 dicendis
1049 2517 1328 2588 immorer,
1376 2521 1592 2592 aliquod
1638 2539 1810 2578 unum
1860 2523 2005 2578 acci—

426 2601 581 2670 piens
625 2606 879 2672 narrabo,
922 2610 1065 2680 quod
1106 2612 1236 2668 satis
1279 2622 1362 2669 est
1407 2623 1464 2670 et
1510 2614 1580 2670 ad
1613 2616 2002 2672 ostendendam

424 2697 599 2766 magni
633 2696 887 2755 Marciani
923 2702 1170 2772 gratiam,
1208 2714 1260 2760 et
1294 2707 1438 2777 quod
1471 2707 1577 2764 hoc
1613 2723 1828 2764 sacrum
1865 2718 2003 2764 tem-

421 2789 570 2858 plum
622 2791 711 2847 Dei
757 2794 1038 2851 voluntate
1087 2796 1289 2854 factum
1331 2800 1403 2856 sit
1454 2817 1471 2856 :
1519 2799 1832 2858 Incendium
1865 2801 1998 2874 (ll),

421 2881 566 2950 quod
607 2899 716 2938 non
766 2887 936 2942 multa
982 2887 1173 2944 habuit
1216 2891 1434 2961 similia,
1475 2893 1642 2949 exitio
1685 2894 1850 2950 dabat
1896 2895 2006 2950 Ro—

422 2983 530 3028 stra
562 2975 672 3046 (1‘2)
717 2975 950 3034 Domini.
1000 2981 1134 3036 Nam
1183 2999 1307 3038 cum
1359 2984 1500 3054 ignis
1549 2987 2006 3056 apprehendisset

421 3063 560 3130 loca,
592 3081 713 3135 qure
747 3079 876 3123 sunt
905 3070 972 3124 ad
1002 3087 1152 3127 mare
1184 3071 1428 3139 Boreale,
1462 3083 1630 3130 totam
1667 3076 1857 3131 urbem
1889 3076 2008 3130 cin-

422 3157 601 3226 gebat,
632 3169 683 3214 et
716 3160 794 3215 sic
815 3177 1045 3233 serpens
1073 3164 1351 3229 ferociter,
1376 3183 1548 3237 usque
1577 3169 1643 3223 ad
1669 3184 1840 3233 mare,
1861 3169 2005 3239 quod

421 3255 508 3301 est
556 3247 608 3302 in
655 3252 903 3318 meridie,
953 3253 1277 3324 depascebat
1324 3258 1506 3312 omnia
1548 3274 1670 3328 qtun
1702 3259 2007 3314 intercede-

2184 2240 2264 2296 Θ¹.
2278 2238 2538 2293 Συνίεσαν
2560 2231 2676 2303 οὖν,
2696 2236 2890 2308 ἐορτὴν
2915 2234 3045 2306 μίαν
3065 2233 3261 2305 συχνὸν
3284 2233 3485 2305 ἐφεξῆς
3512 2234 3696 2288 ποιού-

2115 2349 2269 2404 μενοι
2289 2331 2486 2403 χρόνον
2513 2346 2527 2362 ο
2563 2331 2657 2383 καὶ
2681 2328 2937 2399 θαύματα
2968 2326 3206 2380 ἐτελεῖτο
3234 2326 3426 2397 συχνά.
3447 2320 3571 2394 Ὧν,
3605 2326 3695 2381 ινα

2116 2425 2192 2497 μὴ
2217 2425 2288 2479 τὰ
2320 2423 2493 2478 πολλὰ
2514 2423 2690 2491 λέγων
2718 2419 3062 2490 ἐνδιατρίϐω,
3079 2419 3140 2473 ἓν
3165 2419 3229 2488 γέ
3251 2435 3305 2472 τι
3329 2417 3538 2473 τούτων
3558 2419 3696 2474 ἀπο-

2112 2515 2292 2572 λαϐὼν
2352 2515 2714 2587 διηγήσομαι,
2759 2511 2944 2566 ίκανὸν
3004 2511 3359 2582 παραστῆσαι
3378 2511 3480 2580 τήν
3507 2509 3689 2594 τεῖτοῦ

2114 2609 2354 2682 μεγάλου
2389 2604 2712 2677 Μαρκιανοῦ
2741 2607 2926 2676 χάριν,
2972 2605 3068 2659 καὶ
3093 2603 3154 2657 τὸ
3206 2601 3300 2656 τὸν
3351 2603 3496 2674 ἱερὸν
3523 2602 3688 2657 αὑτοῦ

2111 2702 2280 2773 σηκὸν
2306 2699 2450 2755 κατὰ
2484 2697 2716 2769 γνώμην
2744 2695 3078 2766 γεγενῆσθαι
3123 2694 3284 2749 Θεοῦ*
3331 2695 3688 2766 Ἐμπρησμὸς

2109 2789 2222 2858 οἷος
2252 2792 2314 2846 οὐ
2337 2790 2568 2855 πολλοὺς
2601 2789 2752 2860 ἔχειν
2787 2787 3033 2858 ὁμοίους,
3065 2787 3194 2850 τοὺς
3224 2786 3486 2856 Δομνίνου
3521 2784 3690 2857 ἐμϐό-

2100 2886 2225 2950 λους
2248 2882 2650 2954 διελυμαίνετο.
2678 2880 2754 2933 Τὸ
2783 2881 2891 2950 γὰρ
2915 2879 3029 2950 πῦρ
3055 2878 3165 2933 τῶν
3200 2879 3338 2950 πρὸς
3367 2881 3432 2951 τῇ
3456 2877 3687 2953 ἀρκτῴα

2103 2978 2350 3051 θαλάσσῃ
2383 2975 2566 3029 τόπων
2589 2972 3002 3044 ἐπιλαϐόμενον,
3020 2972 3118 3044 τὴν
3133 2971 3288 3027 πόλιν
3305 2974 3435 3045 ὅλην
3458 2972 3686 3037 ἐζώννυ,

2105 3069 2198 3124 καὶ
2219 3067 2396 3131 οὕτως
2425 3066 2598 3138 ἕρπον
2628 3063 2839 3136 ἀγρίως
2861 3063 2990 3134 ἄχρι
3018 3064 3112 3118 καὶ
3140 3065 3240 3134 τῆς
3268 3065 3328 3120 ἐν
3367 3065 3690 3137 μεσημϐρίᾳ.

2103 3159 2386 3230 θαλάσσης
2421 3159 2598 3210 πάντα
2633 3156 2702 3207 τὰ
2737 3154 2942 3225 μεταξὺ
2971 3154 3305 3210 διεϐόσκετο.
3349 3155 3689 3221 ’Δκολούθως

2103 3253 2198 3306 οῦν
2249 3250 2346 3306 καὶ
2389 3256 2483 3303 τὸν
2529 3248 2676 3319 ἱερὸν
2722 3242 2874 3301 οῐκον
2918 3247 3108 3301 τοῦτον
3133 3249 3168 3318 ἡ
3212 3247 3308 3301 τοῦ
3337 3247 3510 3319 πυρὸς
3537 3248 3686 3320 ῥύμη

420 3336 574 3393 bant.
647 3340 1059 3411 Consequenter
1117 3361 1248 3417 ergo
1308 3347 1449 3402 hanc
1511 3363 1727 3418 quoque
1791 3364 1999 3403 sacram

2105 3362 2174 3399 πε
2184 3342 2533 3416 ριελάμϐανε.
2567 3341 2690 3394 Τῶν
2717 3336 2812 3394 οὖν
2827 3339 3046 3394 οἰκείων
3061 3339 3289 3403 ἕκαστος
3313 3339 3690 3412 ἀμελήσαντες

419 3427 589 3483 aedem
622 3429 762 3502 ignis
796 3435 1296 3504 comprehendebat
1329 3438 1585 3509 impetus.
1619 3440 2003 3510 Unusquisque

2107 3435 2408 3508 συμφορῶν
2434 3433 2565 3506 περί
2588 3433 2680 3486 τὸν
2710 3432 2836 3487 ναὸν
2867 3430 3124 3501 ἐκθύμως
3159 3430 3424 3504 ἐχώρουν,
3465 3432 3687 3502 ἀθεάτῳ

420 3532 550 3588 ergo
577 3521 813 3590 propriis
852 3523 1117 3595 neglectis
1164 3527 1585 3596 calamitatibus,
1627 3530 1696 3584 ad
1739 3531 2002 3600 templum

419 3617 624 3674 acriter
653 3623 1004 3691 procedebat,
1055 3626 1187 3697 igni,
1225 3628 1320 3697 qui
1365 3643 1477 3683 non
1521 3630 1868 3695 cernebatur,
1904 3645 2004 3684 eo-

419 3726 540 3764 rum
586 3711 936 3771 inﬂammatis
992 3717 1208 3774 animis.
1273 3718 1446 3775 llomo
1498 3731 1680 3775 autem
1717 3720 1810 3775 Dei
1864 3721 2001 3776 nihil

417 3803 759 3870 perterritus,
790 3815 845 3861 et
870 3823 938 3861 ne
974 3807 1017 3862 si
1047 3810 1269 3879 quidem
1295 3824 1420 3865 eum
1449 3811 1502 3865 in
1539 3812 1729 3867 orbem
1763 3813 2000 3868 circum-

417 3893 622 3950 sideret
657 3895 817 3967 ignis,
849 3899 1008 3954 nihili
1039 3899 1264 3963 faciens.
1297 3903 1390 3958 sed
1423 3903 1543 3960 fidei
1588 3904 1643 3958 in
1684 3903 1852 3958 Deum
1883 3920 2001 3959 cre-

417 3984 554 4040 dens
579 3990 762 4042 omnia
810 3990 1028 4055 cedere,
1076 3993 1248 4048 sacris
1294 3995 1534 4065 acceptis
1578 3995 1908 4067 Evangeliis,
1944 3996 1998 4051 in

312 4081 319 4089 '
419 4093 694 4132 summum
725 4087 928 4135 tectum
953 4085 1214 4150 ascendit,
1246 4095 1302 4140 et
1341 4096 1494 4141 stans
1536 4087 1591 4140 in
1631 4088 1812 4142 medio
1848 4089 2001 4142 ﬂam-

423 4181 545 4230 mae,
577 4177 632 4221 et
660 4183 719 4222 se
753 4181 1078 4228 convertens
1107 4173 1171 4228 ad
1201 4189 1390 4242 preces
1426 4193 1438 4228 :
1481 4173 1695 4230 Christe
1723 4177 1885 4242 Deus,
1918 4177 2001 4232 di-

422 4260 602 4326 cebat,
635 4259 778 4316 Deus
809 4273 1022 4333 patrum
1053 4275 1386 4332 nostrorum,
1415 4269 1505 4339 qui
1532 4269 1763 4325 Abrahae
1795 4273 2001 4327 sacriﬁ-

414 4352 558 4404 cium
593 4355 904 4424 suscepisti,
962 4367 1017 4411 et
1072 4359 1164 4428 qui
1195 4358 1246 4413 ei
1280 4375 1345 4413 ex
1399 4360 1760 4430 promissione
1802 4371 2000 4432 praeter

415 4459 566 4510 spem
603 4446 881 4514 praebuisti
915 4447 1108 4515 filium,
1140 4458 1337 4520 praater
1363 4467 1514 4518 spem
1545 4468 1574 4505 a
1614 4453 1760 4507 caede
1798 4454 1996 4509 libera-

415 4534 483 4587 sti
528 4535 662 4604 :qui
704 4537 866 4618 etiam
907 4538 962 4592 in
1010 4538 1229 4595 fornace
1269 4539 1592 4612 Babylonica
1639 4551 1753 4598 tres
1797 4559 1997 4613 pueros

411 4624 658 4692 captivos
687 4641 753 4680 eo
781 4627 1010 4684 eﬂ'ecisti
1041 4631 1411 4700 potentiores:
1446 4634 1562 4704 ipse
1589 4650 1737 4689 nunc
1755 4650 1994 4704 quoque,

416 4715 662 4784 Domine,
679 4718 817 4775 hanc
849 4730 993 4776 tuam
1018 4723 1238 4779 domum
1269 4740 1554 4786 conserva,
1583 4743 1654 4781 ne
1677 4727 1904 4781 lzedatur
1926 4729 1994 4783 ab

410 4805 535 4876 igne
568 4825 581 4861 :
615 4817 668 4863 et
701 4825 769 4865 ne
791 4813 1078 4880 concedas,
1106 4822 1167 4869 ut
1189 4831 1326 4885 Opus
1349 4824 1502 4871 tuum
1533 4817 1678 4886 quod
1701 4833 1802 4872 nos
1823 4819 1995 4874 multo

408 4895 595 4953 labore
615 4909 671 4954 et
695 4909 847 4957 tanto
876 4903 1205 4972 perfecimus
1231 4904 1526 4970 desiderio,
1558 4906 1698 4976 ignis
1726 4906 1993 4972 destruat,

409 5005 479 5043 ne
513 4992 692 5046 adhuc
720 5001 911 5064 pergat
941 4993 1202 5051 inimicus
1243 4995 1301 5050 in
1329 5011 1432 5051 nos
1461 4996 1762 5052 insolenter
1794 4997 1994 5069 gloria-

408 5084 474 5144 ri,
503 5098 605 5138 nec
641 5101 736 5140 ora
778 5085 1124 5151 Arianorum,
1156 5088 1251 5158 qui
1296 5098 1425 5143 sunt
1456 5089 1617 5146 nobis
1677 5091 1989 5162 propinqui,

406 5189 507 5227 nos
547 5174 758 5243 probris
809 5185 1110 5246 appetant:
1157 5177 1253 5232 sed
1298 5194 1444 5234 nunc
1493 5195 1710 5249 quoque
1759 5184 1986 5236 ostende

403 5265 607 5335 aliquid
638 5266 861 5339 dignum
888 5277 979 5324 tua
1001 5269 1337 5339 benignitate
1365 5281 1419 5326 et
1449 5273 1748 5342 majestate,
1779 5275 1846 5328 ad
1878 5273 1988 5345 glo-

403 5356 538 5409 riam
573 5357 647 5410 tui
677 5358 937 5423 nominis,
969 5368 1022 5412 et
1050 5357 1119 5413 ad
1144 5367 1409 5425 nostram,
1439 5360 1530 5430 qui
1566 5362 1779 5418 veritati
1809 5363 1985 5418 credi-

406 5433 546 5514 mus,
579 5449 956 5521 gloriationem
988 5461 1045 5511 et
1076 5454 1521 5511 exsultationem.

476 5605 586 5690 ρξ’)
617 5607 852 5690 beonem
894 5613 1011 5668 scil.
1045 5622 1100 5690 et
1131 5613 1321 5690 lrenen
1344 5619 1482 5689 Aug.
1509 5617 1781 5690 intelligit.

477 5676 586 5758 (tl)
635 5678 952 5758 Incendium
975 5676 1634 5758 urbisConstanthiopol.
1668 5676 1796 5744 avnni
1835 5689 1967 5758 465.

410 5742 494 5813 ne
515 5745 616 5799 hoc
653 5748 902 5805 incendio
938 5754 1061 5807 vide
1092 5755 1150 5806 Η
1203 5767 1258 5811 et
1289 5742 1382 5812 ‘29.
1426 5742 1679 5813 Deceml).
1718 5742 1774 5813 in
1833 5742 1968 5813 Vitis

407 5811 540 5868 Dan.
596 5817 822 5888 Stylitac,
857 5831 909 5874 et
965 5822 1197 5879 Marcelli
1249 5811 1568 5884 archimaud
1611 5811 1788 5902 Erag.

2105 3529 2242 3602 πυρὶ
2273 3527 2375 3591 τὰς
2424 3524 2604 3596 ψυχὰς
2655 3524 2817 3578 αὐτοὶ
2850 3523 3245 3595 διακαιόμενοι.
3286 3524 3346 3577 '0
3379 3524 3438 3578 δέ
3484 3541 3548 3593 γε
3591 3523 3685 3578 τοῦ

2103 3623 2238 3678 Θεοῦ
2272 3621 2561 3690 ἄνθρωπος
2587 3617 2740 3671 οὐδὲν
2771 3615 3178 3679 ἀποδειλιάσας,
3210 3615 3321 3670 οὐδ’
3357 3616 3688 3676 είκυκλόθεν

2103 3711 2254 3782 αύτῷ
2289 3709 2575 3782 περιχάνοι
2601 3707 2664 3761 τὸ
2695 3707 2809 3780 πῦρ
2833 3707 2988 3762 οὐδὲν
3018 3706 3688 3786 ὑπολογισάμενοςηάλλὰ

2101 3807 2170 3876 τῇ
2200 3803 2339 3874 πρὸς
2364 3801 2502 3856 Θεὸν
2535 3799 2720 3855 πίστει
2769 3801 2942 3854 εἴκειν
2998 3798 3180 3854 πάντα
3241 3799 3561 3868 πιστεύσας,
3617 3799 3688 3853 τὰ

2105 3897 2229 3968 ἰερᾰ
2259 3895 2441 3950 λαϐὼν
2465 3893 2806 3962 Εὐαγγέλια,
2835 3892 2928 3945 ἐπὶ
2949 3891 3010 3946 τὸ
3043 3891 3214 3962 ἄκρον
3236 3892 3335 3963 τῆς
3361 3892 3566 3964 ὀροφῆς
3589 3892 3688 3948 ἂν.

2101 4007 2240 4045 εισιν
2260 4007 2272 4021 ·
2313 3989 2409 4042 καὶ
2433 3987 2598 4058 μέσος
2624 3988 2690 4059 τῇ
2715 3985 2878 4056 φλογὶ
2892 3984 3205 4054 παραστὰς,
3237 3984 3430 4038 ἐαυτόν
3459 4002 3520 4036 τε
3549 3976 3686 4055 πρὸς

2103 4082 2269 4153 εὐχὴν
2296 4077 2596 4150 ἐπιτρέψας
2615 4091 2632 4110 ο
2671 4075 2877 4147 Χριστὲ
2903 4076 2932 4129 6
2953 4074 3108 4141 Θεὸς,
3131 4073 3342 4144 ἔλεγεν,
3369 4077 3396 4128 6
3419 4074 3557 4138 Θεὸς
3571 4074 3682 4128 τῶν

2103 4175 2360 4243 πατέρων
2379 4171 2560 4243 ήμῶν,
2579 4171 2607 4224 6
2622 4169 2928 4241 τὴνθυσίαν
2947 4168 3204 4238 Ἀϐραὰμ
3224 4167 3678 4239 προσδεξάμενος,

2101 4267 2196 4321 καὶ
2221 4265 2282 4318 ὃν
2328 4263 2388 4326 ἐξ
2422 4261 2757 4331 ἐπαγγελίας
2808 4259 2961 4332 αύτῷ
3009 4259 3140 4331 παρ’
3179 4260 3374 4314 ἐλπίδα
3409 4259 3684 4331 παρέσχες

2100 4358 2238 4421 υἱὸν,
2294 4356 2426 4426 παρ’
2465 4353 2660 4408 ἐλπίδα
2699 4352 2914 4424 σφαγῆς
2945 4352 3274 4423 ῥυσάμενος,
3305 4353 3334 4404 6
3379 4351 3476 4406 καὶ
3500 4352 3682 4404 Βαϐυ-

2099 4449 2299 4510 λωνίας
2369 4445 2602 4515 καμίνου
2660 4444 2794 4498 ποτὲ
2838 4446 2988 4514 τρεῖς
3043 4441 3431 4514 αἰχμαλώτους
3483 4442 3681 4504 παῖδας

2100 4538 2416 4611 κρείττονας
2437 4535 2610 4606 αὐτῆς
2638 4531 2944 4598 ἀναδείξας,
2966 4533 3129 4597 αὐτὸς
3150 4535 3243 4588 καὶ
3265 4533 3379 4600 νῦν,
3408 4535 3679 4600 Δέσποτα,

2098 4633 2190 4686 τὸν
2222 4627 2373 4685 οἷκον
2410 4628 2563 4683 τόνδε
2622 4627 2714 4682 τὸν
2747 4626 2840 4681 σὸν
2885 4626 3074 4696 ἅπαθῆ
3113 4626 3288 4696 πυρὸς
3324 4625 3676 4694 διαφύλαξον,

2021 4705 2074 4765 D
2100 4727 2194 4781 καὶ
2228 4728 2302 4796 μὴ
2335 4724 2452 4795 δῷς
2483 4723 2645 4795 ἔργον
2667 4720 2921 4775 τοσοῦτον
2952 4722 3090 4790 ὅπερ
3117 4723 3282 4791 ἡμεῖς
3322 4721 3472 4792 πόνῳ
3497 4721 3680 4791 πολλῷ

2095 4819 2197 4872 καὶ
2231 4817 2384 4888 πόθῳ
2413 4817 2492 4888 τῷ
2527 4815 2605 4887 σῷ
2647 4813 3085 4885 κατηρτίσαμεν,
3133 4813 3196 4866 τὸ
3241 4813 3354 4884 πῦρ
3404 4813 3676 4879 καθελεῖν,

2097 4913 2182 4966 ῖνα
2245 4911 2320 4982 μὴ
2375 4907 2588 4980 προσθῇ
2638 4908 2719 4960 ἔτι
2767 4905 2864 4959 τοῦ
2915 4905 3064 4975 μέγα
3109 4905 3298 4974 αὐχεῖν
3332 4905 3527 4977 ἐχθρὸς
3553 4906 3676 4960 καθ’

2093 5001 2271 5072 ἡμῶν,
2335 4999 2471 5071 μηδὲ
2518 4997 2630 5052 τῶν
2688 4994 3023 5065 ἐγγιζόντων
3047 4997 3182 5066 ἡμῖν
3222 4997 3522 5066 Ἀρειανῶν
3553 4997 3678 5050 στό-

2095 5107 2241 5162 ματα
2295 5087 2600 5159 ὀνειδισμὸν
2632 5087 2871 5140 λάϐωσιν
2921 5085 3007 5155 ἐφ’
3044 5089 3215 5156 ἡμᾶς’
3245 5086 3383 5140 ἀλλὰ
3410 5088 3586 5152 δεῖξόν
3623 5105 3676 5142 τι

2093 5182 2190 5237 καὶ
2214 5181 2309 5236 νῦν
2336 5180 2486 5246 ἄξιον
2513 5181 2612 5252 τῆς
2636 5181 2736 5251 σῆς
2762 5179 3132 5250 χρηστότητος
3161 5180 3256 5233 καὶ
3281 5181 3675 5253 μεγαλωσύνης

2093 5278 2174 5339 είς
2200 5275 2358 5340 δόξαν
2390 5274 2484 5328 τοῦ
2509 5273 2773 5344 ὀνόματός
2810 5289 2933 5337 σου,
2975 5273 3069 5324 καὶ
3107 5274 3140 5342 ή
3150 5273 3268 5344 μῶν
3314 5272 3424 5328 τῶν
3452 5274 3510 5328 ἐν
3541 5272 3676 5344 άλη-

2094 5369 2218 5442 θείᾳ
2246 5367 2616 5422 πιστευόντων
2651 5365 2916 5439 καύχημά
2947 5382 3006 5419 τε
3032 5366 3128 5419 καὶ
3158 5365 3492 5440 άγαλλίαμα.

2121 5621 2184 5674 ,1
2241 5660 2252 5674 .

2084 5636 2113 5675 c
2156 5621 2266 5760 (IS?)
2303 5691 2415 5745 Iloc
2444 5691 2609 5748 etiam
2639 5693 2864 5746 nomine
2901 5699 3278 5760 nuncupatam
3310 5706 3431 5752 esse
3480 5692 3664 5746 basili-

2077 5776 2196 5832 cam
2232 5761 2712 5832 Anastasianquod
2740 5765 2792 5816 in
2825 5779 2890 5815 eo
2915 5765 3034 5817 loco
3058 5762 3218 5832 Greg.
3249 5761 3507 5816 Nazianz.
3539 5763 3664 5831 pulv

2075 5831 2246 5901 pitum
2273 5833 2337 5887 ad
2364 5833 2653 5889 conciones
2683 5833 2960 5899 erexisset,
3001 5831 3264 5888 memorat
3299 5832 3578 5888 Baronius.
