4152 6412
402 392 510 456 L43

1634 381 1923 447 ΜΕΝὸιὲ
1962 378 2422 445 JANUARIUS.

3561 368 3665 431 Hi

404 505 550 556 enim
599 501 674 556 tui
725 499 1056 556 successoris
1105 514 1225 554 sum
1278 498 1333 554 id
1382 512 1573 552 rursus
1620 495 2021 551 excitaturus”

2126 492 2186 544 αὶ
2234 490 2327 544 τὸν
2362 489 2477 559 βίον
2526 487 2789 558 ἐπλήρου.
2841 482 3163 555 Μαρκιανὸς
3212 481 3272 537 δέ
3319 483 3349 537 ό
3394 481 3535 541 θεῖος
3582 484 3661 537 ei:

406 594 585 664 Atque
616 593 707 649 ille
743 593 962 664 quidem
994 592 1153 649 simul
1182 592 1398 662 jussum
1441 588 1702 659 implevit,
1733 596 1785 642 et
1820 584 1986 643 vitam

409 688 571 742 ﬁniit.
607 686 911 741 Marcianus
958 696 1143 741 autem
1197 685 1288 738 ille
1332 681 1694 746 admirabilis,
1745 695 1869 734 cum
1919 676 1988 731 ad

409 781 531 848 ejus
576 794 737 833 aures
774 776 1112 849 pervenisset
1160 777 1278 831 haec
1321 775 1481 839 visio,
1515 779 1680 842 atque
1727 769 1776 825 ei
1824 768 2023 824 etiam-

412 870 605 925 fcisset
638 869 831 923 tradita
858 883 1066 939 magnae
1105 865 1365 922 Ecclesiae
1394 860 1749 934 dispensatio,
1800 855 1992 914 existi-

414 978 568 1017 mans
610 962 885 1017 soumium
930 961 984 1015 id
1021 960 1087 1015 ad
1131 975 1191 1015 se
1236 957 1472 1024 deferre,
1522 956 1700 1011 varias
1746 951 1891 1022 apud
1932 965 1991 1005 se

419 1055 673 1110 versabat
702 1053 1081 1125 cogitationes,
1106 1066 1344 1122 quonam
1370 1048 1532 1105 modo
1558 1046 1675 1103 ﬁeri
1705 1053 1907 1116 posset,
1935 1051 1994 1098 ut

413 1147 466 1200 ei
509 1146 827 1203 succederet
869 1146 974 1201 hoc
1016 1160 1155 1215 opus
1199 1158 1264 1198 ex
1307 1141 1599 1198 sententia.
1632 1135 1995 1193 lnscientibus

416 1240 602 1309 itaque
626 1238 741 1294 fere
764 1237 1043 1302 omnibus,
1073 1250 1196 1290 cum
1227 1232 1418 1305 paucis
1443 1230 1649 1301 aliquot
1673 1228 1801 1283 illuc
1822 1226 1991 1282 venit.

419 1332 625 1388 Deinde
676 1331 840 1386 etiam
892 1343 1019 1384 cum
1058 1328 1210 1398 ipsos
1246 1324 1502 1396 iussisset
1545 1320 1840 1376 recedere:
1882 1319 1997 1388 jam

418 1423 567 1478 enim
629 1430 750 1476 erat
814 1435 924 1474 nox
977 1435 990 1472 :
1045 1417 1197 1473 solus
1252 1427 1309 1470 et
1349 1429 1492 1485 genu
1533 1423 1590 1468 et
1631 1411 1816 1466 anima
1866 1408 1999 1464 Deo

418 1513 699 1579 inclinata,
731 1512 822 1568 ubi
843 1525 991 1566 nunc
1019 1524 1173 1565 sacra
1213 1523 1308 1563 ara
1336 1517 1421 1563 est
1449 1506 1647 1578 posita,
1684 1505 1849 1568 Deus,
1880 1518 2004 1559 ora-

417 1607 534 1669 bat,
574 1606 784 1668 dicens,
823 1602 917 1673 qui
960 1598 1296 1656 exsecranda
1336 1598 1537 1669 templa
1582 1596 1999 1652 simulacrorum

419 1704 515 1748 tuo
543 1708 680 1747 nuru
719 1701 775 1748 et
806 1691 1031 1746 salutari
1065 1689 1350 1746 voluntate
1391 1687 1655 1752 evertisti,
1698 1686 1767 1742 ab
1811 1701 2001 1742 eorum

418 1793 601 1838 autem
626 1782 951 1853 deceptione
988 1796 1130 1852 opus
1162 1789 1383 1835 tuarum
1421 1792 1683 1834 manuum
1717 1777 1957 1834 liberasti
1985 1817 2003 1845 ,

418 1875 565 1929 aades
592 1881 777 1928 autem
818 1887 1005 1927 sacras
1037 1880 1093 1927 et
1139 1870 1340 1941 templa
1384 1878 1571 1925 sancta
1614 1867 1839 1925 excitari
1883 1868 2004 1939 jus-

418 1969 562 2034 sisti,
601 1968 654 2023 in
703 1967 904 2038 quibus
957 1975 1013 2022 tu
1066 1980 1286 2037 quoque
1345 1979 1563 2035 semper
1606 1964 1788 2020 divina
1835 1964 2005 2021 multa

418 2058 573 2125 signa
613 2055 827 2126 peragis
854 2074 868 2111 :
901 2054 1019 2126 ipse
1062 2071 1208 2111 nunc
1239 2070 1456 2126 quoque
1490 2054 1885 2110 convenienter
1912 2062 2006 2111 tuo

420 2149 608 2204 divino
642 2149 929 2220 promisso,
975 2149 1042 2203 ad
1087 2149 1236 2204 hunc
1278 2150 1457 2204 locum
1506 2149 1740 2219 reSpiee,
1781 2156 1837 2203 et
1877 2163 2005 2202 eum

345 2234 353 2243 ’
423 2239 701 2296 sanetiliea
733 2249 826 2295 tua
857 2240 1116 2295 ineffabili
1148 2248 1318 2311 gratia
1366 2248 1422 2295 et
1465 2241 1668 2295 virtute
1695 2256 1709 2294 :
1735 2254 1849 2310 per
1880 2254 2007 2305 nos,

424 2330 675 2394 Domine,
707 2329 954 2387 excitans
983 2331 1095 2401 jam
1134 2330 1229 2385 tibi
1263 2329 1650 2402 praecognitam
1680 2329 1902 2387 domum
1938 2328 2007 2387 ad

426 2433 575 2478 tuam
606 2423 854 2494 gloriam,
876 2423 945 2479 ad
966 2432 1209 2478 nostram
1241 2421 1686 2486 exsultationem,
1719 2420 1788 2476 ad
1821 2419 2011 2476 multa-

424 2530 546 2570 rum
599 2515 905 2569 animarum
941 2514 1198 2581 salutem,
1246 2529 1368 2584 qua:
1416 2521 1571 2569 tuum
1613 2527 1811 2569 nomen
1852 2510 2012 2567 invo-

427 2619 572 2664 cant.
607 2608 769 2663 Certe
814 2609 958 2664 Deus
999 2615 1055 2663 et
1093 2624 1187 2662 rex
1230 2606 1499 2671 omnium,
1543 2607 1702 2677 cujus
1745 2603 2015 2663 voluntati

427 2701 632 2756 cedunt
678 2701 881 2765 omnia,
946 2708 1003 2756 et
1047 2701 1204 2771 cujus
1250 2715 1380 2756 vere
1423 2708 1505 2755 est
1548 2714 1687 2770 opus
1732 2698 2011 2770 cogitatio.

429 2794 564 2849 Cum
618 2795 697 2849 sic
758 2802 991 2861 orasset,
1047 2793 1168 2863 ejus
1224 2792 1397 2848 oculis
1459 2807 1715 2847 somnum
1772 2791 2017 2847 immittit

432 2886 596 2950 Deus,
630 2894 685 2942 et
715 2886 899 2941 statim
934 2887 984 2941 ei
1026 2884 1267 2941 ostendit
1291 2884 1346 2939 in
1379 2883 1608 2949 somnis,
1639 2894 1691 2938 et
1724 2882 1908 2954 templi
1940 2881 2018 2937 si-

411 2988 570 3046 .tum,
602 2987 655 3033 et
695 2978 1153 3050 magnitudinem,
1186 2987 1242 3033 et
1267 2976 1424 3032 aliam
1458 2991 1679 3031 omnem
1702 2975 2017 3031 :ediﬁeatio-

434 3086 581 3126 nem.
634 3070 838 3124 Deinde
887 3069 1053 3124 etiam
1103 3069 1347 3124 divinam
1394 3077 1653 3139 tanquam
1707 3069 1762 3122 in
1810 3065 2020 3122 somnis

435 3165 651 3225 audivit.
683 3180 869 3222 vocem
905 3182 919 3231 ξ
970 3163 1016 3220 0
1061 3164 1353 3228 Marciane,
1397 3152 1514 3219 ﬁeri
1558 3171 1787 3235 possunt
1835 3160 2018 3216 omnia

435 3259 703 3315 credenti.

510 3349 644 3406 Xlll.
688 3348 825 3407 Cum
881 3350 1064 3422 itaque
1114 3348 1466 3412 surrexisset,
1514 3356 1661 3404 metu
1721 3356 1777 3403 et
1827 3345 2023 3418 gaudio

438 3443 654 3514 plenus,
690 3442 901 3498 accedit
928 3443 996 3498 ad
1043 3441 1543 3513 archiepiscopum,
1587 3450 1643 3496 et
1689 3439 1911 3510 exponit
1943 3439 2023 3494 vi-

440 3534 673 3589 sionem.
710 3534 855 3589 lllius
898 3543 1079 3590 autem
1122 3543 1335 3606 gratum
1382 3548 1670 3589 assensum
1718 3539 2022 3598 assecutus,

440 3628 509 3683 ad
549 3642 690 3699 opus
720 3626 1052 3699 aggreditur,
1086 3635 1143 3682 et
1187 3635 1268 3694 ut,
1300 3633 1464 3698 prout
1506 3624 1557 3680 ei
1601 3632 1878 3680 ostensum
1913 3622 2030 3676 lue-

442 3727 549 3781 rat,
606 3718 781 3774 aedem
840 3717 1048 3773 faceret
1110 3716 1476 3789 magniﬁcam,
1545 3731 1670 3771 cum
1724 3715 2032 3786 proximum

444 3829 615 3874 mare.
659 3812 803 3883 quod
849 3820 980 3868 tunc
1009 3810 1193 3882 templi
1250 3809 1395 3866 fores
1428 3809 1818 3880 propemodum
1861 3808 2031 3865 allue-

443 3906 558 3970 bat,
590 3905 777 3960 labore
825 3913 881 3959 et
918 3904 1131 3974 magnis
1162 3903 1471 3973 sumptibus
1509 3901 1807 3967 eli‘odisset,
1840 3900 2029 3972 templi

447 3999 531 4053 sic
554 3998 689 4067 jacit
717 3998 1130 4052 fundamentum
1166 4015 1179 4050 :
1214 3996 1351 4052 adeo
1395 4005 1455 4050 ut
1492 3996 1622 4050 huic
1649 3997 1867 4066 quoque
1895 4002 2031 4048 tem-

448 4090 540 4162 plo
575 4090 888 4169 conveniat,
920 4088 1062 4157 quod
1091 4087 1298 4143 dictum
1328 4096 1411 4142 est
1443 4105 1457 4141 :
1504 4087 1621 4158 lpse
1655 4101 1822 4155 super
1862 4085 2034 4139 maria
2072 4073 2083 4084 ’

451 4183 705 4239 fundavit
728 4197 871 4247 eam,
906 4181 1151 4236 omnium
1184 4181 1393 4237 scilicet
1417 4179 1619 4251 opifex.
1655 4180 1824 4236 Jactis
1851 4188 2031 4234 autem

450 4276 845 4339 fundamentis,
882 4274 1092 4345 reliqua
1125 4289 1343 4344 quoque
1373 4273 1550 4346 pergit
1587 4272 1875 4329 aediﬁcare.
1919 4271 2035 4327 Ma—

450 4368 677 4442 gniﬁcas
695 4368 840 4422 enim
861 4366 1144 4423 columnas
1163 4380 1260 4437 per
1276 4364 1473 4421 seriem
1492 4363 1746 4435 utrinque
1765 4372 2036 4431 statuens,

453 4460 651 4515 deinde
681 4459 815 4514 alias
867 4458 934 4514 iis
979 4474 1217 4531 superne
1250 4457 1561 4528 imponens,
1594 4456 1777 4513 effecit
1809 4455 2039 4511 inferio-

2044 3212 2090 3272 σ

2088 582 2266 652 ἀκοήν
2297 598 2357 635 τε
2380 580 2480 651 τῆς
2505 580 2684 650 ὅψεως
2709 579 2915 647 ταύτης
2948 575 3141 641 ἐλθὼν,
3174 572 3311 629 ἀλλά
3340 573 3437 627 καὶ
3464 571 3564 643 τὴν
3590 574 3668 625 οἱ-

2088 673 2349 744 κονομίαν
2379 673 2479 744 ήδη
2507 672 2605 743 τῆς
2637 671 2902 740 Μεγάλης
2929 666 3257 737 Ἑκκλησίας
3285 663 3667 735 ἐγχειρισθεὶς,

2089 768 2168 829 εἰς
2205 765 2366 819 αὐτὸν
2415 766 2603 836 φέρειν
2642 765 2734 818 τὸν
2771 763 2981 831 ὄνειρον
3031 759 3263 831 οἰηθεὶς,
3296 756 3577 817 ποικίλους
3601 749 3669 823 ἦν

2092 862 2341 933 στρέφων
2388 861 2511 916 καθ’
2544 861 2737 914 ἑαυτὸν
2778 857 3077 928 λογισμοὺς
3101 896 3118 922 ,
3154 854 3273 918 πῶς
3305 852 3375 907 ἀν
3404 850 3557 922 αὐτῷ
3576 851 3667 918 γέ-

2091 971 2236 1010 νοιτο
2263 956 2360 1008 καὶ
2387 954 2540 1007 τουτὶ¹
2572 953 2635 1006 τὸ
2659 952 2821 1022 ἔργον
2849 949 2993 1004 κατά
3011 946 3138 1002 νοῦν
3156 946 3452 1015 ἀποϐῆναι.
3478 940 3671 997 Λαϐὼν

2092 1046 2380 1118 τοιγαροῦν
2398 1046 2587 1118 σχεδὸν
2620 1046 2893 1108 ἅπαντας,
2935 1041 3054 1113 μετ’
3100 1040 3299 1107 ὀλίγων
3346 1036 3508 1091 τινῶν
3555 1036 3673 1088 ἐκεῖ

2093 1126 2326 1211 γίνεται.
2364 1137 2496 1193 Εῐτα
2522 1140 2620 1193 καὶ⁵
2645 1137 2844 1201 αὐτοὺς
2873 1132 3144 1195 κελεύσας
3191 1129 3501 1200 ὑποχωρεῖν
3550 1126 3671 1197 (ἤδη

2095 1236 2204 1303 γὰρ
2245 1233 2338 1288 καὶ
2367 1231 2464 1297 νὺξ
2507 1226 2622 1302 ἦν),
2666 1228 2826 1301 μόνος
2873 1225 2933 1281 τὺ
2973 1224 3104 1295 γόνυ
3138 1220 3235 1276 καὶ
3265 1221 3365 1290 τὴν
3392 1216 3572 1289 ψυχὴν
3598 1215 3675 1283 τῷ

2097 1325 2218 1396 Θεῷ
2247 1324 2459 1388 κλίνας,
2494 1322 2582 1376 ἵνα
2609 1320 2671 1374 τδ
2709 1320 2865 1388 ἅγιον
2911 1316 3008 1371 νῦν
3024 1312 3410 1383 θυσιαστήριον
3441 1309 3675 1379 ἵδρυται,

2112 1417 2171 1470 '0
2205 1416 2360 1479 Θεὸς,
2392 1413 2735 1486 προσηύχετο
2766 1410 2962 1479 λέγων,
2997 1404 3070 1460 τά
3097 1404 3197 1476 μὲν
3234 1400 3470 1457 εἰδώλων
3509 1397 3683 1469 μιαρά

2106 1510 2311 1581 τεμένη
2339 1507 2418 1580 τῷ
2461 1506 2542 1578 σῷ
2589 1505 2822 1576 νεύματι
2863 1503 2960 1557 καὶ
3007 1498 3271 1571 θελήματι
3313 1493 3392 1565 τῷ
3431 1490 3682 1561 σωτηρίῳ

2104 1600 2650 1673 καταστρεψάμενος,
2685 1597 2991 1670 ῥυσάμενος
3017 1592 3076 1647 δέ
3102 1591 3201 1662 τῆς
3262 1586 3444 1644 αὐτῶν
3467 1584 3684 1652 ἀπάτης

2104 1697 2168 1750 τὸ
2204 1694 2313 1751 τῶν
2336 1694 2445 1748 σῶν
2473 1690 2677 1765 χειρῶν
2702 1687 3119 1761 δημιούργημα,
3154 1680 3278 1754 ἱερά
3314 1680 3374 1734 δέ
3406 1679 3500 1734 καὶ
3524 1676 3686 1737 ναοὺς

2108 1789 2297 1859 ἁγίους
2342 1786 2653 1855 ἀναστῆσαι
2705 1780 2992 1846 κελεύσας,
3035 1780 3095 1834 ἐν
3128 1770 3211 1840 οἷς
3250 1773 3346 1829 καὶ
3373 1768 3576 1833 πολλὰς
3601 1767 3689 1821 ἀεί

2111 1898 2243 1936 ποτε
2281 1880 2381 1942 τὰς
2408 1877 2741 1951 θεοσημείας
2766 1872 3060 1938 ἐπιτελεῖς,
3089 1871 3257 1934 αὐτὸς
3290 1868 3388 1923 καὶ
3404 1865 3522 1929 νῦν,
3548 1862 3689 1928 κατά

2109 1975 2211 2046 τὴν
2258 1972 2465 2044 ἀψευδῆ
2519 1987 2612 2026 σου
2660 1967 3018 2038 ἐπαγγελίαν,
3065 1962 3358 2034 ἐπίϐλεψον
3404 1960 3499 2015 ἐπὶ
3538 1956 3690 2011 τόνδε

2107 2061 2201 2116 τὸν
2226 2060 2410 2125 τόπον,
2452 2060 2549 2113 καὶ
2597 2058 2825 2126 ἁγίασον
2873 2056 3038 2111 αὐτὸν
3084 2053 3313 2126 ἀρρήτῳ
3359 2066 3454 2105 σου
3508 2046 3691 2119 χάριτι

2110 2149 2208 2205 καὶ
2263 2150 2513 2220 δυνάμει,
2557 2147 2816 2212 ἀνιστῶν,
2838 2147 3110 2210 Δέσποτα,
3153 2143 3221 2198 δι’
3262 2139 3424 2212 ἡμῶν
3463 2138 3556 2192 τὸν
3584 2135 3686 2208 ἤδη

2112 2257 2196 2295 σοι
2231 2239 2683 2312 προεγνωσμένον
2707 2234 2858 2295 οἷκον
2879 2238 2961 2300 είς
2989 2234 3146 2300 δόξαν
3169 2232 3271 2305 τὴν
3293 2232 3416 2303 σὴν,
3447 2231 3528 2294 εἰς
3559 2226 3693 2299 ἐμὸν

2112 2333 2453 2403 ἁγαλλίαμα,
2489 2333 2571 2397 είς
2598 2330 2814 2386 πολλῶν
2838 2327 3028 2400 ψυχῶν
3060 2325 3339 2397 σωτηρίαν
3370 2322 3479 2376 τῶν
3500 2320 3561 2374 τὸ
3597 2318 3691 2371 σὺν

2114 2423 2289 2494 ὄνομα
2318 2423 2790 2492 ἐπικαλουμένων.
2831 2420 2966 2484 Ναὶ,
2999 2418 3103 2472 Θεέ
3126 2417 3345 2471 πάντων
3396 2412 3493 2466 καλ⁵
3540 2411 3696 2482 βασι-

2114 2518 2230 2580 λεῦ,
2282 2511 2345 2575 οὗ
2374 2517 2453 2592 τῷ
2483 2516 2752 2588 Θελήματι
2792 2515 2969 2571 πάντα
3000 2511 3160 2577 εἴκει,
3186 2508 3278 2564 καὶ
3324 2500 3498 2578 οὗπερ
3536 2503 3698 2575 ἔργον

2117 2610 2334 2681 ἀληθῶς
2356 2609 2417 2665 τὸ
2449 2609 2713 2680 ἐννόημα.
2749 2606 2937 2670 Οὖτως
2992 2602 3143 2674 αύτῷ
3196 2599 3482 2672 εὐξαμένῳ
3527 2596 3699 2650 ὕπνον

2119 2702 2382 2775 ἐμϐάλλει
2403 2704 2517 2764 τοῖς
2542 2700 2844 2771 ὀφθαλμοῖς
2867 2698 2897 2749 ό
2924 2693 3081 2759 Θεὸς,
3108 2693 3202 2747 καὶ
3215 2691 3348 2761 ὄναρ
3372 2688 3536 2752 εὐθὺς
3571 2704 3637 2740 πα
3648 2703 3705 2758 ρ-

2121 2795 2302 2865 ίστησι
2343 2794 2443 2864 τήν
2478 2809 2538 2846 τε
2571 2791 2722 2845 θέσιν
2767 2787 2863 2842 τοῦ
2892 2784 3041 2859 ἱεροῦ
3083 2785 3181 2837 καὶ
3220 2782 3282 2835 τὸ
3314 2779 3566 2852 μέγεθος,
3605 2780 3702 2831 καὶ

2119 2885 2220 2957 τὴν
2247 2886 2417 2957 ἄλλην
2472 2885 2654 2939 πᾶσαν
2700 2877 3041 2951 οἰκονομίαν.
3076 2869 3212 2930 Εῐτα
3237 2873 3334 2927 καὶ
3362 2870 3511 2934 θείας
3539 2867 3614 2930 ὼς
3644 2868 3705 2920 ἐν

2121 2976 2353 3048 ὀνείροις
2404 2975 2595 3031 ἀκούει
2660 2972 2845 3044 φωνῆς
2870 2987 2886 3004 ο
2916 2967 3226 3042 Μαρκιανὲ,
3286 2965 3466 3020 πάντα
3500 2958 3704 3016 δυνατά

2122 3066 2200 3139 τῷ
2233 3065 2568 3123 πιστεύοντι.

2199 3333 2301 3387 ll".
2340 3329 2606 3393 Ἀναστὰς
2643 3327 2740 3382 οὖν
2783 3326 2950 3396 φόϐου
2997 3327 3091 3381 καὶ
3114 3324 3291 3397 χαρᾶς
3322 3322 3580 3394 ἔμπλεως
3628 3321 3708 3391 τῷ

2128 3422 2549 3497 ἀρχιεπισκόπῳ
2578 3421 2886 3492 πρόσεισιν,
2918 3418 3015 3473 καὶ
3041 3417 3103 3471 τὸ
3147 3417 3336 3488 ὅραμα
3387 3412 3667 3485 ἐξηγεῖται
3688 3428 3704 3443 ·

2129 3519 2386 3574 κάκείνου
2417 3516 2474 3569 δέ
2511 3512 2960 3576 συνευδοκοῦντος
2994 3510 3176 3582 τυχὼν
3217 3508 3298 3581 τῷ
3338 3508 3486 3579 ἔργῳ
3516 3508 3710 3561 ἐαυτὸν

2129 3610 2336 3675 δίδωσι,
2369 3609 2464 3663 καλ⁸
2492 3606 2581 3661 ἵνα
2610 3605 2748 3675 πρὸς
2776 3604 2839 3658 τὸ
2862 3600 3181 3673 ύποδειχθέν
3201 3594 3352 3671 αὐτῷ
3386 3599 3579 3669 σχῆμα
3606 3613 3709 3666 με·

2131 3700 2457 3774 γαλοπρεπῆ
2495 3699 2587 3754 τὸν
2623 3694 2771 3752 οἷκον
2805 3696 3130 3767 ἐργάσηται,
3173 3692 3272 3765 τὴν
3299 3691 3587 3762 ἐγγυτάτω
3614 3688 3710 3741 θά-

2131 3796 2340 3851 λασσαν
2376 3793 2526 3864 πόνῳ
2560 3808 2623 3845 τε
2674 3790 2770 3846 καὶ
2808 3789 3081 3853 δαπάναις
3129 3787 3354 3849 πολλαῖς
3399 3783 3714 3856 ἀναχώσας,

2135 3882 2265 3962 ἄχρι
2300 3890 2424 3943 τότε
2446 3887 2546 3953 τὰς
2583 3885 2680 3939 τοῦ
2715 3883 2863 3956 ἱεροῦ
2895 3881 3067 3954 θύρας
3100 3879 3287 3951 σχεδὸν
3316 3877 3718 3940 ἐπικλύζουσαν

2135 3982 2280 4037 οὕτω
2307 3981 2408 4052 τὴν
2450 3977 2692 4050 κρηπῖδα
2743 3975 2840 4030 τοῦ
2884 3973 3016 4028 ναοῦ
3072 3969 3499 4033 καταϐάλλεται,
3523 3967 3599 4031 ὡς
3652 3965 3719 4020 ἂν

2137 4074 2233 4130 καὶ
2265 4074 2360 4128 ἐπὶ
2382 4073 2460 4142 τῷ
2482 4070 2597 4139 ναῷ
2618 4067 2753 4139 τῷδε
2792 4064 3034 4139 ἁρμόζον
3073 4062 3159 4135 εἴη
3191 4063 3254 4117 τὸ
3273 4064 3396 4135 είρη
3406 4060 3567 4133 μένον
3584 4075 3598 4090 ·
3619 4056 3723 4112 Αύ-

2136 4168 2231 4229 τδς
2256 4168 2349 4221 ἐπὶ
2381 4161 2668 4220 θαλασσῶν
2701 4158 3068 4230 ἐθεμελίωσεν
3096 4156 3290 4227 αὐτὴν,
3320 4155 3349 4208 ὁ
3382 4153 3602 4207 πάντων
3627 4150 3722 4221 δη-

2138 4258 2319 4313 λονότι
2352 4253 2720 4327 Δημιουργός.
2754 4250 2913 4307 Μετὰ
2950 4249 3009 4304 δέ
3052 4249 3152 4320 τὴν
3186 4247 3299 4301 τῶν
3325 4245 3593 4317 θεμελίων
3624 4259 3725 4295 κα-

2139 4350 2403 4420 ταϐολὴν,
2457 4346 2772 4409 ἀκολούθως
2827 4345 2926 4399 καὶ
2957 4343 3027 4397 τά
3075 4341 3241 4396 λοιπὰ
3281 4341 3382 4411 τῆς
3431 4336 3725 4408 οἰκοδομῆς

2141 4443 2390 4500 ἐπεδίδου
2414 4456 2430 4471 ·
2460 4441 2647 4505 κίονας
2684 4437 2795 4512 γάρ
2836 4427 3164 4508 διαπρεπεῖς
3212 4433 3495 4504 στοιχηδὸν
3533 4428 3728 4484 ἐκατέ-

454 4566 544 4607 res
565 4560 622 4606 et
652 4550 964 4621 superiores
993 4521 1258 4620 porticus.
1284 4547 1492 4604 Deinde
1522 4563 1647 4603 cum
1672 4554 1841 4601 totam
1865 4545 2021 4602 aede"

2148 4537 2321 4609 ρωθεν
2349 4534 2578 4604 στήσας,
2606 4531 2728 4586 εἶτα
2765 4528 2979 4594 τούτοις
3002 4526 3195 4591 ἀλλους
3223 4526 3338 4582 ἀνω
3366 4523 3600 4586 ἐπιθεὶς,
3623 4521 3726 4586 τάς

455 4643 602 4697 omni
621 4659 684 4697 ex
704 4615 853 4712 parte
874 4615 1383 4712 comprehendisset
1419 4640 1650 4697 subdiali
1673 4638 2021 4695 deambulato

2142 4647 2205 4684 τε
2236 4629 2389 4684 κάτω
2416 4626 2600 4690 στοάς,
2652 4623 2747 4678 καὶ
2798 4622 2898 4686 τὰς
2944 4619 3352 4691 ὑπερκειμένας
3405 4615 3726 4687 εἰργάσατο.

456 4731 564 4799 rio,
592 4734 661 4791 ita
684 4745 883 4791 tectum
907 4734 1158 4805 imponit,
1186 4733 1434 4789 maximis
1457 4733 1510 4790 id
1530 4734 1845 4804 complexus
1879 4731 2042 4788 trabi-

455 4833 578 4888 bus.
627 4833 731 4898 Qui
785 4840 967 4886 autem
1004 4828 1205 4886 dixerit
1231 4827 1524 4899 quispiam,
1552 4843 1715 4898 quam
1743 4827 1854 4882 sint
1878 4825 2038 4883 validi

459 4934 718 4996 parietes,
776 4938 939 4993 quam
971 4922 1043 4977 sit
1086 4934 1364 4979 ammnum
1422 4919 1815 4990 pavimentum,
1878 4933 2041 4987 quam

459 5020 571 5075 sint
599 5019 701 5072 alia
733 5017 916 5071 omnia
946 5024 1159 5082 ornata,
1191 5021 1467 5076 accurata,
1496 5021 1551 5067 et
1578 5010 1883 5085 elegantia?
1908 5010 2044 5067 Nam

463 5108 782 5177 ubicunque
823 5105 1096 5179 quispiam
1146 5105 1364 5161 oculum
1414 5102 1687 5171 deﬁxerit,
1721 5101 2044 5159 existimans

460 5217 519 5257 se
552 5199 831 5256 immorari
862 5199 921 5254 in
956 5213 1045 5265 eo,
1081 5197 1226 5267 quod
1252 5204 1336 5252 est
1364 5196 1817 5268 pulcherrimum,
1846 5194 2046 5249 deinde

463 5309 653 5353 rursus
710 5292 858 5348 aliud
922 5289 1220 5349 attenderit
1273 5308 1286 5345 :
1340 5305 1466 5346 eum
1519 5288 1810 5359 paenitebit
1853 5302 2042 5353 morae,

462 5403 624 5461 quam
673 5388 727 5442 in
775 5386 958 5457 priore
999 5385 1268 5440 traxerit:
1311 5392 1369 5439 et
1403 5384 1485 5440 sic
1526 5380 1709 5435 omnia
1743 5380 2047 5451 pervadens

466 5480 731 5547 inveniet,
758 5495 883 5535 cum
915 5494 1134 5550 semper
1165 5477 1240 5544 id,
1285 5476 1428 5547 quod
1472 5476 1771 5548 praecessit,
1800 5476 2049 5531 videatur

466 5573 614 5629 vinci
642 5573 711 5628 ab
753 5588 820 5628 eo
863 5571 1009 5642 quod
1037 5572 1212 5628 adest.
1265 5568 1584 5640 Cujusmodi
1623 5578 1806 5625 autem
1848 5566 2050 5622 invasit

469 5681 688 5736 quoque
734 5665 971 5729 daemon,
1029 5666 1135 5721 hoc
1190 5664 1514 5734 praclarum
1575 5678 1716 5734 opus
1778 5661 2048 5731 impedire

472 5754 829 5823 aggrediens?
876 5755 1009 5807 Nam
1058 5771 1183 5809 cum
1214 5756 1336 5811 dua:
1367 5770 1576 5827 magna:
1607 5754 1894 5817 columna,
1927 5766 2050 5822 qum

472 5851 690 5900 statutae
729 5853 884 5899 erant
930 5854 1056 5901 ante
1085 5862 1232 5902 aram
1282 5846 1679 5913 venerandam,
1710 5845 1820 5916 jam
1866 5852 2048 5899 essent

2147 4718 2281 4777 Εῐτα
2309 4718 2581 4775 διαλαϐὼν
2610 4713 2907 4786 ὑπαίθροις
2933 4712 3026 4766 τὸν
3053 4707 3203 4764 οῖκον
3238 4705 3605 4778 πανταχόθεν,
3632 4702 3728 4758 ού-

2145 4835 2225 4873 τω
2271 4818 2372 4887 τὴν
2417 4812 2624 4887 ὀροφὴν
2667 4807 2969 4878 ἐπιτίθησι,
3000 4803 3179 4872 ξύλοις
3217 4801 3389 4875 αὐτὴν
3450 4799 3730 4872 μεγίστοις

2147 4908 2460 4983 περιλαϐὼν
2487 4947 2503 4974 ,
2528 4907 2625 4962 καὶ
2647 4902 2896 4975 μολύϐδῳ
2929 4898 3208 4971 καλύψας.
3247 4897 3314 4951 Τί
3350 4895 3415 4950 ἄν
3458 4911 3544 4957 τις
3583 4891 3729 4945 εἶπαι

2148 5005 2278 5078 περὶ
2301 5003 2402 5073 τῆς
2431 5000 2541 5056 τῶν
2563 4999 2762 5071 τοίχων
2797 4993 3183 5069 περῤότητος,
3204 4991 3334 5062 περὶ
3362 4987 3462 5057 τῆς
3484 4986 3579 5040 τοῦ
3611 4983 3704 5038 est

2148 5113 2283 5168 φους
2310 5093 2698 5166 τερπνότητος,
2730 5089 2862 5159 περὶ
2900 5089 3002 5160 τῆς
3029 5086 3139 5158 τῶν
3164 5083 3341 5139 ἀλλων
3371 5080 3588 5136 πάντων
3639 5090 3731 5168 ιν-

2148 5165 2386 5257 κοσμίας
2414 5181 2679 5255 ἀκριϐοῦς
2720 5181 2816 5236 καὶ
2852 5178 3003 5251 ὥρας
3029 5196 3046 5246 ;
3076 5175 3247 5231 Ἔνθα
3303 5172 3412 5244 γὰρ
3436 5171 3503 5226 ἄν
3532 5185 3614 5231 τις
3643 5165 3735 5219 τὸν

2147 5279 2424 5353 ὀφθαλμὸν
2441 5277 2660 5347 ἐρείσας
2682 5271 3021 5346 προσμείνοι,
3054 5268 3132 5340 τῷ
3158 5264 3437 5333 καλλίστῳ
3470 5258 3705 5332 προσκεῖ

2152 5375 2275 5429 σθαι
2322 5370 2532 5434 δοκῶν,
2579 5365 2702 5423 εἶτα
2752 5366 2918 5423 πάλιν
2967 5361 3144 5435 ἐτὲρῳ
3196 5355 3468 5431 προσχοίη
3494 5367 3509 5384 ⁸
3570 5367 3740 5424 μετα-

2153 5469 2381 5541 μελήσει
2464 5463 2642 5535 τούτῳ
2712 5462 2815 5533 τῆς
2869 5455 3145 5529 προτέρας
3222 5448 3509 5541 διατριϐῆς
3536 5487 3612 5541 ,ῃ
3638 5442 3735 5497 καὶ

2150 5537 2292 5616 ea...
2316 5560 2406 5615 διὰ
2434 5559 2654 5613 πάντων
2708 5553 2883 5609 ἐπιὼν
2927 5550 3176 5624 εὑρήσει,
3230 5544 3327 5599 τοῦ
3373 5537 3740 5614 προλαϐόντος

2151 5652 2237 5705 ἀεί
2316 5666 2448 5703 ποτε
2517 5645 2771 5701 νικᾶσθαι
2857 5639 3187 5712 φαινομένου
3261 5634 3339 5707 τῷ
3401 5627 3735 5701 παρεστῶτι.

2154 5740 2276 5808 Οἷος
2344 5743 2402 5796 δὲ
2460 5740 2556 5795 καὶ
2609 5740 2638 5793 ὁ
2696 5735 2907 5807 δαίμων
2964 5730 3166 5802 ἐπῆλθε
3226 5726 3304 5798 τῷ
3362 5721 3513 5795 καλῷ
3568 5718 3742 5787 τούτῳ

2154 5841 2298 5915 ἔργῳ
2332 5834 2644 5911 ἐμποδίζειν
2676 5827 2974 5905 ἐπιχειρῶν
2998 5828 3010 5881 !
3038 5825 3160 5880 Τῶν
3199 5823 3305 5894 γάρ
3337 5816 3588 5894 μεγάλων
3617 5811 3744 5867 τούς·
