4152 6406
309 383 410 447 44Ἰ

1585 379 1872 442 MENSIS
1903 379 2367 443 JANUARIUS.

3476 380 3579 445 ΕΗ

315 515 442 555 vera
505 498 846 565 Marcianus;
902 513 1006 554 nec
1059 511 1312 568 magnum
1366 512 1585 568 quoque
1656 498 1894 571 neglexit

2011 495 2115 549 >ύδὲ
2147 496 2212 551 τά
2254 496 2384 567 περὶ
2418 495 2508 550 τὸν
2563 496 2738 569 μέγαν
2780 498 3046 573 Ἰσίδωρον
3113 500 3334 572 ἀμελῶς
3378 503 3547 558 ἐτίθει

317 595 581 649 Isidorum
611 612 624 647 :
658 594 753 648 sed
799 601 859 648 ut
905 591 1022 662 ejus
1058 605 1240 645 sacras
1269 588 1493 645 afferret
1525 590 1805 661 reliquias,
1844 601 1901 647 et

315 684 910 757 magnificentissimam
965 682 1015 738 ei
1065 682 1238 737 aedem
1313 692 1640 749 exstrueret,
1702 699 1900 754 magno

318 779 420 832 sibi
449 779 602 832 duxit
630 776 812 832 studio
850 775 1316 831 contendendum.
1350 773 1464 829 Nec
1507 776 1756 830 cessabat
1783 792 1901 830 om-

317 887 445 925 nem
489 871 668 925 locum
725 869 1075 924 considerare
1120 884 1185 923 ac
1225 868 1599 938 contemplari.
1655 869 1724 922 Et
1775 870 1900 924 ideo

317 961 498 1016 adhuc
531 961 748 1031 quidem
784 959 1135 1015 differebatur
1182 957 1491 1026 aediﬁcatio;
1544 975 1669 1015 cum
1715 969 1897 1015 autem

318 1053 438 1121 ejus
466 1054 772 1124 collegisset
802 1053 1077 1122 reliquias,
1115 1060 1172 1107 et
1217 1051 1273 1104 in
1316 1051 1496 1106 loculo
1532 1051 1897 1120 deposuisset,

319 1156 413 1195 eas
435 1143 624 1196 statuit
660 1143 714 1196 in
746 1144 1035 1213 praesentia
1064 1159 1284 1201 servare
1316 1147 1371 1201 in
1399 1149 1501 1203 hoc
1526 1150 1730 1220 templo
1759 1167 1902 1206 mar-

321 1232 474 1303 tyris.
501 1231 604 1288 Ubi
641 1243 822 1289 autem
857 1235 1008 1291 brevi
1035 1237 1218 1307 aliquo
1247 1247 1371 1308 post
1411 1249 1653 1310 tempore
1683 1257 1904 1313 aggres-

320 1340 415 1379 sus
444 1335 528 1380 est
553 1343 646 1382 eas
673 1329 984 1394 transferre,
1017 1331 1212 1384 accidit
1241 1331 1314 1385 ibi
1341 1331 1544 1401 aliquid
1582 1333 1903 1390 admirabile

320 1422 376 1468 et
399 1429 679 1480 arcanum.
711 1415 895 1486 Neque
919 1419 1064 1472 enim
1096 1419 1230 1488 ipse,
1256 1435 1359 1475 nec
1387 1420 1488 1474 alia
1516 1422 1683 1476 multa
1708 1438 1902 1480 manus

320 1505 605 1560 hominum
635 1510 809 1577 potuit
853 1509 1066 1564 thecam
1101 1511 1336 1580 amplius
1380 1526 1622 1568 movere.
1651 1513 1900 1570 Divinam

320 1611 449 1667 ergo
481 1599 716 1668 aliquam
753 1616 867 1655 rem
897 1616 1019 1656 esse
1062 1603 1380 1670 arbitratus,
1423 1613 1479 1660 et
1513 1621 1638 1659 cum
1678 1606 1785 1662 alio
1808 1609 1900 1678 qui

319 1690 371 1743 ei
399 1690 452 1743 in
485 1693 690 1746 somnis
730 1691 845 1762 ipse
879 1693 1241 1765 signiﬁcasset
1277 1707 1501 1767 martyr,
1545 1713 1604 1753 se
1642 1699 1762 1754 loco
1801 1701 1903 1756 de-

318 1781 528 1849 lectari,
576 1798 750 1853 neque
814 1785 953 1840 velle
985 1785 1116 1857 hinc
1146 1803 1274 1843 suas
1304 1788 1589 1844 transferri
1620 1791 1898 1862 reliquias.

2003 587 2140 642 ἀλλὰ
2177 589 2236 642 τὸ
2268 589 2338 643 τὰ
2367 589 2489 660 ίερά
2522 590 2688 646 αὐτοῦ
2719 591 2950 664 λείψανα
2976 593 3343 665 συγκομίσαι,
3361 596 3458 650 καὶ
3490 611 3580 649 σε-

2004 680 2271 750 μνότατον
2299 676 2412 735 οἷον
2436 680 2587 753 αύτῷ
2614 679 2764 737 οῖκον
2801 685 3130 754 ἀναστῆσαι,
3171 685 3374 756 πολλῆς
3424 687 3579 756 ὴξίου

2002 771 2262 842 σπουδῆς.
2294 772 2479 824 Πάντα
2504 788 2566 824 τε
2595 773 2762 827 τόπον
2804 774 3140 848 ἀναθεωρεῖν
3180 776 3282 830 ούκ
3325 777 3580 842 ἐπαύετο,

2001 864 2098 918 καὶ
2137 863 2227 918 διὰ
2249 863 2409 918 τοῦτο
2446 865 2513 918 τὰ
2547 864 2648 935 μὲν
2683 866 2784 936 τῆς
2812 868 3102 939 οἰκοδομῆς
3123 868 3348 937 ἔμελλεν
3374 869 3485 922 ἔτι·
3514 870 3583 922 τὰ

2001 957 2056 1010 δέ
2080 955 2309 1024 λείψανα
2335 955 2525 1009 τούτου
2560 959 2907 1026 συναγαγὼν,
2927 961 3021 1015 καὶ
3047 963 3106 1014 ἐν
3132 963 3277 1035 σορῷ
3303 961 3584 1029 καταθεὶς,

2003 1046 2294 1114 φυλλάτειν
2322 1045 2482 1111 αὐτὰ,
2505 1046 2564 1100 τό
2598 1063 2661 1114 γε
2688 1047 2783 1100 νῦν
2808 1047 2953 1116 ἔχον,
2979 1051 3036 1102 ἐν
3059 1049 3136 1120 τῷ
3159 1051 3336 1123 καινῷ
3351 1052 3464 1122 ναῷ
3485 1053 3584 1123 τῆς

2011 1137 2294 1207 μάρτυρος
2356 1135 2520 1205 ἔγνω.
2567 1137 2720 1190 Ἐπεὶ
2769 1139 2910 1208 μετὰ
2960 1139 3168 1210 βραχύν
3213 1158 3335 1194 τινα
3370 1143 3586 1214 ’χρόνον

2007 1232 2342 1302 μεταθήσειν
2398 1231 2539 1285 αὐτά
2577 1233 2876 1303 ἐπεχείρει,
2917 1235 3154 1290 ἐνταῦθα
3196 1235 3328 1304 γοῦν
3363 1237 3582 1308 θαυμα⁹

2006 1325 2130 1377 στὸν
2160 1320 2274 1377 οἷον
2313 1325 2535 1395 ἀπήντα
2563 1342 2616 1378 τι
2652 1327 2748 1379 καὶ⁵
2779 1326 3116 1398 ἀπόρρητον.
3161 1328 3301 1382 Οθτε
3341 1329 3450 1401 γάρ
3484 1331 3586 1385 αύ-

2003 1417 2095 1480 τὸς
2127 1416 2256 1470 οὔτε
2291 1416 2424 1488 άλλη
2458 1415 2780 1488 πολυχειρία
2808 1417 3153 1473 διασαλεύειν
3181 1421 3261 1475 ἔτι
3283 1422 3382 1492 τὴν
3406 1422 3587 1493 θήκην

2003 1508 2205 1580 δυνατὴ
2244 1509 2485 1578 κατέστη
2504 1523 2520 1539 ’
2566 1508 2709 1562 θεῖον
2742 1508 2836 1563 οῦν
2865 1527 2918 1564 τι
2942 1510 3003 1563 τὸ
3031 1513 3267 1583 πρᾶγμα
3284 1509 3427 1566 εἶναι
3448 1515 3586 1568 ὑπο-

2006 1601 2212 1667 λαϐὼν,
2242 1601 2424 1666 ἄλλως
2453 1601 2512 1656 δὲ
2536 1602 2633 1656 καὶ
2660 1600 2826 1654 αὐτοῦ
2849 1600 2944 1656 τοῦ
2973 1602 3248 1674 μάρτυρος
3274 1603 3343 1656 δι’
3366 1604 3586 1673 ὀνειρά-

2002 1709 2112 1745 των
2130 1690 2281 1762 αύτῷ
2314 1691 2662 1762 σημήναντος
2679 1689 2755 1753 ὼς
2776 1689 2959 1761 χαίρει
2993 1691 3074 1761 τῷ
3101 1691 3276 1761 τόπῳ,
3303 1693 3397 1746 καὶ
3419 1693 3586 1746 ἀϐου-

2004 1784 2180 1855 λήτως
2209 1782 2322 1852 ἔχει
2353 1783 2491 1853 πρὸς
2517 1782 2618 1853 τὴν
2653 1782 2764 1836 τῶν
2801 1781 3070 1852 λειψάνων
3121 1785 3456 1854 μεταφορὰν,
3494 1784 3588 1839 οῦ-

318 1874 578 1945 deinceps
629 1892 830 1945 parens
885 1878 1105 1946 visioni,
1160 1883 1470 1949 construxit
1521 1883 1664 1939 hanc
1705 1885 1899 1949 aedem,

2011 1895 2082 1930 τω
2110 1876 2298 1930 λοιπὸν
2326 1877 2703 1947 πειθαρχήσας
2723 1879 2788 1946 τῇ
2809 1875 2950 1944 ὕψει,
2977 1877 3193 1931 τουτονὶ
3210 1876 3304 1930 τὸν
3334 1879 3588 1947 προσκεί-

318 1981 441 2035 qua:
467 1967 569 2022 sita
593 1977 678 2022 est
709 1985 877 2040 prope
905 1972 1168 2042 templum
1215 1975 1468 2046 martyris
1513 1975 1717 2034 lrenes.
1747 1978 1903 2044 Quod

319 2059 439 2114 haec
465 2059 611 2115 ardes
651 2072 834 2118 autem
883 2064 1128 2134 sitgrata
1178 2069 1422 2139 martyri,
1473 2085 1572 2140 per
1603 2071 1768 2126 multa
1801 2073 1905 2126 hoc

319 2152 473 2214 signa
505 2153 794 2224 signiﬁcat,
827 2155 1114 2212 evidenter
1147 2173 1439 2229 apparens,
1468 2171 1524 2218 et
1559 2179 1755 2234 magna
1803 2164 1904 2219 mi-

321 2245 506 2299 racula
547 2246 768 2303 assidue
809 2248 1074 2317 efﬁciens,
1121 2260 1177 2306 et
1223 2267 1254 2308 a
1305 2253 1644 2311 daemonibus
1682 2258 1903 2327 quidem

319 2331 561 2389 liberans
591 2349 686 2390 eos
709 2336 803 2406 qui
841 2339 909 2393 ab
931 2338 1014 2393 eis
1039 2340 1391 2398 detinentur:
1423 2345 1699 2418 naufragis
1723 2359 1905 2404 autem

228 2459 230 2461 ›
321 2423 519 2480 ﬂuctus
560 2427 780 2493 sedans,
831 2439 885 2486 et
933 2441 1225 2488 ventorum
1271 2436 1533 2491 smvitiam
1577 2439 1904 2510 increpans:

321 2531 419 2571 eos
443 2518 536 2587 qui
571 2519 820 2576 molestia
867 2522 1197 2591 aﬁiciuntur,
1242 2529 1555 2596 consolans,
1588 2541 1644 2586 et
1675 2532 1907 2588 lristitia:

322 2625 518 2666 causas
561 2612 641 2667 eis
691 2614 962 2682 adimens,
1017 2626 1073 2672 et
1121 2619 1321 2690 alioqui
1373 2624 1763 2693 mgrotantibus
1814 2636 1909 2682 aut

323 2703 612 2773 egentibus
637 2720 723 2770 ea,
758 2722 878 2775 quae
911 2718 1038 2765 sunt
1066 2711 1268 2782 gravia,
1303 2728 1518 2770 cessare
1556 2715 1763 2772 faciens
1794 2737 1807 2772 :
1853 2727 1909 2774 et

321 2808 444 2863 qua:
476 2793 616 2849 bona
645 2804 795 2860 sunt,
827 2803 1098 2868 praebens.
1132 2802 1259 2860 Haec
1298 2821 1422 2860 cum
1456 2822 1688 2879 magnus
1728 2809 1909 2880 perfe-

321 2886 490 2940 cisset
518 2885 848 2957 Marcianus,
890 2900 946 2947 et
989 2891 1075 2949 his
1112 2896 1276 2950 veluti
1321 2897 1439 2955 aliis
1490 2901 1661 2956 muris
1702 2904 1905 2972 aureis,

322 2985 550 3033 ornatus
583 2980 754 3048 gratia
796 2991 852 3038 et
892 2986 1222 3054 securitatis,
1262 2988 1540 3046 civitatem
1573 2993 1906 3064 decorasset,

322 3069 570 3125 dissolvit
607 3072 772 3126 vitam
815 3074 871 3128 in
914 3075 1184 3146 profunda
1231 3091 1542 3146 senectute,
1587 3085 1908 3158 priusquam

2009 1983 2172 2036 μενον
2193 1964 2272 2036 τῷ
2310 1968 2411 2037 τῆς
2429 1966 2710 2037 μάρτυρος
2753 1966 2995 2037 Εἰρήνης
3039 1966 3154 2036 ναῷ
3180 1968 3588 2022 κατεσκεύασεν

2005 2057 2176 2114 οἷκον.
2208 2059 2333 2112 Ὅτι
2377 2057 2564 2128 μέντοι
2612 2059 3012 2130 κεχαρισμένος
3057 2060 3086 2112 ό
3124 2055 3272 2126 οῐκος
3316 2057 3475 2126 οὗτος
3510 2062 3590 2133 τῷ

2009 2153 2267 2224 μάρτυρι,
2306 2151 2470 2205 τοῦτο
2509 2151 2597 2205 διὰ
2633 2151 2846 2206 πολλῶν
2897 2152 3140 2207 δείκνυσι
3185 2153 3293 2207 τῶν
3345 2156 3588 2227 σημείων

2006 2245 2276 2316 διαδήλως
2311 2243 2759 2316 ἐπιφαινόμενος,
2793 2243 2978 2298 καὶτὰ
3001 2243 3214 2315 μεγάλα
3239 2246 3350 2300 τῶν
3377 2246 3593 2317 θαυμά-

2004 2353 2115 2390 των
2150 2335 2392 2407 συνεχῶς
2445 2335 2839 2406 ἐργαζόμενος,
2875 2337 2970 2390 καὶ
3012 2336 3290 2406 δαιμόνων
3329 2339 3429 2409 μὲν
3459 2341 3594 2393 ἀποι-

2005 2424 2148 2480 λύων
2191 2428 2317 2490 τοὺς
2371 2427 2464 2482 ὑπ’
2500 2426 2726 2481 ἐκείνων
2771 2430 3242 2500 κατεσχημένους,
3289 2431 3589 2500 ναυαγοῦσι

2007 2519 2064 2574 δέ
2091 2519 2314 2590 κύματα
2362 2520 2642 2592 πραΰνων,
2681 2521 2800 2574 καῖ
2828 2522 3052 2592 ἀνέμων
3097 2523 3369 2595 ἐπιτιμῶν
3407 2526 3592 2596 ἀγριό-

2008 2629 2171 2684 τητι,
2204 2614 2587 2685 λυπουμένους
2627 2613 2988 2686 παρακαλῶν,
3030 2617 3126 2670 καὶ
3169 2615 3239 2670 τὰ
3267 2619 3364 2688 τῆς
3417 2617 3594 2687 λύπης

2011 2703 2319 2775 περιαιρῶν
2341 2704 2528 2768 αὐτοῖς
2549 2703 2726 2769 αἴτια,
2758 2706 2871 2769 τοῖς
2897 2705 2998 2775 μὲν
3037 2706 3216 2770 άλλως
3260 2723 3319 2760 τε
3347 2706 3596 2760 νοσοῦσιν

2009 2793 2044 2865 ἢ
2063 2794 2346 2865 δεομένοις
2376 2797 2446 2850 τὰ
2475 2795 2689 2867 χαλεπὰ
2718 2796 2930 2864 παύων,
2955 2798 3052 2851 καὶ
3080 2797 3149 2852 τὰ
3188 2799 3403 2870 χρηστὰ
3441 2815 3592 2868 παρ-

2011 2888 2293 2959 εχόμενος.
2346 2887 2536 2943 Ταῦτα
2562 2890 2590 2942 ό
2635 2888 2810 2960 μέγας
2851 2889 3196 2962 Μαρκιανὸς,
3235 2891 3329 2945 καί⁵
3373 2891 3587 2955 τούτοις

2009 2978 2199 3051 ὥσπερ
2233 2980 2443 3050 ἐτέροις
2487 2983 2711 3051 χρυσοῖς
2760 2980 2966 3052 τείχεσι
3010 2981 3219 3051 κόσμου
3253 2982 3354 3035 καὶ
3415 2985 3598 3051 ἀσφα-

2011 3070 2158 3135 λείας
2187 3071 2351 3126 ἒνεκα
2383 3071 2482 3143 τὴν
2507 3071 2665 3126 πόλιν
2685 3071 3182 3144 καταλαμπρύνας,
3214 3073 3480 3128 καταλύει
3503 3076 3594 3126 τὸν

324 3164 562 3219 Inaximo
592 3166 792 3235 templo
826 3167 1012 3224 Irenes
1039 3170 1343 3229 celebraret
1372 3179 1615 3232 encaania
1645 3198 1658 3235 :
1688 3180 1790 3235 hoc
1817 3197 1909 3236 ve-

2017 3161 2131 3233 βίον
2166 3163 2223 3215 ἐν
2254 3163 2417 3232 γήρει
2445 3162 2620 3234 βαθεῖ,
2654 3163 2788 3233 πρὶν
2821 3163 2964 3234 ἢτὸν
2994 3163 3350 3235 ἐγκαινισμδν
3377 3165 3596 3218 τελέσαι

325 3255 422 3308 luti
459 3257 758 3312 excedendi
801 3260 1111 3330 appositum
1145 3263 1427 3334 quidpiam
1457 3268 1746 3326 elocutus:
1779 3273 1909 3329 Haec

2012 3255 2092 3326 τῷ
2121 3255 2366 3326 μεγίστῳ
2417 3256 2514 3326 τῆς
2570 3256 2808 3327 Εἰρήνης
2851 3255 2965 3327 ναῷ
2991 3271 3005 3285 ·
3036 3255 3198 3309 τοῦτο
3246 3257 3500 3331 καθάπερ
3544 3275 3598 3312 τι

323 3346 486 3400 ambo
536 3347 590 3401 in
634 3364 832 3413 manus
877 3362 998 3406 tuas
1030 3357 1376 3425 commendo,
1410 3358 1660 3428 Domine,
1709 3380 1908 3436 nempe

2011 3348 2368 3420 ἀλεξητήριον
2394 3347 2714 3419 προσειπών
2736 3365 2749 3378 ·
2766 3349 2832 3402 ’Ἀ
2842 3365 2969 3419 μφω
2988 3347 3160 3402 ταῦτα
3182 3350 3266 3414 είς
3294 3353 3482 3422 χεῖρας
3501 3351 3598 3414 τὰς

323 3438 559 3494 animam
590 3457 751 3514 quam
781 3443 899 3513 ipse
938 3447 1159 3511 creasti,
1208 3458 1264 3503 et
1311 3451 1594 3521 templum,
1632 3456 1774 3524 quod
1809 3474 1910 3529 ego

325 3539 417 3583 tua
445 3530 723 3587 voluntate
751 3534 1056 3588 construxi.
1095 3536 1228 3601 Quae
1260 3554 1386 3594 cum
1426 3541 1673 3611 dixisset,
1715 3546 1909 3603 deces-

324 3622 397 3677 sit
425 3622 638 3679 decimo
666 3625 870 3681 mensis
896 3625 1164 3684 Januarii.

397 3802 539 3860 XVI.
577 3803 867 3860 Concurrit
887 3813 1069 3862 autem
1091 3808 1345 3864 universa
1369 3809 1583 3876 civitas,
1607 3811 1908 3867 deductura

328 3895 605 3965 reliquias,
640 3896 862 3967 ipseque
886 3899 977 3968 qui
1009 3906 1138 3954 tunc
1163 3910 1281 3956 erat
1311 3903 1573 3972 pontifex.
1599 3912 1654 3958 et
1680 3906 1912 3974 quicun-

325 4003 434 4056 que
463 3996 622 4042 erant
663 3990 826 4044 sortis
859 3991 1262 4059 ecclesiasticae,
1305 4003 1361 4049 et
1395 3995 1686 4051 multitudo
1721 4014 1912 4053 mona-

326 4080 578 4141 chorum,
611 4090 666 4134 et
696 4090 874 4136 caelus
899 4081 1253 4137 honestarum
1287 4086 1598 4148 mulierum.
1629 4097 1682 4142 et
1708 4105 1771 4142 ex
1803 4105 1914 4143 ma-

326 4171 662 4240 gistratibus,
703 4182 972 4242 quotquot
1005 4184 1165 4229 erant
1212 4176 1284 4244 pii
1329 4192 1393 4230 ac
1436 4179 1693 4248 religiosi.
1736 4180 1913 4250 Atque

329 4277 513 4316 sacras
539 4262 760 4332 quidem
796 4265 916 4334 ejus
952 4265 1208 4335 reliquias
1245 4266 1470 4322 Joannis
1503 4268 1760 4339 Baptista:
1792 4287 1912 4326 mo-

330 4355 652 4420 nasterium,
699 4357 845 4425 quod
891 4357 1053 4412 etiam
1095 4359 1296 4414 dicitur
1338 4359 1596 4425 Danielis,
1643 4363 1910 4433 suscipit:

328 4445 472 4515 quod
513 4445 676 4500 situm
723 4455 808 4504 est
850 4463 1022 4520 prope
1065 4449 1309 4505 divinum
1360 4452 1622 4522 templum
1668 4456 1913 4524 przeclari

330 4543 582 4613 martyris
635 4542 795 4598 Mocii

329 4633 476 4689 illius
509 4651 724 4703 manus,
765 4638 874 4702 vel,
910 4648 972 4693 ut
1011 4638 1192 4694 verius
1235 4640 1433 4704 dicam,
1473 4643 1758 4712 propositi.
1795 4643 1916 4710 Quo

329 4725 548 4794 quidem
578 4726 631 4780 in
665 4728 784 4782 loco
821 4727 874 4783 in
906 4730 1229 4785 bodiernmn
1274 4747 1449 4799 usque
1477 4733 1620 4788 diem
1653 4737 1916 4804 praeclare

329 4826 382 4870 ct
411 4817 495 4886 pie
521 4819 642 4887 ejus
666 4821 925 4876 memoria
953 4822 1279 4877 celebratur.
1314 4822 1469 4878 ιιΕιΙίε
1497 4832 1678 4878 autem
1707 4841 1918 4897 magna:

331 4907 538 4971 lrenes.
589 4926 753 4980 quam
804 4912 921 4982 ipse
966 4912 1142 4968 fuerat
1189 4913 1508 4982 fabricatus,
1554 4917 1789 4972 maxime
1830 4919 1917 4988 pia

334 4999 529 5054 Verina
564 5001 650 5073 (ea
696 5013 879 5058 autem
923 5015 1040 5060 erat
1081 5023 1218 5061 uxor
1248 5006 1424 5079 Magni
1470 5009 1692 5075 Leonis)
1727 5026 1916 5066 curam

332 5094 581 5165 suscipit.
613 5095 746 5162 Qua:
773 5097 1017 5168 quidem.
1043 5115 1166 5169 qua:
1191 5099 1242 5154 ei
1272 5101 1338 5155 ad
1376 5113 1760 5158 ornamentum
1819 5105 1919 5160 de-

331 5197 513 5252 erant,
543 5188 733 5258 implet
769 5190 1208 5262 diligentissime,
1227 5209 1472 5266 auroque
1517 5205 1719 5252 tectum
1759 5207 1920 5254 ornat

334 5281 642 5351 magniﬁce.
679 5281 807 5338 Haec
849 5292 1034 5340 autem
1069 5285 1334 5352 declarat,
1382 5305 1505 5360 quae
1550 5290 1663 5346 illic
1709 5299 1793 5347 est
1835 5291 1919 5346 in-

326 5374 581 5442 scriptio.
609 5374 822 5446 Templi
855 5393 986 5433 vero
1025 5381 1269 5436 encaenia
1313 5382 1609 5452 quotannis
1651 5398 1919 5453 peragun-

335 5469 425 5514 tur
452 5463 718 5520 vicesimo
736 5465 1005 5522 Januarii.
1030 5473 1151 5536 Quo
1181 5479 1426 5542 tempore
1449 5488 1681 5544 magnus
1703 5489 1921 5544 quoque

335 5557 420 5603 est
453 5566 756 5610 concursus
783 5557 1170 5625 multitudinis,
1203 5575 1259 5616 et
1300 5560 1560 5631 frequens
1591 5562 1644 5616 in
1676 5578 1772 5618 ore
1803 5579 1922 5618 om-

347 5643 497 5693 nium
534 5643 858 5702 decantatur
907 5648 1234 5716 Marcianus,
1286 5662 1544 5723 tanquam
1590 5654 1736 5710 illius
1783 5655 1922 5710 ﬁlias

341 5726 458 5784 haec
490 5731 599 5788 duo
645 5737 845 5807 templa
885 5740 1106 5797 vidente
1140 5744 1512 5812 multitudine,
1552 5755 1608 5800 et
1642 5745 1762 5816 ejus
1803 5762 1919 5802 mc-

341 5822 565 5880 moriam
599 5841 696 5896 per
728 5843 791 5885 ea
839 5843 1137 5890 rcuovante
1169 5857 1180 5893 :
1226 5838 1360 5896 adeo
1391 5848 1450 5894 ut
1495 5840 1740 5897 nonnulli
1777 5839 1920 5896 inter

2014 3441 2112 3504 σάς
2141 3440 2515 3512 παρατίθημι,
2539 3440 2740 3511 Κύριε,
2764 3442 2831 3512 ἦν
2863 3459 2922 3494 τε
2954 3440 3135 3515 ψυχὴν
3152 3442 3317 3505 αύτὸς
3350 3442 3600 3511 ἔκτισας,

2012 3532 2107 3587 καὶ
2139 3532 2198 3586 ὃν
2221 3533 2332 3602 ἐγὼ
2359 3533 2489 3588 ναὸν
2508 3533 2586 3605 τῷ
2611 3532 2690 3603 σῷ
2713 3533 3019 3604 βουλήματι
3069 3535 3474 3591 κατεσκεύασα’
3506 3540 3603 3593 καὶ

2009 3622 2186 3678 ταῦτα
2235 3624 2406 3678 εἰπὼν
2444 3625 2702 3680 ἐτελεύτα
2729 3667 2746 3693 ,
2805 3625 3143 3698 Ἰανουαρίου
3189 3627 3310 3680 τότε
3365 3627 3600 3699 δεκάτην

2011 3715 2108 3770 τοῦ
2143 3716 2314 3787 μηνὸς
2347 3717 2598 3785 ἄγοντος.

2083 3804 2202 3873 ις’.
2242 3806 2539 3878 Συνέτρεχε
2569 3805 2628 3860 δὲ
2657 3807 2808 3862 πᾶσα
2837 3809 2870 3878 ή
2902 3807 3079 3874 πόλις,
3111 3801 3200 3861 οἷα
3232 3806 3334 3880 την
3365 3807 3460 3862 τοῦ
3485 3809 3600 3863 λει-

2011 3897 2186 3969 ψάνου
2234 3899 2576 3970 προπομπὴν
2628 3899 3016 3971 ποιησόμενοι·
3064 3898 3230 3964 αύτός
3279 3915 3340 3952 τε
3381 3900 3409 3952 ὁ
3445 3917 3600 3970 τηνι-

2014 3987 2192 4042 καῦτα
2229 3989 2542 4060 ἀρχιερεὺς,
2578 3991 2674 4044 καὶ
2710 3991 2907 4061 ὅτιπερ
2951 3987 3018 4061 ἦν
3057 3988 3149 4044 τοῦ
3215 3989 3605 4060 ἐκκλησιαστι-

2017 4081 2116 4136 κοῦ
2177 4079 2407 4152 κλήρου,
2472 4081 2676 4151 πλῆθός
2731 4100 2785 4136 τι
2838 4082 3115 4154 μοναχῶν,
3179 4082 3275 4136 καὶ
3325 4083 3602 4152 γυναικῶν

2016 4173 2233 4246 σεμνῶν
2256 4174 2540 4245 τάγματα,
2581 4175 2677 4228 καὶ
2707 4175 2816 4229 τῶν
2843 4177 2903 4230 ἐν
2936 4175 3082 4230 τέλει
3105 4176 3231 4230 ὅσον
3252 4175 3479 4238 εὐσεόές
3503 4175 3601 4229 καὶ

2017 4267 2282 4336 φιλόθεον.
2337 4269 2413 4323 Τὸ
2462 4269 2560 4339 μὶν
2625 4269 2722 4324 οὖν
2769 4270 2916 4342 ἱερὸν
2947 4270 3114 4326 αὐτοῦ
3148 4271 3402 4342 λείψανον
3430 4273 3464 4341 ἡ
3497 4269 3594 4324 τοῦ

2015 4359 2320 4414 Βαπτιστοῦ
2359 4361 2610 4416 Ἰωάννου
2662 4364 2822 4435 μονὴ,
2851 4363 2976 4434 ἥτις
3005 4363 3116 4435 ἄρα
3143 4363 3242 4417 καὶ
3272 4363 3367 4417 τοῦ
3403 4361 3604 4434 Δανιὴλ

2015 4451 2257 4521 λέγεται,
2315 4453 2574 4523 δέχεται,
2613 4453 2784 4523 ἐγγύς
2831 4471 2936 4508 που
2975 4455 3070 4509 τοῦ
3118 4455 3265 4510 θείου
3317 4455 3451 4511 ναοῦ
3507 4453 3602 4508 τοῦ

845 4560 859 4598 :
914 4544 1059 4613 quod
1117 4546 1292 4614 ipsum
1349 4563 1568 4619 quoque
1619 4549 1721 4604 fuit
1773 4566 1909 4622 opus

2021 4545 2303 4616 μάρτυρος
2330 4547 2558 4600 Μωκίου
2593 4547 2941 4618 διακειμένη,
2973 4547 3134 4618 ἔργον
3167 4549 3264 4603 καὶ
3303 4547 3443 4619 αὑτὴ
3473 4543 3607 4602 οὖσα

2017 4639 2117 4709 τῆς
2146 4638 2358 4693 ἐκείνου
2382 4639 2583 4711 χειρὸς,
2617 4640 2650 4712 ἢ
2688 4641 2891 4712 μᾶλλον
2927 4644 3104 4696 εἰπεῖν
3139 4642 3238 4713 τῆς
3266 4640 3606 4713 προθέσεως.

2022 4729 2192 4784 Ἔνθα
2211 4731 2276 4803 δὴ
2312 4732 2407 4786 καὶ
2436 4734 2518 4798 είς
2547 4732 2708 4804 δεῦρο
2737 4733 3010 4806 λαμπρῶς
3045 4733 3195 4803 αύτῷ
3218 4733 3312 4787 καὶ
3339 4731 3606 4803 φιλοθέως

2019 4823 2054 4893 ή
2090 4824 2282 4895 μνήμη
2301 4825 2564 4880 τελεῖται.
2587 4824 2696 4879 Τοῦ
2728 4825 2786 4880 δέ
2810 4824 3315 4897 δημιουργηθέντος
3353 4823 3504 4894 αύτῷ
3525 4825 3605 4878 ot-

2019 4930 2117 4967 κου
2165 4914 2268 4985 τῆς
2319 4917 2566 4987 μεγάλης
2602 4917 2928 4990 Είρήνης,ή
2983 4917 3354 4989 εὐσεϐεστάτη
3393 4916 3607 4987 Βηρίνα

2024 5005 2186 5077 (γυνὴ
2218 5007 2277 5060 δὲ
2318 5007 2460 5079 αὕτη
2513 5009 2609 5063 τοῦ
2645 5009 2886 5079 μεγάλου
2929 5010 3162 5075 Λέοντος
3189 5005 3280 5081 ἦν)
3333 5009 3433 5080 τὴν
3473 5009 3608 5079 πρό-

2022 5115 2174 5152 νοιαν
2231 5100 2574 5170 ἀναδέχεται.
2625 5101 2697 5154 Ἦ
2725 5101 2795 5155 τά
2834 5118 2893 5154 τε
2930 5099 3066 5173 πρὸς
3117 5101 3323 5172 κόσμον
3369 5099 3607 5163 ἐλλιπῶς

2027 5187 2223 5261 ἔχοντα
2259 5192 2570 5257 σπουδαίως
2599 5193 2930 5264 ἀποπληροῖ,
2956 5192 3053 5246 καὶ
3081 5192 3182 5264 τὴν
3222 5192 3429 5264 ὀροφὴν
3473 5209 3608 5262 χρυ-

2026 5282 2126 5354 σίῳ
2160 5284 2463 5356 φιλοτίμως
2496 5286 2840 5356 κατακοσμεῖ
2862 5301 2877 5316 ο
2905 5283 3000 5340 καὶ
3030 5285 3064 5355 ή
3103 5283 3388 5355 ἐπιγραφὴ
3434 5282 3611 5337 ταῦτα

2023 5371 2204 5424 ἐκεῖσε
2225 5371 2359 5441 δῆλα
2386 5375 2552 5426 ποιεῖ.
2581 5371 2666 5426 Τά
2689 5389 2749 5426 τε
2770 5371 2878 5444 μὴν
2899 5371 3151 5440 ἐγκαίνια
3171 5369 3268 5424 τοῦ
3299 5369 3432 5425 ναοῦ
3463 5369 3606 5424 κατὰ

2022 5462 2120 5534 τὴν
2154 5463 2348 5518 εἰκάδα
2379 5465 2474 5519 τοῦ
2506 5465 2842 5536 ἰανουαρίου
2881 5464 2950 5518 δι’
2976 5463 3133 5528 ἔτους
3156 5463 3425 5517 τελεῖταιο
3447 5463 3612 5518 ὁπότε

2021 5557 2086 5628 δὴ
2111 5558 2204 5610 κκὶ
2239 5557 2410 5627 πολλὴ
2465 5557 2561 5612 τοῦ
2619 5557 2859 5630 πλήθους
2888 5559 2922 5629 ή
2960 5557 3261 5629 συνδρομή,
3303 5557 3398 5611 καὶ
3438 5556 3607 5618 πολὺς

2023 5651 2052 5704 ό
2082 5651 2405 5723 Μαρκιανὸς
2463 5652 2522 5704 ἐν
2580 5653 2695 5716 τοῖς
2751 5651 3009 5706 ἁπάντων
3069 5650 3259 5723 ᾅδεται
3319 5649 3609 5720 στόμασιν,

2021 5744 2230 5798 ὡσανεὶ
2255 5744 2455 5807 παῖδας
2508 5743 2718 5799 ἐκείνου
2750 5744 2878 5808 τοὺς
2910 5743 3005 5797 δύο
3048 5742 3214 5807 ναοὺς
3243 5744 3338 5796 τοῦ
3374 5740 3613 5811 πλήθους

2024 5835 2298 5908 ὁρώντων,
2334 5836 2427 5892 καὶ
2471 5836 2685 5902 τούτοις
2728 5837 2828 5910 τὴν
2863 5836 2991 5910 περὶ
3029 5836 3191 5891 αὐτὸν
3227 5837 3452 5909 μνήμην
3485 5835 3605 5889 ἀνει-
