  <div class='ocr_page' id='page_1' title='image "/cluster/home/n/w/nwhite01/storage/ocr_20150623/114:no.1/coo.31924054870187/232.png"; bbox 0 0 4152 6398; ppageno 0'>
   <div class='ocr_carea' id='block_1_1' title="bbox 543 371 651 435">
    <p class='ocr_par' dir='ltr' id='par_1_1' title="bbox 543 371 651 435">
     <span class='ocr_line' id='line_1_1' title="bbox 543 371 651 435; baseline -0.009 0"><span class='ocrx_word' id='word_1_1' title='bbox 543 371 651 435; x_wconf 70' lang='grc' dir='ltr'>ιιιι</span> 
     </span>
    </p>
   </div>
   <div class='ocr_carea' id='block_1_2' title="bbox 1507 368 2748 436">
    <p class='ocr_par' dir='ltr' id='par_1_2' title="bbox 1507 368 2748 436">
     <span class='ocr_line' id='line_1_2' title="bbox 1507 368 2748 436; baseline -0.004 0"><span class='ocrx_word' id='word_1_2' title='bbox 1507 373 1682 436; x_wconf 73' lang='lat' dir='ltr'><strong>V-ITA</strong></span> <span class='ocrx_word' id='word_1_3' title='bbox 1724 373 1785 433; x_wconf 90' lang='lat' dir='ltr'><strong>S.</strong></span> <span class='ocrx_word' id='word_1_4' title='bbox 1828 368 2212 433; x_wconf 79' lang='lat' dir='ltr'><strong>MARCIANI</strong></span> <span class='ocrx_word' id='word_1_5' title='bbox 2250 368 2748 431; x_wconf 64' lang='lat' dir='ltr'><strong>PRESBYTER}.</strong></span> 
     </span>
    </p>
   </div>
   <div class='ocr_carea' id='block_1_3' title="bbox 3721 371 3829 438">
    <p class='ocr_par' dir='ltr' id='par_1_3' title="bbox 3721 371 3829 438">
     <span class='ocr_line' id='line_1_3' title="bbox 3721 371 3829 438; baseline 0.028 -3"><span class='ocrx_word' id='word_1_6' title='bbox 3721 371 3829 438; x_wconf 62' lang='grc'><strong>450</strong></span> 
     </span>
    </p>
   </div>
   <div class='ocr_carea' id='block_1_4' title="bbox 541 483 2150 559">
    <p class='ocr_par' dir='ltr' id='par_1_4' title="bbox 541 486 2136 559">
     <span class='ocr_line' id='line_1_4' title="bbox 541 486 2136 559; baseline -0.002 -16"><span class='ocrx_word' id='word_1_7' title='bbox 541 488 810 543; x_wconf 86' lang='grc' dir='ltr'>νεούντων</span> <span class='ocrx_word' id='word_1_8' title='bbox 835 503 852 520; x_wconf 72' lang='grc'>⁸</span> <span class='ocrx_word' id='word_1_9' title='bbox 891 486 1034 541; x_wconf 80' lang='grc' dir='ltr'>ὥστε</span> <span class='ocrx_word' id='word_1_10' title='bbox 1065 486 1224 551; x_wconf 83' lang='grc' dir='ltr'>τινάς</span> <span class='ocrx_word' id='word_1_11' title='bbox 1260 486 1354 541; x_wconf 78' lang='grc' dir='ltr'><strong>καὶ</strong></span> <span class='ocrx_word' id='word_1_12' title='bbox 1388 487 1688 559; x_wconf 71' lang='grc' dir='ltr'><strong>χαριέντως</strong></span> <span class='ocrx_word' id='word_1_13' title='bbox 1710 487 1843 558; x_wconf 82' lang='grc' dir='ltr'>πρὸς</span> <span class='ocrx_word' id='word_1_14' title='bbox 1870 486 2136 557; x_wconf 78' lang='grc' dir='ltr'>ἀλλήλους</span> 
     </span>
    </p>
   </div>
   <div class='ocr_carea' id='block_1_5' title="bbox 2251 483 3828 559">
    <p class='ocr_par' dir='ltr' id='par_1_5' title="bbox 2251 483 3828 558">
     <span class='ocr_line' id='line_1_5' title="bbox 2251 483 3828 558; baseline 0.001 -18"><span class='ocrx_word' id='word_1_15' title='bbox 2251 501 2298 540; x_wconf 81' lang='lat' dir='ltr'><strong>se</strong></span> <span class='ocrx_word' id='word_1_16' title='bbox 2333 485 2512 556; x_wconf 85' lang='lat' dir='ltr'><strong>lepide</strong></span> <span class='ocrx_word' id='word_1_17' title='bbox 2548 486 2734 540; x_wconf 92' lang='lat' dir='ltr'><strong>dicant</strong></span> <span class='ocrx_word' id='word_1_18' title='bbox 2768 499 2892 540; x_wconf 90' lang='lat' dir='ltr'><strong>cum</strong></span> <span class='ocrx_word' id='word_1_19' title='bbox 2925 483 3245 555; x_wconf 86' lang='lat' dir='ltr'><strong>voluptate:</strong></span> <span class='ocrx_word' id='word_1_20' title='bbox 3287 485 3426 541; x_wconf 85' lang='lat' dir='ltr'><strong>Ecce</strong></span> <span class='ocrx_word' id='word_1_21' title='bbox 3466 486 3582 542; x_wconf 71' lang='lat' dir='ltr'><strong>hmc</strong></span> <span class='ocrx_word' id='word_1_22' title='bbox 3611 502 3828 558; x_wconf 81' lang='lat' dir='ltr'><strong>quoque</strong></span> 
     </span>
    </p>
   </div>
   <div class='ocr_carea' id='block_1_6' title="bbox 546 572 2133 652">
    <p class='ocr_par' dir='ltr' id='par_1_6' title="bbox 546 572 2133 652">
     <span class='ocr_line' id='line_1_6' title="bbox 546 572 2133 652; baseline -0.003 -16"><span class='ocrx_word' id='word_1_23' title='bbox 546 584 643 636; x_wconf 79' lang='grc' dir='ltr'><strong>σὺν</strong></span> <span class='ocrx_word' id='word_1_24' title='bbox 693 581 856 652; x_wconf 72' lang='grc' dir='ltr'>ἡδονῇ</span> <span class='ocrx_word' id='word_1_25' title='bbox 911 572 1132 648; x_wconf 86' lang='grc' dir='ltr'>λέγειν·</span> <span class='ocrx_word' id='word_1_26' title='bbox 1179 581 1313 634; x_wconf 79' lang='grc' dir='ltr'>Ἰδοὺ</span> <span class='ocrx_word' id='word_1_27' title='bbox 1374 581 1468 635; x_wconf 73' lang='grc' dir='ltr'>καὶ</span> <span class='ocrx_word' id='word_1_28' title='bbox 1528 580 1662 652; x_wconf 83' lang='grc' dir='ltr'>ἄλλη</span> <span class='ocrx_word' id='word_1_29' title='bbox 1714 581 1962 652; x_wconf 79' lang='grc' dir='ltr'><strong>θυγάτηρ</strong></span> <span class='ocrx_word' id='word_1_30' title='bbox 1993 579 2133 650; x_wconf 84' lang='grc' dir='ltr'>αῦτη</span> 
     </span>
    </p>
   </div>
   <div class='ocr_carea' id='block_1_7' title="bbox 538 670 2137 744">
    <p class='ocr_par' dir='ltr' id='par_1_7' title="bbox 538 670 2137 744">
     <span class='ocr_line' id='line_1_7' title="bbox 538 670 2137 744; baseline -0.003 -16"><span class='ocrx_word' id='word_1_31' title='bbox 538 673 638 728; x_wconf 87' lang='grc' dir='ltr'><strong>τοῦ</strong></span> <span class='ocrx_word' id='word_1_32' title='bbox 666 673 908 743; x_wconf 77' lang='grc' dir='ltr'><strong>μεγάλου</strong></span> <span class='ocrx_word' id='word_1_33' title='bbox 937 671 1288 744; x_wconf 81' lang='grc' dir='ltr'>Μαρκιανοῦ,</span> <span class='ocrx_word' id='word_1_34' title='bbox 1315 671 1376 725; x_wconf 86' lang='grc' dir='ltr'><strong>τὸ</strong></span> <span class='ocrx_word' id='word_1_35' title='bbox 1412 671 1610 735; x_wconf 86' lang='grc' dir='ltr'>κάλλος</span> <span class='ocrx_word' id='word_1_36' title='bbox 1635 689 1695 726; x_wconf 86' lang='grc' dir='ltr'><strong>τε</strong></span> <span class='ocrx_word' id='word_1_37' title='bbox 1721 674 1820 726; x_wconf 78' lang='grc' dir='ltr'><strong>καὶ</strong></span> <span class='ocrx_word' id='word_1_38' title='bbox 1845 670 1944 743; x_wconf 83' lang='grc' dir='ltr'>τὴν</span> <span class='ocrx_word' id='word_1_39' title='bbox 1972 673 2137 725; x_wconf 85' lang='grc' dir='ltr'>πολυ-</span> 
     </span>
    </p>
   </div>
   <div class='ocr_carea' id='block_1_8' title="bbox 542 764 2137 836">
    <p class='ocr_par' dir='ltr' id='par_1_8' title="bbox 542 764 2137 836">
     <span class='ocr_line' id='line_1_8' title="bbox 542 764 2137 836; baseline -0.004 -15"><span class='ocrx_word' id='word_1_40' title='bbox 542 767 761 821; x_wconf 75' lang='grc' dir='ltr'>τέλειαν</span> <span class='ocrx_word' id='word_1_41' title='bbox 813 765 1025 836; x_wconf 77' lang='grc' dir='ltr'>ἀδελφὴ</span> <span class='ocrx_word' id='word_1_42' title='bbox 1073 765 1174 835; x_wconf 80' lang='grc' dir='ltr'><strong>τῆς</strong></span> <span class='ocrx_word' id='word_1_43' title='bbox 1235 765 1487 835; x_wconf 83' lang='grc' dir='ltr'><strong>μεγάλης</strong></span> <span class='ocrx_word' id='word_1_44' title='bbox 1531 764 1918 829; x_wconf 85' lang='grc' dir='ltr'>Ἀναστασίας.</span> <span class='ocrx_word' id='word_1_45' title='bbox 1957 765 2137 836; x_wconf 85' lang='grc' dir='ltr'>Ὅπερ</span> 
     </span>
    </p>
   </div>
   <div class='ocr_carea' id='block_1_9' title="bbox 547 855 2136 930">
    <p class='ocr_par' dir='ltr' id='par_1_9' title="bbox 547 855 2136 930">
     <span class='ocr_line' id='line_1_9' title="bbox 547 855 2136 930; baseline -0.001 -19"><span class='ocrx_word' id='word_1_46' title='bbox 547 859 737 930; x_wconf 83' lang='grc' dir='ltr'>μέντοι</span> <span class='ocrx_word' id='word_1_47' title='bbox 766 857 950 929; x_wconf 84' lang='grc' dir='ltr'>μόνως</span> <span class='ocrx_word' id='word_1_48' title='bbox 980 856 1110 928; x_wconf 79' lang='grc' dir='ltr'>περὶ</span> <span class='ocrx_word' id='word_1_49' title='bbox 1140 856 1235 910; x_wconf 90' lang='grc' dir='ltr'><strong>τοῦ</strong></span> <span class='ocrx_word' id='word_1_50' title='bbox 1264 855 1394 910; x_wconf 94' lang='grc' dir='ltr'>ναοῦ</span> <span class='ocrx_word' id='word_1_51' title='bbox 1428 857 1526 928; x_wconf 87' lang='grc' dir='ltr'>τῆς</span> <span class='ocrx_word' id='word_1_52' title='bbox 1553 857 1707 921; x_wconf 82' lang='grc' dir='ltr'><strong>Θείας</strong></span> <span class='ocrx_word' id='word_1_53' title='bbox 1734 857 1899 921; x_wconf 73' lang='grc' dir='ltr'>αὐτὸς</span> <span class='ocrx_word' id='word_1_54' title='bbox 1925 857 2136 922; x_wconf 78' lang='grc' dir='ltr'>ἐκεῖνος</span> 
     </span>
    </p>
   </div>
   <div class='ocr_carea' id='block_1_10' title="bbox 545 947 2132 1022">
    <p class='ocr_par' dir='ltr' id='par_1_10' title="bbox 545 947 2132 1022">
     <span class='ocr_line' id='line_1_10' title="bbox 545 947 2132 1022; baseline -0.002 -16"><span class='ocrx_word' id='word_1_55' title='bbox 545 953 654 1022; x_wconf 73' lang='grc' dir='ltr'>ἔφη</span> <span class='ocrx_word' id='word_1_56' title='bbox 697 951 1090 1014; x_wconf 83' lang='grc' dir='ltr'>’Δναστασίας,</span> <span class='ocrx_word' id='word_1_57' title='bbox 1117 949 1236 1013; x_wconf 89' lang='grc' dir='ltr'><strong>πῶς</strong></span> <span class='ocrx_word' id='word_1_58' title='bbox 1265 949 1333 1004; x_wconf 80' lang='grc' dir='ltr'>ἂν</span> <span class='ocrx_word' id='word_1_59' title='bbox 1361 968 1446 1014; x_wconf 88' lang='grc' dir='ltr'><strong>τις</strong></span> <span class='ocrx_word' id='word_1_60' title='bbox 1476 949 1815 1021; x_wconf 77' lang='grc' dir='ltr'><strong>παραλιπεῖν</strong></span> <span class='ocrx_word' id='word_1_61' title='bbox 1847 947 2132 1018; x_wconf 82' lang='grc' dir='ltr'>ἀξιώσειε;</span> 
     </span>
    </p>
   </div>
   <div class='ocr_carea' id='block_1_11' title="bbox 543 1040 2138 1114">
    <p class='ocr_par' dir='ltr' id='par_1_11' title="bbox 543 1040 2138 1114">
     <span class='ocr_line' id='line_1_11' title="bbox 543 1040 2138 1114; baseline -0.001 -17"><span class='ocrx_word' id='word_1_62' title='bbox 543 1045 668 1098; x_wconf 87' lang='grc' dir='ltr'>Τῶν</span> <span class='ocrx_word' id='word_1_63' title='bbox 697 1044 808 1114; x_wconf 78' lang='grc' dir='ltr'>γὰρ</span> <span class='ocrx_word' id='word_1_64' title='bbox 840 1041 1088 1112; x_wconf 79' lang='grc' dir='ltr'>συνήθων</span> <span class='ocrx_word' id='word_1_65' title='bbox 1126 1041 1278 1113; x_wconf 85' lang='grc' dir='ltr'>αὐτῷ</span> <span class='ocrx_word' id='word_1_66' title='bbox 1303 1059 1450 1106; x_wconf 90' lang='grc' dir='ltr'>τινος</span> <span class='ocrx_word' id='word_1_67' title='bbox 1487 1042 1550 1095; x_wconf 83' lang='grc' dir='ltr'><strong>τὸ</strong></span> <span class='ocrx_word' id='word_1_68' title='bbox 1582 1041 1716 1096; x_wconf 85' lang='grc' dir='ltr'>πολὺ</span> <span class='ocrx_word' id='word_1_69' title='bbox 1755 1043 1855 1108; x_wconf 85' lang='grc' dir='ltr'>τῆς</span> <span class='ocrx_word' id='word_1_70' title='bbox 1888 1040 2138 1114; x_wconf 82' lang='grc' dir='ltr'><strong>δαπάνης</strong></span> 
     </span>
    </p>
   </div>
   <div class='ocr_carea' id='block_1_12' title="bbox 542 1134 2135 1207">
    <p class='ocr_par' dir='ltr' id='par_1_12' title="bbox 542 1134 2135 1207">
     <span class='ocr_line' id='line_1_12' title="bbox 542 1134 2135 1207; baseline -0.001 -15"><span class='ocrx_word' id='word_1_71' title='bbox 542 1140 603 1192; x_wconf 78' lang='grc' dir='ltr'>ὲν</span> <span class='ocrx_word' id='word_1_72' title='bbox 643 1137 890 1206; x_wconf 76' lang='grc' dir='ltr'><strong>θαύματι</strong></span> <span class='ocrx_word' id='word_1_73' title='bbox 915 1134 1262 1206; x_wconf 84' lang='grc' dir='ltr'><strong>ποιουμένου,</strong></span> <span class='ocrx_word' id='word_1_74' title='bbox 1296 1138 1530 1201; x_wconf 83' lang='grc' dir='ltr'>ἐκεῖνον,</span> <span class='ocrx_word' id='word_1_75' title='bbox 1562 1135 1624 1188; x_wconf 87' lang='grc' dir='ltr'>Εἰ</span> <span class='ocrx_word' id='word_1_76' title='bbox 1647 1136 1704 1189; x_wconf 80' lang='grc' dir='ltr'>δὲ</span> <span class='ocrx_word' id='word_1_77' title='bbox 1739 1135 1835 1190; x_wconf 81' lang='grc' dir='ltr'>καὶ</span> <span class='ocrx_word' id='word_1_78' title='bbox 1871 1138 2008 1207; x_wconf 84' lang='grc' dir='ltr'>πρὸς</span> <span class='ocrx_word' id='word_1_79' title='bbox 2034 1136 2135 1206; x_wconf 86' lang='grc' dir='ltr'>γά-</span> 
     </span>
    </p>
   </div>
   <div class='ocr_carea' id='block_1_13' title="bbox 545 1227 2136 1301">
    <p class='ocr_par' dir='ltr' id='par_1_13' title="bbox 545 1227 2136 1301">
     <span class='ocr_line' id='line_1_13' title="bbox 545 1227 2136 1301; baseline 0 -17"><span class='ocrx_word' id='word_1_80' title='bbox 545 1248 667 1301; x_wconf 84' lang='grc' dir='ltr'>μον,</span> <span class='ocrx_word' id='word_1_81' title='bbox 693 1231 896 1293; x_wconf 74' lang='grc' dir='ltr'>εἰπεῖν,</span> <span class='ocrx_word' id='word_1_82' title='bbox 925 1227 1206 1300; x_wconf 78' lang='grc' dir='ltr'><strong>θυγατέρα</strong></span> <span class='ocrx_word' id='word_1_83' title='bbox 1227 1230 1544 1300; x_wconf 77' lang='grc' dir='ltr'>κατεγγυᾷν</span> <span class='ocrx_word' id='word_1_84' title='bbox 1565 1227 1814 1298; x_wconf 81' lang='grc' dir='ltr'>ἔμελλον,</span> <span class='ocrx_word' id='word_1_85' title='bbox 1841 1231 1941 1284; x_wconf 77' lang='grc' dir='ltr'><strong>οὐκ</strong></span> <span class='ocrx_word' id='word_1_86' title='bbox 1973 1229 2039 1284; x_wconf 83' lang='grc' dir='ltr'><strong>ἂν</strong></span> <span class='ocrx_word' id='word_1_87' title='bbox 2065 1229 2136 1284; x_wconf 83' lang='grc' dir='ltr'>τὰ</span> 
     </span>
    </p>
   </div>
   <div class='ocr_carea' id='block_1_14' title="bbox 546 1321 2138 1393">
    <p class='ocr_par' dir='ltr' id='par_1_14' title="bbox 546 1321 2138 1393">
     <span class='ocr_line' id='line_1_14' title="bbox 546 1321 2138 1393; baseline 0.001 -18"><span class='ocrx_word' id='word_1_88' title='bbox 546 1325 684 1393; x_wconf 78' lang='grc' dir='ltr'>πρὸς</span> <span class='ocrx_word' id='word_1_89' title='bbox 742 1321 1086 1393; x_wconf 84' lang='grc' dir='ltr'>εὐπρέπειαν</span> <span class='ocrx_word' id='word_1_90' title='bbox 1138 1321 1234 1373; x_wconf 81' lang='grc' dir='ltr'>καὶ</span> <span class='ocrx_word' id='word_1_91' title='bbox 1279 1321 1487 1390; x_wconf 83' lang='grc' dir='ltr'>κόσμον</span> <span class='ocrx_word' id='word_1_92' title='bbox 1535 1322 1676 1392; x_wconf 81' lang='grc' dir='ltr'>αὐτῇ</span> <span class='ocrx_word' id='word_1_93' title='bbox 1736 1322 2138 1392; x_wconf 85' lang='grc' dir='ltr'>φιλοτίμωςώς</span> 
     </span>
    </p>
   </div>
   <div class='ocr_carea' id='block_1_15' title="bbox 544 1403 2135 1485">
    <p class='ocr_par' dir='ltr' id='par_1_15' title="bbox 544 1403 2135 1485">
     <span class='ocr_line' id='line_1_15' title="bbox 544 1403 2135 1485; baseline 0 -19"><span class='ocrx_word' id='word_1_94' title='bbox 544 1409 692 1483; x_wconf 82' lang='grc' dir='ltr'>εἶχον</span> <span class='ocrx_word' id='word_1_95' title='bbox 715 1413 1025 1484; x_wconf 79' lang='grc' dir='ltr'><strong>παρασχεῖν</strong></span> <span class='ocrx_word' id='word_1_96' title='bbox 1054 1412 1318 1482; x_wconf 86' lang='grc' dir='ltr'>είλόμην;</span> <span class='ocrx_word' id='word_1_97' title='bbox 1346 1411 1461 1466; x_wconf 90' lang='grc' dir='ltr'>Νῦν</span> <span class='ocrx_word' id='word_1_98' title='bbox 1488 1411 1545 1466; x_wconf 83' lang='grc' dir='ltr'>δὲ</span> <span class='ocrx_word' id='word_1_99' title='bbox 1580 1414 1718 1484; x_wconf 78' lang='grc' dir='ltr'>πρὸς</span> <span class='ocrx_word' id='word_1_100' title='bbox 1739 1413 1868 1466; x_wconf 83' lang='grc' dir='ltr'>ναὸν</span> <span class='ocrx_word' id='word_1_101' title='bbox 1894 1403 2135 1485; x_wconf 85' lang='grc' dir='ltr'>Χριστοῦ</span> 
     </span>
    </p>
   </div>
   <div class='ocr_carea' id='block_1_16' title="bbox 550 1494 2135 1578">
    <p class='ocr_par' dir='ltr' id='par_1_16' title="bbox 550 1494 2135 1578">
     <span class='ocr_line' id='line_1_16' title="bbox 550 1494 2135 1578; baseline 0.003 -20"><span class='ocrx_word' id='word_1_102' title='bbox 550 1506 772 1576; x_wconf 81' lang='grc' dir='ltr'>νύμφης</span> <span class='ocrx_word' id='word_1_103' title='bbox 807 1494 1141 1578; x_wconf 85' lang='grc' dir='ltr'>προθέμενοὶ</span> <span class='ocrx_word' id='word_1_104' title='bbox 1169 1505 1444 1576; x_wconf 84' lang='grc' dir='ltr'>δαπανᾷν,</span> <span class='ocrx_word' id='word_1_105' title='bbox 1478 1507 1576 1559; x_wconf 80' lang='grc' dir='ltr'><strong>καὶ</strong></span> <span class='ocrx_word' id='word_1_106' title='bbox 1602 1505 1823 1576; x_wconf 79' lang='grc' dir='ltr'>νύμφης</span> <span class='ocrx_word' id='word_1_107' title='bbox 1845 1505 1991 1560; x_wconf 81' lang='grc' dir='ltr'>οὕτω</span> <span class='ocrx_word' id='word_1_108' title='bbox 2028 1524 2135 1562; x_wconf 86' lang='grc' dir='ltr'>κα·</span> 
     </span>
    </p>
   </div>
   <div class='ocr_carea' id='block_1_17' title="bbox 551 1594 2134 1672">
    <p class='ocr_par' dir='ltr' id='par_1_17' title="bbox 551 1594 2134 1672">
     <span class='ocr_line' id='line_1_17' title="bbox 551 1594 2134 1672; baseline 0.001 -20"><span class='ocrx_word' id='word_1_109' title='bbox 551 1600 778 1668; x_wconf 77' lang='grc' dir='ltr'>λῆς,κα“ι</span> <span class='ocrx_word' id='word_1_110' title='bbox 797 1601 857 1652; x_wconf 79' lang='grc' dir='ltr'><strong>τὸ</strong></span> <span class='ocrx_word' id='word_1_111' title='bbox 879 1594 1022 1669; x_wconf 76' lang='grc' dir='ltr'>αἷμα</span> <span class='ocrx_word' id='word_1_112' title='bbox 1052 1598 1195 1670; x_wconf 81' lang='grc' dir='ltr'>ὑπὲρ</span> <span class='ocrx_word' id='word_1_113' title='bbox 1219 1598 1387 1653; x_wconf 81' lang='grc' dir='ltr'>αὐτοῦ</span> <span class='ocrx_word' id='word_1_114' title='bbox 1411 1600 1645 1670; x_wconf 76' lang='grc' dir='ltr'>προχέαι</span> <span class='ocrx_word' id='word_1_115' title='bbox 1677 1599 1754 1670; x_wconf 81' lang='grc' dir='ltr'><strong>μὴ</strong></span> <span class='ocrx_word' id='word_1_116' title='bbox 1776 1600 2134 1672; x_wconf 84' lang='grc' dir='ltr'>φεισαμένης,</span> 
     </span>
    </p>
   </div>
   <div class='ocr_carea' id='block_1_18' title="bbox 553 1686 2138 1760">
    <p class='ocr_par' dir='ltr' id='par_1_18' title="bbox 553 1686 2138 1760">
     <span class='ocr_line' id='line_1_18' title="bbox 553 1686 2138 1760; baseline -0.001 -18"><span class='ocrx_word' id='word_1_117' title='bbox 553 1689 616 1743; x_wconf 86' lang='grc' dir='ltr'><strong>οὐ</strong></span> <span class='ocrx_word' id='word_1_118' title='bbox 646 1688 822 1760; x_wconf 76' lang='grc' dir='ltr'>πολλῷ</span> <span class='ocrx_word' id='word_1_119' title='bbox 871 1688 1074 1760; x_wconf 81' lang='grc' dir='ltr'>μᾶλλον</span> <span class='ocrx_word' id='word_1_120' title='bbox 1105 1689 1200 1742; x_wconf 74' lang='grc' dir='ltr'><strong>καὶ</strong></span> <span class='ocrx_word' id='word_1_121' title='bbox 1231 1687 1644 1758; x_wconf 75' lang='grc' dir='ltr'>προθυμότερον</span> <span class='ocrx_word' id='word_1_122' title='bbox 1683 1686 1986 1758; x_wconf 73' lang='grc' dir='ltr'>ἐμέλλομεν</span> <span class='ocrx_word' id='word_1_123' title='bbox 2002 1689 2138 1741; x_wconf 86' lang='grc' dir='ltr'>ἀνα-</span> 
     </span>
    </p>
   </div>
   <div class='ocr_carea' id='block_1_19' title="bbox 552 1776 2138 1850">
    <p class='ocr_par' dir='ltr' id='par_1_19' title="bbox 552 1776 2138 1850">
     <span class='ocr_line' id='line_1_19' title="bbox 552 1776 2138 1850; baseline 0.001 -20"><span class='ocrx_word' id='word_1_124' title='bbox 552 1778 779 1845; x_wconf 80' lang='grc' dir='ltr'>λίσκειν,</span> <span class='ocrx_word' id='word_1_125' title='bbox 819 1778 916 1832; x_wconf 87' lang='grc' dir='ltr'><strong>καὶ</strong></span> <span class='ocrx_word' id='word_1_126' title='bbox 951 1777 1164 1849; x_wconf 85' lang='grc' dir='ltr'>κόσμου</span> <span class='ocrx_word' id='word_1_127' title='bbox 1207 1777 1413 1841; x_wconf 80' lang='grc' dir='ltr'>παντὸς</span> <span class='ocrx_word' id='word_1_128' title='bbox 1438 1778 1532 1831; x_wconf 74' lang='grc' dir='ltr'>καὶ</span> <span class='ocrx_word' id='word_1_129' title='bbox 1557 1776 1708 1849; x_wconf 87' lang='grc' dir='ltr'>ὦρας</span> <span class='ocrx_word' id='word_1_130' title='bbox 1761 1778 1859 1832; x_wconf 80' lang='grc' dir='ltr'><strong>καὶ</strong></span> <span class='ocrx_word' id='word_1_131' title='bbox 1897 1778 2138 1850; x_wconf 82' lang='grc' dir='ltr'>χαρίτων</span> 
     </span>
    </p>
   </div>
   <div class='ocr_carea' id='block_1_20' title="bbox 548 1842 2214 1944">
    <p class='ocr_par' dir='ltr' id='par_1_20' title="bbox 548 1842 2214 1944">
     <span class='ocr_line' id='line_1_20' title="bbox 548 1842 2214 1944; baseline 0 -20"><span class='ocrx_word' id='word_1_132' title='bbox 548 1842 818 1925; x_wconf 71' lang='grc' dir='ltr'>ἐλλείπειν</span> <span class='ocrx_word' id='word_1_133' title='bbox 849 1870 1004 1925; x_wconf 84' lang='grc' dir='ltr'>οὐδέν</span> <span class='ocrx_word' id='word_1_134' title='bbox 1029 1842 1232 1938; x_wconf 69' lang='grc' dir='ltr'>ςὈῦτω</span> <span class='ocrx_word' id='word_1_135' title='bbox 1261 1869 1551 1942; x_wconf 87' lang='grc' dir='ltr'>φιλότιμος</span> <span class='ocrx_word' id='word_1_136' title='bbox 1596 1842 1666 1944; x_wconf 57' lang='grc' dir='ltr'>ἦν</span> <span class='ocrx_word' id='word_1_137' title='bbox 1699 1873 1758 1924; x_wconf 80' lang='grc' dir='ltr'>ὲν</span> <span class='ocrx_word' id='word_1_138' title='bbox 1801 1842 1994 1941; x_wconf 74' lang='grc' dir='ltr'>ἔργοις</span> <span class='ocrx_word' id='word_1_139' title='bbox 2021 1873 2138 1936; x_wconf 86' lang='grc' dir='ltr'>τοῖς</span> <span class='ocrx_word' id='word_1_140' title='bbox 2165 1842 2214 1902; x_wconf 79' lang='grc' dir='ltr'><strong>Β</strong></span> 
     </span>
    </p>
   </div>
   <div class='ocr_carea' id='block_1_21' title="bbox 547 1964 2137 2037">
    <p class='ocr_par' dir='ltr' id='par_1_21' title="bbox 547 1964 2137 2037">
     <span class='ocr_line' id='line_1_21' title="bbox 547 1964 2137 2037; baseline 0.001 -19"><span class='ocrx_word' id='word_1_141' title='bbox 547 1965 626 2036; x_wconf 84' lang='grc' dir='ltr'>τῷ</span> <span class='ocrx_word' id='word_1_142' title='bbox 650 1965 770 2036; x_wconf 85' lang='grc' dir='ltr'><strong>Θεῷ</strong></span> <span class='ocrx_word' id='word_1_143' title='bbox 810 1967 990 2036; x_wconf 84' lang='grc' dir='ltr'>φίλοις</span> <span class='ocrx_word' id='word_1_144' title='bbox 1029 1965 1376 2037; x_wconf 80' lang='grc' dir='ltr'><strong>Μαρκιανὸς,</strong></span> <span class='ocrx_word' id='word_1_145' title='bbox 1421 1965 1516 2018; x_wconf 80' lang='grc' dir='ltr'>καὶ</span> <span class='ocrx_word' id='word_1_146' title='bbox 1571 1964 1822 2036; x_wconf 80' lang='grc' dir='ltr'>δαπάνης</span> <span class='ocrx_word' id='word_1_147' title='bbox 1873 1964 2137 2036; x_wconf 74' lang='grc' dir='ltr'>οὐδεμιᾶς</span> 
     </span>
    </p>
   </div>
   <div class='ocr_carea' id='block_1_22' title="bbox 549 2057 891 2126">
    <p class='ocr_par' dir='ltr' id='par_1_22' title="bbox 549 2057 891 2126">
     <span class='ocr_line' id='line_1_22' title="bbox 549 2057 891 2126; baseline 0.006 -18"><span class='ocrx_word' id='word_1_148' title='bbox 549 2057 891 2126; x_wconf 79' lang='grc' dir='ltr'>φειδόμενος.</span> 
     </span>
    </p>
   </div>
   <div class='ocr_carea' id='block_1_23' title="bbox 629 2147 2135 2220">
    <p class='ocr_par' dir='ltr' id='par_1_23' title="bbox 629 2147 2135 2220">
     <span class='ocr_line' id='line_1_23' title="bbox 629 2147 2135 2220; baseline -0.001 -15"><span class='ocrx_word' id='word_1_149' title='bbox 629 2152 716 2218; x_wconf 78' lang='grc' dir='ltr'><strong>ιζ’·</strong></span> <span class='ocrx_word' id='word_1_150' title='bbox 740 2151 849 2204; x_wconf 71' lang='grc' dir='ltr'><strong>Καὶ</strong></span> <span class='ocrx_word' id='word_1_151' title='bbox 874 2149 984 2219; x_wconf 90' lang='grc' dir='ltr'><strong>γάρ</strong></span> <span class='ocrx_word' id='word_1_152' title='bbox 1012 2149 1073 2203; x_wconf 85' lang='grc' dir='ltr'><strong>ού</strong></span> <span class='ocrx_word' id='word_1_153' title='bbox 1096 2148 1367 2204; x_wconf 82' lang='grc' dir='ltr'>τοσούτων</span> <span class='ocrx_word' id='word_1_154' title='bbox 1394 2147 1553 2219; x_wconf 89' lang='grc' dir='ltr'>μόνον</span> <span class='ocrx_word' id='word_1_155' title='bbox 1587 2149 1844 2220; x_wconf 82' lang='grc' dir='ltr'>νεουργὺς</span> <span class='ocrx_word' id='word_1_156' title='bbox 1889 2148 2135 2218; x_wconf 85' lang='grc' dir='ltr'>γέγονεν,</span> 
     </span>
    </p>
   </div>
   <div class='ocr_carea' id='block_1_24' title="bbox 554 2239 2140 2312">
    <p class='ocr_par' dir='ltr' id='par_1_24' title="bbox 554 2239 2140 2312">
     <span class='ocr_line' id='line_1_24' title="bbox 554 2239 2140 2312; baseline -0.003 -13"><span class='ocrx_word' id='word_1_157' title='bbox 554 2245 694 2299; x_wconf 78' lang='grc' dir='ltr'>ἀλλὰ</span> <span class='ocrx_word' id='word_1_158' title='bbox 722 2243 818 2298; x_wconf 75' lang='grc' dir='ltr'><strong>καὶ</strong></span> <span class='ocrx_word' id='word_1_159' title='bbox 856 2240 1068 2298; x_wconf 75' lang='grc' dir='ltr'>πολλῶν</span> <span class='ocrx_word' id='word_1_160' title='bbox 1099 2241 1278 2296; x_wconf 76' lang='grc' dir='ltr'>ἄλλων</span> <span class='ocrx_word' id='word_1_161' title='bbox 1312 2239 1474 2312; x_wconf 82' lang='grc' dir='ltr'>ἱερῶν</span> <span class='ocrx_word' id='word_1_162' title='bbox 1500 2240 1686 2307; x_wconf 71' lang='grc' dir='ltr'>οἴκων,</span> <span class='ocrx_word' id='word_1_163' title='bbox 1714 2241 1776 2293; x_wconf 83' lang='grc' dir='ltr'><strong>ού</strong></span> <span class='ocrx_word' id='word_1_164' title='bbox 1806 2240 2140 2312; x_wconf 81' lang='grc' dir='ltr'>δημιουργὸς</span> 
     </span>
    </p>
   </div>
   <div class='ocr_carea' id='block_1_25' title="bbox 557 2328 2140 2406">
    <p class='ocr_par' dir='ltr' id='par_1_25' title="bbox 557 2328 2140 2406">
     <span class='ocr_line' id='line_1_25' title="bbox 557 2328 2140 2406; baseline -0.003 -18"><span class='ocrx_word' id='word_1_165' title='bbox 557 2335 742 2406; x_wconf 81' lang='grc' dir='ltr'>μόνον,</span> <span class='ocrx_word' id='word_1_166' title='bbox 775 2333 912 2390; x_wconf 82' lang='grc' dir='ltr'>ἀλλὰ</span> <span class='ocrx_word' id='word_1_167' title='bbox 943 2333 1038 2389; x_wconf 75' lang='grc' dir='ltr'>καὶ</span> <span class='ocrx_word' id='word_1_168' title='bbox 1067 2329 1414 2402; x_wconf 80' lang='grc' dir='ltr'>θεραπευτής</span> <span class='ocrx_word' id='word_1_169' title='bbox 1466 2330 1744 2384; x_wconf 75' lang='grc' dir='ltr'>ἐδείκνυτο</span> <span class='ocrx_word' id='word_1_170' title='bbox 1776 2345 1790 2360; x_wconf 89' lang='grc'>·</span> <span class='ocrx_word' id='word_1_171' title='bbox 1829 2328 1917 2385; x_wconf 76' lang='grc' dir='ltr'>οἷα</span> <span class='ocrx_word' id='word_1_172' title='bbox 1945 2330 2010 2402; x_wconf 78' lang='grc' dir='ltr'>δὴ</span> <span class='ocrx_word' id='word_1_173' title='bbox 2045 2331 2140 2386; x_wconf 77' lang='grc' dir='ltr'>καὶ</span> 
     </span>
    </p>
   </div>
   <div class='ocr_carea' id='block_1_26' title="bbox 550 2421 2142 2495">
    <p class='ocr_par' dir='ltr' id='par_1_26' title="bbox 550 2421 2142 2495">
     <span class='ocr_line' id='line_1_26' title="bbox 550 2421 2142 2495; baseline -0.002 -14"><span class='ocrx_word' id='word_1_174' title='bbox 550 2428 646 2481; x_wconf 87' lang='grc' dir='ltr'><strong>τοῦ</strong></span> <span class='ocrx_word' id='word_1_175' title='bbox 683 2424 920 2495; x_wconf 76' lang='grc' dir='ltr'>μεγάλου</span> <span class='ocrx_word' id='word_1_176' title='bbox 979 2423 1253 2494; x_wconf 83' lang='grc' dir='ltr'>μάρτυρος</span> <span class='ocrx_word' id='word_1_177' title='bbox 1319 2421 1597 2494; x_wconf 78' lang='grc' dir='ltr'>θεοδώρου</span> <span class='ocrx_word' id='word_1_178' title='bbox 1650 2421 1744 2476; x_wconf 93' lang='grc' dir='ltr'><strong>τοῦ</strong></span> <span class='ocrx_word' id='word_1_179' title='bbox 1798 2423 1856 2476; x_wconf 82' lang='grc' dir='ltr'><strong>ἐν</strong></span> <span class='ocrx_word' id='word_1_180' title='bbox 1942 2423 2142 2478; x_wconf 84' lang='grc' dir='ltr'>Ταινά-</span> 
     </span>
    </p>
   </div>
   <div class='ocr_carea' id='block_1_27' title="bbox 557 2512 2136 2594">
    <p class='ocr_par' dir='ltr' id='par_1_27' title="bbox 557 2512 2136 2594">
     <span class='ocr_line' id='line_1_27' title="bbox 557 2512 2136 2594; baseline -0.003 -20"><span class='ocrx_word' id='word_1_181' title='bbox 557 2539 639 2594; x_wconf 63' lang='lat' dir='ltr'><strong>pq:</strong></span> <span class='ocrx_word' id='word_1_182' title='bbox 661 2537 679 2553; x_wconf 87' lang='grc'><strong>·</strong></span> <span class='ocrx_word' id='word_1_183' title='bbox 718 2517 814 2573; x_wconf 76' lang='grc' dir='ltr'>καὶ</span> <span class='ocrx_word' id='word_1_184' title='bbox 836 2515 1196 2589; x_wconf 79' lang='grc' dir='ltr'>Στρατονίκου</span> <span class='ocrx_word' id='word_1_185' title='bbox 1249 2515 1527 2586; x_wconf 85' lang='grc' dir='ltr'>μάρτυρος</span> <span class='ocrx_word' id='word_1_186' title='bbox 1556 2512 1652 2567; x_wconf 84' lang='grc' dir='ltr'><strong>τοῦ</strong></span> <span class='ocrx_word' id='word_1_187' title='bbox 1693 2515 1752 2566; x_wconf 78' lang='grc' dir='ltr'>ὲν</span> <span class='ocrx_word' id='word_1_188' title='bbox 1781 2515 1858 2586; x_wconf 84' lang='grc' dir='ltr'>τῷ</span> <span class='ocrx_word' id='word_1_189' title='bbox 1910 2514 2136 2587; x_wconf 83' lang='grc' dir='ltr'><strong>Ῥηγίῳ.</strong></span> 
     </span>
    </p>
   </div>
   <div class='ocr_carea' id='block_1_28' title="bbox 553 2607 2141 2689">
    <p class='ocr_par' dir='ltr' id='par_1_28' title="bbox 553 2607 2141 2689">
     <span class='ocr_line' id='line_1_28' title="bbox 553 2607 2141 2689; baseline -0.004 -20"><span class='ocrx_word' id='word_1_190' title='bbox 553 2615 666 2670; x_wconf 56' lang='grc' dir='ltr'><strong>Καὶ⁵</strong></span> <span class='ocrx_word' id='word_1_191' title='bbox 703 2612 830 2680; x_wconf 85' lang='grc' dir='ltr'>τόγε</span> <span class='ocrx_word' id='word_1_192' title='bbox 885 2609 1369 2682; x_wconf 69' lang='grc' dir='ltr'>θαυμαστότατον,</span> <span class='ocrx_word' id='word_1_193' title='bbox 1429 2608 1624 2679; x_wconf 81' lang='grc' dir='ltr'>ὅτιπερ</span> <span class='ocrx_word' id='word_1_194' title='bbox 1681 2607 1856 2672; x_wconf 77' lang='grc' dir='ltr'>οὕτως</span> <span class='ocrx_word' id='word_1_195' title='bbox 1915 2610 1976 2689; x_wconf 73' lang='grc' dir='ltr'>ὲν</span> <span class='ocrx_word' id='word_1_196' title='bbox 2028 2612 2141 2674; x_wconf 91' lang='grc' dir='ltr'>τοῖς</span> 
     </span>
    </p>
   </div>
   <div class='ocr_carea' id='block_1_29' title="bbox 553 2700 2143 2778">
    <p class='ocr_par' dir='ltr' id='par_1_29' title="bbox 553 2700 2143 2778">
     <span class='ocr_line' id='line_1_29' title="bbox 553 2700 2143 2778; baseline 0.002 -23"><span class='ocrx_word' id='word_1_197' title='bbox 553 2709 720 2778; x_wconf 77' lang='grc' dir='ltr'>ἱεροῖς</span> <span class='ocrx_word' id='word_1_198' title='bbox 755 2705 926 2767; x_wconf 75' lang='grc' dir='ltr'>οἷκοις</span> <span class='ocrx_word' id='word_1_199' title='bbox 957 2702 1055 2776; x_wconf 80' lang='grc' dir='ltr'>τὴν</span> <span class='ocrx_word' id='word_1_200' title='bbox 1101 2704 1260 2775; x_wconf 88' lang='grc' dir='ltr'>χεῖρα</span> <span class='ocrx_word' id='word_1_201' title='bbox 1281 2700 1597 2772; x_wconf 85' lang='grc' dir='ltr'>πολυαρκὴς</span> <span class='ocrx_word' id='word_1_202' title='bbox 1622 2700 1722 2766; x_wconf 81' lang='grc' dir='ltr'><strong>ὢν,</strong></span> <span class='ocrx_word' id='word_1_203' title='bbox 1760 2701 1943 2773; x_wconf 78' lang='grc' dir='ltr'>πολλῷ</span> <span class='ocrx_word' id='word_1_204' title='bbox 1979 2703 2143 2758; x_wconf 82' lang='grc' dir='ltr'>πλέον</span> 
     </span>
    </p>
   </div>
   <div class='ocr_carea' id='block_1_30' title="bbox 554 2795 2145 2872">
    <p class='ocr_par' dir='ltr' id='par_1_30' title="bbox 554 2795 2145 2872">
     <span class='ocr_line' id='line_1_30' title="bbox 554 2795 2145 2872; baseline -0.002 -18"><span class='ocrx_word' id='word_1_205' title='bbox 554 2800 727 2872; x_wconf 74' lang='grc' dir='ltr'>αὐτὴν</span> <span class='ocrx_word' id='word_1_206' title='bbox 767 2799 1000 2871; x_wconf 76' lang='grc' dir='ltr'>ῥέουσαν</span> <span class='ocrx_word' id='word_1_207' title='bbox 1021 2799 1080 2851; x_wconf 77' lang='grc' dir='ltr'>ὲν</span> <span class='ocrx_word' id='word_1_208' title='bbox 1117 2799 1239 2862; x_wconf 86' lang='grc' dir='ltr'>ταῖς</span> <span class='ocrx_word' id='word_1_209' title='bbox 1279 2795 1388 2850; x_wconf 89' lang='grc' dir='ltr'><strong>τῶν</strong></span> <span class='ocrx_word' id='word_1_210' title='bbox 1415 2800 1664 2867; x_wconf 82' lang='grc' dir='ltr'>πενήτων</span> <span class='ocrx_word' id='word_1_211' title='bbox 1704 2799 1965 2870; x_wconf 86' lang='grc' dir='ltr'>παρεῖχεν</span> <span class='ocrx_word' id='word_1_212' title='bbox 2023 2799 2145 2851; x_wconf 73' lang='grc' dir='ltr'>ἐπι-</span> 
     </span>
    </p>
   </div>
   <div class='ocr_carea' id='block_1_31' title="bbox 561 2882 2144 2964">
    <p class='ocr_par' dir='ltr' id='par_1_31' title="bbox 561 2882 2144 2964">
     <span class='ocr_line' id='line_1_31' title="bbox 561 2882 2144 2964; baseline -0.003 -17"><span class='ocrx_word' id='word_1_213' title='bbox 561 2894 828 2964; x_wconf 81' lang='grc' dir='ltr'>μελείαις.</span> <span class='ocrx_word' id='word_1_214' title='bbox 884 2890 1022 2964; x_wconf 79' lang='grc' dir='ltr'>Περὶ</span> <span class='ocrx_word' id='word_1_215' title='bbox 1049 2882 1112 2945; x_wconf 81' lang='grc' dir='ltr'><strong>οῦ</strong></span> <span class='ocrx_word' id='word_1_216' title='bbox 1142 2889 1240 2944; x_wconf 76' lang='grc' dir='ltr'>καὶ</span> <span class='ocrx_word' id='word_1_217' title='bbox 1274 2888 1374 2944; x_wconf 92' lang='grc' dir='ltr'><strong>νῦν</strong></span> <span class='ocrx_word' id='word_1_218' title='bbox 1422 2887 1862 2960; x_wconf 84' lang='grc' dir='ltr'>διεξοδικώτερον</span> <span class='ocrx_word' id='word_1_219' title='bbox 1906 2891 1935 2944; x_wconf 88' lang='grc' dir='ltr'>ὁ</span> <span class='ocrx_word' id='word_1_220' title='bbox 1986 2890 2144 2959; x_wconf 86' lang='grc' dir='ltr'>λόγος</span> 
     </span>
    </p>
   </div>
   <div class='ocr_carea' id='block_1_32' title="bbox 553 2979 2146 3056">
    <p class='ocr_par' dir='ltr' id='par_1_32' title="bbox 553 2979 2146 3056">
     <span class='ocr_line' id='line_1_32' title="bbox 553 2979 2146 3056; baseline -0.005 -15"><span class='ocrx_word' id='word_1_221' title='bbox 553 2984 846 3055; x_wconf 82' lang='grc' dir='ltr'>διεξελθεῖν</span> <span class='ocrx_word' id='word_1_222' title='bbox 877 2982 1150 3056; x_wconf 88' lang='grc' dir='ltr'>βούλεται,</span> <span class='ocrx_word' id='word_1_223' title='bbox 1201 2979 1343 3034; x_wconf 83' lang='grc' dir='ltr'>ὥστε</span> <span class='ocrx_word' id='word_1_224' title='bbox 1396 2979 1564 3052; x_wconf 83' lang='grc' dir='ltr'>δήλην</span> <span class='ocrx_word' id='word_1_225' title='bbox 1607 2979 1860 3049; x_wconf 82' lang='grc' dir='ltr'>γενέσθαι</span> <span class='ocrx_word' id='word_1_226' title='bbox 1915 2980 1992 3052; x_wconf 80' lang='grc' dir='ltr'>μὴ</span> <span class='ocrx_word' id='word_1_227' title='bbox 2045 2981 2146 3051; x_wconf 85' lang='grc' dir='ltr'><strong>τὴν</strong></span> 
     </span>
    </p>
   </div>
   <div class='ocr_carea' id='block_1_33' title="bbox 556 3074 2144 3153">
    <p class='ocr_par' dir='ltr' id='par_1_33' title="bbox 556 3074 2144 3153">
     <span class='ocr_line' id='line_1_33' title="bbox 556 3074 2144 3153; baseline -0.007 -15"><span class='ocrx_word' id='word_1_228' title='bbox 556 3083 776 3138; x_wconf 71' lang='grc' dir='ltr'>ἐκείνου</span> <span class='ocrx_word' id='word_1_229' title='bbox 813 3081 974 3153; x_wconf 90' lang='grc' dir='ltr'>μόνον</span> <span class='ocrx_word' id='word_1_230' title='bbox 997 3081 1125 3152; x_wconf 73' lang='grc' dir='ltr'>περὶ</span> <span class='ocrx_word' id='word_1_231' title='bbox 1181 3079 1307 3142; x_wconf 77' lang='grc' dir='ltr'>τοὺς</span> <span class='ocrx_word' id='word_1_232' title='bbox 1365 3077 1654 3148; x_wconf 85' lang='grc' dir='ltr'>δεομένους</span> <span class='ocrx_word' id='word_1_233' title='bbox 1712 3074 2144 3147; x_wconf 78' lang='grc' dir='ltr'>φιλανθρωπίαν,</span> 
     </span>
    </p>
   </div>
   <div class='ocr_carea' id='block_1_34' title="bbox 2239 575 3828 648">
    <p class='ocr_par' dir='ltr' id='par_1_34' title="bbox 2239 575 3828 648">
     <span class='ocr_line' id='line_1_34' title="bbox 2239 575 3828 648; baseline 0.003 -17"><span class='ocrx_word' id='word_1_234' title='bbox 2239 585 2323 631; x_wconf 90' lang='lat' dir='ltr'><strong>est</strong></span> <span class='ocrx_word' id='word_1_235' title='bbox 2365 577 2468 630; x_wconf 89' lang='lat' dir='ltr'><strong>alia</strong></span> <span class='ocrx_word' id='word_1_236' title='bbox 2507 575 2614 630; x_wconf 94' lang='lat' dir='ltr'><strong>ﬁlia</strong></span> <span class='ocrx_word' id='word_1_237' title='bbox 2650 575 2828 646; x_wconf 82' lang='lat' dir='ltr'><strong>Magni</strong></span> <span class='ocrx_word' id='word_1_238' title='bbox 2867 575 3146 643; x_wconf 81' lang='lat' dir='ltr'><strong>Marciani,</strong></span> <span class='ocrx_word' id='word_1_239' title='bbox 3179 578 3588 648; x_wconf 91' lang='lat' dir='ltr'><strong>pulchritudine</strong></span> <span class='ocrx_word' id='word_1_240' title='bbox 3619 589 3673 635; x_wconf 86' lang='lat' dir='ltr'><strong>et</strong></span> <span class='ocrx_word' id='word_1_241' title='bbox 3711 599 3828 635; x_wconf 80' lang='lat' dir='ltr'><strong>ma-</strong></span> 
     </span>
    </p>
   </div>
   <div class='ocr_carea' id='block_1_35' title="bbox 2239 669 3828 740">
    <p class='ocr_par' dir='ltr' id='par_1_35' title="bbox 2239 669 3828 740">
     <span class='ocr_line' id='line_1_35' title="bbox 2239 669 3828 740; baseline 0.005 -19"><span class='ocrx_word' id='word_1_242' title='bbox 2239 669 2552 739; x_wconf 80' lang='lat' dir='ltr'><strong>gniﬁcentia</strong></span> <span class='ocrx_word' id='word_1_243' title='bbox 2587 684 2744 724; x_wconf 91' lang='lat' dir='ltr'><strong>soror</strong></span> <span class='ocrx_word' id='word_1_244' title='bbox 2775 685 2985 740; x_wconf 75' lang='lat' dir='ltr'><strong>magna:</strong></span> <span class='ocrx_word' id='word_1_245' title='bbox 3009 670 3334 727; x_wconf 66' lang='lat' dir='ltr'><strong>Anastasiaz.</strong></span> <span class='ocrx_word' id='word_1_246' title='bbox 3377 672 3535 738; x_wconf 87' lang='lat' dir='ltr'><strong>Quod</strong></span> <span class='ocrx_word' id='word_1_247' title='bbox 3561 684 3710 729; x_wconf 75' lang='lat' dir='ltr'><strong>certe</strong></span> <span class='ocrx_word' id='word_1_248' title='bbox 3739 676 3828 729; x_wconf 89' lang='lat' dir='ltr'><strong>ille</strong></span> 
     </span>
    </p>
   </div>
   <div class='ocr_carea' id='block_1_36' title="bbox 2238 762 3826 832">
    <p class='ocr_par' dir='ltr' id='par_1_36' title="bbox 2238 762 3826 832">
     <span class='ocr_line' id='line_1_36' title="bbox 2238 762 3826 832; baseline 0.001 -16"><span class='ocrx_word' id='word_1_249' title='bbox 2238 762 2459 832; x_wconf 88' lang='lat' dir='ltr'><strong>quidem</strong></span> <span class='ocrx_word' id='word_1_250' title='bbox 2502 762 2618 832; x_wconf 88' lang='lat' dir='ltr'><strong>ipse</strong></span> <span class='ocrx_word' id='word_1_251' title='bbox 2653 763 2998 818; x_wconf 90' lang='lat' dir='ltr'><strong>solummodo</strong></span> <span class='ocrx_word' id='word_1_252' title='bbox 3033 764 3100 819; x_wconf 90' lang='lat' dir='ltr'><strong>de</strong></span> <span class='ocrx_word' id='word_1_253' title='bbox 3130 764 3313 819; x_wconf 91' lang='lat' dir='ltr'><strong>divina</strong></span> <span class='ocrx_word' id='word_1_254' title='bbox 3350 766 3486 822; x_wconf 79' lang='lat' dir='ltr'><strong>dixit</strong></span> <span class='ocrx_word' id='word_1_255' title='bbox 3518 768 3826 832; x_wconf 68' lang='lat' dir='ltr'><strong>Anastasis,</strong></span> 
     </span>
    </p>
   </div>
   <div class='ocr_carea' id='block_1_37' title="bbox 2237 855 3830 932">
    <p class='ocr_par' dir='ltr' id='par_1_37' title="bbox 2237 855 3830 932">
     <span class='ocr_line' id='line_1_37' title="bbox 2237 855 3830 932; baseline 0.007 -25"><span class='ocrx_word' id='word_1_256' title='bbox 2237 855 2696 924; x_wconf 81' lang='lat' dir='ltr'><strong>quemadmodum</strong></span> <span class='ocrx_word' id='word_1_257' title='bbox 2726 859 3002 912; x_wconf 87' lang='lat' dir='ltr'><strong>censuerit</strong></span> <span class='ocrx_word' id='word_1_258' title='bbox 3026 859 3296 930; x_wconf 82' lang='lat' dir='ltr'><strong>quispiam</strong></span> <span class='ocrx_word' id='word_1_259' title='bbox 3333 877 3454 916; x_wconf 88' lang='lat' dir='ltr'><strong>esse</strong></span> <span class='ocrx_word' id='word_1_260' title='bbox 3503 865 3830 932; x_wconf 78' lang='lat' dir='ltr'><strong>praetermit-</strong></span> 
     </span>
    </p>
   </div>
   <div class='ocr_carea' id='block_1_38' title="bbox 2240 949 3831 1024">
    <p class='ocr_par' dir='ltr' id='par_1_38' title="bbox 2240 949 3831 1024">
     <span class='ocr_line' id='line_1_38' title="bbox 2240 949 3831 1024; baseline 0.005 -22"><span class='ocrx_word' id='word_1_261' title='bbox 2240 949 2509 1003; x_wconf 86' lang='lat' dir='ltr'><strong>tendum?</strong></span> <span class='ocrx_word' id='word_1_262' title='bbox 2556 949 2690 1004; x_wconf 85' lang='lat' dir='ltr'><strong>Nam</strong></span> <span class='ocrx_word' id='word_1_263' title='bbox 2745 966 2870 1004; x_wconf 86' lang='lat' dir='ltr'><strong>cum</strong></span> <span class='ocrx_word' id='word_1_264' title='bbox 2929 952 3148 1022; x_wconf 90' lang='lat' dir='ltr'><strong>quidam</strong></span> <span class='ocrx_word' id='word_1_265' title='bbox 3195 969 3261 1007; x_wconf 86' lang='lat' dir='ltr'><strong>ex</strong></span> <span class='ocrx_word' id='word_1_266' title='bbox 3305 955 3423 1024; x_wconf 84' lang='lat' dir='ltr'><strong>ejus</strong></span> <span class='ocrx_word' id='word_1_267' title='bbox 3472 955 3831 1011; x_wconf 78' lang='lat' dir='ltr'><strong>familiaribus</strong></span> 
     </span>
    </p>
   </div>
   <div class='ocr_carea' id='block_1_39' title="bbox 2238 1041 3824 1115">
    <p class='ocr_par' dir='ltr' id='par_1_39' title="bbox 2238 1041 3824 1115">
     <span class='ocr_line' id='line_1_39' title="bbox 2238 1041 3824 1115; baseline 0.004 -21"><span class='ocrx_word' id='word_1_268' title='bbox 2238 1055 2493 1112; x_wconf 84' lang='lat' dir='ltr'><strong>magnam</strong></span> <span class='ocrx_word' id='word_1_269' title='bbox 2520 1041 2816 1096; x_wconf 84' lang='lat' dir='ltr'><strong>miraretur</strong></span> <span class='ocrx_word' id='word_1_270' title='bbox 2850 1043 3154 1113; x_wconf 85' lang='lat' dir='ltr'><strong>impensam</strong></span> <span class='ocrx_word' id='word_1_271' title='bbox 3183 1062 3194 1098; x_wconf 95' lang='lat'><strong>:</strong></span> <span class='ocrx_word' id='word_1_272' title='bbox 3233 1045 3290 1098; x_wconf 90' lang='lat' dir='ltr'><strong>Si</strong></span> <span class='ocrx_word' id='word_1_273' title='bbox 3323 1047 3695 1115; x_wconf 80' lang='lat' dir='ltr'><strong>desponsurus</strong></span> <span class='ocrx_word' id='word_1_274' title='bbox 3734 1064 3824 1101; x_wconf 86' lang='lat' dir='ltr'><strong>es-</strong></span> 
     </span>
    </p>
   </div>
   <div class='ocr_carea' id='block_1_40' title="bbox 2239 1134 3826 1209">
    <p class='ocr_par' dir='ltr' id='par_1_40' title="bbox 2239 1134 3826 1209">
     <span class='ocr_line' id='line_1_40' title="bbox 2239 1134 3826 1209; baseline 0.006 -23"><span class='ocrx_word' id='word_1_275' title='bbox 2239 1148 2378 1198; x_wconf 88' lang='lat' dir='ltr'><strong>sem,</strong></span> <span class='ocrx_word' id='word_1_276' title='bbox 2410 1134 2590 1204; x_wconf 80' lang='lat' dir='ltr'><strong>inquit</strong></span> <span class='ocrx_word' id='word_1_277' title='bbox 2617 1135 2727 1196; x_wconf 91' lang='lat' dir='ltr'><strong>ille.</strong></span> <span class='ocrx_word' id='word_1_278' title='bbox 2762 1151 2940 1190; x_wconf 88' lang='lat' dir='ltr'><strong>meam</strong></span> <span class='ocrx_word' id='word_1_279' title='bbox 2980 1136 3166 1202; x_wconf 88' lang='lat' dir='ltr'><strong>ﬁliam,</strong></span> <span class='ocrx_word' id='word_1_280' title='bbox 3198 1152 3309 1191; x_wconf 91' lang='lat' dir='ltr'><strong>non</strong></span> <span class='ocrx_word' id='word_1_281' title='bbox 3333 1154 3454 1207; x_wconf 81' lang='lat' dir='ltr'><strong>qua:</strong></span> <span class='ocrx_word' id='word_1_282' title='bbox 3483 1140 3547 1193; x_wconf 85' lang='lat' dir='ltr'><strong>ad</strong></span> <span class='ocrx_word' id='word_1_283' title='bbox 3577 1141 3696 1209; x_wconf 88' lang='lat' dir='ltr'><strong>ejus</strong></span> <span class='ocrx_word' id='word_1_284' title='bbox 3727 1141 3826 1195; x_wconf 79' lang='lat' dir='ltr'><strong>dc-</strong></span> 
     </span>
    </p>
   </div>
   <div class='ocr_carea' id='block_1_41' title="bbox 2238 1226 3825 1295">
    <p class='ocr_par' dir='ltr' id='par_1_41' title="bbox 2238 1226 3825 1295">
     <span class='ocr_line' id='line_1_41' title="bbox 2238 1226 3825 1295; baseline 0.004 -15"><span class='ocrx_word' id='word_1_285' title='bbox 2238 1239 2422 1280; x_wconf 87' lang='lat' dir='ltr'><strong>corem</strong></span> <span class='ocrx_word' id='word_1_286' title='bbox 2481 1226 2840 1295; x_wconf 88' lang='lat' dir='ltr'><strong>pertinerent,</strong></span> <span class='ocrx_word' id='word_1_287' title='bbox 2903 1237 2960 1282; x_wconf 89' lang='lat' dir='ltr'><strong>et</strong></span> <span class='ocrx_word' id='word_1_288' title='bbox 3009 1237 3283 1294; x_wconf 91' lang='lat' dir='ltr'><strong>ornatum,</strong></span> <span class='ocrx_word' id='word_1_289' title='bbox 3340 1239 3636 1286; x_wconf 86' lang='lat' dir='ltr'><strong>statuerem</strong></span> <span class='ocrx_word' id='word_1_290' title='bbox 3693 1234 3825 1286; x_wconf 88' lang='lat' dir='ltr'><strong>mihi</strong></span> 
     </span>
    </p>
   </div>
   <div class='ocr_carea' id='block_1_42' title="bbox 2238 1316 3834 1393">
    <p class='ocr_par' dir='ltr' id='par_1_42' title="bbox 2238 1316 3834 1393">
     <span class='ocr_line' id='line_1_42' title="bbox 2238 1316 3834 1393; baseline 0.006 -22"><span class='ocrx_word' id='word_1_291' title='bbox 2238 1331 2359 1372; x_wconf 88' lang='lat' dir='ltr'><strong>esse</strong></span> <span class='ocrx_word' id='word_1_292' title='bbox 2407 1316 2698 1387; x_wconf 69' lang='lat' dir='ltr'><strong>praebenda</strong></span> <span class='ocrx_word' id='word_1_293' title='bbox 2753 1334 2947 1388; x_wconf 86' lang='lat' dir='ltr'><strong>quam.</strong></span> <span class='ocrx_word' id='word_1_294' title='bbox 2979 1335 3199 1390; x_wconf 85' lang='lat' dir='ltr'><strong>possem</strong></span> <span class='ocrx_word' id='word_1_295' title='bbox 3251 1323 3834 1393; x_wconf 83' lang='lat' dir='ltr'><strong>magniﬁcentissime?</strong></span> 
     </span>
    </p>
   </div>
   <div class='ocr_carea' id='block_1_43' title="bbox 2237 1407 3827 1482">
    <p class='ocr_par' dir='ltr' id='par_1_43' title="bbox 2237 1407 3827 1482">
     <span class='ocr_line' id='line_1_43' title="bbox 2237 1407 3827 1482; baseline 0.006 -20"><span class='ocrx_word' id='word_1_296' title='bbox 2237 1407 2396 1463; x_wconf 77' lang='lat' dir='ltr'><strong>Nunc</strong></span> <span class='ocrx_word' id='word_1_297' title='bbox 2447 1419 2632 1464; x_wconf 83' lang='lat' dir='ltr'><strong>autem</strong></span> <span class='ocrx_word' id='word_1_298' title='bbox 2681 1425 2806 1465; x_wconf 90' lang='lat' dir='ltr'><strong>cum</strong></span> <span class='ocrx_word' id='word_1_299' title='bbox 2850 1411 3127 1482; x_wconf 85' lang='lat' dir='ltr'><strong>impensas</strong></span> <span class='ocrx_word' id='word_1_300' title='bbox 3161 1417 3518 1471; x_wconf 88' lang='lat' dir='ltr'><strong>statuerimus</strong></span> <span class='ocrx_word' id='word_1_301' title='bbox 3560 1417 3739 1472; x_wconf 88' lang='lat' dir='ltr'><strong>facere</strong></span> <span class='ocrx_word' id='word_1_302' title='bbox 3772 1418 3827 1471; x_wconf 86' lang='lat' dir='ltr'><strong>in</strong></span> 
     </span>
    </p>
   </div>
   <div class='ocr_carea' id='block_1_44' title="bbox 2241 1503 3827 1579">
    <p class='ocr_par' dir='ltr' id='par_1_44' title="bbox 2241 1503 3827 1579">
     <span class='ocr_line' id='line_1_44' title="bbox 2241 1503 3827 1579; baseline 0.005 -23"><span class='ocrx_word' id='word_1_303' title='bbox 2241 1503 2504 1572; x_wconf 89' lang='lat' dir='ltr'><strong>templum</strong></span> <span class='ocrx_word' id='word_1_304' title='bbox 2538 1517 2752 1572; x_wconf 72' lang='lat' dir='ltr'><strong>Sponsa:</strong></span> <span class='ocrx_word' id='word_1_305' title='bbox 2781 1503 3010 1568; x_wconf 85' lang='lat' dir='ltr'><strong>Christi,</strong></span> <span class='ocrx_word' id='word_1_306' title='bbox 3044 1514 3098 1559; x_wconf 91' lang='lat' dir='ltr'><strong>et</strong></span> <span class='ocrx_word' id='word_1_307' title='bbox 3135 1521 3352 1576; x_wconf 73' lang='lat' dir='ltr'><strong>sponsa:</strong></span> <span class='ocrx_word' id='word_1_308' title='bbox 3386 1510 3522 1562; x_wconf 88' lang='lat' dir='ltr'><strong>adeo</strong></span> <span class='ocrx_word' id='word_1_309' title='bbox 3564 1509 3827 1579; x_wconf 65' lang='lat' dir='ltr'><strong>pulcltrw,</strong></span> 
     </span>
    </p>
   </div>
   <div class='ocr_carea' id='block_1_45' title="bbox 2240 1595 3825 1668">
    <p class='ocr_par' dir='ltr' id='par_1_45' title="bbox 2240 1595 3825 1668">
     <span class='ocr_line' id='line_1_45' title="bbox 2240 1595 3825 1668; baseline 0.005 -20"><span class='ocrx_word' id='word_1_310' title='bbox 2240 1604 2293 1648; x_wconf 92' lang='lat' dir='ltr'><strong>et</strong></span> <span class='ocrx_word' id='word_1_311' title='bbox 2315 1610 2436 1664; x_wconf 66' lang='lat' dir='ltr'><strong>quae</strong></span> <span class='ocrx_word' id='word_1_312' title='bbox 2462 1610 2561 1665; x_wconf 91' lang='lat' dir='ltr'><strong>pro</strong></span> <span class='ocrx_word' id='word_1_313' title='bbox 2587 1595 2704 1665; x_wconf 89' lang='lat' dir='ltr'><strong>ipso</strong></span> <span class='ocrx_word' id='word_1_314' title='bbox 2726 1597 3046 1666; x_wconf 81' lang='lat' dir='ltr'><strong>sanguinem</strong></span> <span class='ocrx_word' id='word_1_315' title='bbox 3073 1613 3181 1652; x_wconf 88' lang='lat' dir='ltr'><strong>non</strong></span> <span class='ocrx_word' id='word_1_316' title='bbox 3213 1599 3385 1668; x_wconf 90' lang='lat' dir='ltr'><strong>possit</strong></span> <span class='ocrx_word' id='word_1_317' title='bbox 3412 1600 3642 1655; x_wconf 88' lang='lat' dir='ltr'><strong>fundere</strong></span> <span class='ocrx_word' id='word_1_318' title='bbox 3669 1619 3682 1655; x_wconf 86' lang='lat'><strong>:</strong></span> <span class='ocrx_word' id='word_1_319' title='bbox 3717 1618 3825 1656; x_wconf 91' lang='lat' dir='ltr'><strong>non</strong></span> 
     </span>
    </p>
   </div>
   <div class='ocr_carea' id='block_1_46' title="bbox 2239 1686 3825 1762">
    <p class='ocr_par' dir='ltr' id='par_1_46' title="bbox 2239 1686 3825 1762">
     <span class='ocr_line' id='line_1_46' title="bbox 2239 1686 3825 1762; baseline 0.006 -22"><span class='ocrx_word' id='word_1_320' title='bbox 2239 1686 2399 1756; x_wconf 87' lang='lat' dir='ltr'><strong>longe</strong></span> <span class='ocrx_word' id='word_1_321' title='bbox 2429 1687 2663 1757; x_wconf 89' lang='lat' dir='ltr'><strong>amplius</strong></span> <span class='ocrx_word' id='word_1_322' title='bbox 2701 1697 2758 1742; x_wconf 89' lang='lat' dir='ltr'><strong>et</strong></span> <span class='ocrx_word' id='word_1_323' title='bbox 2805 1689 3040 1744; x_wconf 85' lang='lat' dir='ltr'><strong>alacrius</strong></span> <span class='ocrx_word' id='word_1_324' title='bbox 3087 1705 3279 1744; x_wconf 90' lang='lat' dir='ltr'><strong>sumus</strong></span> <span class='ocrx_word' id='word_1_325' title='bbox 3311 1701 3563 1762; x_wconf 90' lang='lat' dir='ltr'><strong>sumptus</strong></span> <span class='ocrx_word' id='word_1_326' title='bbox 3605 1692 3825 1752; x_wconf 87' lang='lat' dir='ltr'><strong>facturi.</strong></span> 
     </span>
    </p>
   </div>
   <div class='ocr_carea' id='block_1_47' title="bbox 2240 1779 3825 1855">
    <p class='ocr_par' dir='ltr' id='par_1_47' title="bbox 2240 1779 3825 1855">
     <span class='ocr_line' id='line_1_47' title="bbox 2240 1779 3825 1855; baseline 0.005 -23"><span class='ocrx_word' id='word_1_327' title='bbox 2240 1779 2563 1849; x_wconf 89' lang='lat' dir='ltr'><strong>nullumque</strong></span> <span class='ocrx_word' id='word_1_328' title='bbox 2605 1790 2990 1834; x_wconf 86' lang='lat' dir='ltr'><strong>ornamentum</strong></span> <span class='ocrx_word' id='word_1_329' title='bbox 3037 1782 3386 1853; x_wconf 84' lang='lat' dir='ltr'><strong>speciemque</strong></span> <span class='ocrx_word' id='word_1_330' title='bbox 3417 1792 3472 1838; x_wconf 86' lang='lat' dir='ltr'><strong>et</strong></span> <span class='ocrx_word' id='word_1_331' title='bbox 3503 1785 3825 1855; x_wconf 86' lang='lat' dir='ltr'><strong>elegantiam</strong></span> 
     </span>
    </p>
   </div>
   <div class='ocr_carea' id='block_1_48' title="bbox 2242 1870 3829 1946">
    <p class='ocr_par' dir='ltr' id='par_1_48' title="bbox 2242 1870 3829 1946">
     <span class='ocr_line' id='line_1_48' title="bbox 2242 1870 3829 1946; baseline 0.003 -21"><span class='ocrx_word' id='word_1_332' title='bbox 2242 1871 2708 1942; x_wconf 76' lang='lat' dir='ltr'><strong>prretermissuri?</strong></span> <span class='ocrx_word' id='word_1_333' title='bbox 2748 1870 2882 1926; x_wconf 91' lang='lat' dir='ltr'><strong>Tam</strong></span> <span class='ocrx_word' id='word_1_334' title='bbox 2911 1872 3232 1942; x_wconf 89' lang='lat' dir='ltr'><strong>splendidus</strong></span> <span class='ocrx_word' id='word_1_335' title='bbox 3259 1883 3315 1929; x_wconf 91' lang='lat' dir='ltr'><strong>et</strong></span> <span class='ocrx_word' id='word_1_336' title='bbox 3349 1875 3670 1946; x_wconf 90' lang='lat' dir='ltr'><strong>magnilicus</strong></span> <span class='ocrx_word' id='word_1_337' title='bbox 3711 1889 3829 1932; x_wconf 88' lang='lat' dir='ltr'><strong>erat</strong></span> 
     </span>
    </p>
   </div>
   <div class='ocr_carea' id='block_1_49' title="bbox 2242 1963 3826 2040">
    <p class='ocr_par' dir='ltr' id='par_1_49' title="bbox 2242 1963 3826 2040">
     <span class='ocr_line' id='line_1_49' title="bbox 2242 1963 3826 2040; baseline 0.004 -22"><span class='ocrx_word' id='word_1_338' title='bbox 2242 1963 2552 2019; x_wconf 86' lang='lat' dir='ltr'><strong>Marcianus</strong></span> <span class='ocrx_word' id='word_1_339' title='bbox 2580 1965 2634 2018; x_wconf 92' lang='lat' dir='ltr'><strong>in</strong></span> <span class='ocrx_word' id='word_1_340' title='bbox 2667 1964 2755 2029; x_wconf 90' lang='lat' dir='ltr'><strong>iis,</strong></span> <span class='ocrx_word' id='word_1_341' title='bbox 2790 1979 2911 2034; x_wconf 81' lang='lat' dir='ltr'><strong>quae</strong></span> <span class='ocrx_word' id='word_1_342' title='bbox 2958 1966 3070 2021; x_wconf 90' lang='lat' dir='ltr'><strong>Deo</strong></span> <span class='ocrx_word' id='word_1_343' title='bbox 3096 1975 3248 2035; x_wconf 82' lang='lat' dir='ltr'><strong>grata</strong></span> <span class='ocrx_word' id='word_1_344' title='bbox 3298 1977 3478 2035; x_wconf 90' lang='lat' dir='ltr'><strong>erant,</strong></span> <span class='ocrx_word' id='word_1_345' title='bbox 3523 1969 3782 2040; x_wconf 83' lang='lat' dir='ltr'><strong>Operibus</strong></span> <span class='ocrx_word' id='word_1_346' title='bbox 3813 1989 3826 2024; x_wconf 93' lang='lat'><strong>:</strong></span> 
     </span>
    </p>
   </div>
   <div class='ocr_carea' id='block_1_50' title="bbox 2241 2057 3528 2129">
    <p class='ocr_par' dir='ltr' id='par_1_50' title="bbox 2241 2057 3528 2129">
     <span class='ocr_line' id='line_1_50' title="bbox 2241 2057 3528 2129; baseline 0.002 -17"><span class='ocrx_word' id='word_1_347' title='bbox 2241 2071 2421 2127; x_wconf 88' lang='lat' dir='ltr'><strong>neque</strong></span> <span class='ocrx_word' id='word_1_348' title='bbox 2451 2057 2575 2112; x_wconf 85' lang='lat' dir='ltr'><strong>ullis</strong></span> <span class='ocrx_word' id='word_1_349' title='bbox 2605 2058 2866 2126; x_wconf 84' lang='lat' dir='ltr'><strong>parcebat</strong></span> <span class='ocrx_word' id='word_1_350' title='bbox 2894 2059 3227 2129; x_wconf 82' lang='lat' dir='ltr'><strong>sumptibus.</strong></span> <span class='ocrx_word' id='word_1_351' title='bbox 3522 2064 3528 2069; x_wconf 82' lang='lat'>&#39;</span> 
     </span>
    </p>
   </div>
   <div class='ocr_carea' id='block_1_51' title="bbox 2316 2149 3828 2218">
    <p class='ocr_par' dir='ltr' id='par_1_51' title="bbox 2316 2149 3828 2218">
     <span class='ocr_line' id='line_1_51' title="bbox 2316 2149 3828 2218; baseline 0.004 -15"><span class='ocrx_word' id='word_1_352' title='bbox 2316 2149 2478 2204; x_wconf 84' lang='lat' dir='ltr'><strong>XVII.</strong></span> <span class='ocrx_word' id='word_1_353' title='bbox 2524 2150 2742 2205; x_wconf 88' lang='lat' dir='ltr'><strong>Etenim</strong></span> <span class='ocrx_word' id='word_1_354' title='bbox 2782 2167 2892 2206; x_wconf 92' lang='lat' dir='ltr'><strong>non</strong></span> <span class='ocrx_word' id='word_1_355' title='bbox 2942 2152 3136 2206; x_wconf 87' lang='lat' dir='ltr'><strong>harum</strong></span> <span class='ocrx_word' id='word_1_356' title='bbox 3186 2152 3362 2207; x_wconf 89' lang='lat' dir='ltr'><strong>solum</strong></span> <span class='ocrx_word' id='word_1_357' title='bbox 3416 2152 3518 2208; x_wconf 91' lang='lat' dir='ltr'><strong>fuit</strong></span> <span class='ocrx_word' id='word_1_358' title='bbox 3559 2154 3828 2218; x_wconf 90' lang='lat' dir='ltr'><strong>conditor,</strong></span> 
     </span>
    </p>
   </div>
   <div class='ocr_carea' id='block_1_52' title="bbox 2243 2243 3830 2316">
    <p class='ocr_par' dir='ltr' id='par_1_52' title="bbox 2243 2243 3830 2316">
     <span class='ocr_line' id='line_1_52' title="bbox 2243 2243 3830 2316; baseline 0.002 -17"><span class='ocrx_word' id='word_1_359' title='bbox 2243 2243 2339 2299; x_wconf 89' lang='lat' dir='ltr'><strong>sed</strong></span> <span class='ocrx_word' id='word_1_360' title='bbox 2377 2245 2670 2299; x_wconf 90' lang='lat' dir='ltr'><strong>multarum</strong></span> <span class='ocrx_word' id='word_1_361' title='bbox 2706 2259 2925 2316; x_wconf 91' lang='lat' dir='ltr'><strong>quoque</strong></span> <span class='ocrx_word' id='word_1_362' title='bbox 2967 2244 3196 2300; x_wconf 89' lang='lat' dir='ltr'><strong>aliarum</strong></span> <span class='ocrx_word' id='word_1_363' title='bbox 3237 2246 3435 2301; x_wconf 64' lang='lat' dir='ltr'><strong>aedium</strong></span> <span class='ocrx_word' id='word_1_364' title='bbox 3474 2262 3584 2300; x_wconf 88' lang='lat' dir='ltr'><strong>non</strong></span> <span class='ocrx_word' id='word_1_365' title='bbox 3618 2255 3830 2302; x_wconf 89' lang='lat' dir='ltr'><strong>tantum</strong></span> 
     </span>
    </p>
   </div>
   <div class='ocr_carea' id='block_1_53' title="bbox 2244 2335 3833 2408">
    <p class='ocr_par' dir='ltr' id='par_1_53' title="bbox 2244 2335 3833 2408">
     <span class='ocr_line' id='line_1_53' title="bbox 2244 2335 3833 2408; baseline 0.001 -16"><span class='ocrx_word' id='word_1_366' title='bbox 2244 2351 2303 2392; x_wconf 88' lang='lat' dir='ltr'><strong>se</strong></span> <span class='ocrx_word' id='word_1_367' title='bbox 2325 2335 2576 2406; x_wconf 68' lang='lat' dir='ltr'><strong>praestitit</strong></span> <span class='ocrx_word' id='word_1_368' title='bbox 2601 2336 2871 2406; x_wconf 89' lang='lat' dir='ltr'><strong>opiﬁcem,</strong></span> <span class='ocrx_word' id='word_1_369' title='bbox 2897 2353 3086 2394; x_wconf 86' lang='lat' dir='ltr'><strong>verum</strong></span> <span class='ocrx_word' id='word_1_370' title='bbox 3125 2337 3285 2392; x_wconf 90' lang='lat' dir='ltr'><strong>etiam</strong></span> <span class='ocrx_word' id='word_1_371' title='bbox 3318 2337 3640 2394; x_wconf 88' lang='lat' dir='ltr'><strong>refectorem</strong></span> <span class='ocrx_word' id='word_1_372' title='bbox 3669 2347 3833 2408; x_wconf 88' lang='lat' dir='ltr'><strong>atque</strong></span> 
     </span>
    </p>
   </div>
   <div class='ocr_carea' id='block_1_54' title="bbox 2245 2429 3828 2502">
    <p class='ocr_par' dir='ltr' id='par_1_54' title="bbox 2245 2429 3828 2502">
     <span class='ocr_line' id='line_1_54' title="bbox 2245 2429 3828 2502; baseline -0.001 -18"><span class='ocrx_word' id='word_1_373' title='bbox 2245 2439 2640 2500; x_wconf 86' lang='lat' dir='ltr'><strong>reparatorem.</strong></span> <span class='ocrx_word' id='word_1_374' title='bbox 2683 2429 2756 2486; x_wconf 90' lang='lat' dir='ltr'><strong>Ut</strong></span> <span class='ocrx_word' id='word_1_375' title='bbox 2787 2431 2969 2502; x_wconf 86' lang='lat' dir='ltr'><strong>magni</strong></span> <span class='ocrx_word' id='word_1_376' title='bbox 3002 2446 3221 2500; x_wconf 88' lang='lat' dir='ltr'><strong>quoque</strong></span> <span class='ocrx_word' id='word_1_377' title='bbox 3254 2431 3508 2502; x_wconf 80' lang='lat' dir='ltr'><strong>martyris</strong></span> <span class='ocrx_word' id='word_1_378' title='bbox 3534 2429 3828 2493; x_wconf 83' lang='lat' dir='ltr'><strong>Theodori,</strong></span> 
     </span>
    </p>
   </div>
   <div class='ocr_carea' id='block_1_55' title="bbox 2243 2521 3832 2595">
    <p class='ocr_par' dir='ltr' id='par_1_55' title="bbox 2243 2521 3832 2595">
     <span class='ocr_line' id='line_1_55' title="bbox 2243 2521 3832 2595; baseline -0.001 -17"><span class='ocrx_word' id='word_1_379' title='bbox 2243 2523 2340 2594; x_wconf 88' lang='lat' dir='ltr'><strong>qui</strong></span> <span class='ocrx_word' id='word_1_380' title='bbox 2367 2522 2468 2579; x_wconf 86' lang='lat' dir='ltr'><strong>fuit</strong></span> <span class='ocrx_word' id='word_1_381' title='bbox 2497 2523 2552 2576; x_wconf 90' lang='lat' dir='ltr'><strong>in</strong></span> <span class='ocrx_word' id='word_1_382' title='bbox 2577 2521 2808 2579; x_wconf 66' lang='lat' dir='ltr'><strong>Taenaro</strong></span> <span class='ocrx_word' id='word_1_383' title='bbox 2835 2542 2849 2580; x_wconf 93' lang='lat'><strong>:</strong></span> <span class='ocrx_word' id='word_1_384' title='bbox 2887 2533 2942 2579; x_wconf 90' lang='lat' dir='ltr'><strong>et</strong></span> <span class='ocrx_word' id='word_1_385' title='bbox 2968 2523 3260 2580; x_wconf 90' lang='lat' dir='ltr'><strong>Stratonici</strong></span> <span class='ocrx_word' id='word_1_386' title='bbox 3305 2523 3577 2595; x_wconf 86' lang='lat' dir='ltr'><strong>martyris,</strong></span> <span class='ocrx_word' id='word_1_387' title='bbox 3607 2525 3699 2593; x_wconf 92' lang='lat' dir='ltr'><strong>qui</strong></span> <span class='ocrx_word' id='word_1_388' title='bbox 3729 2522 3832 2578; x_wconf 87' lang='lat' dir='ltr'><strong>fuit</strong></span> 
     </span>
    </p>
   </div>
   <div class='ocr_carea' id='block_1_56' title="bbox 2248 2601 3833 2690">
    <p class='ocr_par' dir='ltr' id='par_1_56' title="bbox 2248 2601 3833 2690">
     <span class='ocr_line' id='line_1_56' title="bbox 2248 2601 3833 2690; baseline 0 -20"><span class='ocrx_word' id='word_1_389' title='bbox 2248 2615 2466 2688; x_wconf 85' lang='lat' dir='ltr'><strong>Rhegii.</strong></span> <span class='ocrx_word' id='word_1_390' title='bbox 2501 2616 2568 2672; x_wconf 79' lang='lat' dir='ltr'><strong>Et</strong></span> <span class='ocrx_word' id='word_1_391' title='bbox 2597 2618 2741 2688; x_wconf 89' lang='lat' dir='ltr'><strong>quod</strong></span> <span class='ocrx_word' id='word_1_392' title='bbox 2772 2601 2857 2673; x_wconf 87' lang='lat' dir='ltr'><strong>est</strong></span> <span class='ocrx_word' id='word_1_393' title='bbox 2899 2619 3071 2690; x_wconf 85' lang='lat' dir='ltr'><strong>magis</strong></span> <span class='ocrx_word' id='word_1_394' title='bbox 3099 2618 3437 2682; x_wconf 89' lang='lat' dir='ltr'><strong>admirabile,</strong></span> <span class='ocrx_word' id='word_1_395' title='bbox 3478 2633 3600 2672; x_wconf 91' lang='lat' dir='ltr'><strong>cum</strong></span> <span class='ocrx_word' id='word_1_396' title='bbox 3646 2617 3700 2671; x_wconf 91' lang='lat' dir='ltr'><strong>in</strong></span> <span class='ocrx_word' id='word_1_397' title='bbox 3746 2632 3833 2671; x_wconf 89' lang='lat' dir='ltr'><strong>sa-</strong></span> 
     </span>
    </p>
   </div>
   <div class='ocr_carea' id='block_1_57' title="bbox 2248 2709 3836 2778">
    <p class='ocr_par' dir='ltr' id='par_1_57' title="bbox 2248 2709 3836 2778">
     <span class='ocr_line' id='line_1_57' title="bbox 2248 2709 3836 2778; baseline -0.001 -15"><span class='ocrx_word' id='word_1_398' title='bbox 2248 2710 2356 2764; x_wconf 89' lang='lat' dir='ltr'><strong>cris</strong></span> <span class='ocrx_word' id='word_1_399' title='bbox 2387 2709 2594 2765; x_wconf 65' lang='lat' dir='ltr'><strong>aedibus</strong></span> <span class='ocrx_word' id='word_1_400' title='bbox 2625 2710 2745 2778; x_wconf 90' lang='lat' dir='ltr'><strong>ejus</strong></span> <span class='ocrx_word' id='word_1_401' title='bbox 2774 2718 2920 2764; x_wconf 85' lang='lat' dir='ltr'><strong>esset</strong></span> <span class='ocrx_word' id='word_1_402' title='bbox 2953 2726 3148 2765; x_wconf 91' lang='lat' dir='ltr'><strong>manus</strong></span> <span class='ocrx_word' id='word_1_403' title='bbox 3188 2719 3296 2764; x_wconf 90' lang='lat' dir='ltr'><strong>tam</strong></span> <span class='ocrx_word' id='word_1_404' title='bbox 3331 2710 3589 2773; x_wconf 85' lang='lat' dir='ltr'><strong>liberalis,</strong></span> <span class='ocrx_word' id='word_1_405' title='bbox 3625 2724 3689 2764; x_wconf 87' lang='lat' dir='ltr'><strong>ea</strong></span> <span class='ocrx_word' id='word_1_406' title='bbox 3717 2717 3836 2763; x_wconf 86' lang='lat' dir='ltr'><strong>erat</strong></span> 
     </span>
    </p>
   </div>
   <div class='ocr_carea' id='block_1_58' title="bbox 2249 2802 3833 2874">
    <p class='ocr_par' dir='ltr' id='par_1_58' title="bbox 2249 2802 3833 2874">
     <span class='ocr_line' id='line_1_58' title="bbox 2249 2802 3833 2874; baseline -0.001 -17"><span class='ocrx_word' id='word_1_407' title='bbox 2249 2803 2422 2858; x_wconf 88' lang='lat' dir='ltr'><strong>multo</strong></span> <span class='ocrx_word' id='word_1_408' title='bbox 2461 2802 2634 2873; x_wconf 86' lang='lat' dir='ltr'><strong>magis</strong></span> <span class='ocrx_word' id='word_1_409' title='bbox 2674 2802 2898 2873; x_wconf 88' lang='lat' dir='ltr'><strong>profusa</strong></span> <span class='ocrx_word' id='word_1_410' title='bbox 2941 2803 2997 2856; x_wconf 92' lang='lat' dir='ltr'><strong>in</strong></span> <span class='ocrx_word' id='word_1_411' title='bbox 3039 2818 3170 2858; x_wconf 89' lang='lat' dir='ltr'><strong>cura</strong></span> <span class='ocrx_word' id='word_1_412' title='bbox 3217 2803 3455 2874; x_wconf 89' lang='lat' dir='ltr'><strong>gerenda</strong></span> <span class='ocrx_word' id='word_1_413' title='bbox 3503 2816 3833 2872; x_wconf 89' lang='lat' dir='ltr'><strong>pauperum.</strong></span> 
     </span>
    </p>
   </div>
   <div class='ocr_carea' id='block_1_59' title="bbox 2249 2894 3832 2965">
    <p class='ocr_par' dir='ltr' id='par_1_59' title="bbox 2249 2894 3832 2965">
     <span class='ocr_line' id='line_1_59' title="bbox 2249 2894 3832 2965; baseline -0.001 -16"><span class='ocrx_word' id='word_1_414' title='bbox 2249 2894 2406 2962; x_wconf 85' lang='lat' dir='ltr'><strong>Quod</strong></span> <span class='ocrx_word' id='word_1_415' title='bbox 2446 2895 2667 2965; x_wconf 88' lang='lat' dir='ltr'><strong>quidem</strong></span> <span class='ocrx_word' id='word_1_416' title='bbox 2710 2910 2861 2950; x_wconf 90' lang='lat' dir='ltr'><strong>nunc</strong></span> <span class='ocrx_word' id='word_1_417' title='bbox 2911 2894 3030 2949; x_wconf 89' lang='lat' dir='ltr'><strong>vult</strong></span> <span class='ocrx_word' id='word_1_418' title='bbox 3079 2896 3283 2950; x_wconf 89' lang='lat' dir='ltr'><strong>cursim</strong></span> <span class='ocrx_word' id='word_1_419' title='bbox 3333 2895 3590 2965; x_wconf 88' lang='lat' dir='ltr'><strong>persequi</strong></span> <span class='ocrx_word' id='word_1_420' title='bbox 3635 2895 3832 2958; x_wconf 90' lang='lat' dir='ltr'><strong>oratio,</strong></span> 
     </span>
    </p>
   </div>
   <div class='ocr_carea' id='block_1_60' title="bbox 2250 2969 3835 3060">
    <p class='ocr_par' dir='ltr' id='par_1_60' title="bbox 2250 2969 3835 3060">
     <span class='ocr_line' id='line_1_60' title="bbox 2250 2969 3835 3060; baseline -0.001 -16"><span class='ocrx_word' id='word_1_421' title='bbox 2250 2988 2388 3045; x_wconf 92' lang='lat' dir='ltr'><strong>adeo</strong></span> <span class='ocrx_word' id='word_1_422' title='bbox 2428 2997 2488 3044; x_wconf 94' lang='lat' dir='ltr'><strong>ut</strong></span> <span class='ocrx_word' id='word_1_423' title='bbox 2516 3004 2626 3043; x_wconf 90' lang='lat' dir='ltr'><strong>non</strong></span> <span class='ocrx_word' id='word_1_424' title='bbox 2661 2969 2838 3042; x_wconf 64' lang='lat' dir='ltr'><strong>solum</strong></span> <span class='ocrx_word' id='word_1_425' title='bbox 2886 2988 3171 3045; x_wconf 88' lang='lat' dir='ltr'><strong>manifesta</strong></span> <span class='ocrx_word' id='word_1_426' title='bbox 3226 2989 3382 3045; x_wconf 87' lang='lat' dir='ltr'><strong>ﬁeret</strong></span> <span class='ocrx_word' id='word_1_427' title='bbox 3421 2989 3569 3044; x_wconf 90' lang='lat' dir='ltr'><strong>illius</strong></span> <span class='ocrx_word' id='word_1_428' title='bbox 3605 2989 3662 3043; x_wconf 90' lang='lat' dir='ltr'><strong>in</strong></span> <span class='ocrx_word' id='word_1_429' title='bbox 3704 3003 3835 3060; x_wconf 87' lang='lat' dir='ltr'><strong>ege-</strong></span> 
     </span>
    </p>
   </div>
   <div class='ocr_carea' id='block_1_61' title="bbox 2251 3081 3833 3155">
    <p class='ocr_par' dir='ltr' id='par_1_61' title="bbox 2251 3081 3833 3155">
     <span class='ocr_line' id='line_1_61' title="bbox 2251 3081 3833 3155; baseline 0.002 -17"><span class='ocrx_word' id='word_1_430' title='bbox 2251 3097 2354 3138; x_wconf 89' lang='lat' dir='ltr'><strong>nos</strong></span> <span class='ocrx_word' id='word_1_431' title='bbox 2381 3081 2712 3153; x_wconf 78' lang='lat' dir='ltr'><strong>benignitas,</strong></span> <span class='ocrx_word' id='word_1_432' title='bbox 2744 3085 2841 3138; x_wconf 90' lang='lat' dir='ltr'><strong>sed</strong></span> <span class='ocrx_word' id='word_1_433' title='bbox 2873 3082 2990 3138; x_wconf 67' lang='lat' dir='ltr'><strong>haec</strong></span> <span class='ocrx_word' id='word_1_434' title='bbox 3034 3084 3150 3155; x_wconf 90' lang='lat' dir='ltr'><strong>ipsa</strong></span> <span class='ocrx_word' id='word_1_435' title='bbox 3197 3100 3415 3155; x_wconf 88' lang='lat' dir='ltr'><strong>quoque</strong></span> <span class='ocrx_word' id='word_1_436' title='bbox 3447 3086 3833 3151; x_wconf 87' lang='lat' dir='ltr'><strong>beneﬁcentia,</strong></span> 
     </span>
    </p>
   </div>
   <div class='ocr_carea' id='block_1_62' title="bbox 555 3168 2150 3252">
    <p class='ocr_par' dir='ltr' id='par_1_62' title="bbox 555 3168 2148 3241">
     <span class='ocr_line' id='line_1_62' title="bbox 555 3168 2148 3241; baseline -0.005 -11"><span class='ocrx_word' id='word_1_437' title='bbox 555 3176 697 3230; x_wconf 85' lang='grc' dir='ltr'><strong>ἀλλά</strong></span> <span class='ocrx_word' id='word_1_438' title='bbox 738 3175 835 3230; x_wconf 72' lang='grc' dir='ltr'>καὶ</span> <span class='ocrx_word' id='word_1_439' title='bbox 894 3172 1027 3228; x_wconf 79' lang='grc' dir='ltr'>αὐτὸ</span> <span class='ocrx_word' id='word_1_440' title='bbox 1073 3171 1233 3226; x_wconf 90' lang='grc' dir='ltr'>τοῦτο</span> <span class='ocrx_word' id='word_1_441' title='bbox 1293 3169 1355 3225; x_wconf 82' lang='grc' dir='ltr'><strong>τὸ</strong></span> <span class='ocrx_word' id='word_1_442' title='bbox 1397 3168 1804 3241; x_wconf 84' lang='grc' dir='ltr'>φιλάνθρωπον,</span> <span class='ocrx_word' id='word_1_443' title='bbox 1853 3168 1983 3222; x_wconf 74' lang='grc' dir='ltr'>οἴων</span> <span class='ocrx_word' id='word_1_444' title='bbox 2039 3170 2148 3239; x_wconf 83' lang='grc' dir='ltr'><strong>ἀρα</strong></span> 
     </span>
    </p>
   </div>
   <div class='ocr_carea' id='block_1_63' title="bbox 2251 3168 3834 3252">
    <p class='ocr_par' dir='ltr' id='par_1_63' title="bbox 2251 3173 3834 3246">
     <span class='ocr_line' id='line_1_63' title="bbox 2251 3173 3834 3246; baseline 0.002 -17"><span class='ocrx_word' id='word_1_445' title='bbox 2251 3174 2503 3246; x_wconf 88' lang='lat' dir='ltr'><strong>qualibus</strong></span> <span class='ocrx_word' id='word_1_446' title='bbox 2555 3173 2714 3228; x_wconf 88' lang='lat' dir='ltr'><strong>donis</strong></span> <span class='ocrx_word' id='word_1_447' title='bbox 2771 3175 3086 3246; x_wconf 81' lang='lat' dir='ltr'><strong>dignaretur</strong></span> <span class='ocrx_word' id='word_1_448' title='bbox 3135 3176 3280 3230; x_wconf 86' lang='lat' dir='ltr'><strong>illius</strong></span> <span class='ocrx_word' id='word_1_449' title='bbox 3323 3186 3615 3233; x_wconf 86' lang='lat' dir='ltr'><strong>amatores.</strong></span> <span class='ocrx_word' id='word_1_450' title='bbox 3661 3177 3834 3233; x_wconf 87' lang='lat' dir='ltr'><strong>Noctu</strong></span> 
     </span>
    </p>
   </div>
   <div class='ocr_carea' id='block_1_64' title="bbox 554 3261 2144 3338">
    <p class='ocr_par' dir='ltr' id='par_1_64' title="bbox 554 3261 2144 3338">
     <span class='ocr_line' id='line_1_64' title="bbox 554 3261 2144 3338; baseline -0.004 -17"><span class='ocrx_word' id='word_1_451' title='bbox 554 3268 718 3330; x_wconf 79' lang='grc' dir='ltr'>τοὺς.</span> <span class='ocrx_word' id='word_1_452' title='bbox 747 3265 983 3338; x_wconf 76' lang='grc' dir='ltr'>ἐραστὰς</span> <span class='ocrx_word' id='word_1_453' title='bbox 1015 3262 1227 3318; x_wconf 73' lang='grc' dir='ltr'>ἐκείνου</span> <span class='ocrx_word' id='word_1_454' title='bbox 1288 3261 1399 3316; x_wconf 86' lang='grc' dir='ltr'><strong>τῶν</strong></span> <span class='ocrx_word' id='word_1_455' title='bbox 1464 3262 1822 3335; x_wconf 84' lang='grc' dir='ltr'>χαρισμάτων</span> <span class='ocrx_word' id='word_1_456' title='bbox 1876 3261 2144 3328; x_wconf 83' lang='grc' dir='ltr'>καταξιοῖ.</span> 
     </span>
    </p>
   </div>
   <div class='ocr_carea' id='block_1_65' title="bbox 558 3353 2150 3433">
    <p class='ocr_par' dir='ltr' id='par_1_65' title="bbox 558 3353 2150 3433">
     <span class='ocr_line' id='line_1_65' title="bbox 558 3353 2150 3433; baseline -0.004 -16"><span class='ocrx_word' id='word_1_457' title='bbox 558 3362 805 3433; x_wconf 79' lang='grc' dir='ltr'>Νύκτωρ</span> <span class='ocrx_word' id='word_1_458' title='bbox 828 3362 857 3414; x_wconf 78' lang='grc' dir='ltr'>ὁ</span> <span class='ocrx_word' id='word_1_459' title='bbox 887 3358 1191 3430; x_wconf 79' lang='grc' dir='ltr'>θαυμάσιος</span> <span class='ocrx_word' id='word_1_460' title='bbox 1217 3356 1317 3421; x_wconf 87' lang='grc' dir='ltr'><strong>τάς</strong></span> <span class='ocrx_word' id='word_1_461' title='bbox 1350 3372 1411 3409; x_wconf 88' lang='grc' dir='ltr'><strong>τε</strong></span> <span class='ocrx_word' id='word_1_462' title='bbox 1473 3354 1746 3422; x_wconf 77' lang='grc' dir='ltr'>πλατείας</span> <span class='ocrx_word' id='word_1_463' title='bbox 1777 3354 1872 3408; x_wconf 65' lang='grc' dir='ltr'><strong>καὶ⁵</strong></span> <span class='ocrx_word' id='word_1_464' title='bbox 1897 3353 2026 3417; x_wconf 83' lang='grc' dir='ltr'>τοὺς</span> <span class='ocrx_word' id='word_1_465' title='bbox 2050 3355 2150 3424; x_wconf 79' lang='grc' dir='ltr'><strong>τῆς</strong></span> 
     </span>
    </p>
   </div>
   <div class='ocr_carea' id='block_1_66' title="bbox 555 3447 2147 3524">
    <p class='ocr_par' dir='ltr' id='par_1_66' title="bbox 555 3447 2147 3524">
     <span class='ocr_line' id='line_1_66' title="bbox 555 3447 2147 3524; baseline -0.007 -16"><span class='ocrx_word' id='word_1_466' title='bbox 555 3455 773 3517; x_wconf 83' lang='grc' dir='ltr'>πόλεως</span> <span class='ocrx_word' id='word_1_467' title='bbox 855 3451 1086 3524; x_wconf 85' lang='grc' dir='ltr'>περιιὼν</span> <span class='ocrx_word' id='word_1_468' title='bbox 1160 3449 1495 3512; x_wconf 78' lang='grc' dir='ltr'>στενωποὺς,</span> <span class='ocrx_word' id='word_1_469' title='bbox 1573 3447 1835 3519; x_wconf 76' lang='grc' dir='ltr'>ἐπιμελὲς</span> <span class='ocrx_word' id='word_1_470' title='bbox 1889 3448 2147 3511; x_wconf 70' lang='grc' dir='ltr'>ἐποιεῖτο,</span> 
     </span>
    </p>
   </div>
   <div class='ocr_carea' id='block_1_67' title="bbox 558 3538 2153 3615">
    <p class='ocr_par' dir='ltr' id='par_1_67' title="bbox 558 3538 2153 3615">
     <span class='ocr_line' id='line_1_67' title="bbox 558 3538 2153 3615; baseline -0.006 -14"><span class='ocrx_word' id='word_1_471' title='bbox 558 3546 668 3600; x_wconf 82' lang='grc' dir='ltr'><strong>ποῦ</strong></span> <span class='ocrx_word' id='word_1_472' title='bbox 702 3563 837 3600; x_wconf 85' lang='grc' dir='ltr'>ποτε</span> <span class='ocrx_word' id='word_1_473' title='bbox 865 3546 934 3601; x_wconf 81' lang='grc' dir='ltr'><strong>ἂν</strong></span> <span class='ocrx_word' id='word_1_474' title='bbox 971 3545 1069 3598; x_wconf 75' lang='grc' dir='ltr'><strong>καὶ</strong></span> <span class='ocrx_word' id='word_1_475' title='bbox 1100 3542 1256 3615; x_wconf 76' lang='grc' dir='ltr'>εὖροι</span> <span class='ocrx_word' id='word_1_476' title='bbox 1305 3541 1499 3614; x_wconf 77' lang='grc' dir='ltr'>νεκρὸν</span> <span class='ocrx_word' id='word_1_477' title='bbox 1558 3539 1666 3595; x_wconf 79' lang='grc' dir='ltr'><strong>ὑπὸ</strong></span> <span class='ocrx_word' id='word_1_478' title='bbox 1724 3538 1927 3610; x_wconf 81' lang='grc' dir='ltr'>πολλῆς</span> <span class='ocrx_word' id='word_1_479' title='bbox 1961 3539 2153 3603; x_wconf 84' lang='grc' dir='ltr'>πενίας</span> 
     </span>
    </p>
   </div>
   <div class='ocr_carea' id='block_1_68' title="bbox 558 3631 2152 3713">
    <p class='ocr_par' dir='ltr' id='par_1_68' title="bbox 558 3631 2152 3713">
     <span class='ocr_line' id='line_1_68' title="bbox 558 3631 2152 3713; baseline -0.008 -17"><span class='ocrx_word' id='word_1_480' title='bbox 558 3639 1061 3713; x_wconf 77' lang='grc' dir='ltr'>παρερῥιμμένονο</span> <span class='ocrx_word' id='word_1_481' title='bbox 1090 3636 1188 3692; x_wconf 74' lang='grc' dir='ltr'><strong>καὶ</strong></span> <span class='ocrx_word' id='word_1_482' title='bbox 1229 3635 1306 3701; x_wconf 89' lang='grc' dir='ltr'><strong>ώς</strong></span> <span class='ocrx_word' id='word_1_483' title='bbox 1353 3633 1421 3689; x_wconf 86' lang='grc' dir='ltr'>ἂν</span> <span class='ocrx_word' id='word_1_484' title='bbox 1468 3633 1568 3688; x_wconf 86' lang='grc' dir='ltr'>ῐδοι</span> <span class='ocrx_word' id='word_1_485' title='bbox 1620 3632 1886 3699; x_wconf 89' lang='grc' dir='ltr'>τοιοῦτον,</span> <span class='ocrx_word' id='word_1_486' title='bbox 1955 3631 2152 3702; x_wconf 80' lang='grc' dir='ltr'>ὥσπερ</span> 
     </span>
    </p>
   </div>
   <div class='ocr_carea' id='block_1_69' title="bbox 563 3722 2151 3805">
    <p class='ocr_par' dir='ltr' id='par_1_69' title="bbox 563 3722 2151 3805">
     <span class='ocr_line' id='line_1_69' title="bbox 563 3722 2151 3805; baseline -0.004 -23"><span class='ocrx_word' id='word_1_487' title='bbox 563 3732 808 3805; x_wconf 78' lang='grc' dir='ltr'>μεγάλου</span> <span class='ocrx_word' id='word_1_488' title='bbox 837 3729 987 3794; x_wconf 79' lang='grc' dir='ltr'>τινὸς</span> <span class='ocrx_word' id='word_1_489' title='bbox 1041 3728 1268 3802; x_wconf 86' lang='grc' dir='ltr'>κέρδους</span> <span class='ocrx_word' id='word_1_490' title='bbox 1317 3725 1593 3801; x_wconf 66' lang='grc' dir='ltr'>ἐπιτυχὼν</span> <span class='ocrx_word' id='word_1_491' title='bbox 1653 3724 1908 3796; x_wconf 86' lang='grc' dir='ltr'>ἀσμένως</span> <span class='ocrx_word' id='word_1_492' title='bbox 1966 3722 2151 3794; x_wconf 70' lang='grc' dir='ltr'>ἐώρα*</span> 
     </span>
    </p>
   </div>
   <div class='ocr_carea' id='block_1_70' title="bbox 564 3816 2155 3895">
    <p class='ocr_par' dir='ltr' id='par_1_70' title="bbox 564 3816 2155 3895">
     <span class='ocr_line' id='line_1_70' title="bbox 564 3816 2155 3895; baseline -0.006 -15"><span class='ocrx_word' id='word_1_493' title='bbox 564 3825 660 3880; x_wconf 77' lang='grc' dir='ltr'>καὶ</span> <span class='ocrx_word' id='word_1_494' title='bbox 686 3825 895 3895; x_wconf 78' lang='grc' dir='ltr'>σπουδῇ</span> <span class='ocrx_word' id='word_1_495' title='bbox 937 3821 1135 3886; x_wconf 84' lang='grc' dir='ltr'>λούσας</span> <span class='ocrx_word' id='word_1_496' title='bbox 1187 3820 1283 3875; x_wconf 78' lang='grc' dir='ltr'>καὶ</span> <span class='ocrx_word' id='word_1_497' title='bbox 1317 3819 1614 3890; x_wconf 86' lang='grc' dir='ltr'>ἀμφιέσας,</span> <span class='ocrx_word' id='word_1_498' title='bbox 1661 3818 1756 3872; x_wconf 75' lang='grc' dir='ltr'><strong>καὶ</strong></span> <span class='ocrx_word' id='word_1_499' title='bbox 1812 3818 1922 3871; x_wconf 91' lang='grc' dir='ltr'><strong>τῶν</strong></span> <span class='ocrx_word' id='word_1_500' title='bbox 1979 3816 2155 3870; x_wconf 84' lang='grc' dir='ltr'>ἀλλων</span> 
     </span>
    </p>
   </div>
   <div class='ocr_carea' id='block_1_71' title="bbox 569 3905 2156 3990">
    <p class='ocr_par' dir='ltr' id='par_1_71' title="bbox 569 3905 2156 3990">
     <span class='ocr_line' id='line_1_71' title="bbox 569 3905 2156 3990; baseline -0.007 -17"><span class='ocrx_word' id='word_1_501' title='bbox 569 3919 632 3990; x_wconf 74' lang='grc' dir='ltr'>δὴ</span> <span class='ocrx_word' id='word_1_502' title='bbox 686 3918 798 3972; x_wconf 87' lang='grc' dir='ltr'><strong>τῶν</strong></span> <span class='ocrx_word' id='word_1_503' title='bbox 866 3914 1271 3987; x_wconf 82' lang='grc' dir='ltr'>νενομισμένων</span> <span class='ocrx_word' id='word_1_504' title='bbox 1326 3912 1570 3981; x_wconf 82' lang='grc' dir='ltr'>ἀξιώσας</span> <span class='ocrx_word' id='word_1_505' title='bbox 1632 3909 1834 3981; x_wconf 85' lang='grc' dir='ltr'>τιμῶν,</span> <span class='ocrx_word' id='word_1_506' title='bbox 1884 3905 2004 3964; x_wconf 76' lang='grc' dir='ltr'>εἶτα</span> <span class='ocrx_word' id='word_1_507' title='bbox 2059 3909 2156 3963; x_wconf 76' lang='grc' dir='ltr'>καὶ</span> 
     </span>
    </p>
   </div>
   <div class='ocr_carea' id='block_1_72' title="bbox 571 3999 2154 4084">
    <p class='ocr_par' dir='ltr' id='par_1_72' title="bbox 571 3999 2154 4084">
     <span class='ocr_line' id='line_1_72' title="bbox 571 3999 2154 4084; baseline -0.008 -19"><span class='ocrx_word' id='word_1_508' title='bbox 571 4009 757 4084; x_wconf 80' lang='grc' dir='ltr'>ὥσπερ</span> <span class='ocrx_word' id='word_1_509' title='bbox 791 4009 887 4064; x_wconf 77' lang='grc' dir='ltr'><strong>καὶ</strong></span> <span class='ocrx_word' id='word_1_510' title='bbox 918 4007 1098 4074; x_wconf 81' lang='grc' dir='ltr'>ζῶντα</span> <span class='ocrx_word' id='word_1_511' title='bbox 1115 4005 1212 4060; x_wconf 79' lang='grc' dir='ltr'><strong>τὸν</strong></span> <span class='ocrx_word' id='word_1_512' title='bbox 1231 4004 1426 4076; x_wconf 82' lang='grc' dir='ltr'>νεκρὸν</span> <span class='ocrx_word' id='word_1_513' title='bbox 1448 4001 1895 4075; x_wconf 83' lang='grc' dir='ltr'>προσεφθέγγετο</span> <span class='ocrx_word' id='word_1_514' title='bbox 1915 4017 1929 4029; x_wconf 83' lang='lat'><strong><em>°</em></strong></span> <span class='ocrx_word' id='word_1_515' title='bbox 1944 3999 2063 4054; x_wconf 82' lang='grc' dir='ltr'>’Δεῦ</span> <span class='ocrx_word' id='word_1_516' title='bbox 2073 4017 2154 4071; x_wconf 89' lang='grc' dir='ltr'><strong>ρο,</strong></span> 
     </span>
    </p>
   </div>
   <div class='ocr_carea' id='block_1_73' title="bbox 565 4091 2158 4174">
    <p class='ocr_par' dir='ltr' id='par_1_73' title="bbox 565 4091 2158 4174">
     <span class='ocr_line' id='line_1_73' title="bbox 565 4091 2158 4174; baseline -0.008 -16"><span class='ocrx_word' id='word_1_517' title='bbox 565 4103 763 4174; x_wconf 79' lang='grc' dir='ltr'>λέγων,</span> <span class='ocrx_word' id='word_1_518' title='bbox 825 4101 924 4156; x_wconf 79' lang='grc' dir='ltr'>καὶ</span> <span class='ocrx_word' id='word_1_519' title='bbox 987 4100 1087 4171; x_wconf 81' lang='grc' dir='ltr'>τῆς</span> <span class='ocrx_word' id='word_1_520' title='bbox 1144 4100 1203 4152; x_wconf 81' lang='grc' dir='ltr'><strong>έν</strong></span> <span class='ocrx_word' id='word_1_521' title='bbox 1268 4095 1494 4169; x_wconf 84' lang='grc' dir='ltr'>Χριστῷ</span> <span class='ocrx_word' id='word_1_522' title='bbox 1548 4095 1771 4165; x_wconf 87' lang='grc' dir='ltr'>ἀγάπης</span> <span class='ocrx_word' id='word_1_523' title='bbox 1825 4091 2158 4165; x_wconf 87' lang='grc' dir='ltr'>κοινώνησον</span> 
     </span>
    </p>
   </div>
   <div class='ocr_carea' id='block_1_74' title="bbox 564 4183 2161 4265">
    <p class='ocr_par' dir='ltr' id='par_1_74' title="bbox 564 4183 2161 4265">
     <span class='ocr_line' id='line_1_74' title="bbox 564 4183 2161 4265; baseline -0.008 -17"><span class='ocrx_word' id='word_1_524' title='bbox 564 4195 727 4265; x_wconf 75' lang='grc' dir='ltr'>ἡμῖν,</span> <span class='ocrx_word' id='word_1_525' title='bbox 750 4189 972 4261; x_wconf 74' lang='grc' dir='ltr'>ἀδελφέ.</span> <span class='ocrx_word' id='word_1_526' title='bbox 1003 4188 1195 4254; x_wconf 79' lang='grc' dir='ltr'>Οὕτως</span> <span class='ocrx_word' id='word_1_527' title='bbox 1222 4186 1417 4252; x_wconf 85' lang='grc' dir='ltr'>είπὼν,</span> <span class='ocrx_word' id='word_1_528' title='bbox 1448 4185 1798 4240; x_wconf 81' lang='grc' dir='ltr'>ὑπακούοντα</span> <span class='ocrx_word' id='word_1_529' title='bbox 1851 4184 1942 4238; x_wconf 78' lang='grc' dir='ltr'>τὸν</span> <span class='ocrx_word' id='word_1_530' title='bbox 1971 4183 2161 4254; x_wconf 84' lang='grc' dir='ltr'>κείμε-</span> 
     </span>
    </p>
   </div>
   <div class='ocr_carea' id='block_1_75' title="bbox 565 4275 2156 4357">
    <p class='ocr_par' dir='ltr' id='par_1_75' title="bbox 565 4275 2156 4357">
     <span class='ocr_line' id='line_1_75' title="bbox 565 4275 2156 4357; baseline -0.008 -16"><span class='ocrx_word' id='word_1_531' title='bbox 565 4303 662 4341; x_wconf 85' lang='grc' dir='ltr'><strong>νον</strong></span> <span class='ocrx_word' id='word_1_532' title='bbox 690 4282 870 4357; x_wconf 73' lang='grc' dir='ltr'><strong>εἶχεν⁸</strong></span> <span class='ocrx_word' id='word_1_533' title='bbox 920 4284 1176 4338; x_wconf 86' lang='grc' dir='ltr'>ἀνίστατο</span> <span class='ocrx_word' id='word_1_534' title='bbox 1214 4281 1323 4354; x_wconf 83' lang='grc' dir='ltr'><strong>γάρ</strong></span> <span class='ocrx_word' id='word_1_535' title='bbox 1366 4278 1433 4354; x_wconf 85' lang='grc' dir='ltr'><strong>(ὣ</strong></span> <span class='ocrx_word' id='word_1_536' title='bbox 1469 4278 1768 4350; x_wconf 87' lang='grc' dir='ltr'>θαύματος,</span> <span class='ocrx_word' id='word_1_537' title='bbox 1801 4275 2156 4349; x_wconf 75' lang='grc' dir='ltr'>ἀπορῤήτουί</span> 
     </span>
    </p>
   </div>
   <div class='ocr_carea' id='block_1_76' title="bbox 571 4368 2162 4448">
    <p class='ocr_par' dir='ltr' id='par_1_76' title="bbox 571 4368 2162 4448">
     <span class='ocr_line' id='line_1_76' title="bbox 571 4368 2162 4448; baseline -0.008 -16"><span class='ocrx_word' id='word_1_538' title='bbox 571 4378 674 4431; x_wconf 77' lang='grc' dir='ltr'>καὶ</span> <span class='ocrx_word' id='word_1_539' title='bbox 725 4375 1047 4448; x_wconf 74' lang='grc' dir='ltr'>Μαρκιανὺν</span> <span class='ocrx_word' id='word_1_540' title='bbox 1085 4372 1366 4446; x_wconf 73' lang='grc' dir='ltr'>ἠσπάζετο</span> <span class='ocrx_word' id='word_1_541' title='bbox 1427 4372 1522 4426; x_wconf 81' lang='grc' dir='ltr'>τὸν</span> <span class='ocrx_word' id='word_1_542' title='bbox 1568 4369 1804 4442; x_wconf 82' lang='grc' dir='ltr'>χρηστὸν</span> <span class='ocrx_word' id='word_1_543' title='bbox 1868 4368 1972 4439; x_wconf 80' lang='grc' dir='ltr'>τῆς</span> <span class='ocrx_word' id='word_1_544' title='bbox 2021 4384 2162 4439; x_wconf 85' lang='grc' dir='ltr'>προ-</span> 
     </span>
    </p>
   </div>
   <div class='ocr_carea' id='block_1_77' title="bbox 569 4458 2161 4538">
    <p class='ocr_par' dir='ltr' id='par_1_77' title="bbox 569 4458 2161 4538">
     <span class='ocr_line' id='line_1_77' title="bbox 569 4458 2161 4538; baseline -0.006 -16"><span class='ocrx_word' id='word_1_545' title='bbox 569 4468 744 4534; x_wconf 88' lang='grc' dir='ltr'>νοίας,</span> <span class='ocrx_word' id='word_1_546' title='bbox 773 4465 964 4538; x_wconf 85' lang='grc' dir='ltr'>ῶσπερ</span> <span class='ocrx_word' id='word_1_547' title='bbox 996 4465 1096 4536; x_wconf 79' lang='grc' dir='ltr'>τῆς</span> <span class='ocrx_word' id='word_1_548' title='bbox 1130 4462 1260 4536; x_wconf 73' lang='grc' dir='ltr'>περὶ</span> <span class='ocrx_word' id='word_1_549' title='bbox 1283 4461 1468 4526; x_wconf 80' lang='grc' dir='ltr'>αὑτὸν,</span> <span class='ocrx_word' id='word_1_550' title='bbox 1493 4462 1596 4517; x_wconf 79' lang='grc' dir='ltr'><strong>οὐκ</strong></span> <span class='ocrx_word' id='word_1_551' title='bbox 1643 4462 1876 4527; x_wconf 76' lang='grc' dir='ltr'>ἐκεῖνον,</span> <span class='ocrx_word' id='word_1_552' title='bbox 1908 4458 2048 4515; x_wconf 82' lang='grc' dir='ltr'>ἀλλὰ</span> <span class='ocrx_word' id='word_1_553' title='bbox 2068 4460 2161 4512; x_wconf 76' lang='grc' dir='ltr'><strong>τὸν</strong></span> 
     </span>
    </p>
   </div>
   <div class='ocr_carea' id='block_1_78' title="bbox 2250 3264 3839 3339">
    <p class='ocr_par' dir='ltr' id='par_1_78' title="bbox 2250 3264 3839 3339">
     <span class='ocr_line' id='line_1_78' title="bbox 2250 3264 3839 3339; baseline 0.002 -19"><span class='ocrx_word' id='word_1_554' title='bbox 2250 3265 2334 3321; x_wconf 88' lang='lat' dir='ltr'><strong>vir</strong></span> <span class='ocrx_word' id='word_1_555' title='bbox 2367 3264 2458 3320; x_wconf 90' lang='lat' dir='ltr'><strong>ille</strong></span> <span class='ocrx_word' id='word_1_556' title='bbox 2499 3265 2840 3320; x_wconf 88' lang='lat' dir='ltr'><strong>admirabilis</strong></span> <span class='ocrx_word' id='word_1_557' title='bbox 2873 3265 3067 3322; x_wconf 90' lang='lat' dir='ltr'><strong>obiens</strong></span> <span class='ocrx_word' id='word_1_558' title='bbox 3092 3266 3301 3337; x_wconf 88' lang='lat' dir='ltr'><strong>plateas</strong></span> <span class='ocrx_word' id='word_1_559' title='bbox 3329 3277 3386 3322; x_wconf 91' lang='lat' dir='ltr'><strong>et</strong></span> <span class='ocrx_word' id='word_1_560' title='bbox 3410 3267 3652 3324; x_wconf 86' lang='lat' dir='ltr'><strong>civitatis</strong></span> <span class='ocrx_word' id='word_1_561' title='bbox 3679 3269 3839 3339; x_wconf 67' lang='lat' dir='ltr'><strong>angi-</strong></span> 
     </span>
    </p>
   </div>
   <div class='ocr_carea' id='block_1_79' title="bbox 2249 3356 3836 3429">
    <p class='ocr_par' dir='ltr' id='par_1_79' title="bbox 2249 3356 3836 3429">
     <span class='ocr_line' id='line_1_79' title="bbox 2249 3356 3836 3429; baseline 0.003 -18"><span class='ocrx_word' id='word_1_562' title='bbox 2249 3364 2466 3429; x_wconf 87' lang='lat' dir='ltr'><strong>portus,</strong></span> <span class='ocrx_word' id='word_1_563' title='bbox 2505 3356 2670 3427; x_wconf 84' lang='lat' dir='ltr'><strong>hujus</strong></span> <span class='ocrx_word' id='word_1_564' title='bbox 2705 3372 2921 3427; x_wconf 91' lang='lat' dir='ltr'><strong>quoque</strong></span> <span class='ocrx_word' id='word_1_565' title='bbox 2962 3373 3150 3412; x_wconf 89' lang='lat' dir='ltr'><strong>curam</strong></span> <span class='ocrx_word' id='word_1_566' title='bbox 3183 3359 3428 3429; x_wconf 80' lang='lat' dir='ltr'><strong>gerebat.</strong></span> <span class='ocrx_word' id='word_1_567' title='bbox 3460 3357 3646 3414; x_wconf 89' lang='lat' dir='ltr'><strong>Sicubi</strong></span> <span class='ocrx_word' id='word_1_568' title='bbox 3681 3360 3836 3415; x_wconf 92' lang='lat' dir='ltr'><strong>inve-</strong></span> 
     </span>
    </p>
   </div>
   <div class='ocr_carea' id='block_1_80' title="bbox 2249 3449 3839 3521">
    <p class='ocr_par' dir='ltr' id='par_1_80' title="bbox 2249 3449 3839 3521">
     <span class='ocr_line' id='line_1_80' title="bbox 2249 3449 3839 3521; baseline 0.001 -18"><span class='ocrx_word' id='word_1_569' title='bbox 2249 3449 2424 3505; x_wconf 89' lang='lat' dir='ltr'><strong>nisset</strong></span> <span class='ocrx_word' id='word_1_570' title='bbox 2455 3457 2734 3504; x_wconf 88' lang='lat' dir='ltr'><strong>mortuum</strong></span> <span class='ocrx_word' id='word_1_571' title='bbox 2765 3465 2877 3520; x_wconf 68' lang='lat' dir='ltr'><strong>pra:</strong></span> <span class='ocrx_word' id='word_1_572' title='bbox 2911 3450 3082 3505; x_wconf 85' lang='lat' dir='ltr'><strong>nimia</strong></span> <span class='ocrx_word' id='word_1_573' title='bbox 3112 3460 3434 3521; x_wconf 88' lang='lat' dir='ltr'><strong>paupertate</strong></span> <span class='ocrx_word' id='word_1_574' title='bbox 3457 3451 3752 3521; x_wconf 87' lang='lat' dir='ltr'><strong>abjectum,</strong></span> <span class='ocrx_word' id='word_1_575' title='bbox 3787 3461 3839 3506; x_wconf 88' lang='lat' dir='ltr'><strong>et</strong></span> 
     </span>
    </p>
   </div>
   <div class='ocr_carea' id='block_1_81' title="bbox 2251 3541 3836 3612">
    <p class='ocr_par' dir='ltr' id='par_1_81' title="bbox 2251 3541 3836 3612">
     <span class='ocr_line' id='line_1_81' title="bbox 2251 3541 3836 3612; baseline 0.001 -17"><span class='ocrx_word' id='word_1_576' title='bbox 2251 3541 2411 3611; x_wconf 88' lang='lat' dir='ltr'><strong>cujus</strong></span> <span class='ocrx_word' id='word_1_577' title='bbox 2436 3556 2600 3596; x_wconf 91' lang='lat' dir='ltr'><strong>nemo</strong></span> <span class='ocrx_word' id='word_1_578' title='bbox 2637 3557 2825 3596; x_wconf 89' lang='lat' dir='ltr'><strong>curam</strong></span> <span class='ocrx_word' id='word_1_579' title='bbox 2853 3549 3087 3611; x_wconf 87' lang='lat' dir='ltr'><strong>gereret,</strong></span> <span class='ocrx_word' id='word_1_580' title='bbox 3116 3552 3168 3597; x_wconf 93' lang='lat' dir='ltr'><strong>et</strong></span> <span class='ocrx_word' id='word_1_581' title='bbox 3198 3558 3362 3612; x_wconf 89' lang='lat' dir='ltr'><strong>quem</strong></span> <span class='ocrx_word' id='word_1_582' title='bbox 3392 3542 3555 3598; x_wconf 90' lang='lat' dir='ltr'><strong>talem</strong></span> <span class='ocrx_word' id='word_1_583' title='bbox 3591 3543 3836 3607; x_wconf 85' lang='lat' dir='ltr'><strong>vidisset,</strong></span> 
     </span>
    </p>
   </div>
   <div class='ocr_carea' id='block_1_82' title="bbox 2253 3628 3840 3704">
    <p class='ocr_par' dir='ltr' id='par_1_82' title="bbox 2253 3628 3840 3704">
     <span class='ocr_line' id='line_1_82' title="bbox 2253 3628 3840 3704; baseline -0.001 -15"><span class='ocrx_word' id='word_1_584' title='bbox 2253 3645 2513 3704; x_wconf 84' lang='lat' dir='ltr'><strong>tanquam</strong></span> <span class='ocrx_word' id='word_1_585' title='bbox 2551 3650 2808 3702; x_wconf 82' lang='lat' dir='ltr'><strong>magnum</strong></span> <span class='ocrx_word' id='word_1_586' title='bbox 2849 3635 3068 3704; x_wconf 78' lang='lat' dir='ltr'><strong>aliquod</strong></span> <span class='ocrx_word' id='word_1_587' title='bbox 3114 3628 3326 3690; x_wconf 90' lang='lat' dir='ltr'><strong>lucrum</strong></span> <span class='ocrx_word' id='word_1_588' title='bbox 3370 3642 3680 3697; x_wconf 88' lang='lat' dir='ltr'><strong>assecutus,</strong></span> <span class='ocrx_word' id='word_1_589' title='bbox 3712 3650 3840 3689; x_wconf 92' lang='lat' dir='ltr'><strong>eum</strong></span> 
     </span>
    </p>
   </div>
   <div class='ocr_carea' id='block_1_83' title="bbox 2254 3726 3844 3797">
    <p class='ocr_par' dir='ltr' id='par_1_83' title="bbox 2254 3726 3844 3797">
     <span class='ocr_line' id='line_1_83' title="bbox 2254 3726 3844 3797; baseline -0.001 -15"><span class='ocrx_word' id='word_1_590' title='bbox 2254 3727 2490 3782; x_wconf 86' lang='lat' dir='ltr'><strong>libenter</strong></span> <span class='ocrx_word' id='word_1_591' title='bbox 2535 3726 2796 3781; x_wconf 80' lang='lat' dir='ltr'><strong>videbat:</strong></span> <span class='ocrx_word' id='word_1_592' title='bbox 2831 3741 3068 3795; x_wconf 91' lang='lat' dir='ltr'><strong>cumque</strong></span> <span class='ocrx_word' id='word_1_593' title='bbox 3113 3742 3239 3781; x_wconf 90' lang='lat' dir='ltr'><strong>eum</strong></span> <span class='ocrx_word' id='word_1_594' title='bbox 3290 3727 3580 3797; x_wconf 77' lang='lat' dir='ltr'><strong>diligenter</strong></span> <span class='ocrx_word' id='word_1_595' title='bbox 3622 3727 3844 3782; x_wconf 83' lang='lat' dir='ltr'><strong>lavisset</strong></span> 
     </span>
    </p>
   </div>
   <div class='ocr_carea' id='block_1_84' title="bbox 2253 3816 3841 3887">
    <p class='ocr_par' dir='ltr' id='par_1_84' title="bbox 2253 3816 3841 3887">
     <span class='ocr_line' id='line_1_84' title="bbox 2253 3816 3841 3887; baseline -0.001 -14"><span class='ocrx_word' id='word_1_596' title='bbox 2253 3828 2311 3874; x_wconf 92' lang='lat' dir='ltr'><strong>et</strong></span> <span class='ocrx_word' id='word_1_597' title='bbox 2359 3817 2650 3882; x_wconf 87' lang='lat' dir='ltr'><strong>induisset,</strong></span> <span class='ocrx_word' id='word_1_598' title='bbox 2703 3826 2758 3872; x_wconf 91' lang='lat' dir='ltr'><strong>et</strong></span> <span class='ocrx_word' id='word_1_599' title='bbox 2813 3817 2918 3871; x_wconf 88' lang='lat' dir='ltr'><strong>alia</strong></span> <span class='ocrx_word' id='word_1_600' title='bbox 2966 3817 3115 3886; x_wconf 87' lang='lat' dir='ltr'><strong>justa</strong></span> <span class='ocrx_word' id='word_1_601' title='bbox 3158 3833 3260 3887; x_wconf 92' lang='lat' dir='ltr'><strong>pro</strong></span> <span class='ocrx_word' id='word_1_602' title='bbox 3306 3832 3458 3872; x_wconf 89' lang='lat' dir='ltr'><strong>more</strong></span> <span class='ocrx_word' id='word_1_603' title='bbox 3502 3817 3555 3873; x_wconf 92' lang='lat' dir='ltr'><strong>ei</strong></span> <span class='ocrx_word' id='word_1_604' title='bbox 3600 3816 3841 3884; x_wconf 87' lang='lat' dir='ltr'><strong>fecisset,</strong></span> 
     </span>
    </p>
   </div>
   <div class='ocr_carea' id='block_1_85' title="bbox 2257 3909 3844 3981">
    <p class='ocr_par' dir='ltr' id='par_1_85' title="bbox 2257 3909 3844 3981">
     <span class='ocr_line' id='line_1_85' title="bbox 2257 3909 3844 3981; baseline 0 -16"><span class='ocrx_word' id='word_1_605' title='bbox 2257 3910 2457 3965; x_wconf 88' lang='lat' dir='ltr'><strong>deinde</strong></span> <span class='ocrx_word' id='word_1_606' title='bbox 2489 3909 2656 3964; x_wconf 90' lang='lat' dir='ltr'><strong>etiam</strong></span> <span class='ocrx_word' id='word_1_607' title='bbox 2684 3919 2962 3965; x_wconf 88' lang='lat' dir='ltr'><strong>mortuum</strong></span> <span class='ocrx_word' id='word_1_608' title='bbox 2985 3919 3243 3980; x_wconf 87' lang='lat' dir='ltr'><strong>tanquam</strong></span> <span class='ocrx_word' id='word_1_609' title='bbox 3290 3910 3475 3966; x_wconf 85' lang='lat' dir='ltr'><strong>vivum</strong></span> <span class='ocrx_word' id='word_1_610' title='bbox 3524 3909 3844 3981; x_wconf 88' lang='lat' dir='ltr'><strong>alloqueba-</strong></span> 
     </span>
    </p>
   </div>
   <div class='ocr_carea' id='block_1_86' title="bbox 2259 4001 3845 4074">
    <p class='ocr_par' dir='ltr' id='par_1_86' title="bbox 2259 4001 3845 4074">
     <span class='ocr_line' id='line_1_86' title="bbox 2259 4001 3845 4074; baseline 0.001 -18"><span class='ocrx_word' id='word_1_611' title='bbox 2259 4011 2389 4056; x_wconf 86' lang='lat' dir='ltr'><strong>tur:</strong></span> <span class='ocrx_word' id='word_1_612' title='bbox 2431 4001 2699 4074; x_wconf 82' lang='lat' dir='ltr'><strong>Agedum,</strong></span> <span class='ocrx_word' id='word_1_613' title='bbox 2731 4001 2941 4068; x_wconf 90' lang='lat' dir='ltr'><strong>dicens,</strong></span> <span class='ocrx_word' id='word_1_614' title='bbox 2989 4001 3066 4057; x_wconf 88' lang='lat' dir='ltr'><strong>sis</strong></span> <span class='ocrx_word' id='word_1_615' title='bbox 3105 4017 3324 4074; x_wconf 91' lang='lat' dir='ltr'><strong>quoque</strong></span> <span class='ocrx_word' id='word_1_616' title='bbox 3351 4001 3641 4058; x_wconf 88' lang='lat' dir='ltr'><strong>nobiscum</strong></span> <span class='ocrx_word' id='word_1_617' title='bbox 3674 4003 3845 4073; x_wconf 89' lang='lat' dir='ltr'><strong>parti-</strong></span> 
     </span>
    </p>
   </div>
   <div class='ocr_carea' id='block_1_87' title="bbox 2257 4094 3845 4166">
    <p class='ocr_par' dir='ltr' id='par_1_87' title="bbox 2257 4094 3845 4166">
     <span class='ocr_line' id='line_1_87' title="bbox 2257 4094 3845 4166; baseline -0.001 -16"><span class='ocrx_word' id='word_1_618' title='bbox 2257 4109 2387 4165; x_wconf 90' lang='lat' dir='ltr'><strong>ceps</strong></span> <span class='ocrx_word' id='word_1_619' title='bbox 2417 4094 2555 4163; x_wconf 87' lang='lat' dir='ltr'><strong>ejus.</strong></span> <span class='ocrx_word' id='word_1_620' title='bbox 2583 4109 2706 4166; x_wconf 71' lang='lat' dir='ltr'><strong>qua:</strong></span> <span class='ocrx_word' id='word_1_621' title='bbox 2735 4102 2822 4150; x_wconf 91' lang='lat' dir='ltr'><strong>est</strong></span> <span class='ocrx_word' id='word_1_622' title='bbox 2857 4095 2915 4150; x_wconf 90' lang='lat' dir='ltr'><strong>in</strong></span> <span class='ocrx_word' id='word_1_623' title='bbox 2943 4094 3186 4160; x_wconf 88' lang='lat' dir='ltr'><strong>Christo,</strong></span> <span class='ocrx_word' id='word_1_624' title='bbox 3218 4095 3518 4152; x_wconf 87' lang='lat' dir='ltr'><strong>charitatis.</strong></span> <span class='ocrx_word' id='word_1_625' title='bbox 3551 4096 3683 4162; x_wconf 74' lang='lat' dir='ltr'><strong>Quae</strong></span> <span class='ocrx_word' id='word_1_626' title='bbox 3720 4111 3845 4150; x_wconf 91' lang='lat' dir='ltr'><strong>cum</strong></span> 
     </span>
    </p>
   </div>
   <div class='ocr_carea' id='block_1_88' title="bbox 2259 4186 3846 4260">
    <p class='ocr_par' dir='ltr' id='par_1_88' title="bbox 2259 4186 3846 4260">
     <span class='ocr_line' id='line_1_88' title="bbox 2259 4186 3846 4260; baseline -0.001 -17"><span class='ocrx_word' id='word_1_627' title='bbox 2259 4187 2341 4243; x_wconf 88' lang='lat' dir='ltr'><strong>sic</strong></span> <span class='ocrx_word' id='word_1_628' title='bbox 2383 4186 2612 4253; x_wconf 87' lang='lat' dir='ltr'><strong>diceret,</strong></span> <span class='ocrx_word' id='word_1_629' title='bbox 2654 4187 2889 4243; x_wconf 89' lang='lat' dir='ltr'><strong>habebat</strong></span> <span class='ocrx_word' id='word_1_630' title='bbox 2924 4204 3050 4243; x_wconf 92' lang='lat' dir='ltr'><strong>eum</strong></span> <span class='ocrx_word' id='word_1_631' title='bbox 3097 4188 3192 4259; x_wconf 91' lang='lat' dir='ltr'><strong>qui</strong></span> <span class='ocrx_word' id='word_1_632' title='bbox 3233 4188 3471 4260; x_wconf 88' lang='lat' dir='ltr'><strong>jacebat,</strong></span> <span class='ocrx_word' id='word_1_633' title='bbox 3513 4188 3846 4244; x_wconf 88' lang='lat' dir='ltr'><strong>audientem.</strong></span> 
     </span>
    </p>
   </div>
   <div class='ocr_carea' id='block_1_89' title="bbox 2259 4279 3852 4352">
    <p class='ocr_par' dir='ltr' id='par_1_89' title="bbox 2259 4279 3852 4352">
     <span class='ocr_line' id='line_1_89' title="bbox 2259 4279 3852 4352; baseline -0.001 -17"><span class='ocrx_word' id='word_1_634' title='bbox 2259 4280 2530 4352; x_wconf 85' lang='lat' dir='ltr'><strong>Surgebat</strong></span> <span class='ocrx_word' id='word_1_635' title='bbox 2563 4279 2710 4335; x_wconf 91' lang='lat' dir='ltr'><strong>enim</strong></span> <span class='ocrx_word' id='word_1_636' title='bbox 2747 4281 2803 4350; x_wconf 85' lang='grc' dir='ltr'>(ο</span> <span class='ocrx_word' id='word_1_637' title='bbox 2833 4279 3181 4346; x_wconf 88' lang='lat' dir='ltr'><strong>miraculum,</strong></span> <span class='ocrx_word' id='word_1_638' title='bbox 3211 4280 3355 4350; x_wconf 90' lang='lat' dir='ltr'><strong>quod</strong></span> <span class='ocrx_word' id='word_1_639' title='bbox 3390 4280 3573 4335; x_wconf 87' lang='lat' dir='ltr'><strong>verbis</strong></span> <span class='ocrx_word' id='word_1_640' title='bbox 3601 4295 3710 4335; x_wconf 91' lang='lat' dir='ltr'><strong>non</strong></span> <span class='ocrx_word' id='word_1_641' title='bbox 3753 4294 3852 4350; x_wconf 82' lang='lat' dir='ltr'><strong>po-</strong></span> 
     </span>
    </p>
   </div>
   <div class='ocr_carea' id='block_1_90' title="bbox 2265 4371 3849 4445">
    <p class='ocr_par' dir='ltr' id='par_1_90' title="bbox 2265 4371 3849 4445">
     <span class='ocr_line' id='line_1_90' title="bbox 2265 4371 3849 4445; baseline -0.003 -15"><span class='ocrx_word' id='word_1_642' title='bbox 2265 4382 2372 4430; x_wconf 82' lang='lat' dir='ltr'><strong>test</strong></span> <span class='ocrx_word' id='word_1_643' title='bbox 2389 4373 2719 4445; x_wconf 78' lang='lat' dir='ltr'><strong>explicaril),</strong></span> <span class='ocrx_word' id='word_1_644' title='bbox 2736 4381 2792 4427; x_wconf 90' lang='lat' dir='ltr'><strong>ct</strong></span> <span class='ocrx_word' id='word_1_645' title='bbox 2816 4372 3021 4432; x_wconf 89' lang='lat' dir='ltr'><strong>bonum</strong></span> <span class='ocrx_word' id='word_1_646' title='bbox 3037 4373 3467 4443; x_wconf 87' lang='lat' dir='ltr'><strong>amplectebatur</strong></span> <span class='ocrx_word' id='word_1_647' title='bbox 3486 4371 3849 4438; x_wconf 83' lang='lat' dir='ltr'><strong>Marcianum,</strong></span> 
     </span>
    </p>
   </div>
   <div class='ocr_carea' id='block_1_91' title="bbox 2265 4461 3851 4536">
    <p class='ocr_par' dir='ltr' id='par_1_91' title="bbox 2265 4461 3851 4536">
     <span class='ocr_line' id='line_1_91' title="bbox 2265 4461 3851 4536; baseline -0.004 -14"><span class='ocrx_word' id='word_1_648' title='bbox 2265 4481 2452 4523; x_wconf 87' lang='lat' dir='ltr'><strong>curam</strong></span> <span class='ocrx_word' id='word_1_649' title='bbox 2479 4481 2602 4536; x_wconf 72' lang='lat' dir='ltr'><strong>qua:</strong></span> <span class='ocrx_word' id='word_1_650' title='bbox 2630 4464 2752 4535; x_wconf 90' lang='lat' dir='ltr'><strong>ejus</strong></span> <span class='ocrx_word' id='word_1_651' title='bbox 2779 4464 3087 4536; x_wconf 88' lang='lat' dir='ltr'><strong>gerebatur,</strong></span> <span class='ocrx_word' id='word_1_652' title='bbox 3114 4477 3224 4517; x_wconf 90' lang='lat' dir='ltr'><strong>non</strong></span> <span class='ocrx_word' id='word_1_653' title='bbox 3252 4462 3425 4529; x_wconf 90' lang='lat' dir='ltr'><strong>illum,</strong></span> <span class='ocrx_word' id='word_1_654' title='bbox 3454 4464 3548 4517; x_wconf 89' lang='lat' dir='ltr'><strong>sed</strong></span> <span class='ocrx_word' id='word_1_655' title='bbox 3567 4461 3851 4517; x_wconf 84' lang='lat' dir='ltr'><strong>Christum</strong></span> 
     </span>
    </p>
   </div>
   <div class='ocr_carea' id='block_1_92' title="bbox 567 4547 2150 4633">
    <p class='ocr_par' dir='ltr' id='par_1_92' title="bbox 567 4547 2150 4633">
     <span class='ocr_line' id='line_1_92' title="bbox 567 4547 2150 4633; baseline -0.007 -17"><span class='ocrx_word' id='word_1_656' title='bbox 567 4559 811 4633; x_wconf 78' lang='grc' dir='ltr'>Χριστὸν</span> <span class='ocrx_word' id='word_1_657' title='bbox 841 4559 1043 4630; x_wconf 81' lang='grc' dir='ltr'>μᾶλλον</span> <span class='ocrx_word' id='word_1_658' title='bbox 1074 4555 1392 4627; x_wconf 83' lang='grc' dir='ltr'>ὑποφαίνων</span> <span class='ocrx_word' id='word_1_659' title='bbox 1419 4553 1842 4625; x_wconf 87' lang='grc' dir='ltr'>ἀποδεχόμενον.</span> <span class='ocrx_word' id='word_1_660' title='bbox 1896 4547 2013 4606; x_wconf 77' lang='grc' dir='ltr'><strong>Εἶθ’</strong></span> <span class='ocrx_word' id='word_1_661' title='bbox 2069 4550 2150 4606; x_wconf 77' lang='grc' dir='ltr'><strong>οὔ·</strong></span> 
     </span>
    </p>
   </div>
   <div class='ocr_carea' id='block_1_93' title="bbox 2251 4547 3850 4633">
    <p class='ocr_par' dir='ltr' id='par_1_93' title="bbox 2268 4553 3850 4632">
     <span class='ocr_line' id='line_1_93' title="bbox 2268 4553 3850 4632; baseline -0.004 -18"><span class='ocrx_word' id='word_1_662' title='bbox 2268 4560 2449 4632; x_wconf 90' lang='lat' dir='ltr'><strong>potius</strong></span> <span class='ocrx_word' id='word_1_663' title='bbox 2495 4558 2796 4614; x_wconf 88' lang='lat' dir='ltr'><strong>ostendens</strong></span> <span class='ocrx_word' id='word_1_664' title='bbox 2847 4556 3150 4626; x_wconf 88' lang='lat' dir='ltr'><strong>suscipere.</strong></span> <span class='ocrx_word' id='word_1_665' title='bbox 3199 4553 3407 4610; x_wconf 89' lang='lat' dir='ltr'><strong>Deinde</strong></span> <span class='ocrx_word' id='word_1_666' title='bbox 3452 4553 3534 4610; x_wconf 88' lang='lat' dir='ltr'><strong>sic</strong></span> <span class='ocrx_word' id='word_1_667' title='bbox 3579 4561 3850 4618; x_wconf 89' lang='lat' dir='ltr'><strong>mortuus,</strong></span> 
     </span>
    </p>
   </div>
   <div class='ocr_carea' id='block_1_94' title="bbox 568 4644 2164 4727">
    <p class='ocr_par' dir='ltr' id='par_1_94' title="bbox 568 4644 2164 4727">
     <span class='ocr_line' id='line_1_94' title="bbox 568 4644 2164 4727; baseline -0.006 -17"><span class='ocrx_word' id='word_1_668' title='bbox 568 4673 682 4720; x_wconf 86' lang='grc' dir='ltr'><strong>τως</strong></span> <span class='ocrx_word' id='word_1_669' title='bbox 713 4657 742 4709; x_wconf 84' lang='grc' dir='ltr'>ὁ</span> <span class='ocrx_word' id='word_1_670' title='bbox 773 4653 969 4727; x_wconf 76' lang='grc' dir='ltr'>νεκρὸς</span> <span class='ocrx_word' id='word_1_671' title='bbox 995 4651 1161 4708; x_wconf 88' lang='grc' dir='ltr'>πάλιν</span> <span class='ocrx_word' id='word_1_672' title='bbox 1215 4648 1408 4721; x_wconf 82' lang='grc' dir='ltr'>νεκρὸς</span> <span class='ocrx_word' id='word_1_673' title='bbox 1450 4644 1544 4720; x_wconf 78' lang='grc' dir='ltr'>ἦν,</span> <span class='ocrx_word' id='word_1_674' title='bbox 1617 4646 1714 4701; x_wconf 76' lang='grc' dir='ltr'>καὶ</span> <span class='ocrx_word' id='word_1_675' title='bbox 1768 4644 2010 4710; x_wconf 90' lang='grc' dir='ltr'>τοιοῦτος</span> <span class='ocrx_word' id='word_1_676' title='bbox 2057 4645 2164 4700; x_wconf 78' lang='grc' dir='ltr'><strong>ὑπὸ</strong></span> 
     </span>
    </p>
   </div>
   <div class='ocr_carea' id='block_1_95' title="bbox 569 4737 2164 4818">
    <p class='ocr_par' dir='ltr' id='par_1_95' title="bbox 569 4737 2164 4818">
     <span class='ocr_line' id='line_1_95' title="bbox 569 4737 2164 4818; baseline -0.006 -16"><span class='ocrx_word' id='word_1_677' title='bbox 569 4747 684 4802; x_wconf 84' lang='grc' dir='ltr'><strong>τῶν</strong></span> <span class='ocrx_word' id='word_1_678' title='bbox 717 4745 1027 4818; x_wconf 87' lang='grc' dir='ltr'>παριόντων</span> <span class='ocrx_word' id='word_1_679' title='bbox 1071 4742 1374 4814; x_wconf 81' lang='grc' dir='ltr'>ὁρώμενος.</span> <span class='ocrx_word' id='word_1_680' title='bbox 1428 4739 1604 4795; x_wconf 90' lang='grc' dir='ltr'>Τοῦτο</span> <span class='ocrx_word' id='word_1_681' title='bbox 1651 4738 1710 4794; x_wconf 76' lang='grc' dir='ltr'>δὲ</span> <span class='ocrx_word' id='word_1_682' title='bbox 1741 4737 2026 4810; x_wconf 85' lang='grc' dir='ltr'>γνώριμον</span> <span class='ocrx_word' id='word_1_683' title='bbox 2062 4738 2164 4810; x_wconf 77' lang='grc' dir='ltr'><strong>μὲν</strong></span> 
     </span>
    </p>
   </div>
   <div class='ocr_carea' id='block_1_96' title="bbox 573 4831 2014 4908">
    <p class='ocr_par' dir='ltr' id='par_1_96' title="bbox 573 4831 2014 4908">
     <span class='ocr_line' id='line_1_96' title="bbox 573 4831 2014 4908; baseline -0.008 -12"><span class='ocrx_word' id='word_1_684' title='bbox 573 4841 670 4896; x_wconf 77' lang='grc' dir='ltr'>καὶ</span> <span class='ocrx_word' id='word_1_685' title='bbox 691 4839 868 4903; x_wconf 82' lang='grc' dir='ltr'>άλλως</span> <span class='ocrx_word' id='word_1_686' title='bbox 888 4837 1140 4908; x_wconf 86' lang='grc' dir='ltr'>γέγονεν,</span> <span class='ocrx_word' id='word_1_687' title='bbox 1174 4835 1241 4890; x_wconf 78' lang='grc' dir='ltr'>ὲκ</span> <span class='ocrx_word' id='word_1_688' title='bbox 1279 4834 1340 4891; x_wconf 75' lang='grc' dir='ltr'>δὲ</span> <span class='ocrx_word' id='word_1_689' title='bbox 1367 4832 1564 4889; x_wconf 90' lang='grc' dir='ltr'>τούτου</span> <span class='ocrx_word' id='word_1_690' title='bbox 1605 4831 2014 4903; x_wconf 89' lang='grc' dir='ltr'>φανερώτερον.</span> 
     </span>
    </p>
   </div>
   <div class='ocr_carea' id='block_1_97' title="bbox 651 4923 2164 4996">
    <p class='ocr_par' dir='ltr' id='par_1_97' title="bbox 651 4923 2164 4996">
     <span class='ocr_line' id='line_1_97' title="bbox 651 4923 2164 4996; baseline -0.007 -8"><span class='ocrx_word' id='word_1_691' title='bbox 651 4931 763 4988; x_wconf 78' lang='lat' dir='ltr'><strong>lﬂ&#39;.</strong></span> <span class='ocrx_word' id='word_1_692' title='bbox 820 4932 1021 4990; x_wconf 85' lang='grc' dir='ltr'>Μέσων</span> <span class='ocrx_word' id='word_1_693' title='bbox 1091 4928 1326 4996; x_wconf 86' lang='grc' dir='ltr'>νυκτῶν,</span> <span class='ocrx_word' id='word_1_694' title='bbox 1385 4928 1476 4982; x_wconf 85' lang='grc' dir='ltr'>ὅτε</span> <span class='ocrx_word' id='word_1_695' title='bbox 1523 4925 1620 4982; x_wconf 76' lang='grc' dir='ltr'>καὶ</span> <span class='ocrx_word' id='word_1_696' title='bbox 1661 4928 1898 4996; x_wconf 86' lang='grc' dir='ltr'>μάλιστα</span> <span class='ocrx_word' id='word_1_697' title='bbox 1973 4923 2164 4996; x_wconf 76' lang='grc' dir='ltr'>μηδενὶ</span> 
     </span>
    </p>
   </div>
   <div class='ocr_carea' id='block_1_98' title="bbox 570 5018 2164 5100">
    <p class='ocr_par' dir='ltr' id='par_1_98' title="bbox 570 5018 2164 5100">
     <span class='ocr_line' id='line_1_98' title="bbox 570 5018 2164 5100; baseline -0.009 -16"><span class='ocrx_word' id='word_1_698' title='bbox 570 5027 808 5100; x_wconf 78' lang='grc' dir='ltr'>ὀφθῆναι</span> <span class='ocrx_word' id='word_1_699' title='bbox 835 5023 997 5098; x_wconf 81' lang='grc' dir='ltr'>ᾤετο,</span> <span class='ocrx_word' id='word_1_700' title='bbox 1037 5023 1176 5094; x_wconf 87' lang='grc' dir='ltr'>πρός</span> <span class='ocrx_word' id='word_1_701' title='bbox 1201 5038 1326 5076; x_wconf 89' lang='grc' dir='ltr'>τινα</span> <span class='ocrx_word' id='word_1_702' title='bbox 1353 5020 1561 5093; x_wconf 86' lang='grc' dir='ltr'>συνήθη</span> <span class='ocrx_word' id='word_1_703' title='bbox 1589 5018 1926 5092; x_wconf 83' lang='grc' dir='ltr'>τραπεζίτην</span> <span class='ocrx_word' id='word_1_704' title='bbox 1949 5018 2011 5072; x_wconf 79' lang='grc' dir='ltr'>τὸ</span> <span class='ocrx_word' id='word_1_705' title='bbox 2036 5034 2164 5088; x_wconf 90' lang='grc' dir='ltr'>χρυ-</span> 
     </span>
    </p>
   </div>
   <div class='ocr_carea' id='block_1_99' title="bbox 575 5109 2165 5182">
    <p class='ocr_par' dir='ltr' id='par_1_99' title="bbox 575 5109 2165 5182">
     <span class='ocr_line' id='line_1_99' title="bbox 575 5109 2165 5182; baseline -0.009 -6"><span class='ocrx_word' id='word_1_706' title='bbox 575 5121 697 5176; x_wconf 73' lang='grc' dir='ltr'>σίον</span> <span class='ocrx_word' id='word_1_707' title='bbox 776 5115 1132 5182; x_wconf 81' lang='grc' dir='ltr'>καταλλάξων</span> <span class='ocrx_word' id='word_1_708' title='bbox 1175 5113 1390 5181; x_wconf 75' lang='grc' dir='ltr'>ἐφοίτα,</span> <span class='ocrx_word' id='word_1_709' title='bbox 1448 5113 1547 5168; x_wconf 78' lang='grc' dir='ltr'>καὶ</span> <span class='ocrx_word' id='word_1_710' title='bbox 1614 5111 1796 5182; x_wconf 73' lang='grc' dir='ltr'>κέρμα</span> <span class='ocrx_word' id='word_1_711' title='bbox 1871 5109 2165 5182; x_wconf 73' lang='grc' dir='ltr'>λαμϐάνων</span> 
     </span>
    </p>
   </div>
   <div class='ocr_carea' id='block_1_100' title="bbox 573 5203 2166 5282">
    <p class='ocr_par' dir='ltr' id='par_1_100' title="bbox 573 5203 2166 5282">
     <span class='ocr_line' id='line_1_100' title="bbox 573 5203 2166 5282; baseline -0.007 -16"><span class='ocrx_word' id='word_1_712' title='bbox 573 5212 841 5267; x_wconf 83' lang='grc' dir='ltr'>πλειόνων</span> <span class='ocrx_word' id='word_1_713' title='bbox 863 5208 1105 5282; x_wconf 87' lang='grc' dir='ltr'>χαλκῶν,</span> <span class='ocrx_word' id='word_1_714' title='bbox 1160 5205 1238 5270; x_wconf 90' lang='grc' dir='ltr'><strong>ώς</strong></span> <span class='ocrx_word' id='word_1_715' title='bbox 1285 5205 1353 5260; x_wconf 85' lang='grc' dir='ltr'><strong>ἂν</strong></span> <span class='ocrx_word' id='word_1_716' title='bbox 1379 5205 1497 5277; x_wconf 71' lang='grc' dir='ltr'>ἔχοι</span> <span class='ocrx_word' id='word_1_717' title='bbox 1523 5203 1683 5260; x_wconf 88' lang='grc' dir='ltr'>τοῦτο</span> <span class='ocrx_word' id='word_1_718' title='bbox 1730 5204 2005 5274; x_wconf 86' lang='grc' dir='ltr'>διανεῖμαι</span> <span class='ocrx_word' id='word_1_719' title='bbox 2049 5203 2166 5264; x_wconf 86' lang='grc' dir='ltr'>τοῖς</span> 
     </span>
    </p>
   </div>
   <div class='ocr_carea' id='block_1_101' title="bbox 577 5300 2166 5378">
    <p class='ocr_par' dir='ltr' id='par_1_101' title="bbox 577 5300 2166 5378">
     <span class='ocr_line' id='line_1_101' title="bbox 577 5300 2166 5378; baseline -0.006 -16"><span class='ocrx_word' id='word_1_720' title='bbox 577 5308 924 5378; x_wconf 79' lang='grc' dir='ltr'>πενομένοις,</span> <span class='ocrx_word' id='word_1_721' title='bbox 992 5306 1160 5372; x_wconf 78' lang='grc' dir='ltr'>εὐθὺς</span> <span class='ocrx_word' id='word_1_722' title='bbox 1224 5304 1480 5376; x_wconf 78' lang='grc' dir='ltr'>ἐπανῄει.</span> <span class='ocrx_word' id='word_1_723' title='bbox 1521 5303 1582 5358; x_wconf 89' lang='lat'><strong>&#39;0</strong></span> <span class='ocrx_word' id='word_1_724' title='bbox 1641 5301 1774 5373; x_wconf 91' lang='grc' dir='ltr'>γοῦν</span> <span class='ocrx_word' id='word_1_725' title='bbox 1828 5300 2166 5374; x_wconf 81' lang='grc' dir='ltr'>τραπεζίτης</span> 
     </span>
    </p>
   </div>
   <div class='ocr_carea' id='block_1_102' title="bbox 576 5394 2167 5473">
    <p class='ocr_par' dir='ltr' id='par_1_102' title="bbox 576 5394 2167 5473">
     <span class='ocr_line' id='line_1_102' title="bbox 576 5394 2167 5473; baseline -0.003 -21"><span class='ocrx_word' id='word_1_726' title='bbox 576 5403 660 5465; x_wconf 79' lang='grc' dir='ltr'>εἰς</span> <span class='ocrx_word' id='word_1_727' title='bbox 689 5400 915 5472; x_wconf 81' lang='grc' dir='ltr'>κέρδους</span> <span class='ocrx_word' id='word_1_728' title='bbox 943 5400 1225 5473; x_wconf 88' lang='grc' dir='ltr'>πρόφασιν</span> <span class='ocrx_word' id='word_1_729' title='bbox 1244 5400 1308 5453; x_wconf 77' lang='grc' dir='ltr'>τὺ</span> <span class='ocrx_word' id='word_1_730' title='bbox 1345 5397 1528 5470; x_wconf 78' lang='grc' dir='ltr'>ἄωρον</span> <span class='ocrx_word' id='word_1_731' title='bbox 1557 5399 1657 5469; x_wconf 81' lang='grc' dir='ltr'>τῆς</span> <span class='ocrx_word' id='word_1_732' title='bbox 1696 5395 1893 5460; x_wconf 74' lang='grc' dir='ltr'>νυκτὸς</span> <span class='ocrx_word' id='word_1_733' title='bbox 1947 5394 2167 5465; x_wconf 69' lang='grc' dir='ltr'>λαμϐά-</span> 
     </span>
    </p>
   </div>
   <div class='ocr_carea' id='block_1_103' title="bbox 578 5486 2168 5563">
    <p class='ocr_par' dir='ltr' id='par_1_103' title="bbox 578 5486 2168 5563">
     <span class='ocr_line' id='line_1_103' title="bbox 578 5486 2168 5563; baseline -0.006 -16"><span class='ocrx_word' id='word_1_734' title='bbox 578 5511 714 5558; x_wconf 89' lang='grc' dir='ltr'>νων,</span> <span class='ocrx_word' id='word_1_735' title='bbox 747 5492 935 5563; x_wconf 79' lang='grc' dir='ltr'>ζυγοῖς</span> <span class='ocrx_word' id='word_1_736' title='bbox 963 5493 1176 5557; x_wconf 87' lang='grc' dir='ltr'>ἀδίκοις</span> <span class='ocrx_word' id='word_1_737' title='bbox 1217 5490 1346 5554; x_wconf 81' lang='grc' dir='ltr'>τοὺς</span> <span class='ocrx_word' id='word_1_738' title='bbox 1393 5488 1632 5562; x_wconf 80' lang='grc' dir='ltr'>χρυσοῦς</span> <span class='ocrx_word' id='word_1_739' title='bbox 1689 5487 2019 5559; x_wconf 79' lang='grc' dir='ltr'>ὲσταθμᾶτο,</span> <span class='ocrx_word' id='word_1_740' title='bbox 2070 5486 2168 5541; x_wconf 77' lang='grc' dir='ltr'>καὶ</span> 
     </span>
    </p>
   </div>
   <div class='ocr_carea' id='block_1_104' title="bbox 574 5579 2164 5653">
    <p class='ocr_par' dir='ltr' id='par_1_104' title="bbox 574 5579 2164 5653">
     <span class='ocr_line' id='line_1_104' title="bbox 574 5579 2164 5653; baseline -0.004 -14"><span class='ocrx_word' id='word_1_741' title='bbox 574 5586 788 5648; x_wconf 77' lang='grc' dir='ltr'>ἐκεῖνος</span> <span class='ocrx_word' id='word_1_742' title='bbox 815 5585 969 5639; x_wconf 81' lang='grc' dir='ltr'>οὐδὲν</span> <span class='ocrx_word' id='word_1_743' title='bbox 1002 5583 1304 5653; x_wconf 86' lang='grc' dir='ltr'>ἀντιλέγων</span> <span class='ocrx_word' id='word_1_744' title='bbox 1333 5581 1447 5636; x_wconf 76' lang='grc' dir='ltr'>οὗθ’</span> <span class='ocrx_word' id='word_1_745' title='bbox 1483 5581 1622 5646; x_wconf 82' lang='grc' dir='ltr'>ὅλως</span> <span class='ocrx_word' id='word_1_746' title='bbox 1680 5579 2164 5649; x_wconf 79' lang='grc' dir='ltr'>ὲξακριδούμενος,</span> 
     </span>
    </p>
   </div>
   <div class='ocr_carea' id='block_1_105' title="bbox 574 5668 2169 5748">
    <p class='ocr_par' dir='ltr' id='par_1_105' title="bbox 574 5668 2169 5748">
     <span class='ocr_line' id='line_1_105' title="bbox 574 5668 2169 5748; baseline -0.006 -19"><span class='ocrx_word' id='word_1_747' title='bbox 574 5675 738 5748; x_wconf 77' lang='grc' dir='ltr'>δῆλος</span> <span class='ocrx_word' id='word_1_748' title='bbox 767 5671 838 5748; x_wconf 82' lang='grc' dir='ltr'>ἦν</span> <span class='ocrx_word' id='word_1_749' title='bbox 867 5675 928 5731; x_wconf 78' lang='grc' dir='ltr'>τὸ</span> <span class='ocrx_word' id='word_1_750' title='bbox 973 5677 1085 5738; x_wconf 76' lang='grc' dir='ltr'>πᾶν</span> <span class='ocrx_word' id='word_1_751' title='bbox 1131 5677 1202 5748; x_wconf 76' lang='grc' dir='ltr'>τῇ</span> <span class='ocrx_word' id='word_1_752' title='bbox 1259 5673 1569 5744; x_wconf 86' lang='grc' dir='ltr'>συνειδήσει</span> <span class='ocrx_word' id='word_1_753' title='bbox 1623 5670 1720 5725; x_wconf 87' lang='grc' dir='ltr'><strong>τοῦ</strong></span> <span class='ocrx_word' id='word_1_754' title='bbox 1769 5668 2169 5739; x_wconf 76' lang='grc' dir='ltr'>σταθμίζοντος</span> 
     </span>
    </p>
   </div>
   <div class='ocr_carea' id='block_1_106' title="bbox 576 5761 2170 5838">
    <p class='ocr_par' dir='ltr' id='par_1_106' title="bbox 576 5761 2170 5838">
     <span class='ocr_line' id='line_1_106' title="bbox 576 5761 2170 5838; baseline -0.005 -17"><span class='ocrx_word' id='word_1_755' title='bbox 576 5767 919 5838; x_wconf 72' lang='grc' dir='ltr'>ἐπιτρέπων.</span> <span class='ocrx_word' id='word_1_756' title='bbox 975 5766 1066 5832; x_wconf 80' lang='grc' dir='ltr'>Ὠς</span> <span class='ocrx_word' id='word_1_757' title='bbox 1109 5767 1167 5822; x_wconf 79' lang='grc' dir='ltr'>δὲ</span> <span class='ocrx_word' id='word_1_758' title='bbox 1229 5765 1493 5830; x_wconf 89' lang='grc' dir='ltr'>πολλάκις</span> <span class='ocrx_word' id='word_1_759' title='bbox 1555 5761 1715 5818; x_wconf 87' lang='grc' dir='ltr'>τοῦτο</span> <span class='ocrx_word' id='word_1_760' title='bbox 1763 5761 2078 5833; x_wconf 88' lang='grc' dir='ltr'>γενόμενον,</span> <span class='ocrx_word' id='word_1_761' title='bbox 2140 5761 2170 5813; x_wconf 84' lang='grc' dir='ltr'><strong>ὁ</strong></span> 
     </span>
    </p>
   </div>
   <div class='ocr_carea' id='block_1_107' title="bbox 579 5851 2168 5934">
    <p class='ocr_par' dir='ltr' id='par_1_107' title="bbox 579 5851 2168 5934">
     <span class='ocr_line' id='line_1_107' title="bbox 579 5851 2168 5934; baseline -0.005 -20"><span class='ocrx_word' id='word_1_762' title='bbox 579 5859 904 5933; x_wconf 81' lang='grc' dir='ltr'>Μαρκιανὸς</span> <span class='ocrx_word' id='word_1_763' title='bbox 925 5859 1024 5916; x_wconf 79' lang='grc' dir='ltr'><strong>τὸν</strong></span> <span class='ocrx_word' id='word_1_764' title='bbox 1059 5858 1136 5932; x_wconf 76' lang='grc' dir='ltr'>μὴ</span> <span class='ocrx_word' id='word_1_765' title='bbox 1193 5857 1476 5934; x_wconf 49' lang='grc' dir='ltr'>συνιέντα-</span> <span class='ocrx_word' id='word_1_766' title='bbox 1498 5855 1954 5928; x_wconf 80' lang='grc' dir='ltr'>ὑποκρινόμενος,</span> <span class='ocrx_word' id='word_1_767' title='bbox 2014 5851 2168 5908; x_wconf 65' lang='grc' dir='ltr'>οὐδὲν</span> 
     </span>
    </p>
   </div>
   <div class='ocr_carea' id='block_1_108' title="bbox 2265 4643 3853 4714">
    <p class='ocr_par' dir='ltr' id='par_1_108' title="bbox 2265 4643 3853 4714">
     <span class='ocr_line' id='line_1_108' title="bbox 2265 4643 3853 4714; baseline -0.005 -8"><span class='ocrx_word' id='word_1_768' title='bbox 2265 4666 2458 4707; x_wconf 88' lang='lat' dir='ltr'><strong>rursus</strong></span> <span class='ocrx_word' id='word_1_769' title='bbox 2491 4658 2613 4706; x_wconf 88' lang='lat' dir='ltr'><strong>erat</strong></span> <span class='ocrx_word' id='word_1_770' title='bbox 2646 4657 2896 4704; x_wconf 89' lang='lat' dir='ltr'><strong>mortuus</strong></span> <span class='ocrx_word' id='word_1_771' title='bbox 2927 4666 2941 4703; x_wconf 93' lang='lat'><strong>:</strong></span> <span class='ocrx_word' id='word_1_772' title='bbox 2975 4657 3031 4703; x_wconf 92' lang='lat' dir='ltr'><strong>et</strong></span> <span class='ocrx_word' id='word_1_773' title='bbox 3059 4647 3182 4702; x_wconf 87' lang='lat' dir='ltr'><strong>talis</strong></span> <span class='ocrx_word' id='word_1_774' title='bbox 3213 4646 3504 4702; x_wconf 89' lang='lat' dir='ltr'><strong>videbatur</strong></span> <span class='ocrx_word' id='word_1_775' title='bbox 3541 4646 3611 4701; x_wconf 88' lang='lat' dir='ltr'><strong>ab</strong></span> <span class='ocrx_word' id='word_1_776' title='bbox 3638 4646 3726 4709; x_wconf 90' lang='lat' dir='ltr'><strong>iis,</strong></span> <span class='ocrx_word' id='word_1_777' title='bbox 3759 4643 3853 4714; x_wconf 88' lang='lat' dir='ltr'><strong>qui</strong></span> 
     </span>
    </p>
   </div>
   <div class='ocr_carea' id='block_1_109' title="bbox 2264 4736 3854 4813">
    <p class='ocr_par' dir='ltr' id='par_1_109' title="bbox 2264 4736 3854 4813">
     <span class='ocr_line' id='line_1_109' title="bbox 2264 4736 3854 4813; baseline -0.005 -14"><span class='ocrx_word' id='word_1_778' title='bbox 2264 4752 2422 4800; x_wconf 87' lang='lat' dir='ltr'><strong>erant</strong></span> <span class='ocrx_word' id='word_1_779' title='bbox 2455 4741 2802 4813; x_wconf 70' lang='lat' dir='ltr'><strong>superstites.</strong></span> <span class='ocrx_word' id='word_1_780' title='bbox 2838 4739 2953 4794; x_wconf 87' lang='lat' dir='ltr'><strong>Hoc</strong></span> <span class='ocrx_word' id='word_1_781' title='bbox 2981 4747 3163 4793; x_wconf 88' lang='lat' dir='ltr'><strong>autem</strong></span> <span class='ocrx_word' id='word_1_782' title='bbox 3193 4736 3298 4792; x_wconf 88' lang='lat' dir='ltr'><strong>fuit</strong></span> <span class='ocrx_word' id='word_1_783' title='bbox 3334 4737 3469 4793; x_wconf 90' lang='lat' dir='ltr'><strong>alias</strong></span> <span class='ocrx_word' id='word_1_784' title='bbox 3505 4751 3724 4808; x_wconf 88' lang='lat' dir='ltr'><strong>quoque</strong></span> <span class='ocrx_word' id='word_1_785' title='bbox 3756 4751 3854 4792; x_wconf 84' lang='lat' dir='ltr'><strong>co-</strong></span> 
     </span>
    </p>
   </div>
   <div class='ocr_carea' id='block_1_110' title="bbox 2265 4829 3506 4910">
    <p class='ocr_par' dir='ltr' id='par_1_110' title="bbox 2265 4829 3506 4910">
     <span class='ocr_line' id='line_1_110' title="bbox 2265 4829 3506 4910; baseline -0.01 -18"><span class='ocrx_word' id='word_1_786' title='bbox 2265 4837 2478 4910; x_wconf 89' lang='lat' dir='ltr'><strong>gnitum</strong></span> <span class='ocrx_word' id='word_1_787' title='bbox 2505 4855 2524 4890; x_wconf 78' lang='grc' dir='ltr'><strong>ι</strong></span> <span class='ocrx_word' id='word_1_788' title='bbox 2557 4835 2652 4890; x_wconf 87' lang='lat' dir='ltr'><strong>sed</strong></span> <span class='ocrx_word' id='word_1_789' title='bbox 2685 4850 2754 4890; x_wconf 81' lang='lat' dir='ltr'><strong>ex</strong></span> <span class='ocrx_word' id='word_1_790' title='bbox 2793 4832 2900 4888; x_wconf 90' lang='lat' dir='ltr'><strong>hoc</strong></span> <span class='ocrx_word' id='word_1_791' title='bbox 2927 4831 3106 4887; x_wconf 83' lang='lat' dir='ltr'><strong>evasit</strong></span> <span class='ocrx_word' id='word_1_792' title='bbox 3138 4829 3506 4886; x_wconf 75' lang='lat' dir='ltr'><strong>manifestius.</strong></span> 
     </span>
    </p>
   </div>
   <div class='ocr_carea' id='block_1_111' title="bbox 2343 4918 3856 4992">
    <p class='ocr_par' dir='ltr' id='par_1_111' title="bbox 2343 4918 3856 4992">
     <span class='ocr_line' id='line_1_111' title="bbox 2343 4918 3856 4992; baseline -0.004 -10"><span class='ocrx_word' id='word_1_793' title='bbox 2343 4926 2534 4984; x_wconf 76' lang='lat' dir='ltr'><strong>XVIII.</strong></span> <span class='ocrx_word' id='word_1_794' title='bbox 2600 4925 2774 4981; x_wconf 85' lang='lat' dir='ltr'><strong>Media</strong></span> <span class='ocrx_word' id='word_1_795' title='bbox 2824 4932 3009 4988; x_wconf 91' lang='lat' dir='ltr'><strong>nocte,</strong></span> <span class='ocrx_word' id='word_1_796' title='bbox 3067 4921 3289 4992; x_wconf 91' lang='lat' dir='ltr'><strong>quando</strong></span> <span class='ocrx_word' id='word_1_797' title='bbox 3337 4921 3577 4976; x_wconf 78' lang='lat' dir='ltr'><strong>maxime</strong></span> <span class='ocrx_word' id='word_1_798' title='bbox 3629 4918 3856 4991; x_wconf 83' lang='lat' dir='ltr'><strong>putabat</strong></span> 
     </span>
    </p>
   </div>
   <div class='ocr_carea' id='block_1_112' title="bbox 2266 5009 3854 5081">
    <p class='ocr_par' dir='ltr' id='par_1_112' title="bbox 2266 5009 3854 5081">
     <span class='ocr_line' id='line_1_112' title="bbox 2266 5009 3854 5081; baseline -0.007 -6"><span class='ocrx_word' id='word_1_799' title='bbox 2266 5017 2385 5075; x_wconf 90' lang='lat' dir='ltr'><strong>fore</strong></span> <span class='ocrx_word' id='word_1_800' title='bbox 2410 5027 2472 5073; x_wconf 89' lang='lat' dir='ltr'><strong>ut</strong></span> <span class='ocrx_word' id='word_1_801' title='bbox 2503 5032 2534 5072; x_wconf 91' lang='lat' dir='ltr'><strong>a</strong></span> <span class='ocrx_word' id='word_1_802' title='bbox 2563 5015 2787 5071; x_wconf 89' lang='lat' dir='ltr'><strong>nemine</strong></span> <span class='ocrx_word' id='word_1_803' title='bbox 2819 5013 3119 5076; x_wconf 85' lang='lat' dir='ltr'><strong>videretur,</strong></span> <span class='ocrx_word' id='word_1_804' title='bbox 3146 5011 3450 5068; x_wconf 84' lang='lat' dir='ltr'><strong>ventitabat</strong></span> <span class='ocrx_word' id='word_1_805' title='bbox 3471 5011 3540 5067; x_wconf 90' lang='lat' dir='ltr'><strong>ad</strong></span> <span class='ocrx_word' id='word_1_806' title='bbox 3565 5009 3854 5081; x_wconf 90' lang='lat' dir='ltr'><strong>quemdam</strong></span> 
     </span>
    </p>
   </div>
   <div class='ocr_carea' id='block_1_113' title="bbox 2267 5103 3854 5183">
    <p class='ocr_par' dir='ltr' id='par_1_113' title="bbox 2267 5103 3854 5183">
     <span class='ocr_line' id='line_1_113' title="bbox 2267 5103 3854 5183; baseline -0.007 -16"><span class='ocrx_word' id='word_1_807' title='bbox 2267 5103 2638 5183; x_wconf 75' lang='lat' dir='ltr'><strong>argentarium</strong></span> <span class='ocrx_word' id='word_1_808' title='bbox 2667 5107 2772 5164; x_wconf 90' lang='lat' dir='ltr'><strong>sibi</strong></span> <span class='ocrx_word' id='word_1_809' title='bbox 2801 5104 3146 5170; x_wconf 77' lang='lat' dir='ltr'><strong>familiarem,</strong></span> <span class='ocrx_word' id='word_1_810' title='bbox 3176 5112 3238 5159; x_wconf 90' lang='lat' dir='ltr'><strong>ut</strong></span> <span class='ocrx_word' id='word_1_811' title='bbox 3264 5119 3458 5158; x_wconf 89' lang='lat' dir='ltr'><strong>aurum</strong></span> <span class='ocrx_word' id='word_1_812' title='bbox 3483 5110 3854 5174; x_wconf 88' lang='lat' dir='ltr'><strong>permutaret:</strong></span> 
     </span>
    </p>
   </div>
   <div class='ocr_carea' id='block_1_114' title="bbox 2267 5193 3860 5270">
    <p class='ocr_par' dir='ltr' id='par_1_114' title="bbox 2267 5193 3860 5270">
     <span class='ocr_line' id='line_1_114' title="bbox 2267 5193 3860 5270; baseline -0.008 -12"><span class='ocrx_word' id='word_1_813' title='bbox 2267 5211 2326 5258; x_wconf 85' lang='lat' dir='ltr'><strong>et</strong></span> <span class='ocrx_word' id='word_1_814' title='bbox 2347 5200 2626 5270; x_wconf 87' lang='lat' dir='ltr'><strong>accipiens</strong></span> <span class='ocrx_word' id='word_1_815' title='bbox 2657 5197 2889 5254; x_wconf 90' lang='lat' dir='ltr'><strong>multum</strong></span> <span class='ocrx_word' id='word_1_816' title='bbox 2920 5197 3148 5252; x_wconf 70' lang='lat' dir='ltr'><strong>minuta:</strong></span> <span class='ocrx_word' id='word_1_817' title='bbox 3183 5203 3419 5250; x_wconf 67' lang='lat' dir='ltr'><strong>moneta:</strong></span> <span class='ocrx_word' id='word_1_818' title='bbox 3449 5209 3637 5255; x_wconf 58' lang='lat' dir='ltr'><strong>aeneae,</strong></span> <span class='ocrx_word' id='word_1_819' title='bbox 3669 5202 3728 5247; x_wconf 93' lang='lat' dir='ltr'><strong>ut</strong></span> <span class='ocrx_word' id='word_1_820' title='bbox 3761 5193 3860 5247; x_wconf 86' lang='lat' dir='ltr'><strong>ba-</strong></span> 
     </span>
    </p>
   </div>
   <div class='ocr_carea' id='block_1_115' title="bbox 2268 5285 3856 5363">
    <p class='ocr_par' dir='ltr' id='par_1_115' title="bbox 2268 5285 3856 5363">
     <span class='ocr_line' id='line_1_115' title="bbox 2268 5285 3856 5363; baseline -0.008 -13"><span class='ocrx_word' id='word_1_821' title='bbox 2268 5295 2425 5350; x_wconf 90' lang='lat' dir='ltr'><strong>beret</strong></span> <span class='ocrx_word' id='word_1_822' title='bbox 2467 5291 2612 5363; x_wconf 82' lang='lat' dir='ltr'><strong>quod</strong></span> <span class='ocrx_word' id='word_1_823' title='bbox 2661 5299 2849 5362; x_wconf 87' lang='lat' dir='ltr'><strong>posset</strong></span> <span class='ocrx_word' id='word_1_824' title='bbox 2897 5289 3230 5345; x_wconf 88' lang='lat' dir='ltr'><strong>distribuere</strong></span> <span class='ocrx_word' id='word_1_825' title='bbox 3283 5287 3634 5358; x_wconf 84' lang='lat' dir='ltr'><strong>pauperibus,</strong></span> <span class='ocrx_word' id='word_1_826' title='bbox 3672 5285 3856 5341; x_wconf 84' lang='lat' dir='ltr'><strong>statim</strong></span> 
     </span>
    </p>
   </div>
   <div class='ocr_carea' id='block_1_116' title="bbox 2269 5378 3854 5455">
    <p class='ocr_par' dir='ltr' id='par_1_116' title="bbox 2269 5378 3854 5455">
     <span class='ocr_line' id='line_1_116' title="bbox 2269 5378 3854 5455; baseline -0.008 -13"><span class='ocrx_word' id='word_1_827' title='bbox 2269 5386 2670 5442; x_wconf 79' lang='lat' dir='ltr'><strong>revertebatur.</strong></span> <span class='ocrx_word' id='word_1_828' title='bbox 2712 5382 3075 5455; x_wconf 82' lang='lat' dir='ltr'><strong>Argentarius</strong></span> <span class='ocrx_word' id='word_1_829' title='bbox 3105 5389 3290 5435; x_wconf 90' lang='lat' dir='ltr'><strong>autem</strong></span> <span class='ocrx_word' id='word_1_830' title='bbox 3327 5378 3598 5434; x_wconf 89' lang='lat' dir='ltr'><strong>adhibens</strong></span> <span class='ocrx_word' id='word_1_831' title='bbox 3635 5385 3854 5431; x_wconf 89' lang='lat' dir='ltr'><strong>noctem</strong></span> 
     </span>
    </p>
   </div>
   <div class='ocr_carea' id='block_1_117' title="bbox 2270 5469 3858 5550">
    <p class='ocr_par' dir='ltr' id='par_1_117' title="bbox 2270 5469 3858 5550">
     <span class='ocr_line' id='line_1_117' title="bbox 2270 5469 3858 5550; baseline -0.007 -15"><span class='ocrx_word' id='word_1_832' title='bbox 2270 5478 2713 5550; x_wconf 85' lang='lat' dir='ltr'><strong>intempestivam</strong></span> <span class='ocrx_word' id='word_1_833' title='bbox 2755 5476 2822 5531; x_wconf 87' lang='lat' dir='ltr'><strong>ad</strong></span> <span class='ocrx_word' id='word_1_834' title='bbox 2862 5474 3001 5529; x_wconf 91' lang='lat' dir='ltr'><strong>lucri</strong></span> <span class='ocrx_word' id='word_1_835' title='bbox 3037 5472 3403 5537; x_wconf 88' lang='lat' dir='ltr'><strong>occasionem,</strong></span> <span class='ocrx_word' id='word_1_836' title='bbox 3431 5470 3619 5540; x_wconf 86' lang='lat' dir='ltr'><strong>iniqua</strong></span> <span class='ocrx_word' id='word_1_837' title='bbox 3652 5469 3858 5524; x_wconf 76' lang='lat' dir='ltr'><strong>trutina</strong></span> 
     </span>
    </p>
   </div>
   <div class='ocr_carea' id='block_1_118' title="bbox 2269 5563 3860 5647">
    <p class='ocr_par' dir='ltr' id='par_1_118' title="bbox 2269 5563 3860 5647">
     <span class='ocr_line' id='line_1_118' title="bbox 2269 5563 3860 5647; baseline -0.008 -18"><span class='ocrx_word' id='word_1_838' title='bbox 2269 5573 2612 5647; x_wconf 87' lang='lat' dir='ltr'><strong>ponderabat</strong></span> <span class='ocrx_word' id='word_1_839' title='bbox 2650 5584 2871 5627; x_wconf 89' lang='lat' dir='ltr'><strong>aureos.</strong></span> <span class='ocrx_word' id='word_1_840' title='bbox 2914 5565 3009 5623; x_wconf 85' lang='lat' dir='ltr'><strong>Ille</strong></span> <span class='ocrx_word' id='word_1_841' title='bbox 3058 5574 3243 5621; x_wconf 84' lang='lat' dir='ltr'><strong>autem</strong></span> <span class='ocrx_word' id='word_1_842' title='bbox 3288 5565 3422 5620; x_wconf 89' lang='lat' dir='ltr'><strong>nihil</strong></span> <span class='ocrx_word' id='word_1_843' title='bbox 3453 5563 3860 5630; x_wconf 86' lang='lat' dir='ltr'><strong>contradicens,</strong></span> 
     </span>
    </p>
   </div>
   <div class='ocr_carea' id='block_1_119' title="bbox 2272 5655 3862 5728">
    <p class='ocr_par' dir='ltr' id='par_1_119' title="bbox 2272 5655 3862 5728">
     <span class='ocr_line' id='line_1_119' title="bbox 2272 5655 3862 5728; baseline -0.008 -8"><span class='ocrx_word' id='word_1_844' title='bbox 2272 5679 2377 5721; x_wconf 89' lang='lat' dir='ltr'><strong>nec</strong></span> <span class='ocrx_word' id='word_1_845' title='bbox 2405 5663 2634 5719; x_wconf 91' lang='lat' dir='ltr'><strong>omnino</strong></span> <span class='ocrx_word' id='word_1_846' title='bbox 2667 5669 2923 5717; x_wconf 87' lang='lat' dir='ltr'><strong>accurate</strong></span> <span class='ocrx_word' id='word_1_847' title='bbox 2965 5657 3344 5722; x_wconf 87' lang='lat' dir='ltr'><strong>considerans,</strong></span> <span class='ocrx_word' id='word_1_848' title='bbox 3377 5663 3567 5728; x_wconf 88' lang='lat' dir='ltr'><strong>aperte</strong></span> <span class='ocrx_word' id='word_1_849' title='bbox 3598 5655 3862 5711; x_wconf 84' lang='lat' dir='ltr'><strong>ostende-</strong></span> 
     </span>
    </p>
   </div>
   <div class='ocr_carea' id='block_1_120' title="bbox 2273 5748 3869 5835">
    <p class='ocr_par' dir='ltr' id='par_1_120' title="bbox 2273 5748 3869 5835">
     <span class='ocr_line' id='line_1_120' title="bbox 2273 5748 3869 5835; baseline -0.008 -22"><span class='ocrx_word' id='word_1_850' title='bbox 2273 5758 2365 5813; x_wconf 88' lang='lat' dir='ltr'><strong>bat</strong></span> <span class='ocrx_word' id='word_1_851' title='bbox 2399 5772 2459 5813; x_wconf 86' lang='lat' dir='ltr'><strong>se</strong></span> <span class='ocrx_word' id='word_1_852' title='bbox 2502 5756 2684 5813; x_wconf 89' lang='lat' dir='ltr'><strong>omnia</strong></span> <span class='ocrx_word' id='word_1_853' title='bbox 2715 5753 3036 5828; x_wconf 88' lang='lat' dir='ltr'><strong>permittere</strong></span> <span class='ocrx_word' id='word_1_854' title='bbox 3062 5749 3414 5809; x_wconf 80' lang='lat' dir='ltr'><strong>conscientia:</strong></span> <span class='ocrx_word' id='word_1_855' title='bbox 3448 5748 3570 5820; x_wconf 89' lang='lat' dir='ltr'><strong>ejus</strong></span> <span class='ocrx_word' id='word_1_856' title='bbox 3597 5749 3691 5819; x_wconf 92' lang='lat' dir='ltr'><strong>qui</strong></span> <span class='ocrx_word' id='word_1_857' title='bbox 3721 5763 3869 5835; x_wconf 83' lang='lat' dir='ltr'><strong>pon-I</strong></span> 
     </span>
    </p>
   </div>
   <div class='ocr_carea' id='block_1_121' title="bbox 2274 5840 3861 5918">
    <p class='ocr_par' dir='ltr' id='par_1_121' title="bbox 2274 5840 3861 5918">
     <span class='ocr_line' id='line_1_121' title="bbox 2274 5840 3861 5918; baseline -0.008 -12"><span class='ocrx_word' id='word_1_858' title='bbox 2274 5850 2522 5909; x_wconf 85' lang='lat' dir='ltr'><strong>derabat.</strong></span> <span class='ocrx_word' id='word_1_859' title='bbox 2562 5849 2702 5907; x_wconf 86' lang='lat' dir='ltr'><strong>Cum</strong></span> <span class='ocrx_word' id='word_1_860' title='bbox 2727 5857 2910 5906; x_wconf 86' lang='lat' dir='ltr'><strong>autem</strong></span> <span class='ocrx_word' id='word_1_861' title='bbox 2941 5845 3048 5905; x_wconf 85' lang='lat' dir='ltr'><strong>hoc</strong></span> <span class='ocrx_word' id='word_1_862' title='bbox 3077 5857 3222 5918; x_wconf 61' lang='lat' dir='ltr'><strong>sape</strong></span> <span class='ocrx_word' id='word_1_863' title='bbox 3256 5840 3430 5914; x_wconf 83' lang='lat' dir='ltr'><strong>ﬁeret,</strong></span> <span class='ocrx_word' id='word_1_864' title='bbox 3464 5851 3521 5900; x_wconf 88' lang='lat' dir='ltr'><strong>et</strong></span> <span class='ocrx_word' id='word_1_865' title='bbox 3551 5840 3861 5900; x_wconf 78' lang='lat' dir='ltr'><strong>Marcianus</strong></span> 
     </span>
    </p>
   </div>
  </div>
