4152 6408
301 392 405 457 451

1541 375 1831 441 MENSIS
1866 374 1898 435 Ι
1907 371 2005 433 ΑΝ
2016 370 2329 433 UARIUS.

3478 354 3505 415 ί
3516 356 3584 417 53

307 510 571 567 simulans
599 522 657 564 se
685 522 793 562 non
826 503 1148 573 intelligere.
1181 510 1524 568 nequaquam
1550 492 1894 548 insimularet

2019 483 2245 539 μνεκάλει
2272 480 2351 553 τῷ
2378 478 2701 553 τραπεζίτῃ,
2738 475 2908 546 πολλὴ
2934 471 3196 542 ἔκπληξις
3224 464 3371 540 εἶχεν
3398 468 3582 532 abs-3v,

305 602 700 678 argentarium,
733 613 858 655 eum
885 611 1079 666 magna
1107 592 1278 648 subiit
1306 586 1629 645 admiratio:
1655 592 1710 640 et
1733 582 1896 638 simul

307 674 529 768 tempus
584 693 959 754 considerans,
1022 702 1224 757 nempe
1269 683 1507 739 medium
1565 676 1766 742 noctis,
1828 674 1895 729 ad

313 765 595 840 meliorem
630 781 783 837 venit
820 775 1317 834 considerationem
1355 790 1367 825 :
1400 769 1678 840 coepitque
1714 765 1897 834 suspi-

309 878 425 932 cari
458 875 512 931 id
537 873 686 945 quod
719 879 836 928 erat
867 869 1087 926 veritati
1114 865 1365 939 prapius,
1396 871 1454 918 et
1485 857 1742 915 Marciani
1773 857 1900 912 vita:

309 967 752 1025 convenientius.
786 964 993 1033 ,Unum
1033 970 1183 1017 certe
1225 973 1295 1014 ex
1344 955 1460 1010 suis
1506 952 1693 1025 pueris
1737 949 1900 1021 jussit

311 1078 438 1118 cum
479 1059 633 1130 sequi
672 1056 1068 1130 egredientem,
1104 1062 1166 1108 ut
1206 1050 1394 1113 sciret,
1425 1046 1687 1117 quidnam
1726 1043 1797 1099 ab
1833 1056 1901 1098 eo

312 1157 404 1211 illa
433 1155 646 1221 minuta
685 1151 843 1207 ﬁeret
873 1147 1129 1220 pecunia.
1178 1144 1365 1214 Neque
1402 1139 1551 1196 enim
1594 1138 1663 1193 ab
1708 1149 1902 1205 argen-

312 1250 454 1304 tario
483 1245 917 1319 coguoscebatur
944 1240 1278 1307 Marcianus,
1310 1242 1373 1289 ut
1401 1232 1495 1303 qui
1525 1240 1650 1301 apte
1692 1228 1901 1283 vultum

313 1345 537 1407 celaret,
568 1339 788 1412 quando
837 1336 909 1391 ad
961 1335 1139 1403 ipsum
1172 1325 1602 1400 ingrediebatur,
1646 1328 1708 1376 ut
1754 1319 1902 1374 illaut

314 1411 600 1489 minutam
624 1429 899 1497 acciperet
937 1421 1249 1494 pecuniam.
1294 1416 1472 1485 Atque
1505 1427 1642 1485 puer
1678 1411 1902 1482 quidem

314 1524 668 1594 sequebatur.
703 1521 997 1588 Postquam
1029 1523 1212 1569 autem
1256 1509 1451 1565 incidit
1479 1508 1562 1565 vir
1590 1506 1810 1564 divinus
1847 1506 1906 1561 in

320 1615 611 1686 quemdam
640 1623 936 1682 pauperem
953 1612 1232 1662 mortuum
1270 1601 1327 1656 in
1353 1601 1497 1656 lecto
1513 1599 1814 1671 iacentem,
1851 1605 1909 1652 et

315 1716 599 1777 acceptum
628 1719 696 1760 ex
727 1701 966 1771 quadam
998 1695 1267 1768 cauponis
1296 1692 1653 1757 domuncula,
1684 1689 1818 1745 lavit
1850 1696 1908 1745 et

316 1799 538 1856 induit:
583 1806 640 1852 et
689 1811 815 1851 cum
863 1793 1214 1855 surrexisset,
1264 1797 1352 1843 est
1396 1784 1701 1855 amplexus,
1748 1792 1805 1838 et
1837 1796 1906 1838 eo

316 1890 837 1975 deinde_reclinato,
864 1898 1058 1941 rursus
1084 1882 1218 1938 abiit
1251 1900 1266 1936 :
1315 1894 1570 1951 puerum,
1614 1892 1741 1934 cum
1792 1877 1910 1932 haec
1939 1856 1983 1914 Β

317 1969 565 2049 vidisset,
593 1983 792 2037 horror
820 1978 1042 2041 invasit,
1070 1984 1125 2032 et
1150 1989 1476 2038 conversus,
1499 1987 1663 2044 quam
1704 1969 1908 2026 citissi-

318 2094 408 2134 me
444 2076 563 2131 ﬁeri
590 2073 786 2144 potuit,
808 2070 993 2127 omnia
1018 2068 1261 2123 declarat
1287 2067 1339 2121 ei
1367 2065 1460 2136 qui
1484 2064 1637 2119 illum
1662 2064 1907 2132 miserat.

318 2170 476 2226 Illum
505 2176 690 2223 autem
722 2163 894 2219 subiit
913 2159 1240 2232 pcenitentia
1266 2173 1480 2225 eorum,
1513 2173 1637 2229 quae
1663 2157 1868 2214 fecerat
1893 2174 1908 2211 :

319 2274 374 2319 et
409 2261 557 2333 quod
599 2274 659 2314 se
690 2257 1034 2327 iniquissime
1072 2255 1129 2309 in
1167 2261 1421 2311 sanctum
1448 2261 1713 2325 gesserat,
1740 2249 1912 2307 deﬂe-

320 2358 435 2420 bat,
468 2363 524 2410 et
566 2366 755 2424 poenas
801 2348 1053 2405 sumebat
1096 2346 1165 2403 de
1217 2362 1315 2402 sua
1362 2344 1719 2401 conscientia.
1751 2342 1914 2399 Certe

324 2465 450 2506 cum
482 2448 529 2504 is
556 2461 750 2501 rursus
787 2442 1055 2507 venisset,
1093 2449 1155 2497 ut
1187 2439 1389 2496 laceret
1421 2438 1637 2501 similia,
1683 2437 1916 2507 procidit

323 2545 374 2598 ei
403 2543 469 2599 ad
494 2542 686 2613 pedes,
717 2548 774 2594 et
799 2536 1087 2594 confessus
1112 2542 1197 2590 est
1229 2549 1312 2600 ea,
1345 2548 1470 2604 quae
1498 2532 1640 2587 male
1670 2532 1912 2587 fecerat:

323 2646 377 2691 et
409 2632 671 2705 quidquid
702 2645 801 2702 per
833 2628 1080 2684 fraudem
1112 2628 1352 2682 lucratus
1384 2624 1582 2692 fuerat,
1620 2637 1913 2679 enumera-

324 2727 422 2782 νὴ.
458 2725 537 2781 Ita
563 2725 708 2779 bona
733 2732 921 2777 tacens
951 2719 1096 2774 actio
1122 2717 1278 2788 plura
1313 2724 1493 2786 potest
1517 2714 1720 2776 facere,
1752 2728 1915 2784 quam

310 2804 625 2872 'verborum
668 2809 999 2867 multitudo:
1041 2817 1099 2864 et
1147 2808 1347 2877 quibus
1390 2805 1528 2861 nihil
1556 2812 1787 2876 prosunt
1827 2820 1918 2860 re-

328 2905 731 2985 prehensiones
754 2909 811 2958 et
841 2900 1146 2966 suasiones,
1180 2898 1248 2954 iis
1290 2912 1430 2969 opus
1472 2896 1748 2953 laudabile
1787 2912 1918 2967 pro-

320 3002 528 3058 cedens
570 2997 811 3063 silentio,
840 3004 897 3051 ct
923 2995 1167 3051 latenter
1208 2991 1592 3048 transmissum
1623 2991 1690 3047 ad
1726 3005 1918 3046 eorum

328 3092 749 3156 conscientiarum,
792 3089 1046 3144 meliores
1096 3085 1353 3152 reddidit,
1389 3092 1447 3140 et
1485 3083 1690 3150 etl‘ecit,
1722 3091 1783 3139 ut
1823 3083 1920 3139 bo-

1999 578 2095 632 καδ.
2126 578 2243 647 ἅμα
2279 577 2380 647 τὴν
2405 573 2556 646 ὥραν
2585 570 2916 627 ἀνασκοπῶν
2970 568 3052 621 ὅτι
3104 567 3206 636 τῆς
3269 561 3465 624 νυκτὸς
3526 562 3584 612 τὸ

2004 670 2359 740 μεσαίτατον,
2396 670 2479 732 εἰς
2509 665 2798 738 κρείττονα
2824 659 3087 730 λογισμὸν
3115 656 3336 727 ἐχώρει,
3356 653 3454 706 καὶ
3487 653 3584 713 τὰς

1999 760 2301 833 ὑπολήψεις
2374 759 2704 829 ὲγγιζούσας
2747 752 2863 827 εἶχε
2940 755 3009 823 τῇ
3053 748 3302 820 ἀληθείᾳ,
3361 746 3457 800 καὶ
3506 743 3583 813 τῷ

1999 853 2325 926 Μαρκιανοῦ
2355 853 2457 924 βίῳ
2490 850 2829 923 πρεπούσας.
2892 844 3132 917 Ἀμέλει,
3172 842 3266 895 καί
3304 857 3426 892 τινα
3476 837 3588 892 τῶν

2002 946 2169 1000 αύτοῦ
2221 946 2431 1000 παίδων
2485 943 2799 999 ἀκολουθεῖν
2853 938 3108 992 ἐκέλευεν
3164 932 3316 1003 αύτῷ
3363 929 3587 995 ἐξιόντι,

2002 1039 2144 1094 ὥστε
2178 1040 2370 1110 μαθεῖν
2396 1036 2502 1092 ποῦ
2539 1052 2673 1090 ποτε
2702 1036 2813 1105 ἄρα
2840 1033 2910 1086 τὰ
2929 1030 3024 1085 τοῦ
3077 1029 3354 1100 κέρματος
3392 1016 3587 1092 ἐκείνῳ

2001 1132 2296 1204 χωροῦσιν.
2326 1129 2597 1202 Οὐδαμῶς
2618 1128 2729 1199 γὰρ
2757 1124 3011 1196 ἐπίδηλος
3040 1124 3069 1176 ὁ
3119 1118 3438 1191 Μαρκιανὸς
3503 1114 3583 1184 τῷ

2001 1224 2307 1297 τραπεζίτῃ
2337 1223 2629 1292 γενόμενος
2677 1216 2773 1292 ἦν,
2813 1215 3099 1281 ἐπιδεξίως
3147 1212 3248 1285 τὴν
3300 1210 3428 1281 ὄψιν
3470 1208 3590 1261 ὲπι-

2004 1317 2398 1389 κρυπτόμενος,
2456 1316 2546 1369 ὅτε
2598 1313 2737 1386 πρὸς
2765 1311 2929 1368 αὐτὸν
2967 1308 3144 1380 εἰσῄει
3184 1307 3247 1359 τὸ
3284 1304 3466 1375 κέρμα
3501 1301 3593 1353 λα-

2003 1411 2142 1465 ϐεῖν.
2171 1408 2232 1463 '0
2256 1407 2357 1479 μὲν
2379 1403 2474 1462 οὖν
2501 1408 2633 1470 παῖς
2667 1404 2976 1476 ἠκολούθει.
3022 1399 3180 1454 Ἐπεὶ
3196 1399 3252 1452 δὲ
3284 1397 3379 1451 καὶ
3408 1392 3589 1466 νεκρῷ

2005 1503 2204 1575 πένητι
2241 1500 2481 1573 ἐντυχὼν
2508 1502 2538 1554 ό
2584 1500 2728 1563 θεῖος
2755 1497 2897 1570 ἀνὴρ
2931 1492 3026 1550 ἐπὶ
3076 1492 3269 1562 κλίνης
3327 1489 3588 1559 κειμένῳ,

2003 1595 2186 1650 λαϐὼν
2231 1595 2296 1650 έκ
2321 1611 2470 1659 τινος
2521 1594 2770 1648 οἰκίσκον
2815 1581 3126 1662 καπηλικοῦ
3161 1584 3348 1639 έλουσέ
3400 1600 3460 1635 τε
3499 1582 3594 1635 καὶ

2005 1688 2284 1761 ἠμφίασε,
2315 1687 2409 1742 καὶ
2452 1686 2763 1741 ἀναστάντα
2792 1683 3109 1754 ἠσπάσατο,
3144 1678 3239 1734 καὶ
3296 1674 3424 1732 εἶτα
3464 1677 3598 1728 dva-

2008 1777 2199 1841 κλίνας
2230 1771 2388 1840 αὖθις
2412 1775 2614 1848 ἀπῄειο
2654 1773 2830 1830 ταῦτα
2864 1773 2959 1827 τδν
2996 1772 3165 1826 παῖδα
3194 1770 3375 1824 ἰδόντα
3421 1767 3594 1839 φρίκη

2011 1868 2268 1939 κατέσχε,
2321 1868 2419 1922 καὶ
2478 1866 2745 1939 στραφεὶς
2792 1866 2869 1930 ὼς
2930 1864 3097 1935 τάχος
3147 1861 3229 1934 τῷ
3307 1860 3594 1931 πέμψαντι

2012 1960 2193 2015 πάντα
2230 1961 2501 2030 διασαφεῖ.
2551 1960 2755 2014 Τδνδὲ
2819 1958 3082 2029 μετάνοια
3124 1955 3236 2010 τῶν
3284 1952 3596 2024 γενομένων

2013 2052 2209 2125 εἰσῄει,
2233 2053 2329 2108 καὶ
2353 2052 2439 2122 ἐφ’
2465 2047 2547 2117 οἷς
2580 2050 2716 2123 πρὸς
2745 2049 2836 2104 τὸν
2861 2050 3007 2103 ὅσιον
3051 2041 3598 2113 ἀδικώταταςδιετέίη

2015 2146 2364 2218 μετακλαίων
2392 2140 2484 2217 ἦν,
2518 2145 2615 2199 καὶ
2654 2143 2929 2216 τιμωρίαν
2971 2143 3082 2197 ἀπὸ
3129 2138 3225 2195 τοῦ
3292 2135 3597 2198 συνειδότος

2014 2242 2209 2297 ἑαυτὸν
2234 2238 2724 2309 εἰσπραττόμενος.
2785 2236 2842 2289 ’Δ
2852 2234 3026 2304 μέλει,
3051 2233 3146 2288 καὶ
3167 2228 3601 2301 παραγενομένῳ

2014 2336 2182 2391 πάλιν
2236 2333 2323 2404 ἐφ’
2369 2325 2415 2402 ᾧ
2466 2331 2539 2386 τὰ
2599 2332 2764 2403 ὅμοια
2838 2328 3090 2402 πράξειε,
3161 2322 3508 2398 προσέπιπτέ
3540 2339 3599 2375 τε

2017 2431 2131 2493 τοῖς
2154 2427 2364 2482 ἐκείνου
2404 2425 2556 2488 ποσὶ.
2598 2422 2923 2495 διωμολόγει
2952 2422 3021 2477 τὰ
3046 2419 3361 2492 πραχθέντα
3390 2414 3601 2479 κακῶς,

2016 2523 2113 2576 καὶ
2141 2519 2251 2574 πᾶν
2298 2518 2363 2571 τδ
2414 2514 2815 2585 πλεονεκτηθὲν
2861 2512 3192 2585 ἀπηρίθμει.
3236 2507 3395 2564 Οὕτω
3455 2507 3596 2577 πρᾶο

2018 2614 2102 2683 ξις
2129 2612 2311 2685 ἀγαθὴ
2335 2610 2597 2665 σιωπῶσα
2620 2608 2821 2681 μᾶλλον
2849 2607 2882 2678 ἢ
2915 2606 3097 2679 πλήθη
3131 2604 3392 2678 ῥημάτων
3420 2599 3604 2654 ἀνύειν

2016 2702 2260 2770 δύναται,
2335 2702 2433 2757 καὶ⁸
2481 2700 2582 2765 οὒς
2640 2700 2857 2772 ἔλεγχοι
2907 2701 3003 2753 καὶ
3056 2696 3409 2769 παραινέσεις
3450 2693 3603 2747 οὐδὲν

2019 2801 2257 2871 ὤνησαν,
2293 2798 2504 2861 τούτοις
2553 2795 2715 2865 ἔργον
2746 2792 3030 2848 ἐπαινετὸν
3073 2792 3293 2865 ἡσύχως
3359 2787 3600 2860 χωροῦν,

2017 2892 2117 2946 καὶ
2145 2890 2366 2961 ἀφανῶς
2395 2886 2575 2942 αὐτῶν
2615 2888 2716 2957 τῆς
2759 2885 3120 2958 συνειδήσεως
3155 2881 3605 2954 παραπτόμενος),

2020 2986 2313 3040 ὲσελτὶωσε
2356 2983 2453 3038 καὶ
2493 2982 2837 3053 αὐθαιρέτως
2899 2979 3240 3051 μεταμαθεῖν
3284 2978 3346 3030 τὸ
3397 2975 3605 3044 ἀγαθὸν

2021 3077 2429 3152 παρεσκεύασε.
2476 3075 2537 3132 '0
2563 3076 2620 3130 δὲ
2680 3073 2827 3138 θεῖος
2882 3071 3203 3147 Μαρκιανὸς
3269 3068 3438 3140 μηδὲν
3485 3068 3607 3138 ⁴ηδι-

332 3202 464 3242 num
493 3199 589 3241 sua
617 3189 813 3254 sponte
836 3181 1132 3237 discerent.
1152 3177 1382 3234 Divinus
1405 3186 1588 3232 autem
1610 3176 1918 3232 Marcianus

2023 3172 2227 3243 κῆσθαι
2287 3171 2469 3243 φήσας
2497 3209 2513 3235 ,
2546 3168 2642 3222 τοῦ
2678 3185 2738 3221 τε
2788 3166 3070 3238 διδομένου
3121 3165 3215 3218 καὶ
3282 3163 3449 3217 αὑτοῦ
3511 3158 3607 3214 τοῦ

324 3290 455 3335 cum
489 3277 718 3333 dixisset
746 3290 805 3329 se
834 3273 1004 3328 fuisse
1028 3271 1177 3327 nulla
1208 3268 1463 3326 allectum
1494 3270 1717 3341 injuria,
1755 3270 1824 3325 ab
1852 3284 1918 3324 eo

2020 3264 2254 3327 διδόντος
2278 3262 2339 3316 τὸ
2367 3261 2552 3316 λοιπὸν
2601 3261 2904 3330 ἀπέσχετο*
2953 3258 3052 3329 οὐχ
3098 3257 3175 3320 ὡς
3234 3254 3300 3309 ἄν
3332 3271 3456 3308 τινα
3508 3270 3610 3305 πο-

328 3370 474 3442 quod
502 3368 755 3434 dabatur,
786 3374 845 3421 et
880 3365 974 3436 qui
1005 3364 1170 3420 dabat
1215 3378 1275 3419 se
1313 3363 1574 3433 deinceps
1607 3361 1871 3418 abstinuit
1902 3381 1915 3417 :

326 3478 441 3518 non
464 3469 727 3530 tanquam
750 3456 1061 3528 improbum
1084 3454 1318 3525 aliquem
1343 3469 1603 3510 aversaris
1629 3467 1645 3508 :
1674 3453 1751 3508 illi
1774 3453 1921 3507 enim

332 3571 441 3611 non
464 3555 643 3610 solum
672 3551 901 3623 ignovit,
937 3549 1035 3606 sed
1071 3550 1236 3605 etiam
1275 3547 1558 3619 professus
1595 3556 1680 3602 est
1708 3562 1768 3602 se
1794 3562 1921 3601 eum

330 3649 537 3703 habere
569 3643 961 3700 amicissimum
988 3660 1006 3698 :
1039 3643 1134 3698 sed
1161 3651 1276 3697 toto
1313 3641 1453 3712 pede
1480 3639 1722 3712 fugiebat
1746 3654 1924 3695 cram-

332 3741 459 3804 ben,
507 3751 574 3792 ex
620 3750 761 3790 vana
812 3734 985 3806 gloria
1029 3740 1469 3804 proserpentem,
1500 3737 1558 3786 et
1594 3745 1707 3784 non
1736 3728 1923 3783 volens

329 3845 426 3886 sua
452 3826 615 3884 alicui
641 3823 848 3882 homini
883 3823 1002 3880 ﬁeri
1031 3822 1341 3888 manifesta,
1368 3820 1464 3876 sed
1488 3835 1552 3876 ea
1580 3819 1725 3890 apud
1754 3818 1923 3873 Deum

329 3921 511 3977 solum
538 3932 835 3989 reponens.
870 3915 1026 3971 Licet
1052 3929 1183 3987 ergo
1208 3913 1263 3970 ei
1303 3912 1397 3983 qui
1427 3912 1580 3976 velit,
1609 3910 1926 3968 considera-

331 4027 410 4077 re,
439 4009 701 4081 quidnam
729 4008 884 4080 prius
916 4006 1092 4080 possit
1122 4005 1407 4072 admirari,
1448 4004 1739 4077 insignenc
1769 4003 1928 4059 mira-

328 4104 540 4169 culum,
588 4118 661 4158 an
712 4100 1092 4158 beneﬁcentia:
1146 4093 1414 4165 studium,
1467 4113 1539 4153 an
1580 4098 1639 4152 in
1672 4096 1925 4152 universa

333 4194 740 4252 machinatione
753 4194 876 4263 ejus
898 4193 1069 4248 animi
1089 4192 1500 4249 liberalitatem.
1528 4190 1732 4247 Verum
1746 4190 1927 4246 enim-

332 4303 466 4345 vero
502 4288 572 4344 de
615 4286 763 4343 illius
800 4285 1167 4341 beneﬁcentia
1196 4283 1373 4339 oratio
1405 4281 1553 4339 aliud
1578 4295 1798 4353 quoque
1826 4281 1928 4338 bo-

333 4398 467 4437 num
497 4379 633 4437 mihi
664 4364 889 4436 revocat
919 4379 975 4434 in
1010 4378 1355 4434 memoriam.

407 4473 449 4529 Χ
462 4471 551 4529 IX.
575 4470 703 4528 Haec
720 4471 892 4527 virtus
917 4468 968 4525 ei
992 4479 1156 4525 tanta:
1169 4476 1468 4534 eratcum,
1486 4477 1548 4524 ut
1563 4475 1790 4541 propter
1805 4481 2007 4549 eam"

2020 3354 2187 3426 νηρδν
2247 3353 2653 3424 ἐκτρεπόμενος
2712 3349 2939 3423 (ἐκείνῳ
2982 3349 3094 3420 γὰρ
3138 3349 3201 3402 ού
3275 3343 3610 3415 συγγνώμην

2021 3448 2210 3512 ἁπλῶς
2240 3447 2480 3516 ἔνειμεν,
2514 3444 2654 3500 ἀλλὰ
2680 3443 2776 3497 καὶ
2813 3442 3068 3513 φίλτατον
3089 3439 3253 3494 αὑτὸν
3277 3430 3614 3509 διωμολόγη-

2026 3560 2118 3597 σεν
2158 3541 2350 3613 ἔχειν),
2384 3539 2498 3594 ἀλλ’
2545 3538 2653 3611 ὅλῳ
2676 3537 2800 3592 ποδὶ
2832 3535 3053 3608 φεύγων
3084 3534 3185 3608 τὴν
3225 3533 3334 3590 ἀπὸ
3373 3534 3472 3604 τῆς
3509 3550 3613 3603 μα-

2024 3636 2183 3700 ταίας
2207 3634 2367 3706 δόξης
2418 3633 2812 3706 παρέρπουσαν
2854 3630 3083 3703 βλάϐην,
3116 3630 3214 3684 καὶ
3261 3629 3362 3683 ούκ
3411 3627 3612 3681 ἐθέλων

2025 3728 2202 3785 οὐδενί
2234 3727 2539 3801 ἀνθρώπων
2567 3726 2636 3781 τὰ
2660 3724 2863 3791 ἑαυτρῦ
2893 3724 3028 3797 δῆλα
3056 3721 3331 3794 γίνεσθαι,
3365 3721 3507 3778 ἀλλὰ
3535 3722 3614 3792 τῷ

2027 3822 2148 3894 Θεῷ
2170 3819 2344 3877 ταῦτα
2372 3820 2522 3891 μόνῳ
2555 3817 2979 3889 ταμιευόμενος.
3029 3816 3272 3888 Πάρεστι
3321 3813 3614 3887 τοιγαροῦν

2026 3915 2104 3985 τῷ
2137 3912 2451 3987 βουλομένῳ
2478 3913 2724 3978 σκοπεῖν,
2754 3910 2809 3965 τί
2834 3927 2921 3975 τις
2945 3908 3214 3981 πρότερον
3234 3908 3348 3979 εχοι
3395 3907 3615 3979 θαυμά-

2028 4006 2167 4074 ζειν,
2194 4006 2294 4079 τὴν
2327 4005 2422 4061 τοῦ
2459 4004 2742 4077 θαύματος
2790 4001 3122 4075 ὑπερϐολὴν,
3155 4001 3188 4073 ἢ
3220 4000 3318 4073 τὴν
3354 3999 3487 4073 περὶ
3517 4001 3617 4072 τὴν

2029 4098 2287 4154 εὐποιίαν
2318 4097 2580 4168 σπουδὴν,
2628 4099 2729 4166 τὴν
2767 4095 2870 4166 τῆς
2900 4093 3063 4162 δόξης
3088 4092 3415 4165 ὑπεροψίαν,
3438 4090 3484 4162 ἢ
3518 4090 3618 4161 τὴν

2030 4191 2234 4256 παντὸς
2259 4191 2639 4261 τεχνάσματος
2660 4186 2761 4258 τῆς
2805 4183 3037 4258 γνώμης
3087 4183 3429 4257 ἐλευθερίαν.
3471 4184 3617 4238 Ἀλλ’

2029 4278 2187 4348 οὗτος
2211 4282 2346 4351 γοῦν
2367 4284 2397 4336 ὁ
2420 4281 2522 4353 τῆς
2551 4278 2802 4343 εὐποιίας
2832 4278 3044 4333 ἐκείνου
3085 4277 3244 4347 λόγος
3299 4277 3400 4332 καὶ
3425 4275 3617 4349 ἑτέρου

2029 4378 2132 4450 ήδη
2164 4374 2576 4446 ἀναμιμνήσκει
2604 4370 2797 4427 καλοῦ.

2008 4500 2029 4517 ρ
2103 4471 2208 4524 18’.
2266 4465 2519 4536 Τοσαύτη
2573 4462 2682 4536 γὰρ
2731 4463 2811 4537 τῷ
2852 4462 3010 4530 ἀνδρὶ
3070 4465 3105 4537 ἡ
3140 4463 3271 4536 περί
3317 4463 3479 4536 τήνδε
3519 4464 3618 4532 τὴν

332 4580 403 4621 ne
420 4566 477 4621 in
493 4564 844 4620 meretricum
861 4563 1085 4634 quidem
1104 4562 1296 4619 domos
1310 4562 1502 4619 venire
1513 4562 1920 4635 dedignaretur,

2034 4559 2236 4635 ἀρετὴν
2260 4558 2576 4631 ἐπιμέλεια,
2628 4556 2770 4610 ὥστε
2813 4557 2976 4628 χάριν
3022 4556 3192 4626 αὐτῆς
3240 4557 3336 4609 καὶ
3362 4558 3440 4619 εἰς
3483 4571 3620 4626 πορ-

331 4670 513 4727 neque
536 4670 661 4711 eam
694 4668 811 4711 rem
835 4669 959 4711 esse
989 4662 1204 4725 turpem
1229 4653 1570 4709 existimaret
1599 4672 1615 4711 :
1648 4653 1746 4709 sed
1771 4654 1840 4710 ad
1860 4654 1928 4709 il-

329 4750 443 4805 lum
468 4750 670 4821 ipsum,
703 4762 865 4820 quem
894 4747 1175 4819 diligebat.
1193 4746 1474 4803 Christum
1501 4747 1775 4817 aspiciens
1800 4755 1927 4801 tan-

330 4858 502 4915 quam
531 4841 598 4898 ad
626 4841 928 4912 exemplar,
962 4840 1055 4911 qui
1084 4855 1211 4895 cum
1252 4838 1561 4910 publicanis
1585 4847 1642 4895 et
1679 4848 1930 4909 peccato-

330 4938 487 4993 ribus
520 4944 744 5007 propter
769 4949 961 4990 eorum
992 4933 1225 4989 salutem
1253 4946 1397 5003 saepe
1422 4931 1615 4987 habuit
1631 4940 1931 4987 consuetu-

335 5026 552 5090 dinem,
580 5034 637 5079 et
663 5023 819 5079 malis
849 5023 1112 5079 suaderet
1137 5022 1482 5087 mulieribus,
1516 5038 1638 5092 qua:
1665 5032 1825 5077 erant
1851 5036 1932 5079 sa-

334 5118 536 5175 lutaria
570 5119 814 5189 :quibus
850 5131 1249 5187 nonnunquam
1288 5115 1474 5186 inpia
1504 5127 1624 5171 erat
1651 5131 1816 5172 causa
1846 5116 1930 5171 sui

331 5210 757 5277 interitus,dum
778 5202 1002 5275 vellent,
1032 5209 1167 5280 prob
1190 5207 1378 5264 dolori
1404 5224 1506 5264 suo
1528 5224 1758 5281 corpore
1784 5224 1935 5280 quas-

330 5313 479 5359 stum
527 5302 730 5359 facere.
759 5302 818 5358 ln
858 5317 954 5358 eas
997 5315 1128 5373 ergo
1162 5301 1337 5373 magis
1384 5309 1502 5357 erat
1560 5300 1838 5372 profusus,
1876 5310 1933 5356 et

332 5398 558 5452 dextera
586 5396 760 5468 magis
773 5405 1062 5467 promptus
1087 5395 1326 5466 optimus
1349 5394 1667 5451 Marcianus
1696 5405 1789 5451 :et
1817 5410 1934 5450 ma-

336 5490 481 5546 xime
524 5491 571 5546 si
597 5490 919 5562 contigisset
960 5490 1161 5545 festum
1204 5489 1288 5562 agi
1336 5490 1426 5545 die
1478 5489 1752 5560 sequenti.
1776 5489 1934 5545 Tunc

331 5581 486 5634 cnim
510 5589 868 5651 eratparatus
893 5582 1046 5652 plura
1062 5581 1151 5637 eis
1167 5581 1432 5651 praebere,
1458 5595 1622 5651 quam
1646 5580 1750 5635 illa:
1775 5589 1932 5634 erant

330 5676 646 5737 accepturae
685 5685 752 5724 ex
792 5662 1164 5726 abominanda
1199 5671 1445 5742 nequitia
1482 5691 1498 5726 :
1537 5671 1928 5742 persuadebat-

328 5773 444 5828 que
468 5759 547 5814 eis
571 5766 628 5812 et
656 5760 736 5814 uti
766 5760 1007 5826 lavacro,
1036 5771 1094 5817 et
1124 5777 1182 5817 se
1204 5763 1258 5817 in
1291 5771 1616 5835 sequentem
1651 5765 1794 5820 diem
1821 5779 1933 5820 ser-

338 5865 466 5906 vare
501 5849 836 5920 impollutas,
865 5861 919 5908 et
942 5854 1010 5909 ad
1037 5855 1324 5911 ecclesiam
1351 5857 1549 5914 deinde
1572 5857 1853 5928 accedere,
1874 5868 1929 5915 et

2035 4654 2195 4719 νικὰς
2222 4652 2402 4716 οἰκίας
2437 4651 2634 4723 φοιτᾷν
2684 4650 2760 4721 μὴ
2816 4647 3105 4716 ἀπαξιοῦν,
3161 4647 3295 4721 μηδὲ
3337 4647 3398 4701 τὸ
3432 4648 3622 4719 χρῆμα

2032 4747 2094 4801 ῑν
2137 4762 2189 4800 τι
2223 4744 2335 4799 τῶν
2363 4744 2627 4812 ἀκόσμων
2648 4742 2925 4814 ἡγεῖσθαι·
2971 4741 3089 4797 ἀλλ’
3118 4742 3200 4805 είς
3225 4740 3389 4795 αὐτὸν
3410 4742 3621 4793 ἐκεῖνον

2033 4839 2094 4894 δν
2118 4837 2298 4909 ἐφίλει
2322 4835 2769 4908 Χριστὸνρσπερ
2791 4836 2872 4899 εἰς
2897 4835 3205 4906 ἀρχέτυπον
3231 4830 3522 4906 ἀφορῶντα
3541 4833 3621 4903 (ὃς

2033 4929 2131 4985 καὶ
2161 4926 2424 4992 τελώναις
2465 4928 2562 4981 ἐπὶ
2608 4925 2859 4998 σωτηρία
2925 4927 3023 4979 καὶ
3080 4925 3435 4997 ἁμαρτωλοῖς
3488 4925 3622 4979 πολ-

2032 5024 2196 5088 λάκις
2221 5020 2522 5093 ὡμιληκὼς
2555 5014 2671 5092 ἦν),
2701 5018 2798 5073 καὶ
2828 5018 2994 5073 αὑτὸν
3021 5017 3242 5089 γυναιξὶ
3291 5016 3525 5087 φαύλαις
3555 5017 3621 5070 τὰ
3664 5000 3669 5005 ’

2034 5119 2286 5190 σωτήρια
2309 5117 2621 5188 παραινεῖν,
2654 5108 2743 5178 αἷς
2771 5116 2805 5185 ἠ
2843 5113 3050 5186 ἀπορία
3081 5112 3338 5177 ὑπόθεσις
3381 5108 3472 5183 ἦν,
3532 5113 3623 5166 ὅτε

2033 5215 2135 5285 τῆς
2183 5212 2396 5268 ἑαυτῶν
2421 5210 2721 5282 ἐτύγχανεν
2778 5209 3079 5275 ἀπωλείας,
3134 5210 3244 5263 ἀπὸ
3303 5207 3400 5262 τοῦ
3465 5207 3620 5267 ἰδίου,

2035 5308 2137 5379 φεῦ
2162 5309 2175 5362 l
2206 5305 2459 5376 σώματος
2484 5304 2808 5375 πορίζεσθαι
2836 5302 3210 5375 βουλομέναις.
3247 5301 3394 5373 Πρὸς
3418 5299 3623 5364 ταύτας

2035 5399 2328 5472 τοιγαροῦν
2381 5399 2476 5453 καὶ
2529 5398 2732 5471 μᾶλλον
2770 5400 2799 5451 ὁ
2838 5397 3077 5469 χρηστὸς
3125 5395 3195 5450 τὰ
3245 5395 3426 5450 πάντα
3468 5395 3626 5464 Μαρ-

2036 5493 2223 5554 κιανὸς
2244 5490 2426 5562 πολλῷ
2456 5490 2597 5564 ῥέων
2624 5486 2696 5564 ἦν
2724 5491 2820 5545 καί
2848 5490 3218 5561 ἑτοιμότερος,
3255 5489 3351 5544 καὶ
3387 5488 3624 5559 μάλιστα

2035 5588 2088 5641 εἰ
2119 5586 2277 5657 τύχοι
2338 5585 2443 5655 τῆς
2488 5584 2754 5653 ἐπιούσης
2796 5582 2991 5655 ἑορτὴν
3043 5582 3295 5652 ἄγεσθαι.
3340 5582 3474 5635 Τότε
3515 5585 3623 5650 γὰρ

2035 5681 2131 5735 καὶ
2163 5676 2336 5733 πλείω
2390 5677 2664 5749 παρέχειν
2698 5676 2732 5749 ἢ
2778 5679 2989 5732 ἐκεῖναι
3020 5676 3121 5747 τῆς
3148 5674 3433 5747 βδελυρίας
3457 5673 3626 5743 ἔμελ-

2034 5771 2127 5824 λον
2161 5767 2466 5839 ἀποφέρειν
2496 5768 2851 5839 ἑτοιμότατος
2905 5764 2995 5839 ἦν,
3040 5766 3253 5839 λουτρῷ
3301 5783 3360 5819 τε
3410 5766 3625 5836 χρήσα-

2037 5863 2160 5920 σθαι
2190 5865 2285 5919 καὶ
2332 5864 2632 5937 ἀμιάντους
2689 5861 3036 5934 φυλαχθῆναι
3098 5864 3165 5934 τῇ
3205 5862 3334 5932 ἑξῆς
3387 5856 3622 5925 ἔπειθεν,
