4152 6408
479 378 580 439 453

1495 379 1672 438 VlTA
1714 380 1778 439 S.
1819 379 2194 440 MARCIANI
2234 379 2737 441 PRESBYTERL

3635 388 3740 450 454

478 491 569 539 καὶ
601 488 666 556 τῇ
703 485 970 559 ἐκκλησία
1011 501 1202 541 επειτα
1245 490 1585 559 προσελθεῖν,
1633 491 1728 545 καὶ
1751 492 1858 544 τῶν
1918 510 2047 563 προ-

2158 493 2510 549 recordantes
2559 509 2750 550 eorum
2806 512 2927 568 quae
2986 507 3398 568 praecesserant,
3460 500 3740 557 horribilis

476 575 749 628 ).a€6~r:wv
816 577 1252 646 ἐπιμνησθείσας
1320 579 1415 630 τὸν
1476 579 1641 647 φόϐον
1693 580 1794 649 τῆς
1895 581 2054 647 γεέν-

474 685 571 739 νης
639 668 880 736 φρικτῆς
955 667 1178 732 ἑαυταῖς
1226 670 1523 732 ἐπισεῖσαι,
1583 671 1675 722 καὶ
1733 671 1966 741 δάκρυσι
1995 671 2056 725 τὸ

473 759 630 810 Θεῖον
683 755 1101 822 ἐξιλεώσασθαι.
1175 752 1254 814 Οὖ
1297 759 1361 830 δὴ
1410 761 1682 826 πολλάκις
1742 765 2054 834 γινομένου,

475 847 626 902 ἐστιν
651 841 727 902 ὧν
759 852 857 902 καὶ
881 849 1144 920 συνήθεια
1171 849 1266 904 τοῦ
1317 852 1486 904 καλοῦ
1545 855 1895 924 κατεκράτει,
1960 857 2057 924 φό-

472 940 566 1002 ϐος
609 956 670 992 τε
723 938 872 1003 θεῖος
921 939 1110 1003 αὑταῖς
1173 942 1486 1012 ἐπισκήψας
1541 943 1955 1011 παρεσκεύαζεν
1995 947 2056 998 οὐ

472 1031 746 1102 πορνείοις
807 1031 992 1102 μόνον,
1047 1031 1184 1085 ἀλλὰ
1230 1034 1324 1086 καὶ
1377 1034 1546 1088 παντὶ
1581 1035 1773 1106 κόσμῳ
1844 1038 2059 1107 χαίρειν

473 1119 756 1186 είπούσας,
788 1122 872 1184 εἰς
907 1123 1252 1193 μοναστήριά
1279 1140 1340 1176 τε
1380 1125 1474 1178 καὶ
1537 1126 1855 1197 ἀσκητήρια
1898 1127 2059 1180 εὐθύς-

481 1232 591 1284 μως
633 1214 870 1284 φοιτᾷνο
938 1213 1133 1268 πολλαὶ
1161 1215 1218 1269 δὲ
1269 1216 1477 1270 τούτων
1530 1218 1626 1270 καὶ⁹
1663 1222 1743 1282 είς
1829 1220 2058 1291 Ἰεροσό-

479 1307 616 1375 λυμα
639 1305 882 1375 βαδίζειν
913 1305 1182 1376 ἔγνωσαν,
1244 1307 1344 1371 τὰς
1390 1308 1626 1372 ἐνοδίους
1676 1310 1772 1364 ἀπ’
1845 1311 2054 1364 ἐκείνου

479 1397 716 1459 δαπάνας
766 1395 1084 1468 ἀρκούντως
1113 1398 1471 1468 ἁπειληφυίαι
1496 1415 1512 1430 ·
1567 1399 1624 1454 αἳ
1661 1401 1754 1454 καὶ⁵
1785 1401 1896 1470 βίον
1949 1401 2057 1471 μά-

477 1488 632 1541 λιστα
676 1488 918 1559 καθαρὸν
952 1489 1048 1544 καὶ
1068 1489 1350 1544 ἀντίθετον
1384 1493 1450 1544 ἐκ
1479 1491 1776 1564 διαμέτρου
1793 1493 1872 1570 τῷ
1919 1511 2055 1566 προ-

481 1578 1147 1651 λαὸόπιέπιδειξάμεναι,
1205 1581 1326 1635 οὐδὲ
1357 1581 1466 1637 τῶν
1497 1579 1592 1634 τοῦ
1635 1581 1845 1648 ἀγαθοῦ
1891 1583 2057 1637 Πνεύ-

484 1689 656 1738 ματος
701 1673 1058 1742 χαρισμάτων
1101 1675 1445 1744 κατέστησαν
1501 1674 1759 1746 ἄμοιροιο
1833 1679 1970 1732 ἀλλά
1998 1681 2055 1732 αἱ

481 1763 586 1830 μὲν
617 1763 794 1814 αὐτῶν
824 1767 1104 1836 προσευχῇ
1137 1765 1330 1829 νόσους
1363 1757 1580 1828 ἐλυσυν,
1611 1768 1666 1819 al
1697 1767 1755 1820 δέ
1794 1768 1889 1822 καὶ
1943 1769 2056 1823 δαῖε

2159 587 2426 656 gehenua:
2454 595 2662 642 metum
2690 589 2793 648 sibi
2825 591 3092 654 incutere,
3120 601 3176 646 et
3199 591 3372 647 Deum
3404 593 3622 662 placare
3654 595 3734 648 la-

2165 675 2387 745 crymis.
2428 675 2584 741 Quod
2605 677 2822 747 quidem
2849 694 2971 733 cum
2997 695 3140 750 saepe
3168 680 3372 736 factum
3410 691 3576 744 esset,
3607 697 3741 738 non-

2159 768 2336 823 nullas
2364 769 2488 823 boni
2523 769 2777 824 vincebat
2807 773 3172 836 consuetudo,
3204 773 3530 844 divinusque
3550 774 3630 829 eis
3654 774 3740 828 in-

2157 879 2359 931 gruens
2390 873 2572 918 metus
2612 863 2900 927 ellieiebat,
2937 871 2997 918 ut
3037 881 3146 919 non
3182 866 3355 920 solum
3387 868 3615 936 stupris,
3642 867 3740 922 sed

2156 957 2305 1009 muni
2334 957 2496 1010 etiam
2528 964 2856 1010 ornamento
2883 957 3268 1021 valedicentes,
3303 959 3368 1013 ad
3401 961 3736 1014 monasteria

2157 1055 2214 1100 et
2253 1047 2542 1112 asceteria,
2598 1048 2650 1102 id
2679 1058 2780 1110 est,
2814 1047 2931 1102 loca
2975 1049 3030 1102 in
3061 1049 3260 1117 quibus
3291 1064 3348 1104 se
3399 1059 3738 1113 exercerent,

2160 1150 2413 1212 prompto
2456 1149 2512 1194 et
2562 1141 2726 1195 alacri
2764 1141 3019 1196 venirent
3063 1142 3265 1196 animo.
3321 1142 3496 1197 Multa:
3524 1159 3742 1214 quoque

2158 1247 2224 1285 ex
2259 1231 2325 1288 iis
2375 1240 2691 1287 statuerunt
2731 1231 2809 1286 ire
2856 1231 3304 1301 Hierosolymam,
3355 1248 3478 1287 eum
3527 1234 3594 1287 ab
3648 1235 3742 1288 illo

2156 1323 2501 1394 accepissent
2549 1330 2819 1393 sumptus,
2852 1326 2943 1392 qui
2984 1321 3298 1377 sullicerent
3342 1323 3408 1377 ad
3459 1324 3737 1378 viaticum.

2157 1412 2290 1482 Quae
2319 1430 2440 1470 cum
2466 1413 2630 1469 vitam
2665 1415 2901 1468 maxime
2930 1430 3119 1484 puram
3161 1422 3215 1468 et
3246 1415 3412 1484 priori
3445 1431 3509 1470 ex
3536 1415 3741 1470 diame-

2156 1515 2242 1561 tro
2267 1506 2576 1577 oppositam
2631 1507 3022 1572 ostendissent,
3060 1522 3131 1562 ne
3157 1508 3282 1562 boni
3314 1509 3532 1576 quidem
3575 1509 3738 1578 spiri-

2155 1603 2246 1652 tus
2281 1595 2550 1651 donorum
2596 1595 2748 1651 fuere
2787 1606 3041 1666 expertes
3073 1613 3087 1650 :
3118 1597 3212 1651 sed
3251 1598 3370 1651 alia:
3411 1598 3631 1666 quidem
3670 1615 3736 1653 ex

2157 1687 2293 1758 ipsis
2320 1688 2540 1742 morbos
2568 1689 2849 1743 solverunt
2875 1689 3145 1750 oratione,
3181 1689 3299 1743 alia:
3329 1698 3509 1742 autem
3536 1689 3738 1743 dmmo-

2159 1795 2257 1834 nes
2286 1795 2528 1850 quoque,
2555 1794 2693 1849 quos
2722 1781 2877 1850 prius
2907 1780 3200 1850 diligenter
3234 1780 3538 1843 coluerant,
3574 1782 3737 1836 facile

478 1871 649 1920 μονας
683 1854 740 1921 ἐξ
767 1853 1098 1926 ἀνθρώπων,
1159 1855 1254 1920 οὒς
1297 1859 1561 1930 πρότερον
1613 1859 1887 1930 ἐπιμελῶς
1939 1860 2047 1913 ἐθε-

2159 1873 2440 1943 eiecerunt
2482 1889 2550 1927 ex
2586 1872 2918 1927 hominibus.
2971 1869 3098 1926 llzee
3130 1872 3242 1937 ille,
3274 1887 3382 1925 non
3416 1879 3475 1924 nt
3530 1872 3730 1927 faceret

477 1945 779 2012 ράπευσαν,
813 1946 1013 2018 ῥαδίως
1043 1948 1354 2018 ἀπήλασαν.
1408 1949 1594 2003 Ταῦτα
1619 1953 1825 2014 ἐκεῖνος
1862 1953 1958 2023 οὐχ
1981 1953 2056 2018 ὡς

473 2036 539 2088 ἄν
577 2052 661 2099 τις
685 2036 861 2090 ἐποίει
913 2037 1022 2093 τῶν
1046 2038 1262 2110 πλούτῳ
1298 2039 1479 2111 πολλῷ
1513 2043 2051 2113 περιαντλουμένιυν,

471 2127 566 2179 καὶ
619 2127 680 2180 τὸ
729 2128 1008 2198 περιττῶς
1047 2128 1172 2198 ἔχον
1225 2131 1512 2184 άποκενῶν
1546 2171 1562 2198 ,
1615 2133 1751 2187 ἀλλὰ
1809 2133 1896 2187 διὰ
1955 2135 2054 2205 τὴν

471 2217 673 2289 πολλὴν
737 2220 868 2289 περὶ
918 2219 1045 2283 τοὺς
1078 2218 1368 2290 δεομένους
1421 2221 1616 2294 ῥοπὴν,
1656 2224 1793 2294 μηδέ
1851 2224 2050 2290 αὐτῶν,

470 2310 636 2382 φημὶ,
681 2309 792 2364 τῶν
819 2311 1137 2381 ἀναγκαίων
1171 2311 1510 2382 φειδόμενος.
1579 2313 1720 2367 Ἀλλ’
1774 2314 1922 2370 ἐστιν
1961 2317 2050 2369 ὅτε

470 2401 568 2454 καὶ
600 2401 637 2454 ἃ.
674 2396 820 2473 εἶχεν
854 2406 913 2457 ἐν
969 2404 1160 2475 χερσὶν
1192 2405 1510 2477 ἐκφορήσας
1537 2407 1717 2460 πάντα
1751 2409 1847 2462 καὶ
1885 2425 2053 2480 μετα-

465 2497 590 2559 δοὺς
625 2496 802 2569 ἑαυτῷ
836 2500 935 2560 τὰς
971 2497 1216 2570 χρηστὰς
1273 2499 1497 2564 ἐλπίδας
1533 2501 1626 2553 καὶ
1661 2501 1723 2555 τὸ
1751 2503 1830 2564 είς
1863 2504 2053 2573 χεῖρας

466 2592 681 2662 άιρορᾷν
729 2593 891 2662 μόνον
939 2593 1034 2646 τοῦ
1092 2592 1230 2646 Θεοῦ
1261 2593 1691 2666 κατελίμπανεν,
1722 2594 1862 2649 ὥστε
1913 2597 2050 2666 μετὰ

465 2680 573 2731 τῶν
601 2679 795 2746 ἄλλων,
842 2673 917 2734 ὧν
947 2675 1058 2750 εἶχε
1087 2681 1290 2747 καλῶν,
1324 2681 1418 2734 καὶ
1470 2683 1608 2752 πρὸς
1660 2684 2049 2755 ἀκτημοσύνης

464 2770 646 2838 λόγον,
723 2770 914 2842 μηδενὶ
957 2771 1067 2826 τῶν
1105 2771 1394 2843 πρωτείων
1421 2776 1796 2844 παοαγωρεῖν.

534 2953 620 3010 ις’.
688 2957 922 3026 Σημεῖον
974 2941 1032 3009 δὲ
1078 2956 1173 3011 τοῦ
1233 2957 1416 3026 λόγου.
1456 2958 1692 3026 Λέγεται
1743 2959 1958 3030 γάρώς
1988 2961 2048 3026 ἐξ

461 3050 659 3119 ἑορτῆς
711 3049 884 3116 ἁγίων
941 3048 1299 3120 ὑποστρέφων
1359 3051 1493 3104 ποτὲ
1553 3049 1690 3120 (καὶ
1755 3052 1864 3122 γὰρ
1924 3053 2046 3105 οὐδὲ

459 3143 571 3196 τῶν
625 3142 883 3196 τοιούτων
937 3143 1035 3196 καὶ
1081 3143 1175 3198 τοῦ
1205 3147 1262 3199 ἐν
1305 3142 1455 3216 μέσῳ
1508 3143 1719 3197 πολλῶν
1749 3147 1922 3197 αἰνεῖν
1953 3146 2043 3199 τὸν

465 3233 673 3305 Κύριον
705 3233 1020 3299 θεοσεϐείας
1041 3235 1204 3307 χάριν
1250 3237 1689 3307 ἀπελιμπάνετο,
1726 3240 1865 3295 ἀλλὰ
1902 3243 2046 3298 κατὰ

459 3325 664 3396 πολλὴν
687 3325 877 3393 ἐφοίτα
921 3325 1021 3398 τὴν
1059 3326 1371 3398 προθυμίαν
1397 3328 1447 3385 i'
1476 3329 1713 3384 ἐπανιὼν
1738 3333 2045 3404 τοιγαροῦν,

455 3417 819 3490 ἐπείδμσρον
877 3420 1296 3491 καταρραγῆναι
1353 3420 1572 3494 συνέϐη,
1626 3423 1912 3496 διάϐροχος
1953 3443 2046 3495 γε·

457 3510 656 3579 γονὼς,
687 3510 784 3564 xai.
817 3508 1070 3566 εἰσελθὼν
1099 3511 1198 3584 τὴν
1229 3511 1430 3578 οίκίαν,
1461 3515 1554 3567 καὶ
1583 3515 2042 3588 ἐγκλεισάμενος,

458 3605 652 3658 ἒπειτα
675 3602 878 3668 ἀποδὺς
900 3604 1190 3675 τδίμάτιον
1222 3606 1318 3658 ἐπὶ
1349 3606 1592 3677 μετρίοις
1623 3607 1884 3680 ἄνθραξιν
1939 3610 2039 3663 ἀν-

458 3692 765 3766 εξήραινεν.
791 3693 952 3748 Οὕτω
977 3694 1036 3748 δὲ
1070 3695 1352 3765 συμπεσὸν
1385 3737 1404 3762 ,
1444 3701 1472 3750 ὁ
1535 3697 1658 3752 τότε
1698 3699 2045 3768 θεοφιλέστα-

464 3805 551 3850 τος
599 3787 892 3859 ἀρχιερεὺς
950 3788 1290 3862 μετάκλητον
1351 3790 1514 3845 αὐτὸν
1564 3793 1818 3849 ἐποιεῖτο.
1869 3795 1932 3847 Oi
1985 3794 2041 3848 δέ
2089 3822 2098 3832 -

474 3878 748 3944 σταλέντες
777 3879 1174 3950 κεκλεισμένην
1226 3879 1481 3954 εὑρόντες
1535 3884 1636 3954 τὴν
1679 3885 1878 3948 οίκίαν,
1923 3884 2043 3939 Exo-

478 3969 602 4020 πτόν
621 3987 676 4024 τε
704 3969 807 4040 τὴν
826 3970 1018 4040 θύραν,
1047 3973 1142 4025 καὶ
1165 3971 1367 4040 ἐξιέναι
1394 3973 1664 4028 ἐκέλευον.
1696 3975 1800 4028 Τὸν
1820 3975 1877 4029 δέ
1895 3978 1927 4048 ἡ
1945 3975 2039 4030 τοῦ

475 4059 695 4130 φανῆναι
751 4061 960 4132 γυμνὸν
1016 4062 1252 4136 αἰσχύνη
1324 4065 1462 4118 εἴσω
1511 4065 1694 4136 μένειν
1741 4067 2039 4140 ἐποίει,τῷ

393 4185 398 4190 -
466 4152 601 4223 μηδέ
641 4152 833 4225 ἕτερον
855 4153 1082 4224 ’ἱμάτιον
1130 4153 1282 4228 αὐτῷ
1334 4160 1649 4228 προσεῖναι,
1689 4158 1831 4212 ὥστε
1869 4176 2038 4231 περι-

460 4243 760 4314 ϐαλόμενον
790 4245 1095 4316 προελθεῖν.
1150 4246 1251 4301 Διὰ
1297 4248 1456 4302 τοῦτο
1515 4251 1884 4320 ἐπηγγείλατο
1936 4255 2036 4323 μὲν

2157 1964 2353 2035 aliquis
2410 1978 2500 2018 ex.
2525 1963 2590 2018 iis
2633 1965 2722 2032 qui
2758 1963 2968 2035 magnis
3009 1961 3238 2016 allluunt
3263 1962 3478 2031 Opibus,
3511 1962 3564 2016 id
3591 1963 3734 2032 quod

2157 2057 2427 2112 redundat
2448 2057 2792 2124 exinaniens,
2848 2057 2943 2111 sed
2993 2063 3216 2126 propter
3271 2070 3529 2126 magnum
3590 2058 3735 2132 quod

2154 2148 2438 2227 egentibus
2468 2147 2733 2202 afferebat
2779 2146 3060 2209 auxilium,
3097 2161 3167 2201 ne
3185 2145 3314 2215 ipsis
3344 2147 3562 2216 quidem
3612 2163 3738 2217 par-

2154 2253 2286 2295 cens
2318 2239 2668 2294 necessariis.
2728 2237 2837 2294 Sed
2904 2253 3300 2308 nonnunquam
3367 2254 3492 2293 cum
3549 2241 3732 2292 omnia

2154 2330 2320 2388 etiam
2349 2331 2637 2386 extulisset
2663 2340 2718 2386 et
2747 2339 3048 2402 erogasset,
3072 2345 3193 2400 quze
3215 2329 3448 2383 habebat
3472 2330 3526 2382 in
3558 2330 3734 2383 mani-

2152 2423 2276 2490 bus,
2330 2422 2430 2478 sibi
2482 2422 2650 2478 solam
2697 2438 2847 2492 spem
2881 2421 3079 2476 bonam
3111 2420 3251 2475 etad
3279 2419 3372 2474 Dei
3407 2418 3580 2474 solum
3615 2435 3734 2471 ma-

2154 2531 2256 2570 nus
2281 2513 2550 2584 aspicere,
2584 2513 2926 2582 relinquebat
2959 2513 3134 2566 :adco
3167 2521 3222 2564 ut
3270 2526 3395 2565 cum
3427 2510 3570 2574 aliis,
3611 2525 3733 2579 quae

2153 2606 2386 2662 habebat
2440 2606 2619 2673 bonis,
2674 2606 2838 2660 etiam
2883 2606 3029 2675 quod
3074 2605 3139 2659 ad
3175 2605 3310 2659 nihil
3360 2605 3731 2676 possidentem

2153 2701 2365 2766 attinet,
2395 2699 2600 2770 primas
2626 2705 2807 2768 partes
2836 2696 2970 2751 nulli
3006 2699 3245 2752 cederet.

2220 2961 2338 3016 XX.
2391 2961 2564 3032 llujus
2596 2951 2775 3016 autem
2802 2961 2945 3030 quod
2973 2961 3114 3027 dico,
3145 2964 3357 3033 signum
3383 2972 3486 3018 est.
3522 2963 3729 3020 Dicitur

2148 3053 2292 3107 enim
2324 3053 2467 3122 quod
2497 3051 2681 3107 afesto
2707 3053 3029 3106 Sanctorum
3071 3061 3351 3107 revertens
3386 3054 3678 3125 aliquando
3713 3075 3726 3112 :

2147 3160 2274 3199 nam
2309 3161 2412 3199 nec
2450 3143 2535 3209 iis,
2568 3159 2668 3199 nec
2691 3143 2929 3210 Domini,
2975 3159 3095 3214 qua:
3125 3144 3181 3198 fit
3221 3144 3278 3199 in
3304 3147 3483 3202 medio
3522 3149 3725 3202 multo-

2152 3252 2295 3303 rum,
2324 3235 2622 3292 laudationi
2679 3236 2888 3301 deerat,
2936 3237 3103 3291 divini
3140 3239 3319 3293 cultus
3352 3247 3404 3293 et
3445 3241 3718 3310 religionis

2150 3329 2341 3401 gratia.
2375 3328 2678 3386 Revertens
2702 3345 2850 3402 ergo,
2877 3331 3135 3400 quoniam
3166 3332 3402 3401 pluviam
3432 3347 3724 3405 erumpere

2149 3419 2470 3490 contigerat,
2516 3417 2852 3472 madefactus
2892 3427 2947 3473 et
2991 3419 3213 3473 domum
3254 3419 3553 3492 ingressus,
3603 3439 3725 3477 cum

2147 3521 2207 3563 se
2253 3507 2560 3563 inclusisset
2592 3517 2866 3562 etveslem
2911 3509 3169 3570 exuisset,
3207 3511 3390 3578 paucis
3421 3512 3730 3567 exsiccabat

2147 3600 2500 3655 carbonibus.
2565 3599 2778 3654 Accidit
2829 3610 3035 3667 autem,
3081 3608 3141 3655 ut
3182 3599 3274 3656 Dei
3319 3604 3728 3658 amantissimus

2146 3691 2384 3762 pontifex
2411 3702 2542 3746 tunc
2574 3706 2700 3746 eum
2725 3701 3051 3746 accerseret.
3079 3692 3182 3758 Qui
3212 3701 3394 3747 autem
3421 3694 3570 3748 missi
3607 3694 3721 3748 fue-

2145 3793 2288 3848 rant,
2319 3799 2442 3839 cum
2477 3785 2698 3839 domum
2751 3766 3092 3839 invenissent
3140 3784 3402 3844 clausam.
3439 3786 3722 3855 pulsabant

2143 3875 2365 3941 ostium,
2390 3886 2441 3929 et
2463 3875 2729 3945 jubebant
2748 3875 2954 3946 egredi.
2984 3875 3134 3929 Illum
3157 3891 3285 3931 vero
3315 3877 3509 3947 pudor,
3531 3893 3600 3933 ne
3617 3895 3723 3933 nu-

2141 3965 2246 4020 dus
2300 3967 2592 4029 videretur,
2642 3966 2870 4037 cogebat
2906 3965 3056 4021 intus
3086 3980 3330 4031 manere,
3360 3968 3619 4035 quoniam
3651 3986 3723 4024 ne

2141 4059 2243 4115 alia
2267 4059 2490 4129 quidem
2522 4059 2570 4113 ei
2603 4058 2770 4114 vestis
2795 4057 3006 4125 aderat,
3043 4067 3102 4112 ut
3129 4067 3313 4128 posset
3337 4059 3562 4115 indutus
3589 4075 3722 4130 pro-

2141 4152 2314 4224 gredi.
2373 4152 2441 4206 Et
2480 4152 2602 4207 ideo
2641 4150 2979 4206 renuntiavit
3020 4151 3244 4221 quidem
3287 4167 3349 4207 se
3403 4162 3721 4213 venturum,

2141 4241 2238 4297 sed
2269 4248 2449 4295 tamen
2494 4241 2673 4296 adhuc
2725 4239 3030 4301 dill‘erebat,
3061 4242 3237 4296 donec
3268 4257 3410 4297 unus
3439 4257 3504 4296 ex
3533 4242 3598 4298 iis
3627 4247 3721 4314 qui

455 4339 556 4406 τὴν
581 4337 811 4401 ἐλευσιν,
847 4337 1039 4407 ἔμελλε
1075 4338 1133 4392 δὲ
1161 4341 1254 4393 κα)⁸
1285 4339 1390 4402 ἔτι,
1440 4334 1535 4404 Εἷς
1579 4342 1690 4394 τῶν
1750 4342 2036 4413 παρόντων

2148 4335 2383 4402 aderant,
2409 4351 2468 4391 se
2499 4351 2692 4408 gerens
2722 4335 2885 4406 paulo
2908 4335 3200 4399 curiosius,
3232 4351 3354 4392 cum
3385 4336 3480 4392 uni
3497 4337 3714 4392 forami-

457 4429 884 4498 περιεργότερον
907 4446 960 4482 τι
1011 4431 1202 4496 ποιῶν,
1231 4432 1326 4484 καὶ
1373 4433 1479 4503 ὁπῇ
1528 4450 1636 4486 τινι
1684 4433 1774 4486 τὸν
1837 4435 2037 4504 ὀφθαλ-

2148 4429 2194 4483 ni
2220 4428 2437 4483 oculum
2459 4428 2815 4494 admovisset,
2838 4436 2892 4483 et
2909 4429 3311 4499 contemplatus
3335 4437 3479 4504 esset
3499 4427 3552 4483 id
3573 4430 3718 4499 quod

459 4523 562 4590 μὸν
594 4521 850 4590 προσθεὶς
882 4521 1066 4575 καὶτὸ
1113 4521 1400 4593 γινόμενον
1460 4524 1814 4594 θεασάμενος,
1874 4525 2038 4590 αὐτός

2148 4519 2325 4583 ﬁebat,
2364 4529 2419 4574 et
2445 4520 2562 4589 ipse
2607 4519 2850 4590 repletus
2899 4517 3003 4572 fuit
3038 4519 3416 4583 admiratione,
3453 4526 3507 4573 et
3536 4519 3720 4574 effecit

453 4629 512 4664 τε
548 4611 828 4682 θαύματος
856 4612 1182 4684 ἐπληροῦτο,
1226 4614 1320 4668 καὶ
1358 4616 1485 4678 τοὺς
1538 4615 1730 4678 ἄλλους
1797 4617 2036 4688 μάρτυσι

2148 4625 2199 4671 ut
2229 4615 2349 4669 aliis
2371 4611 2626 4670 uteretur
2651 4614 2816 4684 hujus
2838 4613 2917 4668 rei
2950 4613 3199 4675 testibus,
3221 4613 3350 4667 dum
3376 4613 3491 4668 suis
3529 4629 3717 4669 eerne-

455 4703 764 4775 χρήσασθαι
799 4704 990 4758 τούτου
1032 4707 1147 4768 τοῖς
1220 4706 1502 4778 σφετέροις
1549 4707 1849 4778 ὀφθαλμοῖς
1891 4727 2032 4782 παρ-

457 4794 779 4850 εσκεύασεν.
838 4797 928 4859 Ὧς
958 4792 1052 4850 οῦν
1074 4795 1338 4866 ἐξέπληξε
1393 4798 1677 4862 πάνταςτὸ
1700 4798 1890 4853 θεαθέν
1941 4803 2036 4854 ἐπ-

453 4886 696 4948 ανίεσαν,
724 4885 821 4940 καὶ
859 4886 939 4956 τῷ
983 4887 1297 4960 πατριάρχῃ
1345 4888 1524 4943 πάντα
1565 4889 1703 4958 μετὰ
1759 4889 2034 4960 θαύματος

450 4977 763 5045 διεσάφουν.
823 4977 914 5047 Τῷ
939 4979 1018 5044 δέ,
1053 4979 1151 5050 οὑχ
1170 4980 1316 5043 ὅπως
1343 4980 1497 5034 οὐδὲν
1525 4979 1847 5051 θαυμάζειν,
1899 4982 2034 5037 ἀλλὰ

454 5071 550 5122 καὶ
597 5067 911 5139 μέμφεσθαι
976 5069 1176 5140 μᾶλλον
1208 5069 1394 5134 αὐτοῖς
1432 5071 1613 5142 ἐπῄει,
1647 5073 1694 5124 εἰ
1720 5073 1784 5124 ἐκ
1813 5071 2031 5144 μικρῶν

448 5159 597 5211 οὕτω
637 5161 957 5231 Μαρκιανὸν
998 5160 1188 5230 μέγαν
1252 5161 1532 5230 ἐγνώκασι
1570 5164 1804 5232 κρίνειν,
1857 5163 2033 5236 παρὸν

451 5255 518 5304 ἐκ
580 5251 792 5306 πολλῶν
844 5251 1074 5322 ἐτέρων,
1135 5253 1232 5307 καὶ
1289 5254 1468 5308 οὐδενὶ
1505 5253 1651 5324 ἄλλῳ
1689 5255 2034 5326 κατορθῶσαι

451 5341 676 5413 ῥᾳδίων,
731 5339 1045 5414 θαυμαστὸν
1095 5343 1303 5396 ἐκεῖνον
1347 5343 1657 5412 λογίζεσθαι
1730 5344 1826 5398 καὶ
1857 5346 2034 5416 μακά-

451 5446 591 5499 ριον.

521 5523 660 5577 KA'.
691 5523 866 5593 Ὅσης
887 5519 945 5575 δὲ
966 5522 1067 5594 τῆς
1111 5523 1293 5588 αἰδοῦς
1326 5523 1354 5576 ὁ
1392 5523 1568 5594 μέγας
1597 5515 1754 5588 οὗτος
1781 5525 2031 5596 ἀπήλαυε

448 5613 604 5682 παρὰ
639 5612 854 5666 πάντων
881 5613 1104 5685 ὁμοίως,
1137 5613 1333 5687 δήμου,
1367 5613 1588 5686 βουλῆς,
1641 5615 1906 5686 βασιλέως
1933 5616 2032 5668 αύ-

442 5706 566 5771 τοῦ,
637 5707 908 5776 μαρτυρεῖ
973 5705 1144 5778 μὲνὴ
1232 5707 1413 5779 φήμη,
1464 5708 1896 5781 μαρτυροῦσιδέ
1936 5710 2031 5763 καὶ

441 5801 490 5852 οἱ
527 5796 896 5852 δυνατώτατοι
920 5797 1030 5852 τῶν
1061 5797 1186 5852 τότε
1220 5799 1440 5871 ’Δσπαρ
1481 5800 1575 5853 καὶ
1628 5801 2028 5871 Ἀρδαδούριος.

2137 4716 2260 4762 rent
2288 4706 2477 4761 oculis.
2512 4703 3008 4773 Postquamitaque
3043 4702 3098 4756 id
3130 4702 3275 4771 quod
3308 4703 3486 4758 visum
3511 4703 3716 4760 fuerat.

2136 4815 2328 4855 omnes
2357 4797 2834 4868 obstupefecisset,
2870 4795 3077 4850 reversi
3105 4807 3256 4858 sunt,
3303 4806 3358 4851 et
3388 4799 3719 4867 patriarcha-3

2137 4907 2261 4947 cum
2313 4890 2676 4946 admiratione
2725 4889 2909 4943 omnia
2938 4899 3223 4956 aperuere.
3282 4887 3360 4942 llli
3392 4899 3572 4944 autem
3603 4908 3716 4946 non

2135 4980 2299 5036 modo
2338 4978 2554 5035 venitin
2582 4986 2822 5032 mentem
2862 4977 3140 5040 admirari,
3175 4978 3271 5032 sed
3302 4979 3482 5048 potius
3501 4997 3596 5035 eos
3628 4983 3715 5035 in-

2137 5086 2382 5142 crepare,
2429 5069 2572 5139 quod
2603 5084 2670 5123 ex
2704 5068 2842 5123 adeo
2883 5068 3064 5138 parvis
3120 5070 3410 5124 statuerint
3457 5086 3716 5142 magnum

2136 5163 2379 5219 indicare
2412 5161 2770 5226 Marcianum,
2811 5175 2935 5214 cum
2970 5159 3162 5215 liceret
3189 5174 3253 5215 ex
3280 5161 3467 5218 multis
3494 5163 3635 5227 aliis,
3660 5175 3724 5217 στι.

2134 5269 2256 5325 quae
2281 5254 2463 5309 nullus
2490 5261 2676 5324 posset
2699 5252 2840 5307 alius
2867 5251 3027 5306 facile
3051 5250 3286 5318 ellicere,
3316 5252 3468 5308 illum
3506 5255 3708 5310 existi-

2135 5361 2285 5401 mare
2313 5343 2697 5400 admirandum
2721 5353 2776 5398 et
2797 5343 3041 5398 beatum.

2207 5522 2352 5580 XIX.
2368 5523 2580 5591 Quanta
2601 5533 2781 5580 autem
2800 5523 2965 5580 fuerit
2985 5540 3050 5581 ex
3062 5540 3218 5597 aequo
3236 5525 3477 5582 omnium
3493 5525 3545 5580 in
3565 5525 3710 5581 hunc

2137 5631 2388 5687 magnum
2430 5615 2756 5680 reverentia,
2791 5614 3001 5686 populi,
3044 5615 3286 5682 inquam,
3308 5623 3364 5671 et
3388 5625 3628 5682 senatus,
3655 5625 3715 5670 ct

2136 5707 2309 5775 ipsius
2337 5707 2703 5778 imperatoris,
2740 5715 2973 5763 testatur
3015 5707 3232 5779 quidem
3285 5707 3425 5761 fama
3464 5717 3708 5763 :testan-

2137 5807 2225 5853 tur
2258 5808 2438 5854 autem
2481 5799 2665 5866 etiam,
2701 5799 2792 5870 qui
2831 5808 2959 5856 tunc
2983 5799 3135 5857 fuere
3183 5799 3574 5870 potentissimi,
3605 5801 3711 5855 As-
